4078 6366
521 376 624 433 759

521 494 1032 562 constellationibus,
1065 492 1388 560 dicerentur,
1417 505 1521 548 non
1542 496 1654 546 arte
1677 487 1798 556 dici,
1825 487 1916 542 sed
1933 494 2098 552 sorte;

521 605 638 660 qum
687 600 864 644 autem
911 590 1075 656 falsi,
1131 603 1236 644 non
1291 588 1418 644 artis
1461 583 1758 656 imperitia,
1803 579 1898 636 sed
1941 579 2100 636 sortis

518 683 818 740 mendacio.

595 775 678 830 l0.
713 775 844 832 lliuc
876 784 1050 830 autem
1088 783 1306 844 accepto
1333 774 1482 830 aditu
1507 773 1546 840 ί,
1582 774 1694 844 ipse
1724 788 1930 830 mecum
1971 772 2096 828 talia

525 867 859 932 ruminando,
893 882 958 920 ne
981 867 1100 936 quis
1127 866 1436 922 eorumdcm
1480 865 1774 922 delirorum
1803 867 1892 936 qui
1938 865 2096 922 talem

527 969 784 1029 quaestum
823 967 1192 1027 sequerentur,
1233 974 1366 1030 quos
1399 959 1508 1030 jam
1562 959 1778 1030 jamque
1824 957 2100 1026 invadere,

526 1061 684 1120 atque
711 1051 890 1104 irrisos
936 1049 1178 1106 refellere
1208 1050 1502 1120 cupiebam,
1551 1050 1679 1104 mihi
1706 1051 1776 1104 ita
1801 1049 2098 1116 resisteret,

523 1141 670 1210 quasi
690 1148 780 1194 aut
819 1139 1084 1194 Firminus
1107 1139 1256 1204 mihi,
1281 1147 1370 1194 aut
1395 1139 1472 1192 illi
1506 1148 1653 1208 pater
1682 1139 1808 1194 falsa
1839 1153 2094 1194 narrave-

530 1231 628 1296 rit;
649 1229 1342 1288 intendi-considerationem
1365 1231 1416 1284 in
1433 1246 1524 1286 eos
1543 1231 1630 1302 qui
1651 1232 1846 1302 gemini
1873 1245 2098 1286 nascun-

519 1329 603 1376 tur
634 1339 646 1376 :
674 1337 896 1392 quorum
935 1321 1168 1392 plerique
1209 1321 1280 1376 ita
1309 1330 1428 1391 post
1454 1322 1676 1378 invicem
1707 1323 2000 1378 funduntur
2027 1337 2094 1380 ex

525 1422 694 1472 utero,
723 1421 782 1466 ut
805 1426 1026 1480 parvum
1061 1412 1232 1480 ipsum
1271 1414 1524 1484 temporis
1553 1415 1904 1480 intervallum,
1929 1430 2100 1486 quan-

520 1503 758 1558 tamlilmt
775 1503 876 1558 vim
905 1505 956 1560 in
979 1521 1154 1560 rerum
1181 1514 1364 1560 natura
1393 1505 1586 1562 habere
1613 1506 1954 1570 contendant,
1978 1507 2093 1562 col-

519 1595 614 1665 ligi.
641 1605 812 1650 tamen
842 1597 1072 1652 humana
1111 1597 1484 1654 observatione
1511 1614 1618 1654 non
1645 1600 1830 1670 possit,
1873 1599 2092 1656 litteris-

520 1703 624 1756 que
669 1687 866 1756 signari
897 1691 1114 1746 omnino
1143 1703 1246 1744 non
1292 1690 1484 1754 valeat,
1517 1706 1648 1760 quas
1690 1690 2094 1754 mathematicus

519 1778 850 1848 inspecturus
885 1789 988 1848 est,
1027 1790 1090 1838 .ut
1136 1796 1260 1838 vera
1310 1783 1630 1852 pronuntiet.
1672 1781 1742 1836 Et
1787 1797 1892 1838 non
1938 1791 2098 1838 erunt

518 1887 664 1936 verat,
693 1873 810 1942 quia
854 1873 1066 1929 easdem
1095 1875 1297 1930 litteras
1345 1873 1648 1944 inspiciens,
1697 1875 1882 1930 eadem
1911 1874 2096 1932 debuit

519 1964 696 2018 dicere
717 1963 782 2018 de
803 1966 938 2020 Esau
961 1975 1014 2020 et
1029 1966 1226 2034 Jacob;
1257 1967 1356 2022 sed
1377 1983 1482 2022 non
1504 1967 1688 2022 cadent
1713 1968 1924 2038 utrique
1947 1971 2090 2026 acci-

519 2055 726 2110 derunt.
749 2055 898 2110 Falsa
920 2071 1042 2128 ergo
1061 2057 1290 2114 diceret:
1314 2068 1404 2114 aut
1423 2059 1464 2112 si
1483 2075 1604 2113 vera
1626 2059 1844 2126 diceret,
1871 2077 1974 2116 non
1998 2077 2092 2116 ca-

518 2147 642 2202 dem
665 2149 884 2216 diceret,
901 2151 1104 2204 etiamsi
1125 2151 1312 2208 eadem
1339 2154 1358 2184 ¹
1390 2153 1690 2224 inSpieeret.
1721 2153 1836 2208 Non
1858 2169 1986 2224 ergo
2007 2170 2094 2208 ar-

525 2247 594 2303 te,
639 2238 732 2296 scd
770 2247 914 2296 sorte
937 2255 1060 2296 vera
1085 2241 1310 2298 diceret.
1346 2243 1424 2298 Tn
1440 2245 1603 2310 enim,
1635 2245 1874 2312 Domine,
1907 2246 2094 2316 justis-

516 2331 650 2385 sime
681 2331 982 2386 moderator
1009 2333 1404 2401 universitatis,
1448 2336 1849 2392 consulentibus
1875 2339 2094 2394 consul-

517 2423 686 2492 lisque
703 2424 1060 2482 nescientibus
1081 2428 1287 2482 occulto
1311 2428 1562 2484 instinctu
1585 2431 1716 2500 agis,
1739 2439 1794 2484 ut
1812 2428 2095 2502 dum’quis-

517 2529 618 2583 quc
663 2516 914 2583 consulit,
963 2516 1062 2571 hoc
1089 2518 1265 2572 audiat
1289 2519 1430 2590 quod
1475 2537 1596 2574 eum
1651 2529 1860 2592 oportet
1913 2521 2096 2578 audire

517 2605 738 2662 occultis
767 2607 974 2664 meritis
989 2608 1304 2674 animarum,
1337 2625 1402 2664 cx
1423 2611 1614 2682 abysso
1636 2612 1760 2680 justi
1783 2611 1966 2682 judicii
1999 2614 2096 2680 tui,

517 2697 596 2752 cui
629 2712 736 2752 non
768 2697 910 2754 dicat
939 2700 1096 2754 homo
1127 2719 1140 2756 :
1171 2701 1308 2768 Quid
1336 2715 1418 2756 est
1457 2702 1556 2758 hoc
1577 2704 1598 2756 ?
1623 2706 1806 2781 utquid
1821 2705 1954 2762 hoc?
1981 2705 2096 2762 Non

517 2787 680 2857 dicat,
703 2805 810 2844 non
827 2790 967 2846 dicat
986 2790 1166 2858 ;homo
1192 2802 1278 2852 est
1299 2794 1460 2848 enim.

1114 2903 1336 2963 CAPUT
1373 2906 1484 2964 VII.

690 2994 876 3050 Misere
905 3000 1430 3070 torquaturinquirens
1457 3002 1594 3056 unde
1621 3005 1686 3057 sit
1707 3004 1914 3060 malum.

590 3087 676 3139 tl.
703 3085 818 3142 Jnm
863 3087 1038 3158 itaque
1077 3105 1196 3154 me,
1243 3091 1453 3161 sttit-tor
1481 3109 1668 3162 meus,
1717 3095 1818 3151 illis
1873 3095 2096 3152 vinculis

517 3179 750 3233 solveras
776 3219 796 3246 ,.
847 3189 904 3234 et
943 3183 1242 3252 quaerebam
1283 3185 1426 3239 unde
1457 3186 1654 3240 malum
1677 3228 1692 3252 ,
1723 3197 1779 3243 et
1831 3203 1938 3244 non
1979 3197 2097 3246 erat

515 3271 708 3324 exitus.
737 3270 840 3326 Sed
873 3287 958 3326 me
989 3289 1092 3328 non
1123 3275 1336 3330 sinebas
1363 3277 1486 3332 ullis
1525 3278 1772 3334 ﬂuctibus
1817 3280 2093 3350 cogitatio-

517 3363 596 3418 nis
619 3364 816 3420 auferri:
833 3366 900 3420 ab
923 3381 986 3422 ea
1016 3367 1116 3422 (ide
1137 3385 1236 3438 qua
1260 3369 1542 3426 credebam
1567 3381 1620 3428 et
1643 3389 1764 3428 esse
1789 3383 1840 3429 te
1853 3415 1874 3440 .,
1898 3383 1952 3429 et
1977 3391 2096 3432 esse

515 3457 1000 3514 incommutabilem
1027 3459 1371 3517 substantiam
1395 3471 1538 3518 tuam
1557 3503 1574 3530 ,
1605 3473 1658 3520 et
1685 3481 1806 3521 esse
1833 3466 1900 3521 de
1927 3467 2096 3521 bomi.

515 3549 670 3604 nibus
689 3567 868 3605 curam
903 3562 954 3606 et
976 3551 1230 3621 judicium
1261 3563 1428 3620 tuum,
1457 3565 1510 3610 et
1535 3557 1586 3610 in
1611 3557 1824 3612 Christo
1851 3557 1983 3612 Filio
2004 3567 2095 3613 tuo

517 3639 744 3696 Domino
775 3652 958 3698 nostro
982 3661 996 3708 ;
1028 3651 1188 3714 atque
1217 3643 1270 3700 in
1299 3645 1586 3716 Scripturis
1612 3649 1810 3704 sanctis
1837 3665 1966 3720 quas
1987 3649 2093 3706 Ec-

513 3733 690 3788 clesiae
715 3743 817 3789 tute
841 3735 1114 3794 catholicae
1141 3739 1542 3795 commendaret
1588 3743 1874 3797 auctoritas
1901 3783 1914 3806 ,
1951 3744 2094 3798 viam

515 3833 568 3878 te
597 3827 834 3892 posuisse
856 3827 1036 3881 salutis
1059 3827 1308 3884 humanze
1327 3871 1340 3894 ,
1373 3829 1438 3884 ad
1456 3846 1572 3886 eant
1601 3831 1760 3886 vitam
1779 3875 1792 3898 ,
1828 3849 1946 3904 qua:
1974 3843 2093 3904 post

515 3916 650 3970 hanc
679 3925 904 3971 mortem
935 3917 1110 3972 futura
1132 3929 1232 3974 est.
1265 3921 1358 3974 His
1389 3923 1566 3991 itaque
1589 3923 1752 3979 salvis
1775 3965 1788 3988 ,
1821 3933 1978 3995 atque
2007 3926 2091 3980 in-

513 4019 772 4060 concusse
799 4007 1060 4061 roboretis
1091 4009 1140 4062 in
1161 4012 1340 4065 animo
1368 4028 1506 4076 meo,
1536 4014 1838 4083 quaerebam
1861 4025 2092 4072 metuens

513 4097 652 4150 unde
681 4097 748 4150 sit
773 4099 988 4152 malum.
1023 4099 1152 4164 Qua:
1191 4101 1278 4155 illa
1311 4109 1570 4157 tormenta
1600 4107 1940 4172 parturientis
1966 4123 2090 4162 cor-

513 4185 596 4240 dis
621 4187 762 4240 mei!
793 4188 884 4256 qui
911 4190 1141 4257 gemitus
1165 4231 1180 4256 ,
1227 4192 1366 4246 Deus
1396 4195 1580 4248 meust
1625 4195 1692 4248 Et
1717 4195 1788 4250 ibi
1813 4207 1963 4251 erant
1991 4213 2088 4252 au-

513 4293 601 4332 res
631 4287 732 4332 tum
755 4317 770 4342 ,
818 4280 1092 4336 nesciente
1119 4297 1223 4336 me.
1253 4281 1324 4337 Et
1365 4298 1484 4338 cum
1529 4286 1580 4338 in
1633 4287 1846 4341 silentio
1885 4288 2092 4346 fortiter

515 4385 808 4439 quaererem
834 4413 848 4436 ,
892 4389 1098 4443 magnae
1149 4389 1310 4432 voces
1351 4387 1504 4432 erant
1547 4379 1616 4434 ad
1671 4381 2086 4440 misericordiam

518 4470 681 4522 tuam.
707 4465 878 4520 uicitte
907 4467 1256 4524 contritiones
1275 4469 1434 4524 animi
1463 4473 1588 4527 mei.
1621 4473 1699 4528 Tu
1725 4477 1930 4532 sciebas
1959 4478 2087 4548 quid

511 4554 768 4623 patiebar,
820 4564 876 4612 et
925 4559 1097 4614 nullus
1146 4559 1438 4616 hominum.
1489 4566 1752 4631 Quantum
1791 4570 1933 4624 enim
1973 4579 2088 4626 erat

509 4647 658 4716 quod.
679 4649 800 4703 inde
842 4650 1178 4720 digerebatnr
1231 4673 1326 4726 per
1353 4659 1582 4728 linguam
1633 4677 1802 4718 meam
1833 4665 1884 4718 in
1927 4679 2086 4722 aures

508 4737 1042 4799 familiarissimorum
1069 4752 1352 4806 meorum?
1371 4753 1632 4824 Numquid
1661 4765 1800 4812 totus
1829 4759 2084 4816 tumultus

509 4831 702 4886 anitum
725 4849 857 4888 mem
882 4877 898 4900 ,
943 4837 1028 4890 cui
1057 4853 1156 4892 nec
1199 4849 1467 4911 tempora,
1499 4859 1596 4900 nec
1623 4861 1684 4902 os
1733 4863 1910 4903 meum
1936 4851 2085 4906 sufﬁ-

507 4921 684 4977 ciebat
706 4963 722 4990 ,
766 4926 990 4982 sonabat
1021 4929 1135 4982 eis?
1181 4929 1376 4986 Totum.
1415 4941 1589 4990 Lmen
1620 4936 1726 4992 ibat
1763 4939 1817 4994 in
1846 4941 2082 4997 auditum

509 5019 684 5082 Itium,
717 5017 856 5088 quod
879 5019 1147 5088 rugiebam
1167 5036 1198 5076 a
1222 5023 1416 5093 gemitu
1439 5027 1614 5083 cordis
1633 5031 1766 5095 mei,
1799 5039 1854 5087 et
1877 5042 2000 5089 ante
2029 5043 2083 5090 te

509 5117 625 5160 erat
651 5107 972 5164 desiderium
1017 5127 1196 5174 meum
1215 5157 1227 5181 ,
1253 5123 1309 5168 et
1333 5115 1510 5173 lumen
1539 5121 1808 5178 oculorum
1839 5139 2080 5182 meorum

509 5213 616 5254 non
645 5209 760 5256 erat
803 5217 1012 5259 mecum
1052 5203 1226 5275 (Psal.
1284 5224 1488 5276 xxxvn,
1537 5211 1717 5283 9-H).
1769 5215 1910 5272 Intus
1936 5219 2080 5274 enim
2121 5233 2124 5236 '

509 5298 627 5380 erat
647 5305 792 5380 ,ego
817 5301 992 5347 autem
1020 5293 1169 5351 foris.
1194 5296 1304 5353 Nec
1329 5300 1382 5354 in
1434 5302 1552 5356 loco
1593 5303 1720 5358 illud
1746 5323 1760 5359 :
1789 5315 1843 5361 at
1871 5323 1970 5380 ego
2000 5311 2081 5364 in-

507 5379 788 5434 tctidebam
824 5382 874 5436 in
904 5397 964 5439 ea
991 5401 1109 5456 qua:
1135 5387 1266 5443 locis
1289 5391 1646 5462 continentur,
1687 5405 1872 5454 etnon
1903 5379 1972 5456 ibi
1998 5401 2080 5456 in—

501 5471 781 5526 veniebam
803 5473 977 5531 locum
1001 5477 1068 5532 ad
1083 5482 1522 5551 requiescendum
1546 5503 1560 5551 ;
1593 5503 1690 5543 nec
1715 5492 2078 5564 recipiebant-3

563 5627 581 5696 ξ
617 5627 708 5696 Bad
729 5637 922 5696 Am._Er.
949 5640 1000 5683 et
1016 5635 1048 5682 5
1071 5643 1196 5696 Mss,
1213 5637 1398 5690 auditu.

499 5688 792 5775 “3.9%.”
811 5693 1084 5775 “ﬁdem.
1111 5688 1248 5775 illi“!
1267 5688 1507 5766 ιέτ-ἰἔυεα-
1541 5713 1608 5758 ει·
1631 5715 1746 5758 Ven-
1795 5717 1846 5762 Αι
1877 5712 2071 5775 eadem,

495 5757 636 5811 juxta
659 5759 828 5802 50mm.
851 5765 958 5806 Arn.
983 5765 1032 5806 et
1051 5757 1178 5807 Mart.
1279 5771 1328 5811 at.

559 5812 580 5844 ⁸
594 5812 752 5866 codex
769 5819 965 5884 Benign.
979 5855 996 5884 ,
1014 5819 1276 5885 rapiebant.

1664 359 2173 424 CONFESSIONUM
2205 363 2260 420 S.
2303 363 2665 426 AUGUSTINI

3681 381 3776 442 740

2205 501 2292 541 me
2323 487 2420 540 ista
2461 495 2518 540 ut
2545 487 2776 543 dicerem
2799 530 2812 556 ,
2839 487 2931 545 Sat
2973 499 3089 557 est,
3141 499 3195 547 et
3240 491 3376 550 bene
3419 503 3538 562 est;
3571 513 3669 555 nec
3697 499 3778 558 dl-

2207 579 2488 634 mittebant
2518 581 2690 635 redire
2715 623 2728 648 ,
2783 581 2866 635 ubi
2921 581 3050 636 mihi
3102 585 3229 638 satis
3253 595 3394 641 esset
3423 587 3574 644 bene.
3605 589 3742 662 Supc

2207 671 2315 726 rior
2332 672 2472 738 enim
2499 687 2644 726 eram
2675 673 2786 726 istis
2806 715 2819 738 ,
2851 681 2900 728 te
2925 689 3053 728 vero
3083 675 3336 744 inferior;
3364 687 3418 734 et
3445 689 3500 735 tu
3525 681 3770 752 gaudium
3869 700 3872 701 '

2205 779 2387 818 verum
2419 763 2546 818 mihi
2569 763 2778 820 subdito
2807 765 2927 832 tibi,
2977 775 3032 822 et
3073 777 3126 823 tu
3155 769 3284 824 mihi
3325 773 3629 842 subjeccras
3656 793 3772 848 qua:

2209 851 2342 908 infra
2372 869 2455 908 me
2482 855 2692 909 creasti.
2741 855 2808 910 Et
2857 855 2956 912 hoc
2999 868 3116 914 erat
3139 869 3339 916 rectum
3381 871 3768 934 temperamen-

2209 954 2316 1000 tum
2343 987 2358 1010 ,
2400 957 2452 1002 et
2481 947 2654 1004 media
2709 949 2854 1020 regio
2889 951 3074 1008 salutis
3122 969 3283 1021 mete,
3327 963 3384 1011 ut
3410 973 3676 1014 manerem
3705 961 3770 1016 ad

2206 1037 2486 1109 imaginem
2517 1051 2660 1095 tuam
2683 1083 2697 1104 ,
2729 1049 2784 1097 et
2815 1041 2906 1098 tibi
2945 1045 3181 1100 serviens
3207 1033 3510 1104 dominarer
3537 1053 3766 1122 corpori.

2203 1129 2308 1185 Sed
2350 1146 2468 1186 cum
2511 1133 2738 1202 superbe
2764 1143 2950 1191 contra
2995 1143 3046 1190 te
3077 1151 3344 1209 surgerem
3370 1182 3384 1206 ,
3415 1149 3469 1196 et
3497 1157 3770 1200 currerent

2201 1219 2454 1276 adversus
2501 1223 2780 1280 Dominum
2839 1226 2890 1280 in
2955 1228 3163 1283 cervice
3229 1243 3408 1284 crassa
3479 1233 3614 1288 scuti
3663 1237 3769 1290 mei

2207 1310 2324 1383 (Job
2351 1327 2439 1380 xv,
2459 1312 2574 1386 26),
2603 1316 2761 1370 etiam
2787 1317 2882 1370 ista
2903 1317 3082 1373 infima
3103 1333 3258 1390 supra
3286 1337 3372 1376 me
3395 1321 3532 1378 facta
3551 1333 3696 1391 sunt,
3720 1337 3776 1382 et

2201 1404 2510 1473 premebant
2533 1446 2546 1468 ,
2576 1415 2630 1460 et
2657 1421 2916 1477 nusquam
2945 1419 3058 1464 erat
3083 1410 3438 1466 laxamentum
3465 1423 3521 1468 et
3543 1415 3776 1485 respira-

2203 1503 2455 1549 mentum.
2489 1495 2602 1566 ipsa
2619 1499 2965 1554 occurrebant
2991 1501 3219 1572 undique
3247 1505 3534 1560 acervatim
3565 1514 3619 1561 et
3647 1521 3778 1562 con-

2201 1586 2450 1656 globatim
2477 1590 2716 1644 cernenti
2742 1607 2756 1656 ;
2806 1593 3054 1662 cogitanti
3089 1603 3268 1650 autem
3292 1595 3549 1668 imagines
3575 1614 3772 1670 corpo-

2200 1691 2316 1732 rum
2343 1719 2356 1743 ,
2390 1681 2515 1750 ipsae
2541 1683 2942 1752 opponebantur
2968 1686 3207 1742 redeunti
3233 1729 3249 1756 ,
3281 1690 3433 1760 quasi
3468 1690 3774 1749 diceretur:

2200 1771 2317 1838 Quo
2347 1772 2391 1826 is
2415 1815 2428 1838 ,
2473 1771 2686 1846 indigne
2713 1787 2765 1832 et
2788 1777 3038 1834 sordide?
3063 1779 3130 1835 Et
3161 1782 3276 1838 lucc
3303 1783 3370 1838 de
3405 1783 3624 1841 vulnere
3653 1801 3776 1841 meo

2199 1877 2518 1934 creverant,
2555 1871 2676 1939 quia
2708 1871 2988 1928 bumiliasti
3019 1883 3269 1944 tanquam
3295 1875 3653 1946 vulneratum,
3677 1895 3774 1934 su-

2201 1961 2433 2029 perbum
2470 1963 2638 2037 (Psnl.
2667 1981 2928 2032 Lxxxvm,
2963 1967 3081 2039 ll);
3111 1977 3164 2023 et
3187 1978 3394 2026 tumore
3417 1987 3538 2026 tneo
3565 1987 3782 2043 separa-

2200 2055 2295 2110 bar
2319 2057 2414 2112 abs
2439 2065 2511 2125 te,
2541 2067 2596 2114 et
2623 2060 2778 2116 nimis
2825 2060 3002 2115 inﬂata
3049 2059 3212 2119 facies
3267 2063 3550 2122 claudebat
3592 2067 3782 2123 oculos

2199 2165 2368 2205 meos.

2783 2223 3006 2282 CAPUT
3043 2225 3178 2282 VIII.

2275 2313 2538 2377 Quomodo
2557 2315 2724 2369 divina
2745 2317 3084 2372 misericordia
3105 2319 3383 2375 subvenerit
3403 2321 3700 2394 Augustino.

2273 2406 2360 2458 1-2.
2393 2405 2472 2460 Tu
2513 2423 2678 2474 vero,
2749 2409 3010 2476 Domine,
3065 2409 3118 2465 in
3172 2425 3430 2468 aeternum
3477 2431 3691 2483 manes,
3721 2425 3788 2473 et

2202 2498 2386 2552 nonin
2416 2508 2676 2556 aeternum
2703 2503 2948 2558 irasceris
2985 2505 3170 2560 nobis:
3203 2509 3452 2576 quoniam
3497 2509 3789 2566 miseratus

2201 2605 2259 2646 es
2297 2599 2490 2647 terram
2517 2601 2572 2647 et
2620 2594 2886 2661 cinerem,
2931 2605 2986 2650 et
3035 2597 3226 2666 placuit
3269 2599 3320 2652 in
3353 2610 3640 2670 conspectu
3687 2611 3790 2656 tuo

2201 2683 2492 2739 reformare
2515 2685 2768 2740 deformia
2795 2703 2908 2741 mea
2935 2705 2947 2752 ;
2979 2697 3034 2743 et
3053 2689 3284 2746 stimulis
3301 2691 3522 2748 internis
3541 2693 3790 2763 agitabas

2201 2787 2288 2828 me
2311 2814 2325 2838 ,
2359 2781 2414 2828 ut
2443 2775 2722 2844 impatiens
2748 2792 2920 2832 essent
2939 2821 2954 2846 ,
2983 2779 3152 2834 donec
3181 2781 3309 2835 mihi
3339 2797 3432 2852 per
3471 2784 3788 2840 interiorem

2202 2873 2494 2934 aspectum
2529 2877 2708 2926 certus
2731 2883 2898 2924 esses.
2931 2871 2996 2924 Et
3021 2871 3288 2928 residebat
3317 2882 3498 2928 tmnor
3531 2889 3682 2929 meus
3707 2891 3784 2929 ex

2201 2957 2408 3012 occulta
2435 2973 2592 3014 manu
2633 2959 2906 3016 medicinae
2935 2969 3038 3016 tua:
3055 3003 3072 3030 ,
3121 2964 3366 3034 aciesque
3391 2965 3702 3022 conturbata
3723 2975 3791 3021 et

2198 3048 2576 3104 contenebrata
2625 3051 2818 3112 mentis
2867 3066 3026 3118 meai,
3087 3053 3200 3108 aeri
3231 3055 3453 3126 collyrio
3481 3052 3788 3112 salubrium

2201 3136 2450 3194 dolorum
2475 3139 2540 3194 de
2569 3140 2653 3196 die
2681 3142 2732 3196 in
2767 3141 2906 3196 diem
2933 3145 3236 3200 satiabatur.

2781 3259 3004 3315 CAPUT
3041 3259 3132 3314 IX.

2203 3343 2272 3400 In
2297 3345 2678 3403 Ptolemaeorum
2725 3349 2864 3405 libris
2901 3351 3046 3406 Verbi
3069 3357 3248 3409 interni
3281 3357 3624 3427 divinitatem,
3671 3375 3790 3416 non

2559 3442 2805 3496 ἔτισαν-ηατὶ
2842 3445 3172 3499 humilitatem
3213 3447 3420 3507 ὔηυωιὶι.

2273 3533 2358 3586 15.
2389 3533 2452 3587 Et
2477 3534 2650 3604 primo
2685 3536 2869 3590 volens
2893 3538 3172 3592 ostendere
3201 3539 3330 3592 mihi
3359 3555 3516 3610 quam
3557 3543 3788 3600 resistas

2203 3623 2464 3692 superbis,
2499 3627 2784 3682 humilibus
2807 3637 2980 3682 autem
2997 3627 3096 3682 des
3119 3630 3338 3699 gratiam
3367 3629 3420 3702 (l
3445 3629 3585 3686 Patr.
3611 3649 3661 3698 ν,
3691 3632 3786 3704 5),

2199 3723 2254 3769 et
2279 3724 2470 3784 quanta
2497 3717 2860 3774 misericordia
2889 3731 2974 3774 tua
3003 3721 3360 3778 demonstrata
3381 3724 3454 3779 sit
3473 3723 3790 3784 hominibus

2199 3807 2284 3862 via
2313 3807 2626 3864 humilitatis
2646 3851 2660 3874 ,
2692 3812 2836 3880 quod
2863 3811 3094 3866 Verbum
3127 3825 3269 3868 tuum
3295 3830 3422 3870 caro
3449 3816 3642 3872 factum
3669 3827 3784 3884 est,

2199 3909 2254 3956 et
2273 3901 2526 3956 habitavit
2555 3904 2691 3958 inter
2711 3905 2954 3961 homines
2973 3922 2986 3970 ;
3011 3909 3300 3974 procurasti
3324 3907 3450 3962 mihi
3471 3926 3568 3980 per
3587 3927 3792 3982 quem-

2199 3993 2320 4047 dam
2349 3993 2615 4049 hominem
2663 3995 3044 4054 immauissimo
3095 4001 3256 4072 typho
3283 4003 3576 4072 turgidum,
3615 4019 3788 4075 quos—

2199 4085 2320 4139 dam
2357 4087 2754 4142 Platonicorum
2782 4089 2946 4144 libros
2979 4105 3044 4144 ex
3069 4107 3242 4161 graeca
3267 4093 3444 4163 lingua
3479 4095 3534 4150 in
3557 4096 3788 4152 latinam

2196 4191 2388 4232 versos
2419 4195 2434 4233 ε
2463 4187 2520 4233 et
2547 4165 2616 4234 ibi
2647 4179 2792 4250 legi,
2837 4196 2946 4236 non
2977 4181 3190 4251 quidem
3219 4183 3302 4238 his
3323 4186 3528 4253 verbis,
3557 4187 3652 4242 sed
3671 4187 3784 4243 hoc

2198 4268 2340 4324 idem
2367 4271 2588 4325 omnino
2615 4273 2798 4328 multis
2824 4283 2880 4329 et
2915 4275 3290 4345 multiplicibus
3311 4277 3524 4332 suaderi
3551 4279 3783 4334 rationi-

2197 4359 2329 4427 bus,
2357 4363 2498 4432 quod
2525 4365 2580 4417 in
2609 4365 2870 4434 principio
2895 4375 3010 4420 erat
3031 4367 3260 4422 Verbum
3281 4409 3296 4432 ,
3323 4379 3380 4424 et
3399 4368 3632 4424 Verbum
3657 4381 3784 4426 erat

2195 4454 2338 4523 apud
2365 4455 2552 4522 Deum,
2576 4465 2630 4512 et
2659 4457 2798 4512 Deus
2827 4467 2950 4513 erat
2975 4459 3246 4514 Verbum:
3273 4461 3375 4517 hoc
3401 4471 3514 4516 erat
3543 4463 3592 4516 in
3619 4465 3780 4533 prin-

2194 4547 2334 4616 cipio
2381 4549 2520 4618 apud
2575 4550 2770 4616 Deum;
2819 4551 3010 4606 omnia
3055 4567 3152 4621 per
3203 4552 3374 4622 ipsum
3429 4553 3566 4610 facta
3605 4563 3770 4622 stunt,

2191 4645 2248 4692 et
2276 4639 2391 4694 sine
2421 4641 2536 4710 ipso
2557 4640 2754 4695 factum
2777 4641 3014 4697 estnihil
3043 4643 3184 4713 quod
3215 4643 3408 4699 factum
3454 4653 3538 4700 est
3565 4662 3580 4698 :
3609 4646 3660 4699 in
3705 4662 3776 4700 eo

2192 4731 2300 4785 vita
2339 4741 2450 4795 est,
2478 4741 2534 4786 et
2573 4733 2678 4786 vita
2707 4741 2824 4788 erat
2872 4733 2960 4788 lux
2994 4733 3265 4790 hominum
3287 4773 3306 4800 ,
3347 4744 3401 4791 et
3425 4736 3514 4790 lux
3540 4735 3592 4790 in
3624 4744 3772 4792 terte-

2193 4821 2302 4876 bris
2329 4822 2502 4886 lucet,
2533 4833 2586 4879 et
2615 4824 2844 4879 wnebrm
2867 4841 2984 4880 eam
3013 4841 3122 4881 non
3135 4827 3671 4896 comprehenderunt.
3705 4829 3774 4883 Et

2189 4912 2314 4982 quia
2341 4911 2568 4968 hominis
2589 4913 2762 4969 anima
2800 4917 3048 4986 quamvis
3087 4917 3448 4974 testimonium
3495 4919 3774 4990 perhibent

2191 5004 2268 5058 de
2285 5004 2513 5070 lumine,
2545 5021 2654 5062 non
2681 5016 2762 5062 est
2795 5017 2974 5064 tamen
3021 5010 3132 5080 ipsa
3162 5010 3342 5066 lumen
3365 5027 3386 5076 ;.
3411 5011 3506 5066 sed
3533 5011 3768 5066 Verbum

2191 5094 2284 5149 Dei
2311 5137 2326 5160 ,
2353 5096 2518 5164 Deus,
2547 5104 2632 5152 est
2667 5097 2848 5154 lumen
2872 5115 3054 5155 verum
3079 5101 3222 5169 quod
3255 5101 3518 5156 illuminat
3551 5117 3768 5158 omnem

2191 5187 2462 5246 hominem
2477 5192 2852 5260 venientemin
2883 5192 3022 5248 hunc
3041 5193 3322 5250 mulum.
3355 5194 3424 5248 Et
3445 5195 3566 5264 quia
3587 5194 3767 5251 imbue

2189 5281 2390 5336 mundo
2415 5291 2568 5348 erat,
2597 5291 2654 5337 ct
2706 5283 2935 5338 mundus
2984 5299 3080 5354 per
3113 5287 3288 5354 ipsum
3337 5283 3508 5340 factus
3553 5293 3668 5352 est,
3711 5294 3770 5342 et

2189 5373 2420 5429 mundus
2445 5389 2568 5430 eum
2615 5389 2724 5430 non
2777 5377 3043 5446 cognovit.
3093 5375 3226 5444 Quia
3266 5392 3395 5433 vero
3427 5377 3482 5434 in
3511 5391 3606 5432 sua
3642 5391 3766 5448 pro-

2179 5463 2304 5534 pria
2343 5466 2528 5534 venit,
2573 5475 2630 5522 et
2681 5468 2766 5522 sui
2809 5484 2934 5524 eum
2976 5483 3082 5524 non
3109 5478 3462 5539 receperunt;
3505 5477 3764 5540 quotquot

2187 5564 2365 5610 autem
2391 5565 2711 5627 receperunt
2747 5574 2868 5614 eum
2895 5600 2910 5626 ,
2951 5559 3096 5616 dedit
3143 5563 3221 5616 eis
3267 5571 3578 5632 potestatem
3628 5560 3762 5616 filios

2191 5647 2281 5701 Dei
2321 5647 2435 5702 fieri
2457 5689 2471 5712 ,
2510 5648 2850 5706 credentibus
2879 5651 2932 5706 in
2963 5653 3174 5708 nomine
3203 5656 3320 5722 ejus
3349 5671 3362 5708 :
3393 5668 3502 5709 non
3539 5653 3610 5706 ibi
3635 5651 3756 5722 legi.

2167 5771 2172 5776 -
2263 5743 2344 5796 li.
2370 5741 2499 5797 item
2531 5743 2600 5796 ibi
2631 5744 2730 5814 legi
2754 5745 2875 5814 quia
2909 5746 3047 5802 Deus
3073 5747 3322 5814 Verbum,
3355 5763 3458 5802 non
3483 5763 3548 5802 ex
3578 5763 3755 5814 carne,

2083 5895 2120 5904 ,Α
2199 5853 2302 5890 ill.“
2331 5853 2392 5890 cx
2439 5835 2727 5904 sanguine,
2761 5853 2862 5890 non
2896 5855 2958 5894 ex
3015 5839 3282 5894 voluntate
3311 5841 3443 5906 viri,
3495 5855 3667 5910 neque
3694 5855 3754 5894 ex
