4078 6366
349 383 450 450 ιιι

349 499 621 557 voluntate
666 496 882 560 carnis,
927 492 1022 552 sed
1068 503 1130 554 ex
1189 491 1299 546 Deo
1348 496 1501 544 natus
1542 494 1640 541 est.
1673 484 1776 540 Sed
1805 485 1931 553 quia

356 589 587 648 Verbum
646 602 771 646 caro
838 585 1031 646 (actum
1083 591 1199 644 est.
1263 589 1318 635 et
1369 579 1623 638 habitavit
1677 578 1727 631 in
1777 575 1927 630 nobis

353 682 538 755 (ιΙραη.
564 697 600 750 t,
632 679 782 750 1—14)
807 695 821 742 ;
850 694 958 734 non
985 676 1053 731 ibi
1083 676 1206 744 legi.
1235 671 1482 744 Indagavi
1521 671 1712 742 quippe
1740 669 1790 722 in
1823 667 1926 721 illis

351 775 542 836 litteris
570 775 714 830 varie
742 772 940 830 dictum
963 812 980 838 ,
1011 778 1063 826 et
1090 768 1266 823 multis
1309 765 1513 832 modis,
1544 763 1685 838 quod
1731 763 1796 816 sit
1840 759 1928 820 Fi-

349 868 450 921 lius
484 871 536 920 in
593 864 762 918 forma
793 864 994 926 Patris,
1061 876 1162 914 non
1207 860 1442 929 rapinam
1496 857 1778 912 arbitratus
1809 868 1927 910 esse

350 957 568 1028 arqualis
600 956 708 1010 Deo
733 995 746 1020 ,
790 955 911 1023 quia
941 952 1247 1006 naturaliter
1277 950 1501 1020 idipsum
1537 956 1636 1003 est.
1667 944 1771 1002 Sed
1801 945 1926 1015 quia

348 1051 698 1125 semetipsum
721 1047 1004 1106 exinanivit
1029 1046 1255 1104 formam
1283 1043 1420 1104 servi
1441 1043 1704 1113 accipiens
1727 1084 1742 1109 ,
1772 1042 1822 1096 in
1856 1041 1928 1096 si-

350 1142 706 1200 militudinem
743 1139 1012 1192 hominum
1041 1138 1239 1200 factus,
1272 1143 1325 1190 et
1375 1135 1551 1190 habitu
1583 1134 1828 1190 inventus
1872 1140 1928 1187 ut

349 1233 536 1296 homo;
556 1231 848 1290 humiliavit
869 1245 927 1286 se
950 1228 1120 1281 factus
1141 1226 1391 1287 obediens
1415 1240 1581 1294 usque
1597 1225 1660 1280 ad
1678 1233 1921 1288 mortem,

348 1333 579 1384 mortem
607 1333 782 1382 autem
815 1320 990 1378 crucis
1023 1328 1280 1390 rpropter
1304 1315 1444 1388 quod
1476 1315 1612 1370 Deus
1641 1331 1762 1370 eum
1785 1315 1929 1370 exal-

349 1416 482 1470 tavit
508 1432 537 1468 a
565 1415 787 1469 mortuis
813 1454 829 1484 ,
856 1421 908 1470 et
935 1411 1150 1472 donavit
1177 1411 1225 1466 ei
1271 1424 1465 1466 nomen
1493 1409 1631 1482 quod
1665 1418 1744 1464 est
1770 1424 1929 1486 super

351 1522 512 1561 omne
539 1521 752 1576 nomen,
780 1514 838 1564 ut
861 1505 910 1558 in
935 1503 1148 1558 nomine
1170 1501 1294 1557 Jesu
1315 1516 1472 1558 omne
1498 1517 1634 1571 genu
1664 1499 1925 1566 flectatur,

352 1598 676 1670 caelestium,
703 1596 1031 1657 terrestrium
1059 1603 1114 1650 et
1159 1592 1518 1659 infernorum;
1548 1601 1602 1647 et
1627 1592 1799 1646 omnis
1820 1592 1925 1648 lin-

353 1705 454 1762 gua
480 1689 793 1746 conﬁteatur
814 1688 934 1757 quia
963 1685 1216 1741 Dominus
1239 1685 1392 1739 Jesus
1416 1683 1657 1740 Christus
1687 1685 1738 1738 in
1761 1683 1928 1753 gloria

351 1791 440 1839 est
463 1782 554 1838 Dei
587 1781 758 1836 Patris
789 1779 1062 1853 (Philipp.
1103 1795 1172 1844 ιι,
1229 1776 1442 1850 6-11);
1491 1793 1595 1834 non
1628 1777 1829 1838 habent
1850 1778 1927 1832 illi

353 1877 498 1936 libri.
522 1876 674 1945 Quod
711 1875 851 1932 enim
879 1885 1001 1930 ante
1028 1873 1202 1932 omnia
1247 1881 1513 1944 tempora,
1555 1879 1610 1928 et
1636 1886 1794 1941 supra
1812 1886 1927 1925 om-

353 1970 442 2030 nia
474 1979 709 2038 tempora
727 1965 1223 2026 incommutabilitcr
1238 1972 1415 2018 manet
1437 1955 1735 2036 umgeuitus
1762 1962 1926 2018 Filius

353 2070 476 2118 tuus
498 2069 793 2120 comternus
819 2058 912 2114 tibi
939 2099 954 2123 ,
981 2067 1033 2114 et
1057 2057 1176 2128 quia
1207 2056 1273 2111 de
1300 2056 1623 2130 plenitudine
1651 2056 1768 2127 ejus
1791 2057 1928 2112 acci-

353 2153 716 2225 piuntanimtﬁ
739 2160 796 2206 ut
826 2151 993 2210 beata:
1020 2150 1126 2205 siut
1150 2146 1323 2220 (.loan.
1349 2148 1401 2214 1,
1433 2146 1543 2219 16),
1576 2156 1630 2202 et
1653 2150 1772 2220 quia
1801 2163 1924 2218 par-

354 2245 658 2316 ticipatione
697 2243 961 2302 manentis
1009 2243 1061 2298 iu
1109 2257 1167 2297 se
1216 2241 1484 2310 sapientia
1510 2249 1830 2296 renovantur
1870 2249 1929 2296 ut

353 2338 620 2407 sapientes
649 2335 785 2400 sint;
814 2343 897 2390 est
945 2334 1035 2388 ibi.
1089 2332 1240 2402 Quod
1269 2343 1443 2388 autem
1481 2332 1772 2388 secundum
1802 2341 1928 2387 tem-

351 2445 452 2500 pus
504 2445 603 2500 pro
631 2429 803 2498 impiis
850 2435 1088 2482 mortuus
1116 2437 1198 2482 est
1230 2424 1423 2500 (Rom.
1463 2441 1519 2493 v,
1548 2423 1670 2497 6.);
1717 2436 1770 2481 et
1794 2427 1928 2481 Filio

353 2520 510 2575 unico
542 2529 630 2573 tuo
656 2534 758 2573 non
784 2520 1099 2590 pepercisti,
1129 2518 1223 2574 sed
1250 2534 1344 2588 pro
1375 2518 1527 2574 nobis
1553 2518 1798 2576 omnibus
1822 2527 1928 2572 tra-

351 2613 532 2669 didisti
561 2628 683 2668 eum
719 2611 825 2685 (Id.
860 2628 954 2667 vui
973 2654 989 2680 ,
1019 2612 1106 2684 5‘2)
1136 2631 1149 2677 ;
1179 2629 1283 2668 non
1339 2621 1423 2667 est
1453 2611 1544 2669 ibi.
1592 2611 1928 2670 Abseondisti

351 2707 496 2761 enim
528 2705 645 2761 haic
693 2719 721 2758 a
770 2705 1128 2778 sapientibus,
1176 2715 1231 2762 et
1268 2705 1525 2762 revelasti
1554 2721 1622 2762 ea
1650 2706 1882 2777 parvulis
1910 2723 1934 2774 ;.

354 2805 414 2852 ut
440 2797 685 2855 venirent
705 2795 772 2851 ad
798 2812 918 2852 eum
947 2796 1245 2851 laborantes
1269 2805 1324 2852 et
1347 2797 1581 2865 onerati,
1609 2807 1662 2852 et
1689 2798 1932 2854 reticeret

355 2904 449 2944 eos
480 2908 502 2950 ξ
524 2889 776 2964 quoniam
823 2889 964 2948 milis
991 2899 1074 2945 est
1100 2900 1153 2946 et
1189 2888 1405 2946 humilis
1450 2891 1644 2956 corde,
1675 2901 1728 2946 et
1753 2891 1931 2962 dirigit

355 2983 514 3038 mites
537 2982 588 3036 in
610 2981 841 3050 judicio,
865 2991 917 3037 et
936 2981 1090 3036 docet
1111 2992 1415 3036 mansuetos
1431 2983 1541 3038 vias
1567 2997 1719 3049 suas,
1747 2983 1930 3040 videns

353 3073 707 3132 humilitatem
732 3084 964 3130 nostram
984 3117 1000 3142 ,
1029 3083 1081 3129 et
1105 3075 1337 3131 laborem
1365 3084 1600 3134 nostrum
1621 3117 1639 3142 ,
1669 3083 1722 3132 et
1749 3076 1929 3131 dimit-

359 3178 478 3224 tens
506 3167 685 3222 omnia
737 3174 948 3236 peccata
1002 3175 1182 3220 nostra
1217 3164 1388 3237 (Psal.
1421 3181 1580 3233 xxxv,
1605 3166 1658 3230 9,
1688 3164 1798 3240 i8).
1828 3166 1930 3234 Qui

361 3270 539 3314 autem
567 3256 829 3312 cothurno
878 3266 1124 3327 tanquam
1172 3257 1425 3314 doctrina:
1454 3258 1779 3318 sublimioris
1809 3258 1935 3314 elati

358 3367 464 3414 non
495 3350 719 3405 audiunt
752 3350 1036 3418 dicentem,
1064 3349 1251 3404 Discite
1274 3368 1305 3404 α
1328 3368 1405 3406 me
1441 3354 1558 3423 quia
1584 3353 1716 3409 milia
1747 3370 1861 3407 sum
1888 3362 1935 3408 et

360 3441 565 3499 humilis
603 3441 784 3505 corde,
816 3451 864 3497 et
907 3442 1163 3498 invenietis
1207 3443 1426 3512 requiem
1475 3444 1734 3500 animabus
1759 3447 1936 3506 vestris

364 3535 578 3609 (Matth.
611 3554 684 3600 xi,
715 3535 804 3602 23,
850 3537 940 3604 28,
971 3536 1061 3607 29)
1094 3538 1233 3592 :etsi
1259 3548 1584 3608 cognoscunt
1612 3540 1796 3605 Deum,
1829 3557 1936 3597 non

360 3629 499 3684 sicut
526 3630 691 3684 Deum
717 3628 1016 3700 gloriﬁcent
1039 3638 1131 3683 aut
1155 3630 1350 3700 gratias
1391 3640 1584 3700 agunt;
1613 3632 1705 3686 sed
1738 3648 1931 3688 evane-

363 3731 520 3778 scunt
550 3724 605 3777 in
642 3722 1046 3794 cogitationibus
1091 3724 1245 3790 suis,_
1268 3732 1322 3778 et
1349 3725 1660 3784 obscuratur
1683 3727 1938 3795 insipiens

363 3830 457 3874 cor
480 3831 664 3871 eorum
693 3832 708 3881 ;
737 3814 982 3882 dicentes
1001 3829 1056 3870 sc
1081 3829 1198 3869 esse
1221 3815 1483 3884 sapientes
1500 3858 1516 3883 ,
1546 3816 1690 3874 stulti
1715 3819 1864 3872 ﬁunt.

439 3908 524 3970 15.
557 3907 623 3963 Et
663 3906 780 3961 ideo
804 3906 1046 3976 legebam
1077 3905 1146 3958 ibi
1173 3905 1329 3960 etiam
1360 3908 1686 3966 immutatam
1716 3907 1939 3979 gloriam

364 3998 782 4074 incorruptionis
809 4008 910 4052 tuac
938 3998 987 4050 in
1031 3996 1170 4052 idola
1205 4007 1262 4052 et.
1283 3999 1426 4052 varia
1455 4000 1755 4066 simulacra,
1787 4001 1840 4054 in
1866 4001 1940 4054 si-

368 4093 726 4152 militudinem
756 4088 1002 4159 imaginis
1033 4088 1388 4157 corruptibilis
1415 4089 1641 4144 hominis
1664 4132 1678 4156 ,
1710 4099 1764 4146 et
1793 4091 1943 4148 volu-

367 4194 627 4258 crum_,et
664 4179 1060 4253 quadrupedum
1083 4221 1095 4244 ,
1133 4188 1188 4234 et
1241 4190 1540 4250 serpentum
1569 4181 1740 4254 (Rom.
1771 4183 1942 4254 1,21,

367 4279 496 4351 23);
543 4276 789 4330 videlicet
820 4272 1125 4344 Egyptium
1155 4271 1330 4329 cibum
1370 4270 1440 4347 (α)
1478 4290 1582 4343 quo
1607 4276 1745 4330 Esau
1774 4277 1948 4347 perdi-

367 4370 446 4424 dit
471 4366 816 4440 primogenita
844 4379 936 4420 sua
964 4361 1111 4438 (Gen.
1143 4380 1272 4429 xxv,
1303 4366 1389 4428 55,
1422 4363 1520 4437 54)
1550 4383 1562 4418 :
1589 4368 1834 4436 quoniam
1859 4385 1949 4423 ca-

372 4469 468 4532 put
486 4456 845 4529 quadrupedis
865 4471 960 4525 pro
985 4463 1037 4509 te
1059 4454 1336 4509 honoravit
1381 4457 1599 4527 populus
1626 4459 1946 4530 primogeni-

372 4559 460 4605 tus
480 4591 496 4616 ,
528 4562 818 4604 conversus
841 4545 1001 4600 corde
1044 4545 1099 4599 in
1122 4544 1410 4618 Egyptum
1429 4589 1446 4612 ,
1477 4557 1531 4602 et
1564 4562 1792 4604 curvans
1820 4549 1950 4604 ima-

379 4643 556 4714 ginem
605 4649 789 4706 tuam,
834 4639 1060 4692 animam
1118 4653 1266 4691 suam
1316 4648 1438 4694 ante
1487 4641 1766 4711 imaginem
1801 4641 1950 4702 vituli

374 4734 748 4790 manducantis
786 4731 964 4790 fenum
999 4728 1202 4802 (Exod.
1237 4749 1411 4801 xxx",
1449 4733 1578 4799 1-6;
1611 4743 1657 4788 et
1683 4733 1828 4790 Psal.
1858 4751 1949 4806 ev,

376 4828 468 4894 19,
496 4827 628 4892 20,1.
660 4827 838 4882 Inveni
868 4826 981 4880 haec
1008 4825 1114 4891 ibi,
1147 4837 1200 4882 et
1226 4843 1332 4883 non
1369 4827 1700 4882 manducavi.
1753 4830 1954 4886 Placuit

377 4921 523 4975 enim
543 4919 660 4984 tibi,
694 4919 914 4973 Domine
939 4961 952 4985 ,
983 4919 1192 4974 auferre
1219 4920 1560 4990 Opprobrium
1589 4919 1953 4975 diminutionis

379 5011 450 5066 ab
485 5010 688 5078 Jacob,
721 5020 778 5066 ut
818 5011 987 5080 major
1014 5013 1238 5068 serviret
1263 5014 1451 5068 minori
1483 5012 1654 5086 (Rom.
1693 5030 1772 5082 ix,
1817 5013 1903 5085 15)
1936 5033 1951 5082 ;

377 5115 433 5162 et
472 5105 675 5160 vocasti
705 5103 903 5158 Gentes
931 5104 981 5158 in
1010 5103 1371 5158 hazreditatem
1399 5112 1560 5158 tuam.
1593 5104 1662 5160 Et
1687 5121 1784 5177 ego
1811 5106 1878 5160 ad
1907 5116 1957 5161 te

379 5213 635 5256 veneram
660 5212 726 5251 ex
761 5196 1048 5260 Gentibus,
1083 5205 1136 5250 et
1175 5193 1372 5254 intendi
1412 5196 1464 5250 in
1503 5211 1690 5252 aurum
1719 5197 1870 5266 quod.
1890 5197 1958 5258 ab

438 5334 515 5397 (a)
532 5338 672 5398 iuvat
691 5332 878 5398 huncce
901 5332 1071 5398 locum
1089 5345 1152 5382 ex
1185 5331 1280 5382 alio
1295 5332 1554 5398 illustrare.
1589 5343 1770 5398 Nempe
1795 5344 1956 5388 Enarr.

375 5399 430 5448 in
445 5393 567 5446 Psal.
581 5393 666 5459 746,
685 5409 734 5443 n.
754 5395 802 5459 6,
821 5396 889 5450 sic
904 5395 1097 5445 disserit
1114 5397 1400 5459 Augustinus
1417 5411 1430 5447 :
1459 5415 1482 5444 tl
1497 5393 1784 5450 Lenticulam
1796 5408 1962 5451 autem

383 5458 702 5508 «invenimus
730 5458 889 5520 cibum
925 5458 1404 5520 esse;t-Lgyptiortnu,
1437 5473 1547 5520 nam
1582 5461 1646 5509 ibi
1679 5461 1888 5511 abundat
1912 5463 1963 5512 in

383 5539 409 5568 ει
425 5527 627 5583 A-Lgypto
640 5519 804 5583 {unde
820 5518 1716 5583 niagniﬂcatu'r’lenticulaAlexandrina
1727 5556 1741 5581 ,
1763 5529 1814 5573 et
1828 5525 1965 5573 venit

385 5600 410 5628 ci
427 5581 586 5646 usque
610 5581 670 5629 ad
685 5587 1070 5646 terrasnostras,
1083 5581 1230 5646 quasi
1249 5583 1326 5632 hic
1339 5596 1438 5646 non
1461 5592 1682 5634 nascatur
1715 5584 1959 5635 lenticula.

385 5661 411 5690 ε
428 5641 551 5706 Ειιέο
581 5648 702 5709 Esau
717 5641 1036 5709 desiderando
1053 5641 1210 5692 citium
1228 5645 1494 5709 .Ingyptiurn
1506 5681 1521 5706 ,
1558 5647 1768 5708 perdidit
1793 5648 1966 5709 prima:

387 5722 412 5753 ι
432 5704 556 5774 tuin.
575 5705 648 5752 sic
662 5710 714 5774 et
727 5704 934 5774 pepulus
946 5705 1218 5774 .tudaeorum
1234 5704 1304 5774 de
1317 5704 1417 5768 quo
1432 5704 1610 5774 dictum
1630 5715 1729 5774 est,
1747 5704 1968 5774 Conversi

388 5781 415 5813 ι
429 5771 541 5817 sunt
557 5764 704 5838 corde
787 5764 1039 5838 hzyyptmn
1050 5805 1061 5825 ,
1099 5764 1372 5838 lenticulam
1405 5764 1750 5833 quodammodo
1774 5771 1967 5822 deside-

389 5833 688 5891 cravemnt.
708 5835 761 5879 et
773 5829 1028 5894 primatum
1042 5829 1373 5894 perdiderunt.
1393 5847 1414 5875 ιι

1655 369 1850 436 LIBER
1888 367 2241 438 SEPTIMUS.

3506 372 3611 436 743

2037 483 2269 556 ZEgypto
2311 482 2521 537 voluisti
2552 491 2610 538 ut
2646 485 2882 542 auferret
2906 483 3129 562 populus
3163 492 3280 540 tuus
3311 485 3501 559 (Exod.
3525 504 3605 558 ιιι,

2033 575 2139 640 22;
2185 585 2238 629 et
2269 592 2344 639 χι,
2374 575 2458 648 2).
2491 577 2736 650 quoniam
2767 587 2912 632 tuum
2943 585 3058 632 erat
3081 619 3096 642 ,
3125 578 3440 648 ubicumque
3469 590 3602 635 erat.

2035 667 2103 722 Et
2126 668 2303 724 dixisti
2347 668 2758 724 Atheniensibus
2802 684 2893 738 per
2922 670 3240 740 Apostolum
3269 680 3432 738 tuum,
3462 673 3603 742 quod

2034 759 2085 813 in
2116 769 2166 814 te
2186 760 2414 814 vivimus
2456 771 2509 814 et
2533 776 2807 816 movemur
2833 770 2885 816 et
2905 777 3127 834 sumus;
3155 763 3291 818 sicut
3314 773 3366 818 et
3394 765 3608 834 quidam

2035 850 2323 910 secundum
2375 865 2466 904 eos
2520 851 2767 908 dixerunt
2793 851 2924 924 (Act.
2962 867 3112 919 xvu,
3151 853 3243 926 28)
3281 872 3292 907 :
3325 863 3378 908 et
3427 855 3609 923 utique

2035 942 2154 997 inde
2205 951 2354 996 erant
2392 943 2460 996 illi
2494 941 2628 998 libri.
2679 943 2744 1000 Et
2792 960 2898 999 non
2927 945 3128 1002 attendi
3171 947 3222 999 in
3271 945 3405 1000 idola
3441 946 3607 1018 Egy-

2035 1036 2293 1104 ptiorum,
2355 1035 2543 1105 quibus
2597 1035 2662 1090 de
2706 1051 2836 1090 auro
2895 1044 2984 1090 tuo
3049 1037 3457 1103 ministrabant,
3514 1039 3605 1112 qui

2038 1136 2515 1184 transmutaverunt
2568 1130 2842 1186 veritatem
2894 1130 2988 1188 Dei
3049 1131 3098 1188 in
3149 1133 3514 1198 mendacium,
3555 1143 3608 1189 et

2034 1219 2340 1284 coluerunt,
2377 1229 2428 1275 et
2456 1219 2751 1275 servierunt
2776 1230 3032 1276 creaturae
3061 1223 3234 1291 potius
3257 1238 3414 1293 quam
3443 1224 3604 1284 Crea-

2034 1310 2134 1363 tori
2178 1308 2348 1382 (Rom.
2382 1327 2416 1375 ι,
2441 1309 2558 1384 25),

2643 1401 2865 1464 CAPUT
2902 1404 2971 1460 λ.

2226 1491 2425 1549 Clarius
2447 1497 2757 1550 innotescunt
2773 1497 2887 1566 jam
2908 1496 3187 1567 Augustino
3212 1496 3401 1552 divina.

2107 1583 2196 1638 16.
2238 1584 2304 1638 Ει
2327 1585 2448 1640 inde
2472 1586 2772 1641 admonitus
2804 1586 2977 1641 redire
3006 1586 3072 1640 ad
3095 1590 3491 1659 memetipsum,
3522 1591 3605 1646 in-

2036 1676 2164 1731 travi
2195 1676 2243 1730 in
2275 1677 2454 1731 intima
2481 1694 2617 1744 mea,
2643 1678 2774 1733 duce
2792 1686 2876 1744 te;
2900 1688 2951 1734 et
2979 1680 3144 1752 potui,
3173 1683 3415 1750 quoniam
3437 1683 3606 1742 factus

2033 1783 2092 1824 es
2121 1769 2329 1839 adjutor
2354 1786 2523 1826 meus.
2558 1771 2770 1838 lntravi,
2804 1779 2858 1826 et
2894 1771 3000 1826 vidi
3041 1773 3410 1845 qualicumque
3453 1779 3606 1834 oculo

2032 1861 2222 1914 anima:
2250 1877 2400 1927 meae,
2430 1877 2586 1932 supra
2615 1861 2859 1918 eumdem
2888 1863 3096 1917 oculum
3124 1866 3312 1920 anima:
3337 1882 3490 1936 mete,
3513 1883 3606 1924 su-

2033 1966 2124 2021 pra
2164 1961 2393 2007 mentem
2435 1969 2642 2022 meam,
2689 1955 2858 2010 lucem
2887 1957 2904 1987 ¹
2937 1955 3449 2025 incommutabilem;
3500 1977 3606 2019 non

2041 2043 2176 2099 hanc
2206 2045 2472 2116 vulgarem
2505 2056 2558 2100 ct
2583 2049 2921 2123 conspicuam
2952 2049 3095 2105 omni
3122 2051 3267 2106 carui
3293 2069 3306 2104 :
3336 2067 3434 2108 nec
3458 2055 3608 2124 quasi

2032 2152 2094 2192 ex
2122 2137 2308 2194 eodem
2334 2156 2528 2211 genere
2553 2141 2800 2212 grandior
2821 2152 2954 2210 erat,
2978 2151 3223 2215 tanquam
3249 2147 3298 2202 si
3320 2147 3420 2204 ista
3442 2149 3608 2206 multo

2032 2233 2301 2302 multoque
2356 2233 2550 2288 clarius
2594 2235 2949 2301 claresceret,
3004 2247 3276 2313 totumque
3326 2253 3610 2313 occuparet

2032 2316 2413 2394 magnitudine.
2443 2325 2567 2383 Non
2585 2325 2685 2381 hoc
2709 2327 2792 2380 illa
2814 2337 2958 2392 erat;
2988 2330 3080 2386 sed
3109 2331 3276 2400 aliud,
3295 2333 3437 2388 aliud
3457 2335 3610 2392 valde

2030 2417 2100 2472 ab
2135 2418 2248 2472 istis
2286 2419 2552 2474 omnibus.
2595 2419 2702 2476 Nec
2741 2421 2809 2475 ita
2848 2431 2964 2478 erat
2989 2438 3146 2492 supra
3177 2434 3410 2480 mentem
3435 2443 3610 2484 meam

2033 2509 2166 2564 sicut
2196 2509 2371 2564 oleum
2396 2525 2555 2580 super
2581 2527 2792 2581 aquam,
2823 2528 2918 2568 uec
2939 2515 3073 2569 sicut
3096 2516 3285 2572 ctelum
3307 2534 3466 2588 super
3501 2530 3610 2576 ter-

2033 2617 2180 2666 ram;
2212 2603 2304 2658 sed
2334 2604 2596 2672 superior,
2621 2605 2744 2675 quia
2771 2605 2882 2676 ipsa
2910 2605 3036 2662 fecit.
3051 2621 3160 2674 me,
3179 2617 3234 2666 et
3251 2624 3348 2680 ego
3370 2610 3608 2679 inferior,

2032 2694 2152 2764 quia
2193 2692 2366 2749 factus
2413 2710 2530 2750 sum
2573 2697 2638 2750 ab
2679 2711 2762 2752 ea.
2805 2696 2904 2764 Qui
2935 2697 3080 2752 novit
3107 2700 3416 2768 veritatem,
3465 2703 3614 2759 novit

2032 2800 2184 2852 eam;
2229 2795 2284 2846 et
2328 2786 2418 2858 qui
2457 2789 2604 2850 novit
2629 2803 2766 2853 eam,
2801 2789 2946 2846 ttovit
2971 2791 3338 2846 aeternitatem.
3370 2790 3616 2850 Charitas

2033 2880 2180 2935 novit
2199 2896 2337 2934 eam.
2356 2880 2400 2936 Ο
2425 2891 2624 2936 interna
2648 2883 2866 2948 veritas,
2889 2891 2942 2936 et
2963 2898 3090 2937 vera
3105 2883 3360 2953 Charitas,
3379 2893 3436 2941 et
3452 2887 3621 2942 cinna.

2034 2970 2305 3024 teternitas
2334 2971 2346 3024 l
2382 2979 2433 3025 tu
2461 2987 2520 3026 es
2546 2973 2684 3026 Deus
2711 2988 2892 3036 meus;
2919 2973 3009 3026 tibi
3027 2974 3234 3043 suspiro
3251 2975 3418 3032 dicae
3437 2986 3622 3034 nocte.

2035 3061 2243 3117 Etcum
2276 3071 2326 3117 te
2349 3063 2579 3134 primum
2601 3065 2848 3134 cognovi,
2882 3073 2936 3118 tu
2961 3067 3290 3136 assumpsisti
3321 3084 3423 3134 me,
3453 3070 3614 3124 utvi-

2037 3152 2216 3209 derem
2245 3169 2364 3209 esse
2391 3155 2531 3224 quod
2560 3155 2812 3220 viderem,
2843 3165 2895 3209 et
2917 3157 3149 3212 nondum
3177 3175 3261 3216 me
3289 3176 3407 3215 esse
3427 3163 3518 3233 qui
3538 3165 3616 3218 vi-

2036 3244 2239 3300 derem.
2287 3245 2352 3300 Et
2398 3246 2744 3301 reverberasti
2797 3247 3155 3303 inlirmitatem
3194 3261 3437 3320 aspectus
3479 3255 3616 3322 mei,

2036 3336 2249 3392 radians
2287 3337 2341 3391 in
2380 3353 2466 3392 me
2506 3337 2876 3404 vehementer,
2910 3347 2964 3392 et
3005 3343 3301 3396 contremui
3341 3358 3523 3399 amore
3565 3353 3621 3400 et

2038 3429 2290 3495 horrore;
2321 3437 2374 3483 et
2399 3429 2571 3484 inveni
2601 3429 2756 3498 longe
2787 3446 2872 3484 me
2905 3445 3024 3485 esse
3051 3446 3080 3484 a
3110 3439 3162 3486 te
3187 3431 3238 3485 iu
3268 3434 3482 3504 regione
3508 3435 3619 3490 dis-

2039 3520 2418 3587 similitudinis,
2445 3527 2695 3590 tanquam
2717 3522 2952 3576 audirem
2980 3537 3164 3577 vocem
3191 3532 3329 3578 tuam
3355 3524 3419 3580 de
3445 3526 3622 3581 excel-

2041 3628 2102 3668 so
2130 3631 2143 3668 :
2169 3611 2329 3668 Cibus
2350 3628 2466 3667 sum
2488 3613 2798 3683 grandium;
2829 3627 3029 3679 cresce,
3062 3624 3114 3670 et
3145 3616 3486 3671 manducahis
3512 3635 3617 3672 me.

2041 3705 2150 3760 Nec
2181 3714 2235 3759 tu
2261 3721 2350 3759 me
2378 3705 2429 3758 in
2458 3714 2510 3760 te
2537 3703 2782 3770 mutabis,
2814 3705 2950 3760 sicut
2973 3705 3151 3761 cibum
3173 3708 3346 3761 carnis
3370 3717 3505 3773 tuae;
3529 3709 3628 3764 sed

1971 3866 1978 3870 _
2042 3807 2098 3853 tu
2127 3798 2419 3853 mutaberis
2449 3798 2500 3852 in
2527 3813 2627 3853 me.
2677 3797 2744 3852 Et
2773 3799 2994 3869 cognovi
3024 3800 3273 3868 quoniam
3306 3816 3401 3871 pro
3431 3802 3623 3874 iniqui-

2048 3898 2152 3944 tate
2183 3889 2402 3944 crudisti
2435 3889 2724 3956 hominem,
2756 3899 2809 3945 et
2838 3890 3108 3945 tabescere
3136 3889 3305 3946 fecisti
3335 3893 3473 3948 sicut
3504 3910 3625 3949 ara-

2048 3997 2200 4036 neam
2240 3983 2470 4036 animam
2517 3998 2686 4036 meam
2730 3980 2899 4052 (Paul.
2935 3999 3178 4045 xxxviii.
3215 3983 3339 4055 1’2);
3389 3993 3444 4041 et
3480 3987 3626 4042 dixi:

2055 4072 2316 4142 Numquid
2345 4072 2473 4127 nihil
2503 4080 2586 4127 est
2609 4074 2824 4141 veritas,
2853 4076 3100 4143 quoniam
3127 4091 3294 4146 neque
3324 4093 3416 4146 per
3446 4078 3590 4134 ﬁnita
3613 4124 3626 4147 ,

2051 4179 2222 4234 neque
2247 4179 2343 4234 per
2368 4163 2571 4218 inﬁnita
2599 4163 2830 4218 locorum
2863 4165 3028 4234 Spatia
3055 4163 3240 4219 dill'usa
3269 4169 3386 4222 est?
3424 4170 3488 4222 Et
3516 4171 3628 4224 cla-

2051 4257 2207 4310 masti
2229 4255 2292 4309 de
2311 4256 2594 4325 longinquo
2619 4275 2632 4310 :
2657 4255 2767 4309 lmo
2786 4271 2929 4320 vero,
2952 4255 3064 4326 Ego
3083 4259 3290 4328 suntqui
3304 4276 3412 4313 sum
3437 4259 3627 4329 (Exod.

2055 4365 2128 4416 tn,
2165 4347 2277 4422 14).
2309 4349 2374 4403 Et
2405 4349 2579 4404 audivi
2609 4351 2745 4404 sicut
2773 4349 2983 4403 auditur
3012 4334 3074 4403 in
3095 4351 3273 4416 corde,
3307 4361 3360 4407 et
3388 4368 3490 4408 non
3519 4364 3631 4410 erat

2054 4456 2272 4511 prorsus
2299 4441 2438 4496 unde
2458 4440 2783 4506 dubitarem;
2814 4440 3121 4511 faciliusque
3141 4441 3434 4498 dubitarem
3457 4447 3633 4502 vivere

2055 4549 2160 4600 me,
2191 4549 2346 4601 quam
2375 4548 2478 4587 non
2506 4549 2623 4588 esse
2651 4535 2924 4588 veritatem
2945 4577 2960 4603 ,
3005 4552 3122 4606 qum
3145 4553 3241 4607 per
3269 4554 3329 4592 ea
3354 4556 3470 4610 quae
3499 4540 3632 4594 facta

2057 4635 2198 4693 sunt,
2233 4627 2496 4682 intellecta
2523 4629 2850 4696 conspicitur
2876 4630 2896 4661 ²
2930 4628 3101 4701 (Rom.
3125 4647 3163 4699 ι,
3191 4630 3306 4705 20).

2654 4739 2881 4797 CAPUT
2919 4742 3010 4797 XI.

2332 4830 2594 4896 Quomodo
2623 4842 2868 4887 creatura:
2890 4842 3004 4887 sunt
3033 4843 3080 4888 et
3109 4852 3207 4889 non
3227 4844 3361 4890 sunt.

2131 4923 2218 4976 i7.
2259 4923 2325 4977 Et
2355 4923 2560 4994 inspexi
2587 4935 2775 4979 cariora
2808 4923 2944 4980 infra
2971 4935 3041 4991 te,
3074 4936 3127 4982 et
3162 4927 3267 4984 vidi
3293 4942 3392 4983 nec
3420 4930 3636 4986 omnino

2060 5028 2177 5069 esse
2198 5057 2211 5081 ,
2255 5031 2349 5069 nec
2379 5017 2598 5071 omnino
2627 5033 2731 5071 non
2759 5033 2878 5072 esse
2903 5035 2914 5071 :
2948 5034 3065 5074 esse
3107 5019 3319 5089 quidem
3339 5061 3354 5087 ,
3387 5021 3638 5091 quoniam

2061 5106 2156 5160 abs
2184 5116 2232 5160 te
2259 5114 2412 5171 sunt;
2444 5122 2546 5160 nou
2577 5123 2694 5162 esse
2720 5120 2916 5176 autem,
2945 5110 3189 5178 quoniam
3218 5109 3271 5166 id
3293 5111 3511 5180 quodes
3532 5128 3638 5168 non

2063 5208 2204 5254 sunt.
2236 5200 2290 5254 Id
2317 5201 2456 5253 enim
2483 5216 2606 5254 vere
2627 5211 2727 5265 est,
2755 5201 2893 5270 quod
2917 5202 3413 5259 incommutabilitcr
3437 5213 3634 5260 manet.

2063 5290 2186 5345 Mihi
2213 5301 2387 5346 autem
2419 5288 2679 5346 inhaerere
2706 5292 2814 5346 Deo
2830 5292 3025 5346 bonum
3047 5302 3122 5347 est
3144 5291 3310 5368 (Psal.
3339 5311 3508 5363 Lxxn,
3523 5295 3639 5369 20),

2065 5383 2185 5452 quia
2214 5383 2256 5436 si
2284 5398 2390 5436 non
2417 5383 2641 5437 manebo
2671 5384 2722 5438 in
2752 5383 2864 5449 illo,
2897 5399 2994 5438 uec
3021 5385 3073 5438 in
3101 5401 3186 5441 me
3206 5394 3410 5456 potero.
3439 5387 3528 5443 llle
3549 5404 3641 5442 au-

2069 5481 2171 5527 tem
2205 5474 2254 5526 in
2296 5490 2354 5528 se
2392 5489 2611 5529 manens
2651 5475 2865 5528 innovat
2909 5476 3082 5529 omnia
3115 5475 3269 5548 (Sep.
3301 5495 3402 5547 vn,
3429 5479 3539 5552 2'7);
3575 5480 3642 5536 Et

2070 5564 2323 5619 Dominus
2354 5565 2491 5619 Deus
2520 5580 2670 5620 meus
2697 5581 2784 5631 es,
2815 5567 3064 5636 quoniam
3103 5569 3360 5627 bonorum
3403 5587 3642 5628 meorum

2069 5670 2173 5710 non
2191 5670 2315 5724 eges
2345 5654 2510 5726 (Paul.
2529 5671 2617 5721 xv,
2645 5655 2724 5726 2).

2136 5773 2150 5804 ι
2174 5772 2321 5820 Hicin
2338 5771 2450 5821 Edd.
2472 5771 2658 5823 additur
2673 5809 2686 5831 ,
2708 5781 2920 5831 Donum,
2951 5787 3046 5836 qua
3064 5787 3180 5823 voce
3199 5783 3364 5826 carent.
3381 5783 3485 5826 Mss.

2133 5837 2152 5865 ’³
2171 5841 2274 5883 Mss.
2296 5847 2469 5897 magno
2483 5837 2926 5895 consensu-lerunt,
