4078 6366
520 346 628 402 743

1123 463 1349 523 CAPUT
1388 466 1503 522 XII.

871 555 1053 611 Omnia
1080 558 1228 625 bona,
1261 575 1583 631 quacumque
1611 571 1747 616 sunt.

597 645 682 700 18.
725 644 790 699 Et
824 646 1216 702 manifestatum
1248 658 1330 703 est
1368 649 1495 703 mihi
1535 652 1782 720 quoniam
1810 652 1945 707 bona
1981 662 2103 709 sunt

521 753 640 808 quae
666 751 1093 810 corrumpuntur,
1116 757 1233 810 quae
1258 758 1429 811 neque
1453 744 1495 796 si
1519 758 1721 799 summa
1744 746 1879 799 bona
1900 758 2097 810 essent,

522 846 694 901 neque
733 832 834 887 nisi
874 833 1011 887 bona
1056 844 1271 899 essent,
1314 837 1581 905 corrumpi
1623 846 1876 906 possent:
1910 840 2029 908 quia
2056 839 2100 895 si

548 939 725 978 umma
749 924 885 978 bona
923 934 1136 992 essent,
1176 927 1586 995 incorruptibilia
1613 940 1823 995 essent;
1854 932 1899 986 si
1924 940 2097 987 autem

516 1016 658 1071 nulla
686 1017 822 1072 bona
852 1027 1050 1086 essent,
1073 1019 1212 1089 quod
1242 1020 1291 1073 in
1324 1020 1401 1074 eis
1427 1034 1861 1091 corrumperetur
1887 1041 1990 1079 non
2014 1042 2100 1082 es-

516 1116 617 1161 set.
666 1106 834 1162 Nocet
875 1109 1016 1162 enim
1054 1111 1352 1179 corruptio,
1380 1119 1435 1165 et
1462 1112 1562 1166 nisi
1588 1112 1783 1167 bonum
1816 1115 2095 1182 minueret,

517 1215 622 1254 non
667 1209 901 1255 noceret.
942 1202 1049 1255 Aut
1082 1202 1241 1272 igitur
1272 1204 1403 1272 nihil
1439 1216 1595 1261 nocet
1623 1208 1926 1277 corruptio,
1959 1210 2097 1279 quod

515 1292 630 1347 fieri
674 1309 779 1348 non
824 1302 1031 1363 potest:
1066 1305 1188 1363 aut,
1221 1296 1360 1366 quod
1391 1298 1743 1353 certissimum
1772 1310 1846 1355 est
1871 1342 1884 1367 ,
1921 1304 2096 1357 omnia

513 1400 631 1455 qua:
672 1397 1112 1457 corrumpuntur,
1166 1390 1439 1458 privantur
1479 1393 1640 1448 bono.
1674 1393 1729 1448 Si
1755 1402 1930 1449 autem
1953 1397 2095 1450 omni

512 1476 654 1532 bono
682 1478 1048 1546 privabuntur,
1078 1481 1296 1536 omnino
1324 1497 1427 1537 non
1456 1493 1630 1538 erunt.
1664 1485 1718 1540 Si
1744 1487 1885 1541 enim
1916 1498 2093 1556 erunt,

510 1574 564 1622 et
606 1570 872 1639 corrumpi
915 1571 1023 1639 jam
1068 1587 1174 1626 non
1208 1583 1478 1643 poterunt,
1515 1577 1733 1631 meliora
1766 1588 1941 1645 erunt,
1975 1582 2095 1650 quia

511 1659 982 1731 incorruptibiliter
1007 1667 1408 1733 permanebunt.
1448 1668 1515 1722 Et
1549 1670 1674 1739 quid
1707 1675 2093 1730 monstruosins

507 1768 664 1823 quam
682 1770 743 1809 ea
764 1755 941 1811 dicere
961 1757 1105 1812 omni
1126 1759 1264 1813 bono
1284 1761 1482 1816 amisso
1505 1761 1640 1818 facta
1670 1765 1927 1820 meliora?
1956 1768 2095 1838 Ergo

507 1842 553 1898 si
577 1845 721 1911 omni
747 1845 889 1901 bono
917 1847 1262 1917 privabuntur
1281 1893 1294 1916 ,
1328 1853 1544 1907 omnino
1572 1855 1713 1908 nulla
1742 1865 1896 1910 erunt
1922 1875 1934 1910 :
1967 1873 2093 1927 ergo

510 1935 761 2005 quamdiu
785 1947 926 1999 sunt,
957 1939 1095 1993 bona
1123 1950 1242 1995 sunt
1268 1959 1282 1997 :
1315 1958 1441 2013 ergo
1469 1960 1814 2016 quaecumque
1842 1956 1983 2013 sunt,
2010 1949 2093 2004 bo-

509 2041 577 2080 na
602 2038 742 2082 sunt.
784 2029 1078 2100 Malumque
1102 2031 1229 2086 illud
1262 2033 1400 2103 quod
1426 2036 1729 2103 quaerebam
1762 2038 1902 2092 unde
1927 2050 2089 2108 esset,

510 2133 617 2173 non
643 2129 724 2174 est
763 2121 1087 2189 substantia;
1124 2126 1244 2192 quia
1290 2125 1333 2179 si
1375 2126 1672 2181 substantia
1705 2139 1865 2197 esset,
1895 2130 2090 2186 bonum

509 2217 669 2263 esset.
696 2210 801 2263 Aut
826 2212 966 2265 enim
994 2220 1134 2267 esset
1160 2214 1576 2283 ineorruptibilis
1605 2219 1897 2274 substantia
1923 2263 1938 2287 ,
1975 2238 2089 2275 ma-

505 2312 664 2365 gnum
700 2299 882 2369 utique
920 2301 1118 2356 bonum
1148 2313 1276 2357 :aut
1301 2305 1590 2361 substantia
1622 2310 1979 2379 corruptibilis
2005 2327 2093 2366 es-

504 2398 602 2454 set,
634 2406 751 2460 quae
780 2391 877 2445 nisi
903 2392 1039 2447 bona
1065 2403 1226 2463 esset,
1254 2398 1522 2467 corrumpi
1549 2414 1653 2453 non
1682 2409 1877 2468 posset.
1910 2400 2091 2472 Itaque

502 2482 611 2537 vidi
644 2492 697 2538 et
722 2484 1118 2541 manifestatum
1146 2497 1229 2543 est
1258 2488 1386 2543 mihi
1411 2495 1532 2560 quia
1560 2493 1736 2547 omnia
1763 2494 1900 2548 bona
1930 2503 1987 2549 tu
2012 2495 2091 2551 fe-

501 2576 619 2631 cisti
644 2618 657 2641 ,
691 2587 745 2632 et
792 2593 1010 2648 prorsus
1049 2581 1211 2635 nullae.
1245 2582 1553 2637 substantim
1582 2594 1705 2639 sunt
1739 2602 1872 2657 quas
1901 2595 1957 2643 tu
1982 2605 2086 2644 non

499 2663 695 2722 fecisti.
734 2668 801 2722 Et
839 2671 1087 2740 quoniam
1128 2687 1234 2725 non
1266 2673 1487 2742 aequalia
1525 2677 1702 2731 omnia
1733 2677 1938 2748 fecisti,
1968 2680 2088 2736 ideo

500 2768 625 2813 sunt
652 2762 861 2826 omnia;
892 2763 1014 2832 quia
1056 2764 1260 2834 singula
1286 2764 1426 2820 bona
1449 2777 1601 2833 sunt,
1643 2778 1698 2824 et
1723 2771 1879 2826 simul
1910 2775 2085 2827 omnia

500 2850 654 2905 valde
681 2851 856 2907 bona:
888 2854 1135 2923 quoniam
1172 2855 1301 2910 fecit
1341 2858 1479 2913 Deus
1522 2868 1704 2915 noster
1746 2863 1921 2918 omnia
1947 2864 2084 2919 bona

497 2941 651 2997 valde
681 2942 834 3015 (Gen.
861 2959 908 3011 1;
938 2956 985 3001 et
1012 2945 1172 3001 Eccli.
1201 2965 1395 3015 χχιιι,
1423 2952 1538 3023 21).

1108 3060 1337 3118 CAPUT
1375 3063 1513 3120 XIII.

859 3148 1041 3205 Omnia
1068 3154 1273 3208 condita
1301 3158 1509 3211 laudant
1540 3158 1721 3214 Deum.

568 3260 656 3316 19.
699 3261 766 3315 Et
795 3261 889 3315 tibi
917 3264 1133 3317 omnino
1156 3281 1260 3319 non
1287 3276 1369 3321 est
1394 3270 1609 3337 malum,
1636 3287 1740 3326 non
1769 3274 1939 3330 solum
1963 3277 2079 3344 tibi,

494 3355 589 3410 sed
632 3370 730 3410 nec
759 3355 1019 3410 universa:
1048 3370 1305 3413 creatura:
1334 3368 1467 3427 ture;
1498 3364 1618 3432 quia
1641 3375 1788 3420 extra
1820 3369 1836 3399 ¹
1868 3385 1975 3425 non
2000 3379 2084 3426 est

493 3446 691 3516 aliquid
718 3448 858 3517 quod
885 3448 1174 3519 irrumpat,
1222 3463 1277 3506 et
1314 3467 1619 3526 corrumpat
1657 3460 1897 3516 ordinem
1921 3480 2077 3534 quem

491 3538 717 3605 posuisti
746 3539 816 3593 ei.
843 3537 899 3593 In
932 3541 1168 3610 partibus
1196 3552 1373 3597 autem
1404 3546 1517 3614 ejus
1542 3549 1783 3616 quredam
1805 3593 1819 3619 ,
1863 3555 2078 3623 quibus-

490 3627 612 3682 dam
639 3630 760 3699 quia
790 3645 893 3683 non
925 3633 1275 3699 conveniunt,
1317 3636 1451 3689 mala
1493 3649 1781 3707 putantur:
1814 3646 2077 3702 eteadem

494 3720 608 3791 ipsa
637 3723 960 3777 conveniunt
984 3725 1134 3789 aliis,
1178 3736 1232 3780 et
1258 3728 1392 3782 bona
1422 3739 1560 3795 sunt,
1601 3743 1655 3786 et
1697 3734 1748 3787 in
1781 3739 2077 3809 semetipsis

487 3810 627 3867 bona
658 3822 802 3868 sunt.
838 3816 899 3868 Et
928 3817 1104 3869 omnia
1135 3816 1248 3872 lucc
1294 3836 1409 3888 quae
1446 3822 1658 3876 sibimet
1698 3825 1923 3882 invicem
1970 3845 2074 3885 non

490 3907 815 3959 conveniunt
835 3948 849 3969 ,
878 3908 1199 3962 conveniunt
1226 3908 1467 3966 inferiori
1495 3915 1629 3982 parti
1658 3931 1836 3973 rerum
1858 3961 1873 3985 ,
1917 3936 2073 3991 quam

488 4003 685 4049 terram
732 3997 990 4063 dicimus,
1038 3998 1320 4055 habentem
1365 4003 1558 4057 coelum
1590 4021 1741 4061 suum
1770 4010 2071 4069 nubilosum

488 4095 646 4155 atque
672 4096 951 4142 ventosum
978 4104 1270 4160 congruum
1309 4093 1428 4147 sibi.
1458 4095 1525 4149 Et
1552 4096 1689 4151 absit
1710 4099 1817 4168 jam
1848 4112 1901 4155 ut
1926 4104 2072 4160 dice-

488 4193 634 4230 rem:
665 4178 780 4232 Non
805 4189 984 4234 essent
1009 4182 1106 4235 ista
1136 4185 1188 4237 ἐ
1218 4184 1335 4253 quia
1378 4187 1474 4241 etsi
1505 4188 1616 4243 sola
1644 4190 1743 4245 ista
1771 4208 2067 4265 cernerem,

489 4266 851 4324 desiderarem
890 4271 1101 4339 quidem
1134 4275 1378 4343 meliora,
1411 4278 1505 4333 scd
1528 4279 1637 4348 jam
1665 4283 1821 4337 etiam
1847 4285 1916 4341 de
1943 4290 2069 4343 solis

487 4357 603 4411 istis
650 4358 864 4413 laudare
908 4370 959 4415 te
1008 4362 1292 4431 deberem;
1346 4370 1593 4437 quoniam
1645 4374 1961 4441 laudandum
2018 4392 2068 4438 te

484 4448 777 4503 ostendunt
806 4450 872 4505 de
903 4460 1041 4506 terra
1074 4454 1339 4512 dracones
1364 4473 1416 4514 et
1442 4477 1629 4518 omnes
1657 4466 1869 4538 abyssi,
1909 4472 2062 4542 ignis,

483 4540 705 4609 grando,
737 4542 848 4607 nix,
877 4544 1092 4612 glacies,
1121 4550 1335 4616 spiritus
1359 4558 1705 4625 tempestatis,
1731 4576 1848 4630 quae
1869 4540 2067 4620 faciunt

482 4633 701 4687 verbum
731 4641 875 4687 tuum
903 4654 915 4689 :
945 4648 1153 4694 montes
1180 4649 1233 4694 et
1260 4658 1444 4699 omnes
1472 4648 1665 4714 colles,
1713 4652 1851 4723 ligna
1880 4655 2063 4711 fructi-

479 4721 594 4780 fera
620 4734 673 4781 et
701 4741 889 4782 omnes
914 4729 1088 4798 cedri;
1119 4730 1303 4787 bestia:
1332 4746 1385 4790 et
1412 4742 1589 4795 omnia
1614 4721 1825 4811 pecora,
1856 4750 2060 4817 reptilia

480 4825 535 4869 et
577 4817 806 4871 volatilia
854 4830 1114 4889 pennata;
1164 4841 1314 4894 reges
1359 4835 1514 4885 terra:
1543 4841 1598 4886 et
1627 4851 1814 4891 omnes
1852 4843 2057 4910 populi,

477 4906 747 4977 principes
772 4917 825 4962 et
847 4912 1255 4983 omnesjudices
1277 4926 1459 4983 teme;
1487 4922 1711 4990 juvenes
1734 4938 1787 4982 et
1807 4906 2055 5002 virgines,

476 5002 717 5057 seniores
760 5019 880 5058 cum
920 5005 1219 5074 junioribus
1263 5010 1477 5067 laudant
1510 5031 1698 5072 nomen
1728 5028 1896 5075 tuum.
1924 5025 2056 5080 Cum

476 5104 604 5146 vero
632 5094 791 5148 etiam
822 5095 888 5149 de
918 5099 1068 5151 emlis
1098 5108 1149 5152 te
1178 5100 1409 5165 laudent,
1442 5105 1657 5163 laudent
1685 5119 1755 5174 te,
1789 5113 1930 5169 Deus
1957 5133 2055 5171 no-

477 5190 607 5248 ster,
633 5184 682 5236 in
706 5186 928 5240 excelsis
950 5203 1138 5243 omnes
1162 5193 1344 5261 Anguli
1372 5196 1466 5260 tui,
1491 5214 1674 5253 omnes
1692 5204 1912 5259 virtutes
1932 5216 2050 5275 tuae,

1655 354 2167 417 CONFESSIONUM
2202 360 2258 417 S.
2314 362 2677 422 AUGUSTINI

3687 378 3789 436 7M

2211 491 2363 548 aqua:
2402 496 2519 549 quae
2562 497 2721 551 super
2763 482 2927 538 caelos
2969 492 3121 553 sunt,
3162 486 3381 543 laudent
3412 504 3609 545 nomen
3640 500 3785 548 tuum

2213 568 2381 640 (Psal.
2412 587 2629 636 chvm,
2660 574 2817 644 1-12)
2843 593 2854 628 :
2883 591 2988 631 non
3012 576 3119 646 jam
3151 578 3516 637 desiderabam
3543 584 3782 651 meliora,

2208 661 2329 729 quia
2358 663 2533 717 omnia
2561 664 2891 733 cogitabam;
2924 677 2978 721 et
3013 669 3233 726 meliora
3272 674 3485 742 quidem
3515 676 3784 745 superiora

2207 768 2361 822 quam
2382 754 2648 823 inferiora,
2676 757 2769 812 sed
2794 759 3013 814 meliora
3038 765 3215 819 omnia
3238 782 3395 836 quam
3416 768 3531 823 sola
3556 769 3786 839 superio-

2206 861 2281 912 ra,
2301 846 2499 917 judicio
2528 849 2738 906 saniore
2760 853 3075 923 pendebam.

2803 941 3029 1000 CAPUT
3070 946 3208 1002 XIV.

2206 1029 2361 1085 Sana:
2388 1032 2567 1088 mentis
2592 1033 2782 1088 homini
2808 1035 2937 1091 nihil
2965 1038 3195 1109 displicet
3221 1042 3349 1095 inter
3374 1054 3633 1099 creaturas
3671 1045 3777 1101 Dei.

2273 1122 2363 1177 20.
2404 1122 2519 1178 Non
2565 1136 2648 1181 est
2690 1128 2889 1184 sanitas
2932 1130 3009 1185 eis
3062 1133 3253 1200 quibus
3295 1135 3539 1204 displicet
3586 1138 3777 1209 aliquid

2202 1224 2460 1270 creatura:
2492 1226 2632 1283 ture;
2662 1220 2799 1274 sicut
2828 1222 2956 1276 mihi
2988 1239 3091 1279 non
3118 1236 3264 1291 erat,
3298 1243 3415 1282 cum
3442 1229 3780 1299 diSplicei-ent

2202 1305 2364 1358 multa
2391 1322 2512 1376 qua:
2536 1306 2729 1364 fecisti.
2760 1310 2829 1366 Et
2854 1314 2973 1382 quia
3008 1331 3109 1368 non
3141 1317 3562 1375 audebatanima
3586 1338 3702 1377 mea
3728 1333 3781 1379 ut

2202 1396 2250 1451 ei
2278 1396 2583 1466 displiceret
2606 1403 2746 1458 Deus
2771 1420 2942 1471 meus,
2975 1408 3187 1463 nolebat
3212 1425 3331 1466 esse
3358 1422 3503 1467 tuum
3530 1416 3778 1486 quidquid

2201 1488 2249 1543 ei
2297 1489 2627 1559 displicebat.
2673 1496 2738 1550 Et
2785 1496 2907 1552 inde
2947 1499 3082 1553 ierat
3119 1500 3173 1554 in
3215 1502 3517 1571 opinionem
3555 1506 3775 1561 duarum

2200 1581 2614 1638 substantiarum
2636 1627 2650 1651 ,
2696 1596 2749 1641 et
2779 1599 2886 1643 non
2909 1591 3296 1659 requiescebat,
3325 1604 3379 1649 et
3402 1596 3571 1649 aliena
3600 1598 3778 1668 loque-

2200 1672 2373 1727 batur.
2408 1674 2476 1728 Et
2502 1676 2624 1731 inde
2664 1678 2875 1734 rediens
2913 1680 3112 1735 fecerat
3142 1683 3240 1737 sibi
3270 1685 3432 1740 Deum
3463 1704 3555 1756 per
3581 1688 3777 1743 infinita

2200 1765 2365 1833 Spatia
2410 1766 2649 1822 locorum
2690 1771 2923 1824 omnium
2947 1813 2961 1837 ,
3007 1782 3062 1827 et
3091 1788 3212 1827 eum
3249 1785 3523 1843 putaverat
3549 1792 3667 1832 esse
3693 1787 3775 1845 te;

2199 1862 2253 1908 et
2272 1871 2393 1909 eum
2416 1857 2773 1915 collocaverat
2802 1861 2851 1915 in
2880 1862 3043 1917 corde
3068 1878 3186 1931 suo,
3216 1874 3270 1920 et
3295 1864 3433 1921 facta
3454 1878 3568 1922 erat
3596 1885 3776 1925 rursus

2198 1949 2449 2020 templum
2477 1951 2601 2005 idoli
2622 1952 2706 2007 sui
2735 1953 3144 2011 abominandum
3168 1958 3279 2013 tibi.
3308 1959 3413 2014 Sed
3436 1972 3775 2032 posteaquam

2196 2039 2371 2097 foviSti
2392 2053 2549 2113 caput
2570 2046 2878 2115 nescientis,
2904 2058 2959 2103 et
2984 2050 3216 2104 clausisti
3237 2052 3421 2108 oculos
3448 2068 3596 2108 meos
3615 2069 3682 2109 ne
3703 2055 3776 2109 vi-

2195 2132 2384 2188 derent
2411 2135 2720 2205 vanitatem,
2749 2141 2954 2195 cessavi
2978 2142 3044 2196 de
3072 2158 3158 2197 me
3183 2143 3474 2214 paululum,
3505 2154 3557 2201 et
3587 2161 3776 2202 conso-

2194 2228 2302 2298 pita
2332 2238 2415 2284 est
2440 2231 2644 2288 insania
2668 2250 2786 2290 mea
2811 2254 2825 2290 :
2857 2246 2910 2292 et
2934 2238 3176 2308 evigilavi
3203 2241 3255 2295 in
3285 2248 3339 2296 te
3358 2285 3372 2311 ,
3413 2253 3465 2299 et
3488 2244 3591 2298 vidi
3618 2253 3670 2301 te
3696 2246 3774 2300 in-

2196 2319 2402 2376 finitum
2428 2323 2610 2391 aliter;
2634 2335 2690 2382 et
2713 2327 2854 2383 visus
2879 2330 2977 2385 iste
3002 2347 3108 2386 non
3134 2349 3161 2387 a
3188 2350 3349 2390 carne
3380 2337 3701 2393 trahebatur.

2827 2440 3052 2497 CAPUT
3092 2443 3205 2497 XV.

2416 2505 2680 2571 Quomodo
2708 2511 2887 2566 veritas
2913 2526 2957 2567 et
2984 2514 3181 2585 falsitas
3208 2518 3259 2569 in
3285 2521 3545 2573 creaturis.

2262 2593 2351 2649 21.
2395 2595 2461 2650 Ει
2489 2601 2695 2667 respexi
2738 2602 2868 2668 alia,
2914 2613 2968 2659 et
3000 2606 3106 2662 vidi
3138 2608 3227 2662 tibi
3260 2609 3454 2666 debere
3480 2614 3601 2682 quia
3625 2622 3766 2680 sunt,

2192 2694 2246 2740 et
2272 2687 2324 2739 in
2355 2696 2402 2741 te
2432 2700 2618 2744 cuncta
2656 2692 2801 2747 finita
2827 2713 2838 2748 :
2868 2696 2961 2750 sed
2987 2699 3172 2765 aliter,
3206 2716 3312 2755 non
3340 2704 3489 2771 quasi
3518 2704 3570 2758 in
3614 2704 3731 2761 loco
3752 2748 3767 2773 ,

2190 2778 2285 2833 sed
2316 2780 2437 2849 quia
2468 2790 2519 2836 tu
2552 2798 2610 2840 es
2636 2787 2972 2844 omnitenens
3010 2806 3170 2846 manu
3210 2794 3464 2861 veritate;
3505 2806 3561 2851 et
3597 2799 3771 2853 omnia

2190 2884 2315 2924 vera
2335 2880 2475 2939 sunt,
2503 2874 2554 2927 in
2576 2886 2829 2945 quantum
2857 2891 2975 2935 sunt
2996 2899 3010 2949 ;
3035 2898 3136 2938 nec
3156 2885 3438 2956 quidquam
3467 2895 3551 2943 est
3570 2888 3773 2945 falsitas

2190 2960 2290 3016 nisi
2320 2979 2439 3018 cum
2466 2975 2679 3035 putatur
2705 2985 2825 3026 esse
2858 2975 2998 3043 quod
3019 2992 3123 3030 non
3155 2987 3255 3033 est.
3289 2981 3352 3034 Et
3383 2981 3491 3036 vidi
3518 2984 3635 3053 quia
3665 3000 3770 3039 non
3806 3058 3810 3063 ἢ

2188 3054 2359 3110 solum
2406 3059 2536 3113 locis
2566 3077 2659 3116 sua
2699 3079 2925 3136 quaeque
2948 3069 3061 3123 suis
3086 3074 3441 3141 conveniunt,
3479 3076 3573 3130 sed
3612 3078 3768 3131 etiam

2188 3149 2638 3217 temporibuszet
2664 3155 2782 3225 quia
2813 3167 2897 3224 tu,
2939 3161 3029 3231 qui
3067 3163 3210 3219 solus
3252 3176 3483 3221 aeternus
3526 3184 3618 3234 es,
3663 3185 3769 3226 non

2187 3250 2306 3308 post
2332 3241 2738 3301 innumerabilia
2766 3251 2932 3318 spatia
2965 3262 3261 3324 temporum
3290 3259 3495 3327 coapisti
3529 3262 3767 3330 operari;

2186 3332 2307 3400 quia
2336 3335 2513 3390 omnia
2544 3338 2714 3406 spatia
2743 3348 3062 3411 temporum,
3093 3356 3145 3401 et
3172 3364 3289 3418 qua:
3318 3353 3693 3418 prmterierunt
3715 3362 3775 3408 et

2183 3437 2301 3492 qua:
2333 3428 2711 3498 praeteribunt,
2756 3449 2855 3489 nec
2890 3437 3101 3493 abirent
3130 3453 3229 3495 nec
3257 3442 3535 3510 venirent,
3584 3445 3686 3501 nisi
3714 3453 3771 3503 te

2185 3527 2438 3585 operante
2465 3528 2518 3575 et
2544 3534 2811 3579 manente.

2815 3617 3041 3675 CAPUT
3078 3620 3215 3676 XVI.

2415 3700 2600 3758 Omnia
2625 3704 2773 3773 bona,
2808 3706 2920 3763 licet
2948 3711 3244 3781 quibusdam
3274 3732 3375 3771 non
3402 3726 3542 3788 apta.

2252 3792 2340 3847 22.
2384 3794 2453 3849 Et
2494 3797 2637 3852 sensi
2684 3807 2739 3854 et
2774 3812 3024 3871 expertus
3070 3820 3189 3859 sum
3232 3824 3337 3861 non
3386 3824 3503 3865 esse
3546 3811 3761 3880 mirum,

2182 3886 2322 3954 quod
2352 3888 2522 3955 palato
2544 3904 2648 3943 non
2678 3906 2808 3946 sano
2836 3909 2991 3963 ptena
3019 3906 3100 3951 est
3118 3902 3301 3969 panis,
3325 3904 3413 3972 qui
3436 3919 3565 3959 sano
3586 3907 3764 3961 suavis

2180 3986 2291 4043 est;
2321 3986 2374 4031 ct
2401 3980 2569 4034 oculis
2598 3982 2754 4052 aegris
2783 3985 2965 4041 odiosa
2994 3988 3084 4042 lux
3104 4029 3117 4055 ,
3158 4006 3276 4060 qua:
3308 3995 3457 4063 puris
3496 3997 3758 4054 amabilis.

2178 4068 2245 4122 Et
2268 4069 2471 4138 justitia
2506 4082 2593 4127 tua
2622 4073 2866 4146 displicet
2893 4079 3118 4149 iniquis;
3144 4084 3339 4138 nedum
3361 4086 3539 4155 vipera
3561 4098 3615 4143 et
3635 4105 3757 4150 ver-

2175 4160 2419 4227 miculus,
2450 4180 2567 4233 quae
2594 4165 2729 4220 bona
2755 4172 2966 4235 creasti,
2991 4181 3113 4242 apta
3134 4174 3476 4234 inferioribus
3501 4192 3759 4236 creaturze

2177 4261 2281 4309 tua:
2310 4258 2546 4325 partibus
2572 4276 2584 4313 :
2618 4261 2809 4330 quibus
2838 4273 2892 4317 et
2921 4266 3018 4334 ipsi
3046 4266 3211 4337 iniqui
3240 4271 3347 4339 apti
3369 4282 3490 4325 sunt
3513 4314 3526 4337 ,
3558 4283 3761 4343 quanto

2175 4346 2544 4405 dissimiliores
2590 4362 2711 4406 sunt
2767 4355 2895 4415 tibi;
2955 4359 3066 4426 apti
3121 4372 3297 4416 autem
3355 4365 3753 4432 superioribus,

2175 4449 2375 4507 quanto
2417 4443 2701 4501 similiores
2744 4447 2876 4502 fiunt
2916 4450 3026 4503 tibi.
3076 4452 3140 4506 Et
3185 4456 3397 4523 quaesivi
3438 4457 3559 4525 quid
3609 4467 3759 4512 esset

2172 4529 2453 4599 iniquitas,
2498 4545 2551 4590 et
2589 4552 2693 4591 non
2740 4539 2914 4593 inveni
2957 4544 3344 4601 substantiam:
3371 4546 3465 4601 sed
3490 4563 3519 4602 a
3546 4562 3752 4603 summa

2170 4623 2483 4693 substantia,
2515 4636 2566 4682 te
2595 4630 2724 4697 Deo,
2753 4631 2976 4689 detortae
2997 4636 3046 4689 in
3070 4637 3247 4692 intima
3278 4642 3295 4672 ί
3327 4641 3611 4696 voluntatis
3634 4660 3752 4714 per-

2167 4718 2469 4773 versitatem
2497 4762 2509 4783 ,
2550 4723 2877 4793 projicientis
2912 4728 3095 4786 intima
3123 4747 3217 4787 sua
3249 4732 3432 4807 (Eccli.
3460 4754 3515 4807 x,
3551 4738 3637 4810 10)
3657 4781 3671 4805 ,
3699 4748 3755 4793 et

2168 4811 2507 4864 tumescentis
2538 4811 2697 4871 foras.

2760 4908 2985 4965 CAPUT
3024 4912 3184 4970 XVII.

2404 4994 2530 5061 Qua:
2555 5001 2807 5055 retardent
2837 5021 2868 5056 a
2893 5006 3175 5076 cognitione
3204 5008 3507 5067 divinorum.

2234 5087 2324 5144 23.
2366 5090 2432 5145 Et
2459 5094 2689 5149 mirabar
2726 5100 2865 5166 quod
2898 5100 3004 5169 jam
3051 5110 3102 5155 te
3132 5104 3407 5169 amabam,
3438 5124 3540 5159 non
3571 5122 3665 5174 pro
3696 5117 3745 5162 te

2163 5178 2495 5248 phantasma.
2528 5184 2595 5239 Et
2624 5202 2727 5240 non
2758 5190 2963 5244 stabam
2985 5193 3004 5223 ²
3028 5192 3127 5246 frui
3158 5194 3265 5247 Deo
3292 5212 3431 5259 meo,
3456 5197 3548 5252 sed
3572 5200 3749 5266 rapie-

2162 5268 2259 5324 bar
2280 5272 2344 5326 ad
2379 5282 2428 5327 te
2456 5274 2649 5331 decore
2680 5288 2803 5345 tuo;
2831 5297 3060 5353 moxque
3088 5285 3390 5354 deripiebar
3413 5289 3506 5342 abs
3533 5298 3584 5343 te
3616 5304 3743 5358 pou.
3781 5309 3799 5333 ι

2162 5360 2289 5417 dere
2310 5379 2458 5430 meo,
2498 5376 2551 5420 et
2579 5370 2794 5424 ruebam
2829 5372 2878 5425 in
2910 5372 3008 5427 ista
3040 5391 3158 5429 cum
3189 5379 3387 5447 gemitu
3415 5397 3429 5431 :
3460 5388 3514 5433 et
3538 5378 3743 5448 pondus

2160 5451 2262 5510 hoc
2284 5498 2299 5523 ,
2331 5462 2657 5517 consuetudo
2689 5466 2935 5521 carnalis.
2969 5468 3072 5523 Sed
3102 5487 3312 5526 mecum
3341 5480 3458 5527 erat
3486 5474 3739 5527 memoria

2223 5567 2245 5646 ξ
2261 5567 2455 5646 Sic‘Bad.
2477 5579 2575 5646 Am.
2599 5581 2650 5646 et
2664 5581 2739 5624 Er.
2758 5576 2925 5646 sicque
2946 5584 3052 5646 Mss.
3086 5580 3220 5646 Angl.
3243 5591 3294 5646 et
3320 5584 3488 5646 plures
3512 5597 3541 5634 e
3567 5586 3741 5646 nostris

2156 5630 2571 5710 Ets‘slﬁtuarnxet
2740 5630 2937 5710 aliquot,
2958 5630 3737 5710 detortwuiniinjimmn.

2156 5691 2379 5769 antistant
2379 5695 2487 5744 iam.
2508 5691 2870 5769 Lovndetortfmt
2886 5691 2937 5753 ei
2960 5691 3177 5769 inﬁmam
3194 5691 3505 5768 '[aéi3}ié'ii
3523 5691 3739 5769 ῧιῖῧῆιξίνί

2156 5749 2402 5825 υοιροζιαιὶς
2425 5758 2815 5825 perversitatem].

2220 5814 2242 5845 ²
2276 5822 2375 5865 Am.
2398 5814 2447 5869 et
2465 5826 2535 5895 Er.
2558 5835 2665 5871 cum
2686 5814 2795 5875 \tss.‘
2810 5833 3017 5888 quatuor
3032 5830 3234 5895 habent,
3258 5837 3303 5885 et
3319 5830 3682 5889 minatum

474 5271 556 5326 sol
587 5280 640 5326 et
665 5273 809 5339 luna,
837 5290 1023 5332 omnes
1057 5280 1225 5335 stellae
1254 5293 1305 5335 et
1336 5284 1534 5352 lumen,
1574 5290 1691 5345 caeli
1720 5294 1974 5351 caelorum
2003 5271 2057 5354 et

422 5440 431 5492 ί
473 5467 519 5492 ’Δ
535 5403 916 5492 ΞΕ
925 5414 1452 5492 [pvetantiquioribus
1469 5421 1775 5485 editionibus,
1788 5429 1898 5492 quia
1914 5439 2055 5486 extra

226 5462 379 5557 αι
424 5462 432 5561 ι
729 5462 2048 5561 egerim-eseamamamus?

425 5529 434 5608 3
471 5529 712 5608 θιλῖξθδεθ
729 5529 1031 5608 deﬂetam!!!
1047 5529 1325 5608 semisse.
1345 5542 1461 5589 nihil
1476 5529 2052 5608 ὲέεἷόὶίῖιῖυἷιῖἱένέἕῗιί

362 5582 387 5652 ἢ
468 5596 763 5701 .
777 5582 921 5703 aquod
936 5582 998 5644 ad
1018 5582 1684 5661 péiiarbﬁahﬁi’aiaiﬁ’ém”;

432 5666 437 5703 ς
748 5669 773 5703 ιε
832 5692 842 5703 .
1956 5700 1961 5703 ~

428 5682 439 5749 έ
916 5725 1036 5796 μη.
1055 5721 1138 5796 up:
1153 5726 1523 5796 §°mm:.habet.
1540 5738 1593 5782 ηε
1610 5733 1821 5787 ne...
1840 5754 1931 5793 ηοη
1947 5755 2047 5796 es.

468 5778 563 5824 nisi
580 5778 672 5827 ista
694 5790 711 5829 .'
733 5782 898 5831 ueteri
914 5794 1058 5843 porro
1074 5783 1207 5848 Edd.,
1226 5793 1279 5839 ut
1293 5778 1736 5849 dicerem
