2039 3183
151 155 200 184 ’145

153 214 199 245 tui,
210 218 298 246 neque
311 208 366 237 ullo
379 206 458 236 modo
472 204 626 234 dubitabam
641 209 700 229 eSsc
715 200 756 228 cui
769 199 940 229 eoha-rercm,

154 258 199 286 sed
220 258 337 284 nondum
357 261 415 281 esse
430 260 471 279 me
486 251 530 286 qui
544 250 706 277 cohmrerem
720 255 728 274 -.
740 246 863 280 quoniam
882 251 943 270 cor-

156 312 203 339 pus
219 302 289 336 quod
308 299 500 333 corrumpitur,
522 300 645 331 aggravat
663 293 798 322 animant;
814 295 841 317 et
855 289 945 323 depri-

157 337 202 377 iuit
232 354 336 376 terrena
367 344 522 373 inhabitatio
550 348 657 369 sensum
684 339 764 366 multa
787 337 945 371 cogitantem

158 396 234 431 (Sap.
251 402 278 421 ιχ
289 414 296 426 ,
317 393 369 425 l5).
393 391 524 424 Eramque
538 387 702 415 certissimus
716 384 785 420 quod
807 383 947 411 invisibilia

160 429 213 474 tua,
230 449 244 467 a
260 438 448 468 constitutione
459 434 559 466 mundi,
575 441 622 468 per
634 440 664 459 ea
678 439 735 465 qua:
746 431 813 457 facta
824 433 894 460 sunt,
907 429 947 455 in-

161 490 262 515 tellecta
287 485 501 518 conspiciuntur;
525 481 683 513 sempiterna
699 484 803 511 qunque
824 475 904 501 virtus
923 480 950 500 et

161 533 284 561 ditiuitas
300 537 341 557 tua
358 530 446 564 (lieni.
464 536 480 557 I,
497 527 554 559 20).
574 526 701 557 Qua'rrns
724 522 794 549 cnim
814 522 883 547 unde
903 529 949 554 ap—

137 607 142 609 _
163 580 302 614 probarem
316 574 537 611 pulchritudinem
551 578 701 605 corporum.
716 569 771 595 sive
785 567 931 594 etrlcstium
943 586 949 597 ,

163 613 217 653 sive
240 622 420 652 terrestrium;
445 624 471 646 et
492 618 554 653 quid
571 617 634 644 mihi
656 620 751 650 praesto
766 619 836 641 esset
851 613 952 646 integre

163 674 195 699 de
211 670 380 698 tnutahilibus
393 666 530 702 judicanti,
546 668 572 691 et
582 662 679 689 dicenti
695 671 700 687 :
718 661 774 687 Hoc
787 661 821 686 ita
835 667 896 686 esse
907 659 952 685 de-

164 720 218 751 bet,
236 717 297 744 illud
315 723 365 742 non
382 714 436 740 ita:
454 712 707 745 hocetgoqurerens
719 706 952 739 undejudicarem,

162 772 222 791 cum
240 764 273 789 ita
286 762 442 796 judicarem,
457 759 607 784 inveneram
619 752 860 781 incommutabilem
874 755 900 777 et
912 758 954 776 ve-

165 818 220 837 ram
234 807 351 835 veritatis
365 804 549 833 a‘tcrnitatcm,
565 808 642 835 supra
656 804 771 826 menteut
784 804 868 824 meam
883 803 955 822 eom-

167 854 328 882 niutabilr-m.
350 852 435 884 Atque
451 850 484 875 ita
501 847 627 882 gradatim
643 853 658 872 ει
677 843 831 878 corporibus
845 842 876 868 ad
893 849 955 868 sen-

166 902 275 928 tientcm
299 905 345 932 per
365 903 460 929 corpus
486 894 621 922 animam;
654 896 732 924 atque
754 889 814 915 inde
838 887 870 914 ad
899 887 956 920 ejus

168 945 321 973 interiorem
328 943 391 974 vim,
401 941 442 968 cui
451 946 544 967 sensus
552 946 590 964 (‘Ol
598 937 669 972 poris
679 936 807 962 exteriora
819 933 958 960 annuntia-

169 997 223 1023 ret;
239 994 264 1017 et
280 995 418 1023 quousque
434 988 544 1020 possunt
563 984 673 1010 bestias:
689 986 766 1015 atque
787 980 846 1006 inde
867 985 957 1004 rursus

169 1038 201 1064 ad
216 1037 418 1063 ratiocinantem
432 1033 575 1069 potentiam
586 1031 618 1057 ad
629 1038 706 1065 quam
719 1026 957 1060 relerturjudican-

168 1084 232 1110 dum
243 1083 312 1118 quod
327 1082 439 1109 sumitur
452 1089 465 1106 τι
479 1079 599 1106 sensibus
608 1076 735 1110 corporis.
748 1074 811 1107 Qua}
820 1078 959 1106 sequoque

172 1131 196 1157 in
219 1138 262 1156 me
283 1128 449 1163 coutpericns
473 1125 645 1155 mutabilem,
669 1122 755 1149 erexit
777 1128 806 1146 se
830 1119 862 1145 ad
882 1118 959 1144 intel—

172 1176 307 1210 ligentiam
324 1182 398 1201 suam
412 1182 419 1204 ;
436 1178 461 1199 et
474 1171 579 1198 abduxit
592 1169 776 1203 cogitationem
791 1174 804 1192 a
819 1169 959 1191 consuetu-

170 1223 231 1249 dine
242 1243 249 1254 ,
271 1220 430 1248 subtrahens
450 1227 478 1246 se
497 1215 738 1244 contradiceulilms
753 1212 835 1239 turbis
848 1211 960 1245 phanta-

172 1273 286 1294 sutatum
298 1287 304 1298 ,
320 1271 347 1293 ut
362 1265 490 1292 inveniret
510 1272 560 1297 quo
582 1262 679 1288 lumine
692 1262 886 1293 aspergeretur,
901 1263 961 1282 cum

172 1315 230 1341 sine
247 1314 297 1340 ulla
313 1312 475 1339 dubitatione
490 1310 616 1336 clamaret
632 1304 844 1333 iuconunutabile
864 1301 961 1336 prafe-

173 1361 284 1387 rendum
300 1366 359 1386 esse
375 1357 511 1387 mutabili;
527 1355 596 1381 unde
612 1356 702 1379 neSset
716 1351 800 1385 ipsum
816 1350 963 1375 ineouunu-

173 1406 262 1437 labile,
278 1404 348 1439 quod
365 1403 413 1430 nisi
428 1403 516 1436 aliquo
531 1400 608 1427 ntodo
626 1402 735 1429 nosset,
756 1396 826 1423 nttllo
841 1394 919 1421 modo
935 1394 964 1419 il-

174 1452 217 1478 lud
241 1450 360 1477 tnutabili
382 1453 455 1475 certo
481 1450 654 1481 praeponeret.
680 1445 712 1470 lit
728 1442 868 1477 pervenil‘
884 1440 915 1466 :nl
938 1439 962 1465 id

174 1497 243 1532 quod
257 1500 307 1529 est,
320 1496 344 1522 in
360 1496 410 1522 ictu
424 1492 578 1528 trepidantis
592 1495 723 1524 aspectus.
737 1489 811 1514 Tune
824 1494 886 1513 vero
903 1486 965 1511 invi-

174 1544 258 1571 sibilia
274 1548 326 1573 tua,
341 1550 387 1575 per
400 1549 430 1567 ca
445 1548 502 1574 qua:
517 1538 583 1565 fat-ta
597 1541 666 1565 sunt.
680 1535 809 1561 intellecta
820 1532 963 1566 conspexi;

174 1590 220 1617 sed
243 1590 326 1616 aciem
342 1588 421 1622 [igere
435 1594 486 1612 nou
500 1585 586 1612 evalui
602 1585 611 1599 ¹
625 1592 631 1610 :
647 1588 672 1609 et
687 1588 838 1615 repercussa
854 1579 964 1606 inlirmi-

176 1640 229 1662 tate
243 1634 362 1662 redditus
376 1633 470 1663 solitis,
486 1639 537 1658 non
558 1637 661 1656 mecum
678 1628 792 1654 ferebam
808 1626 856 1652 nisi
872 1634 965 1651 antan-

178 1687 231 1708 teni
253 1679 425 1710 memoriam,
448 1683 473 1705 et
493 1676 567 1711 quasi
587 1675 681 1702 Olfacta
697 1673 891 1700 deuderantem
907 1679 966 1705 qua:

177 1726 318 1754 comedere
333 1724 449 1752 nondum
463 1730 577 1757 possent.

458 1778 572 1806 CAPUT
587 1776 679 1804 XVIII.

356 1826 434 1854 Solus
447 1825 559 1853 Christus
572 1824 612 1851 via
629 1823 662 1850 ad
675 1822 788 1850 salutem.

212 1874 257 1901 24.
278 1873 312 1900 Et
333 1872 484 1908 qumrebam
500 1871 568 1898 \iam
590 1868 759 1903 comparandi
778 1867 883 1895 roboris
898 1865 967 1901 quod

179 1924 249 1947 esset
263 1919 386 1946 idoneum
402 1917 435 1944 ad
450 1916 589 1944 fruendum
603 1919 645 1947 te;
662 1922 711 1941 nec
726 1912 902 1944 inveniebam,
919 1912 969 1938 do-

179 1973 229 1993 nec
243 1965 418 1999 amplecterer
432 1963 604 1991 mediatorem
622 1962 668 1988 Dei
682 1965 709 1988 et
724 1960 870 1990 hominum,
885 1958 970 1986 homi-

179 2019 240 2038 nem
261 2010 396 2038 Christum
416 2009 505 2036 Jesum
520 2008 541 2043 (Ι
555 2007 621 2033 Tim.
643 2014 676 2038 ιι,
697 2005 740 2042 5),
763 2005 807 2040 qui
830 2009 871 2031 est
891 2011 971 2038 super

179 2057 267 2084 omnia
283 2056 352 2083 Deus
362 2055 516 2083 benedictus
527 2054 553 2080 in
565 2053 659 2080 smcula
671 2052 758 2088 (Rom.
768 2059 804 2083 ix,
817 2051 856 2085 5),
873 2057 971 2076 vocan-

181 2106 233 2129 letn
249 2107 277 2129 et
291 2101 423 2128 dicentem
436 2109 443 2126 :
458 2099 513 2135 Ego
526 2107 582 2126 sum
599 2099 649 2131 via,
665 2098 766 2128 ueritas,
781 2101 804 2123 et
817 2096 867 2123 vita
881 2094 969 2132 (Jonn.

181 2155 238 2179 xw,
256 2147 303 2181 6);
318 2150 346 2173 et
358 2146 457 2179 cibum,
473 2145 514 2172 cui
528 2143 656 2178 capiendo
671 2142 801 2170 invalidus
820 2149 909 2172 cram,
923 2140 972 2167 mi-

180 2198 300 2221 sccntetn
315 2193 404 2224 carui;
419 2192 541 2226 quoniam
558 2190 673 2217 Verbum
693 2196 754 2216 caro
772 2187 866 2215 factum
880 2191 930 2218 est,
945 2190 973 2213 ut

181 2239 301 2267 infantia:
316 2244 413 2266 nostra:
427 2239 583 2265 lactesceret
599 2235 727 2270 sapientia
749 2239 809 2266 tua,
830 2241 878 2268 per
893 2239 972 2267 quam

180 2285 278 2312 creasti
298 2284 396 2312 omnia.
417 2284 473 2310 Non
495 2283 566 2310 enim
585 2282 706 2309 tenebam
727 2281 866 2308 Dontinunt
886 2279 973 2305 meum

181 2332 285 2363 Jesum,
301 2331 408 2358 humilis
422 2330 567 2361 humilem;
589 2336 638 2355 nec
653 2326 726 2362 cuius
739 2327 776 2354 rei
792 2326 915 2361 magistra
930 2333 973 2352 es-

181 2382 223 2404 set
233 2377 292 2412 ejus
301 2376 440 2403 infirmitas
451 2382 585 2402 noveram.
599 2374 713 2401 Vcrbutn
727 2373 796 2400 enim
810 2376 883 2399 tuutu
898 2376 975 2398 teter-

182 2432 216 2450 na
231 2423 341 2455 veritas,
355 2422 534 2456 superioribus
548 2426 677 2448 creatura:
692 2424 742 2446 tuae
754 2419 871 2453 partibus
883 2426 976 2452 super-

183 2469 321 2501 eminens,
342 2467 461 2494 subditos
475 2467 551 2500 erigit
565 2466 597 2492 ad
613 2466 726 2499 seipsam
743 2473 749 2490 ε
767 2464 792 2491 in
808 2463 975 2490 inferioribus

183 2519 273 2540 autem
287 2513 428 2540 :edificavit
438 2512 486 2539 sibi
502 2512 627 2539 lutmilem
639 2513 746 2537 domum
758 2510 790 2537 de
801 2510 864 2536 limo
873 2514 975 2542 nostro,

184 2567 325 2595 perquam
341 2559 493 2586 subdendos
514 2558 677 2593 deprimeret
697 2565 711 2583 a
732 2556 827 2591 scipsis
839 2577 846 2588 ,
861 2560 886 2582 ct
902 2555 933 2582 ad
948 2563 977 2582 se

183 2606 329 2640 trajiceret,
342 2612 438 2631 sanans
449 2609 579 2631 tumorem
591 2624 598 2634 ,
619 2608 646 2629 et
664 2602 782 2629 nutriens
797 2609 929 2633 amorem;
945 2608 978 2627 ne

185 2651 280 2678 ﬁducia
299 2651 340 2676 sui
361 2650 583 2684 progrederemur
603 2648 723 2682 longius,
744 2647 789 2673 Sed
809 2646 978 2681 potiusiulir-

185 2700 324 2723 mareutur
344 2695 464 2722 videntes
484 2698 546 2720 ante
569 2693 648 2727 pedes
668 2697 730 2719 suos
756 2692 886 2718 infirmam
910 2691 978 2717 divi-

187 2742 298 2769 nitatem
319 2748 350 2767 cx
371 2741 568 2775 participatione
583 2740 677 2765 tunica:
692 2738 807 2773 pellicere
822 2743 932 2768 IIOSII‘:I‘..
953 2743 980 2765 et

219 2798 227 2813 ι
246 2795 376 2828 Egregium
389 2796 482 2828 huncce
496 2796 573 2825 locum
588 2787 704 2828 reparant
713 2795 808 2820 codices
821 2800 872 2820 Mss.
887 2799 942 2820 Nam
956 2797 980 2820 iu

188 2826 294 2861 vulgatis
301 2826 414 2861 corrupte
424 2827 552 2861 legebatur
562 2844 568 2856 ,
578 2830 600 2851 ct
609 2826 749 2857 perveniret.

220 2857 330 2886 '"I'atm',
337 2859 407 2888 juxta
418 2861 454 2881 Er.
465 2858 536 2888 Lugd.
550 2862 608 2882 \‘eu.
622 2861 676 2883 ων.
689 2862 753 2882 Mart.
766 2857 827 2882 Flor.
860 2861 887 2881 ιι.

332 2903 434 2932 ὃλκετ
470 2903 608 2931 AL'GUST.
631 2900 652 2931 Ι.

808 140 906 168 ΠΒΕιὶ
927 137 1106 166 SEPTIMUS.

1734 136 1786 166 74⁸

997 195 1057 221 lassi
1075 199 1305 229 prosternerentur
1319 195 1344 222 in
1360 202 1417 223 eam
1430 214 1437 228 ,
1454 195 1502 231 illa
1516 199 1604 222 autem
1622 202 1733 230 surgens
1745 196 1786 224 le-

997 246 1070 268 varet
1082 248 1139 268 COS-

1280 274 1392 302 CAPU'I‘
1410 274 1482 302 XIX.

1130 321 1198 353 Quid
1212 322 1314 348 senserit
1329 321 1361 348 de
1376 321 1466 348 Christi
1482 322 1661 349 incarnatione.

1034 368 1080 395 ‘25.
1100 368 1157 403 Ego
1167 376 1230 395 vero
1243 368 1314 395 aliud
1327 368 1459 403 putabant.
1477 373 1631 404 tantumque
1644 370 1792 398 sentiebam

1001 413 1034 440 de
1049 414 1161 440 Domino
1176 414 1280 441 Christo
1294 421 1362 444 meo,
1377 418 1504 448 quantum
1524 414 1557 441 de
1578 415 1732 442 excellentis
1749 422 1793 442 sa-

1003 460 1106 495 pientia:
1116 460 1183 493 viro,
1195 460 1236 486 cui
1248 460 1334 487 nullus
1345 465 1433 494 posset
1444 460 1541 494 aequari
1553 469 1559 491 ;
1575 460 1721 494 prmsertim
1733 461 1794 495 quia

1003 506 1162 533 mirabiliter
1184 511 1262 532 nutus
1283 514 1315 532 ex
1344 506 1460 539 virgine,
1484 505 1516 532 ad
1537 505 1685 540 exemplum
1700 511 1794 533 conte-

1004 551 1179 579 tuncndorum
1195 552 1381 586 temporalium
1399 559 1445 586 pro
1459 551 1627 585 adipiscenda
1640 551 1797 579 immortali-

1005 602 1059 624 tate
1070 618 1076 629 ,
1091 597 1178 624 divina
1193 605 1242 632 pro
1257 598 1333 624 nobis
1348 606 1410 624 cura
1425 601 1523 624 tantam
1539 598 1722 625 auctoritatem
1737 605 1796 625 ma-

1005 642 1104 677 gisterii
1125 642 1254 669 meruisse
1274 642 1423 669 videbatur.
1447 642 1513 675 Quid
1532 647 1621 669 autem
1635 642 1796 670 sacramenti

1007 688 1116 716 haberet
1125 687 1233 715 Verbum
1247 696 1305 715 caro
1319 689 1413 723 factum
1428 687 1515 722 (Joan.
1524 697 1541 720 ι,
1557 688 1612 724 id),
1624 696 1658 715 ne
1668 688 1798 723 suspicari

1006 734 1114 768 quidem
1131 739 1259 768 poteram.
1275 733 1386 760 Tantunt
1401 741 1577 768 cognoveram
1592 742 1624 761 ex
1640 733 1672 761 iis
1691 742 1750 769 qua:
1764 734 1798 762 de

1007 779 1052 806 illo
1064 779 1161 813 scripta
1177 778 1354 811 traderentur,
1366 778 1425 813 quia
1437 778 1603 806 manducavit
1613 783 1640 806 et
1649 778 1725 812 bibit,
1737 779 1799 807 dor-

1007 825 1099 859 mivit,
1119 824 1280 857 ambulavit,
1301 824 1463 851 exhilaratus
1482 829 1540 856 est,
1556 824 1726 851 contristatus
1740 829 1796 858 est,

1008 872 1201 899 sermocinatus
1216 875 1273 903 est;
1295 878 1347 897 non
1371 869 1480 897 haesisse
1498 877 1604 897 carnem
1620 870 1690 897 illam
1711 870 1800 898 Verbo

1009 922 1070 950 tuo,
1093 917 1143 944 nisi
1165 924 1225 943 cum
1247 916 1334 943 anima
1357 920 1383 942 et
1409 920 1496 942 mente
1518 914 1641 942 lunnaua.
1661 915 1738 943 Novit
1750 916 1800 943 hoc

1009 964 1096 991 omnis
1109 963 1153 998 qui
1169 963 1242 989 novit
1255 961 1545 989 incomnmtabilitatcm
1562 961 1640 989 Verbi
1654 962 1705 994 tui,
1721 970 1800 997 quant

1009 1017 1060 1044 ego
1079 1008 1134 1044 jam
1156 1015 1302 1040 noveram,
1328 1013 1455 1042 quantum
1477 1011 1594 1041 poteram
1608 1015 1615 1040 ;
1630 1014 1679 1034 nec
1693 1008 1802 1035 omnino

1010 1056 1153 1092 quidquam
1185 1055 1246 1082 inde
1276 1054 1439 1082 dubitabam.
1473 1053 1576 1081 Etenim
1602 1061 1672 1080 nunc
1695 1062 1803 1081 movero

1011 1103 1130 1130 membra
1142 1102 1260 1136 corporis
1273 1109 1322 1135 per
1334 1101 1507 1134 voluntatem,
1524 1108 1593 1127 nunc
1606 1108 1658 1127 non
1677 1108 1801 1128 movere:

1012 1156 1082 1176 nunc
1096 1148 1183 1183 aliquo
1197 1147 1292 1175 affectu
1306 1146 1386 1179 afﬁci,
1403 1154 1472 1173 nunc
1485 1153 1536 1172 non
1549 1144 1639 1178 afﬁci;
1656 1154 1725 1172 nunc
1740 1153 1803 1181 pro-

1013 1193 1083 1221 ferre
1096 1201 1144 1228 per
1161 1193 1235 1227 signa
1249 1193 1381 1227 sapientes
1396 1191 1541 1219 sententias
1552 1211 1559 1223 ,
1575 1199 1644 1218 nunc
1658 1198 1716 1218 esse
1730 1191 1755 1218 in
1768 1191 1805 1218 si-

1013 1239 1115 1267 lentio:
1131 1238 1235 1273 propria
1251 1241 1312 1265 sunt
1332 1237 1513 1264 mutabilitatis
1534 1237 1630 1263 animm
1648 1240 1675 1264 et
1696 1236 1803 1264 mentis.

1014 1284 1078 1318 Qum
1092 1284 1113 1310 si
1128 1284 1191 1310 falsa
1204 1283 1238 1310 de
1253 1282 1297 1309 illo
1310 1282 1406 1316 scripta
1421 1286 1519 1313 essent,
1537 1281 1616 1308 etiam
1632 1281 1721 1308 omnia
1735 1281 1807 1317 peri-

1014 1329 1171 1357 clitarentur
1186 1327 1335 1360 mendacio,
1353 1335 1437 1361 neque
1449 1327 1474 1353 in
1489 1326 1543 1353 illis
1557 1326 1664 1353 Litteris
1677 1327 1729 1354 ulla
1745 1325 1805 1353 fidei

1014 1374 1087 1402 salus
1112 1374 1203 1409 generi
1225 1373 1341 1400 humano
1365 1376 1526 1399 remaneret.
1549 1372 1615 1404 Quia
1635 1372 1723 1407 itaque
1744 1380 1807 1399 vera

1015 1421 1112 1456 scripta
1126 1424 1198 1453 sunt,
1213 1423 1297 1447 totum
1312 1419 1448 1446 hominem
1461 1419 1486 1445 in
1498 1417 1605 1445 Christo
1618 1417 1805 1453 agnoscebant;

1016 1473 1068 1493 non
1092 1473 1189 1499 corpus
1209 1468 1309 1491 tantum
1333 1463 1463 1495 hominis,
1486 1468 1532 1490 aut
1551 1470 1612 1490 cum
1624 1470 1738 1498 corpore
1749 1463 1808 1490 sine

1016 1515 1105 1538 mente
1127 1511 1245 1537 animum
1266 1510 1275 1525 ί
1293 1509 1340 1537 sed
1354 1509 1441 1544 ipsutn
1458 1509 1591 1536 hominem
1605 1517 1611 1535 :
1628 1516 1681 1536 non
1694 1516 1807 1543 persona

1017 1556 1157 1588 Veritatis,
1171 1556 1218 1582 sed
1231 1562 1323 1589 magna
1339 1554 1452 1590 quadam
1468 1559 1570 1581 natura:
1585 1554 1707 1581 humana:
1719 1555 1810 1585 exceL-g

1017 1602 1109 1634 lentia,
1125 1606 1152 1628 et
1164 1601 1322 1636 perfectiere
1335 1600 1533 1635 participatione
1543 1600 1679 1635 sapientia:
1691 1601 1808 1635 prtei'erri

1017 1647 1123 1675 cmteris
1136 1646 1295 1673 arbitrabar.
1311 1645 1422 1681 Alypius
1437 1650 1524 1672 atttem
1541 1645 1624 1672 Deum
1637 1653 1717 1681 carne
1733 1645 1809 1672 indu-

1017 1696 1074 1720 tum
1088 1693 1123 1719 ita
1143 1692 1253 1727 putabat
1267 1691 1339 1718 credi
1354 1700 1369 1718 a
1384 1690 1527 1718 Catholicis
1537 1712 1544 1725 ,
1568 1695 1594 1718 ut
1614 1695 1710 1725 praeter
1726 1691 1809 1719 Deum

1019 1743 1046 1765 et
1059 1746 1167 1766 carnem
1179 1757 1187 1770 ,
1202 1745 1255 1764 non
1271 1741 1344 1764 esset
1356 1736 1381 1763 in
1395 1735 1501 1763 Christo
1519 1736 1624 1768 anima;
1642 1741 1811 1771 mentemque

1020 1784 1134 1811 hominis
1149 1791 1200 1810 non
1215 1783 1383 1810 existimabat
1397 1783 1421 1808 in
1434 1790 1466 1809 eo
1482 1782 1629 1816 prmdieari.
1642 1782 1675 1809 Et
1685 1775 1809 1817 quoniam

1020 1830 1088 1857 bene
1111 1836 1269 1864 persuasum
1297 1828 1413 1859 tenebat,
1438 1835 1468 1855 ea
1492 1835 1550 1862 qua:
1568 1827 1601 1854 dc
1615 1828 1660 1854 illo
1676 1828 1812 1855 memet-im.

1020 1875 1141 1902 mandata
1151 1879 1221 1907 sunt,
1234 1875 1291 1901 sine
1300 1874 1370 1900 vitali
1382 1879 1407 1900 et
1416 1873 1536 1899 rationali
1547 1878 1668 1900 creatura
1680 1881 1731 1900 non
1744 1866 1813 1906 fieri,

1021 1921 1053 1948 ad
1076 1921 1158 1955 ipsam
1180 1920 1350 1947 christianum
1371 1919 1448 1946 fiderit
1468 1919 1564 1953 pigrius
1580 1919 1745 1946 movebatur.
1760 1918 1812 1946 Sed

1023 1970 1113 2001 postea
1136 1966 1320 1993 ha‘reticorum
1341 1965 1587 1998 Apollinaristarutn
1608 1964 1677 1992 hunc
1693 1973 1813 1992 errorem

1023 2020 1082 2039 esse
1097 2019 1270 2046 cognoscens,
1292 2010 1430 2038 eatholicm
1451 2011 1511 2038 fidei
1533 2011 1679 2039 collaztatus
1704 2014 1731 2037 et
1750 2018 1814 2037 con-

1024 2061 1186 2091 tempt-ratus
1201 2061 1251 2083 est.
1268 2057 1322 2091 Ego
1337 2061 1424 2084 autern
1446 2057 1581 2091 aliquanto
1600 2047 1732 2091 posterius
1745 2056 1814 2083 didi-

1024 2102 1091 2129 cisse
1105 2110 1148 2129 me
1164 2102 1256 2130 fateor.
1273 2102 1298 2128 in
1313 2109 1345 2129 eo
1359 2101 1428 2136 quod
1444 2101 1560 2128 Verbum
1575 2109 1637 2128 caro
1653 2101 1750 2128 factum
1762 2106 1813 2133 est,

1024 2148 1157 2182 quomodo
1171 2147 1301 2174 catholica
1316 2147 1411 2174 veritas
1424 2154 1438 2173 a
1453 2147 1556 2173 l’hotini
1575 2146 1687 2174 falsitate
1707 2147 1816 2174 dirima-

1025 2197 1076 2219 tur.
1103 2192 1263 2227 lmprobatio
1282 2193 1380 2227 quippe
1404 2192 1588 2218 ha-reticorum
1614 2192 1674 2219 facit
1698 2194 1816 2221 eminere

1026 2239 1087 2273 quid
1104 2238 1222 2265 ElClt‘Slﬂ
1239 2243 1281 2264 tua
1297 2238 1404 2275 sentiat.
1419 2242 1446 2264 et
1459 2237 1521 2272 quid
1537 2237 1632 2265 habeat
1644 2245 1706 2264 sana
1719 2238 1817 2266 doctri-

1028 2292 1070 2311 na.
1084 2280 1205 2319 O'portuit
1215 2284 1285 2310 enim
1297 2288 1322 2309 ct
1332 2283 1447 2310 harrescs
1455 2290 1524 2315 esse,
1536 2286 1563 2310 ut
1571 2283 1672 2318 probati
1686 2284 1817 2310 manifesti

1029 2330 1121 2358 fierent
1135 2330 1203 2357 inter
1213 2329 1332 2356 infirmos
1346 2328 1365 2363 (l
1381 2327 1440 2356 Cor.
1454 2336 1491 2361 xt,
1507 2328 1564 2364 19).

1319 2384 1431 2412 CAPUT
1450 2384 1510 2411 XX.

1064 2431 1106 2458 Ex
1122 2430 1260 2457 Plutoniris
1273 2430 1342 2457 libris
1356 2430 1468 2464 peritior,
1480 2430 1523 2456 sed
1538 2430 1650 2464 iit/latior
1662 2433 1782 2456 evaserat.

1064 2476 1109 2504 2t}.
1127 2476 1178 2503 Sed
1194 2481 1256 2502 tunc
1267 2475 1341 2502 lectis
1354 2475 1547 2502 Platonicorum
1559 2475 1609 2501 illis
1620 2474 1704 2507 libris,
1716 2479 1821 2509 postea-

1029 2530 1108 2556 quam
1120 2521 1180 2548 indc
1190 2521 1340 2547 admOnitus
1349 2528 1467 2555 quatrcre
1477 2520 1658 2553 iucorpoream
1670 2519 1820 2552 veritatem,

1030 2568 1172 2595 invisibilia
1188 2571 1247 2597 tua,
1263 2574 1311 2601 per
1323 2573 1353 2593 ea
1367 2573 1424 2600 qum
1439 2565 1507 2591 facta
1521 2569 1597 2598 sunt,
1612 2565 1743 2592 intellecta
1757 2573 1822 2592 con-

1031 2614 1123 2649 spexi;
1148 2618 1175 2641 et
1198 2613 1319 2649 repulsus
1343 2612 1414 2639 Sensi
1436 2611 1498 2646 quid
1520 2619 1568 2645 per
1589 2611 1713 2639 tenebras
1726 2611 1822 2638 animte

1034 2667 1101 2686 meae
1113 2658 1288 2692 contemplari
1305 2665 1355 2684 non
1371 2657 1483 2688 sinerer,
1499 2661 1587 2683 certus
1599 2663 1658 2683 esse
1671 2661 1707 2687 te,
1722 2661 1748 2683 ct
1764 2656 1823 2683 inii-

1032 2705 1116 2731 nitnm
1136 2711 1215 2736 esse,
1240 2710 1290 2730 nec
1311 2707 1398 2730 tamen
1418 2709 1466 2737 per
1481 2702 1555 2729 locos
1572 2702 1658 2728 ﬁnitos
1674 2702 1823 2729 ittlittituSve
1864 2727 1866 2731 ,

1032 2750 1160 2781 tliifundi;
1176 2754 1203 2777 et
1217 2757 1279 2776 vere
1293 2753 1319 2775 te
1331 2755 1391 2775 esse
1405 2749 1448 2783 qui
1467 2755 1573 2782 semper
1586 2748 1655 2774 idem
1670 2748 1725 2782 ipse
1739 2754 1823 2778 esses.
1852 2739 1859 2752 ³

1033 2806 1066 2825 ex
1078 2797 1149 2825 nulla
1164 2801 1239 2830 parte
1252 2795 1375 2829 nulloque
1389 2799 1460 2821 motu
1472 2794 1549 2821 aliter
1560 2798 1605 2821 aut
1618 2794 1713 2825 aliter;
1727 2798 1827 2821 uetera

1066 2856 1074 2870 ¹
1093 2852 1210 2883 Animam,
1218 2852 1289 2883 juxta
1300 2855 1336 2876 Fr.
1355 2851 1427 2883 Lugd.
1441 2855 1500 2875 ven.
1514 2850 1586 2878 ttond.
1601 2854 1621 2875 Μ

1432 2893 1450 2932 ί
1456 2892 1703 2930 i‘ingt—quatre.)
