4078 6366
497 311 599 368 ῚΠ

495 441 629 482 vero
650 440 716 481 ett
747 434 799 482 te
827 440 946 484 esse
970 428 1167 496 omnia,
1197 427 1299 483 hoc
1326 428 1442 483 solo
1466 428 1770 482 ﬁrmissimo
1790 427 2079 481 documen-

480 525 571 583 to,
601 518 723 590 quia
752 528 877 573 sunt
901 535 916 571 :
947 528 1126 574 certus
1153 519 1368 589 quidem
1397 520 1448 573 in
1474 519 1589 574 istis
1612 534 1780 584 eram,
1813 518 1972 573 nimis
1998 526 2079 572 ta-

493 626 619 666 men
651 610 892 664 infirmus
920 611 985 664 ad
1016 609 1292 665 fruendum
1324 621 1392 665 te.
1423 611 1729 667 Garriebam
1756 614 1912 681 plane
1927 612 2077 682 quasi

492 703 715 772 peritus,
744 710 798 757 et
818 702 917 758 nisi
948 702 1000 756 in
1027 702 1237 757 Christo
1258 702 1531 759 Salvatore
1559 713 1742 757 nostro
1772 706 1907 758 viam
1934 714 2075 760 tuam

492 808 789 861 quzerercm
814 838 827 859 ,
868 810 972 850 non
1014 794 1250 864 peritus,
1296 796 1385 849 sed
1431 798 1698 865 periturus
1735 812 1931 851 essem.
1960 798 2075 852 Jam

486 884 922 955 euinrcmperam
945 888 1081 942 velle
1100 886 1265 942 videri
1287 890 1515 957 sapiens,
1542 889 1725 959 plenus
1747 906 1899 959 pruna
1920 907 2033 945 mea
2060 911 2072 944 τ

484 987 546 1032 ct
571 992 675 1032 nou
704 976 923 1045 ﬂebant,
957 979 1173 1049 insuper
1206 989 1255 1034 et
1287 981 1509 1035 inllabar
1537 982 1775 1036 scientia.
1806 983 1904 1038 Ubi
1933 984 2075 1038 enim

493 1078 606 1122 erat
634 1069 722 1123 illa
754 1070 1020 1124 aediﬁcatus
1046 1070 1279 1126 charitas
1308 1088 1337 1125 a
1370 1073 1712 1128 fundamento
1744 1074 2071 1144 humilitatis,

490 1160 633 1228 quod
672 1162 1028 1218 cst‘Christus
1051 1163 1249 1219 Iesus?
1293 1167 1396 1221 Aut
1426 1167 1635 1236 quando
1662 1168 1737 1223 illi
1767 1170 1887 1224 libri
1918 1170 2076 1226 doce-

486 1261 722 1307 rentme
747 1268 863 1308 eam
884 1254 905 1307 ἶ
934 1255 990 1309 lu
1018 1272 1151 1326 quos
1173 1273 1257 1311 me
1285 1268 1583 1328 propterea,
1604 1261 1911 1332 priusquam
1933 1264 2076 1319 Scri-

490 1350 673 1410 pturas
696 1354 811 1400 tuas
836 1348 1253 1417 considerarem,
1280 1352 1439 1406 credo
1460 1352 1668 1406 voluisti
1704 1354 1992 1421 incurrere,
2020 1367 2077 1413 ttt

484 1436 890 1508 imprimeretur
920 1445 1193 1498 memoriae
1224 1462 1356 1499 tuczc
1382 1447 1647 1516 quomodo
1668 1464 1730 1502 ex
1759 1450 1836 1504 eis
1858 1450 2074 1506 allectus

489 1545 664 1585 essem
692 1550 703 1584 :
740 1542 793 1587 et
819 1549 939 1589 cum
969 1546 1151 1605 postea
1182 1537 1413 1593 in‘lihris
1444 1540 1544 1594 tuis
1575 1540 1963 1597 mansuefactus
1991 1559 2076 1597 cs-

486 1638 624 1690 sem,
654 1636 708 1680 et
728 1629 1035 1683 curantibus
1056 1629 1234 1701 digitis
1260 1632 1360 1685 tuis
1381 1642 1835 1689 contrectarentur
1856 1636 2071 1691 vulnera

487 1729 605 1769 mea
627 1732 651 1780 ι
669 1716 1028 1773 discernerem
1058 1730 1215 1789 atque
1235 1720 1613 1792 distinguerem
1642 1725 1765 1793 quid
1795 1726 2075 1781 interesset

486 1804 626 1861 inter
646 1811 1114 1879 prmsumptionem
1136 1821 1190 1866 et
1211 1813 1597 1869 confessionem
1619 1833 1632 1878 ;
1672 1817 1809 1872 inter
1835 1818 2074 1875 videntes

486 1913 595 1968 quo
618 1899 854 1954 eundum
887 1902 958 1955 sit
983 1918 1080 1957 nee
1109 1903 1348 1959 videntes
1373 1921 1473 1973 qua
1493 1948 1507 1970 ,
1541 1916 1594 1960 et
1624 1907 1759 1960 viam
1787 1909 2067 1965 ducentem

484 1985 555 2040 ad
581 1986 875 2043 beatiﬁeam
898 1993 1144 2060 patriaut,
1168 2009 1273 2049 non
1300 2004 1500 2049 tantum
1529 1998 1869 2064 cernendam,
1902 2001 1993 2054 sed
2020 2008 2074 2056 et

484 2075 851 2135 habitandam.
881 2082 1014 2137 Nam
1043 2086 1087 2138 si
1125 2085 1294 2154 primo
1324 2088 1519 2141 sanctis
1547 2090 1893 2145 lttiSlLillel‘lS
1919 2094 2073 2148 infor-

484 2180 663 2226 matus
687 2188 881 2240 essem,
929 2187 982 2230 et
1022 2176 1073 2230 in
1114 2193 1296 2232 carum
1331 2178 1684 2237 familiaritate
1709 2183 2073 2241 obdulcuisses

489 2260 644 2326 mihi,
682 2270 736 2317 et
763 2276 950 2333 postea
978 2267 1028 2320 in
1060 2267 1147 2321 illa
1179 2269 1447 2324 volumina
1477 2272 1779 2327 incidissem
1804 2291 1819 2340 ;
1849 2275 2072 2332 fortasse

483 2362 576 2407 aut
604 2354 960 2425 abripuisscnt
988 2376 1073 2415 me
1101 2376 1129 2413 a
1157 2361 1509 2418 solidamento
1536 2364 1745 2433 pietatis
1763 2408 1779 2431 ,
1824 2376 1916 2421 aut
1941 2368 1986 2422 si
2018 2369 2069 2422 in

484 2444 674 2500 affectu
705 2464 861 2517 quem
889 2451 1157 2507 salubrem
1187 2454 1497 2511 imbiberam
1529 2459 1896 2527 perstitissem,
1920 2471 2075 2531 puta.

482 2553 596 2592 rem
628 2540 789 2595 etiam
816 2559 879 2597 ex
911 2544 1013 2599 illis
1043 2545 1193 2601 libris
1219 2562 1342 2603 eum
1364 2562 1520 2619 posse
1543 2551 1770 2621 concipi,
1799 2553 1841 2607 si
1871 2569 1965 2609 eos
1985 2570 2071 2610 so-

484 2630 565 2686 los
594 2632 871 2704 quisquam
897 2635 1190 2693 didicisset.

1088 2769 1314 2827 CAPUT
1350 2772 1490 2828 XXI.

491 2900 502 2911 -
552 2874 693 2940 Quid
723 2879 777 2932 in
814 2881 972 2935 sacris
1008 2878 1175 2934 Libri:
1210 2883 1469 2950 invenerit,
1521 2902 1620 2940 non
1659 2888 1909 2942 inventum
1944 2888 1998 2945 in

1123 2973 1421 3031 Platonicis.

545 3076 637 3135 27.
678 3081 857 3152 itaque
902 3084 1213 3142 avidissime
1256 3089 1461 3159 arripui
1486 3092 1845 3149 venerabilem
1885 3096 2066 3153 stilum

476 3161 706 3243 Spiritus
735 3174 831 3239 tui,
875 3183 928 3228 et
962 3191 1072 3246 pra:
1114 3180 1327 3233 caeteris
1371 3184 1671 3253 apostolum
1716 3185 1971 3253 Paulum;
2013 3196 2069 3243 et

477 3264 750 3339 perierunt
769 3265 869 3320 illa:
889 3269 1210 3337 qttmstiones
1238 3271 1288 3326 in
1310 3251 1506 3343 quibus
1532 3275 1661 3330 tnihi
1685 3251 1968 3347 aliquando
1989 3281 2066 3335 vi-

479 3367 573 3408 sus
598 3363 682 3409 est
708 3356 976 3412 adversari
1010 3360 1140 3427 sibi,
1188 3372 1243 3417 et
1278 3379 1381 3418 non
1420 3380 1715 3436 congruere
1750 3370 2067 3427 testimoniis

479 3444 638 3515 Legis
662 3456 715 3501 ct
740 3447 1121 3520 PrOphelarum
1148 3462 1319 3509 textus
1358 3459 1623 3513 sermonis
1647 3459 1780 3528 ejus.
1813 3462 1876 3515 Et
1905 3478 2069 3533 appa-

483 3538 591 3591 ruit
619 3538 746 3592 mihi
771 3555 872 3594 una
911 3541 1071 3596 facies
1099 3544 1430 3614 eloquiorum
1456 3557 1723 3604 castorum
1746 3592 1761 3618 ,
1808 3562 1861 3606 et
1889 3554 2068 3608 exsul—

478 3632 597 3685 tare
632 3647 756 3686 cum
800 3640 1032 3688 tremore
1076 3635 1257 3708 didici.
1304 3639 1371 3693 Et
1395 3642 1529 3710 εωρί
1563 3642 1601 3706 ³,
1630 3651 1686 3695 et
1710 3643 1885 3698 inveni
1912 3645 2065 3714 quid-

479 3721 604 3789 quid
645 3722 765 3778 illac
794 3741 976 3779 verum
1008 3727 1238 3797 legeram
1266 3773 1280 3796 ,
1322 3731 1422 3788 hac
1452 3749 1571 3788 cum
1601 3736 2065 3794 commendatione

478 3813 663 3881 gratia:
692 3814 963 3879 tumdici;
992 3828 1052 3870 ut
1086 3820 1172 3886 qtti
1200 3821 1362 3885 videt,
1398 3840 1500 3877 non
1531 3824 1605 3878 sic
1633 3826 1892 3894 glorietur
1914 3831 2063 3897 quasi

481 3918 587 3955 non
614 3906 898 3973 acceperit,
926 3922 1029 3960 non
1048 3910 1224 3962 solum
1256 3911 1307 3965 id
1328 3913 1467 3980 quod
1494 3915 1656 3976 videt,
1690 3916 1782 3970 sed
1809 3918 1967 3971 etiam
2007 3928 2063 3973 ut

478 3992 657 4047 videat
673 3994 821 4065 (quid
836 3998 977 4051 enim
994 3998 1153 4054 habet
1168 4002 1305 4071 quod
1320 4020 1424 4058 non
1438 4006 1674 4075 accepit?
1692 4006 1733 4079 [Ι
1748 4007 1943 4071 Comv,
1958 4009 2060 4083 7]):

480 4092 536 4138 et
561 4093 619 4138 ιιι
651 4096 727 4152 te,
754 4087 921 4157 quies
951 4105 1164 4161 semper
1193 4093 1352 4160 idem,
1388 4112 1492 4151 non
1518 4098 1692 4154 solum
1715 4101 2065 4159 admoneatur

480 4183 538 4227 ut
562 4174 758 4241 videat,
785 4177 879 4233 sed
904 4180 1063 4235 etiam
1087 4194 1304 4239 sanetur
1319 4196 1390 4241 -ιιι
1416 4198 1592 4245 teneat
1615 4205 1631 4244 :
1660 4199 1715 4247 et
1732 4193 1824 4262 qui
1855 4192 1922 4248 de
1946 4193 2062 4249 lon-

541 4318 557 4351 ⁸
593 4316 725 4381 (αρε,
745 4320 885 4383 juxta
902 4323 1019 4373 Dub.
1047 4331 1175 4376 titan.
1203 4328 1345 4377 nond.
1412 4336 1467 4379 ιιι.

1648 306 2172 367 'CONFESSIONUM
2213 307 2270 362 ὃ.
2312 306 2671 365 Αυσυδτιῖιι

3652 311 3765 369 ⁷748

2182 420 2380 489 ginqua
2420 420 2599 474 videre
2640 436 2747 474 non
2778 427 2985 489 potest,
3020 421 3157 476 viam
3191 429 3368 478 tamen
3396 422 3627 478 ambulet
3660 441 3763 494 qua

2182 510 2389 576 veniat,
2426 519 2480 567 et
2508 510 2706 575 videat,
2734 517 2789 564 et
2816 516 3023 575 teneat;
3068 511 3188 581 quia
3230 513 3329 567 etsi
3352 512 3768 569 *condelectetnr

2185 600 2345 653 homo
2389 602 2486 670 legi
2532 601 2622 655 Dei
2657 600 2948 655 secundum
2973 601 3282 657 interiorem
3312 603 3582 660 hominem
3603 646 3618 670 ,
3640 605 3765 675 quid

2184 690 2339 746 facint
2373 692 2438 745 de
2481 692 2583 745 alia
2631 692 2746 760 lege
2785 692 2837 745 in
2860 692 3123 748 membris
3148 694 3279 759 suis,
3316 703 3642 764 repugnante
3668 697 3764 764 legi

2184 783 2376 836 mentis
2405 796 2543 846 sum,
2587 791 2641 835 et
2682 797 2739 836 se
2767 783 3038 851 captivum
3075 783 3301 838 ducente
3324 785 3375 838 in
3404 785 3520 854 lege
3544 787 3765 853 peccati.

2181 888 2300 942 qua:
2321 882 2402 927 est
2425 874 2475 926 in
2500 874 2751 927 membris
2776 874 2930 942 ejus?
2950 874 3208 940 Quoniam
3222 874 3395 945 justus
3415 890 3494 942 es,
3513 876 3763 935 Domine:

2182 979 2278 1017 nos
2298 974 2479 1017 autctu'
2509 964 2863 1033 peccavimus,
2894 964 3072 1033 inique
3100 964 3319 1020 fecimus
3346 1008 3363 1033 ,
3398 968 3578 1037 inique
3604 970 3769 1037 gessi-

2181 1070 2318 1120 mus,
2347 1065 2401 1110 et
2422 1065 2633 1125 gravata
2657 1064 2737 1110 est
2763 1070 2924 1125 super
2949 1072 3045 1111 nos
3077 1073 3263 1112 manus
3287 1068 3395 1122 tua,
3420 1070 3473 1114 et
3493 1061 3638 1129 juste
3657 1070 3763 1115 tra-

2180 1145 2272 1199 diti
2304 1160 2490 1200 sumus
2517 1146 2679 1216 (Dan.
2712 1162 2790 1209 ttt,
2817 1146 3012 1218 27-52)
3036 1150 3254 1218 antiquo
3275 1151 3541 1217 peccatori
3566 1166 3772 1220 prtepo.

2178 1238 2281 1291 sito
2306 1236 2494 1291 mortis
2520 1254 2533 1301 ;
2564 1239 2689 1307 quia
2730 1239 2996 1307 pet-suasit
3019 1240 3272 1295 voluntati
3303 1251 3498 1295 nostne
3519 1242 3768 1297 similitu-

2179 1328 2356 1384 dinem
2392 1329 2689 1384 voluntatis
2721 1344 2829 1383 stne
2848 1371 2863 1395 ,
2910 1346 3013 1400 qua
3043 1330 3096 1385 in
3127 1332 3349 1387 veritate
3371 1342 3457 1387 tua
3486 1350 3595 1387 non
3622 1335 3771 1388 stetit

2183 1421 2358 1493 (Joan.
2387 1434 2509 1488 vni,
2539 1424 2648 1491 M).
2677 1423 2812 1489 Quid
2843 1422 3004 1479 faciet
3037 1425 3201 1479 miser
3228 1425 3428 1480 homo?
3470 1426 3600 1494 Quis
3646 1443 3768 1482 eum

2180 1512 2422 1567 liberabit
2448 1514 2515 1568 de
2539 1528 2763 1583 corpore
2787 1516 2978 1569 mortis
3004 1515 3185 1585 hujus.
3236 1518 3336 1571 nisi
3364 1519 3531 1587 gratia
3564 1529 3651 1573 tua
3676 1535 3771 1587 per

2177 1605 2359 1660 'Jesum
2386 1606 2659 1659 Christum
2679 1607 2957 1660 Dominum
2981 1619 3219 1661 nostrum
3246 1609 3418 1679 (Rom.
3444 1625 3537 1672 vu,
3557 1609 3763 1678 25-95),

2178 1712 2339 1767 quem
2364 1698 2595 1767 genuisti
2625 1706 2974 1761 maternum,
3002 1700 3276 1753 etcreasti
3303 1700 3355 1752 in
3385 1700 3643 1769 principio
3668 1701 3771 1753 via-

2179 1804 2294 1842 rum
2332 1799 2537 1843 tnarum
2567 1788 2747 1860 (Prov.
2782 1805 2897 1853 vm,
2924 1789 3048 1859 22),
3078 1792 3129 1844 in
3174 1805 3282 1860 quo
3323 1793 3575 1861 princeps
3611 1792 3770 1862 hujus

2180 1884 2360 1937 tuundi
2405 1900 2508 1937 non
2554 1884 2754 1937 invenit
2791 1884 3086 1952 quidquam
3124 1894 3295 1938 morte
3321 1885 3537 1955 dignum
3583 1884 3767 1955 (Joan.

2178 1989 2289 2040 xw,
2334 1976 2445 2042 '50),
2476 1986 2529 2029 et
2555 1972 2751 2027 occidit
2772 1988 2925 2037 eum;
2948 1985 3013 2029 et
3043 1985 3351 2031 evacuatum
3381 1987 3464 2031 est
3490 1976 3762 2045 chirogra-

2168 2067 2337 2136 phum
2382 2070 2522 2139 quod
2564 2083 2679 2127 erat
2714 2075 3041 2129 contrarium
3088 2076 3243 2129 nobis
3289 2074 3508 2143 (Coloss.
3542 2091 3600 2139 tt,
3631 2075 3767 2143 ﬂ)?

2168 2157 2290 2213 ’Hoc
2319 2161 2420 2215 illae
2448 2160 2638 2216 littera:
2667 2180 2770 2217 non
2806 2165 3022 2219 habent.
3059 2166 3175 2219 Non
3204 2165 3404 2221 habent
3426 2166 3530 2220 illa:
3562 2167 3771 2236 pagina:

2180 2250 2381 2305 vultum
2415 2253 2628 2321 pietatis
2659 2255 2832 2323 hujus,
2870 2256 3139 2325 laerymas
3160 2255 3530 2319 confessionis,
3560 2255 3769 2310 sacrifi-

2175 2340 2512 2406 cium’tunm,
2543 2344 2786 2413 spiritum
2817 2348 3252 2413 contribulatum,
3280 2362 3376 2402 cor
3402 2348 3692 2402 contritum
3720 2357 3771 2401 et

2176 2431 2506 2489 bumiliatum
2549 2436 2722 2507 (Psal.
2758 2454 2808 2505 t.,
2840 2438 2928 2509 l9)
2951 2480 2964 2501 ,
2998 2441 3175 2509 populi
3220 2441 3446 2495 salutem
3468 2481 3483 2505 ,
3515 2454 3769 2509 sponsam

2174 2526 2441 2582 civitatem
2474 2528 2654 2601 (Apoc.
2685 2546 2782 2587 xx:
2802 2573 2819 2600 ,
2853 2532 2943 2605 2),
2984 2534 3198 2587 arrham
3229 2533 3455 2603 Spiritus
3478 2534 3646 2588 sancti
3680 2532 3701 2605 (
3732 2532 3770 2585 ll

2176 2617 2297 2672 Cor.
2331 2634 2382 2685 ν,
2414 2621 2504 2692 5),
2550 2624 2799 2692 poculum
2842 2626 2997 2694 pretii
3029 2625 3216 2679 nostri.
3258 2625 3426 2679 Nemo
3451 2623 3521 2677 ibi
3547 2632 3769 2677 cantat:

2175 2709 2365 2765 Nonne
2392 2712 2496 2767 Deo
2520 2714 2721 2769 subdita
2745 2718 2839 2770 erit
2865 2717 3037 2771 anima
3061 2718 3207 2771 mea?
3231 2717 3305 2771 Ab
3329 2720 3438 2787 ipso
3462 2718 3594 2770 enim
3620 2717 3773 2771 saltt-

2174 2811 2283 2857 tare
2311 2822 2493 2859 meum.
2523 2806 2723 2861 Etenim
2763 2810 2872 2876 ipse
2903 2808 3037 2865 Dens
3074 2826 3213 2863 meus
3246 2820 3293 2863 et
3318 2810 3559 2863 salutaris
3584 2826 3772 2873 meus;

2170 2906 2433 2968 susceptor
2446 2915 2604 2966 mens,
2634 2918 2735 2954 non
2760 2905 2989 2956 movebar
3011 2905 3229 2971 amplius
3258 2900 3427 2971 (Psal.
3458 2918 3569 2968 ut,
3597 2902 3655 2967 2,
3692 2904 3773 2970 3).

2172 2986 2340 3042 Nemo
2368 2990 2435 3044 ibi
2463 2991 2611 3046 audit
2633 3003 2913 3049 vocantem
2941 3013 2954 3049 :
2996 2993 3169 3049 Venite
3189 2995 3256 3047 ad
3276 3012 3371 3057 me,
3396 2997 3479 3065 qui
3504 2995 3776 3051 laboratis.

2174 3078 2539 3150 Dedignantur
2569 3084 2638 3137 ab
2667 3100 2733 3138 eo
2768 3085 2977 3141 discere
3004 3086 3252 3155 quoniam
3297 3088 3441 3140 mitis
3482 3095 3564 3140 est
3586 3096 3639 3140 et
3666 3087 3779 3140 ltu-
3820 3081 3825 3086 ⁷

2170 3171 2316 3225 milis
2355 3173 2534 3228 corde.
2574 3175 2911 3231 Abscondi'sti
2954 3178 3095 3231 enim
3132 3179 3244 3231 hate
3279 3193 3308 3230 a
3352 3177 3680 3245 sapientibus
3709 3187 3808 3257 ct.

2174 3262 2552 3330 prudentibus,
2581 3274 2635 3320 et
2656 3267 2912 3322 'revelasti
2958 3283 3018 3323 ea
3036 3268 3280 3338 parvulis
3323 3268 3533 3339 (Matth.
3563 3284 3639 3333 xl,
3668 3268 3776 3333 28,

2170 3350 2403 3424 29,25).
2426 3354 2500 3408 Et
2527 3355 2667 3410 aliud
2691 3366 2775 3412 est
2801 3358 2869 3413 de
2894 3359 3128 3413 silvestri
3158 3360 3434 3413 cacumine
3462 3359 3643 3414 videre
3666 3374 3775 3428 pa-

2175 3442 2326 3495 triam
2361 3444 2523 3512 panis,
2553 3456 2608 3500 et
2631 3448 2730 3501 iter
2750 3449 2814 3503 ad
2835 3464 2959 3502 eam
2975 3464 3080 3503 non
3107 3450 3364 3514 invenire,
3390 3459 3440 3503 et
3463 3449 3653 3503 frustra
3675 3465 3782 3503 ce—

2173 3533 2287 3585 nari
2320 3550 2427 3604 per
2455 3536 2623 3603 invia,
2655 3539 2855 3593 circum
2899 3540 3267 3594 obsidentibus
3296 3550 3349 3594 ct
3388 3541 3774 3594 insidiantmus

2160 3624 2406 3695 fugitivis
2434 3627 2821 3697 desertoribus,
2854 3648 2976 3687 cum
3002 3633 3248 3701 principe
3272 3648 3371 3687 suo
3395 3633 3548 3686 leone
3569 3640 3624 3685 et
3644 3632 3769 3685 dia-

2171 3732 2343 3773 cone:
2374 3729 2430 3773 et
2467 3720 2610 3774 aliud
2648 3732 2828 3778 tenere
2857 3724 2995 3778 viam
3038 3725 3165 3779 illuc
3192 3725 3471 3780 ducentem
3498 3766 3512 3788 ,
3558 3727 3707 3779 curia
3754 3727 3769 3757 ⁸

2158 3809 2404 3864 ιοωιθδιίε
2425 3809 2773 3881 Imperatoris
2796 3815 3056 3870 munitam
3077 3856 3091 3879 ,
3127 3815 3219 3870 ubi
3247 3832 3351 3870 non
3380 3816 3772 3871 latrocinantur

2168 3902 2259 3970 qui
2287 3903 2569 3959 catlastem
2596 3906 2838 3962 militiam
2864 3908 3252 3975 deseruerunt;
3278 3908 3447 3963 vitant
3474 3910 3619 3963 enim
3636 3925 3768 3965 eam

2169 3995 2307 4049 sicut
2328 3997 2666 4067 supplicium.
2698 3999 2822 4055 lltee
2842 4002 2969 4056 mihi
2996 4002 3453 4057 inviscerabantnr
3478 4003 3627 4056 miris
3649 4019 3769 4057 mo-

2168 4086 2252 4141 dis
2274 4129 2291 4153 ,
2326 4104 2445 4142 cum
2471 4090 2749 4145 minimum
2777 4093 3152 4163 Apostolorum
3181 4102 3390 4149 tuorum
3412 4095 3681 4165 legerem,
3714 4104 3770 4148 et

2168 4179 2636 4237 consideraveram
2656 4199 2816 4251 opera
2849 4196 2959 4251 tua,
2986 4198 3040 4239 et
3064 4201 3401 4255 expavenun.

2233 4294 2260 4361 '_
2288 4293 2496 4361 lnﬁddw
2522 4297 2813 4361 cura;_at-in
2832 4304 2939 4347 Mss.
2970 4300 3170 4361 Benign.
3204 4297 3351 4361 longe
3389 4297 3596 4359 melius,
3621 4296 3768 4348 curia

2171 4353 2370 4405 cmlestt's
2398 4353 2724 4419 Imperatoris.

1453 4467 3720 4504 ___..________________________________

1443 4548 1922 4655 LIBER
2003 4556 2780 4666 OCTJIVUS.

676 4702 1680 4787 iIr‘s‘in‘sup-artgm{attingi‘tﬁelezlzerrimamL
1694 4722 1873 4787 annum
1890 4714 2047 4787 atatis
2065 4715 2370 4787 trigesimum
2396 4719 2664 4787 secundum
2683 4754 2700 4779 ,
2732 4735 2835 4787 quo
2868 4736 3049 4787 nempe
3074 4739 3183 4773 cum
3210 4724 3565 4787 simplicianum
3586 4739 3765 4776 oonsu-

476 4760 665 4833 luisset,
689 4760 754 4812 ab
778 4760 937 4833 eoque
958 4760 1206 4833 didicissei
1223 4767 1445 4818 Victorini
1461 4760 1829 4833 conversionem
1842 4809 1857 4833 ,
2010 4760 2274 4827 iniiinii

2223 4780 2666 4851 aegyptiianouaclti
2699 4780 2932 4851 vilamex
2959 4780 3208 4851 antitiani
3246 4780 3485 4837 relatione
3508 4789 3763 4851 cognovis-

472 4832 554 4913 εξςὲ
564 4858 605 4913 ε-
598 4825 1305 4913 ἢίξιῶζξξθξιδεξιξὲ-ξλυξιξξμ
1306 4843 1503 4913 carnem
1524 4832 1653 4904 inter
1672 4840 1725 4905 et
1745 4825 1982 4913 animum.
2679 4825 3759 4913 δὲὶιῖἧῇὖᾶ’ἆξῶἱῖἷιιὲᾆὸἶιῖῖῖῶονῖῗᾷιῖἆ

471 4884 834 4936 tlliuilectione
849 4886 1183 4938 “meliorem
1196 4887 1388 4954 frugem
1410 4899 1512 4942 toto
1533 4894 1693 4943 animo
1708 4884 1987 4947 immutatus
2008 4884 2937 4965 tua,iiédédﬁé‘ia‘ﬁéﬁﬁiﬂf

1923 5022 2295 5080 omam

1039 5143 1267 5204 JAPUT
1305 5144 1593 5202 PRIMUM.

524 5237 717 5293 Studia
739 5238 854 5293 uita
876 5238 1054 5293 melius
1075 5237 1396 5292 instituenda
1423 5238 1495 5289 ad
1518 5237 1907 5309 Simplicin
1931 5240 1979 5293 in

1170 5318 1363 5371 εισιιιει.
1946 5348 1949 5349 ν

545 5412 599 5468 Ι.
640 5412 781 5467 Dens
810 5428 979 5476 meus,
1011 5410 1263 5466 rewrder
1291 5409 1345 5465 in
1370 5409 1655 5480 gratiarum
1690 5409 1903 5469 actione:
1939 5413 2057 5481 tibi,

462 5512 531 5559 et
557 5506 803 5560 confiteat
842 5502 1239 5560 misericordias
1262 5511 1382 5559 tuas
1409 5519 1569 5573 super
1592 5519 1697 5559 me.
1726 5503 2057 5560 Perfundan-

456 5604 562 5651 .tur
584 5612 705 5652 ossa
730 5611 850 5653 mea
870 5594 1154 5651 dilectione
1182 5604 1267 5649 tua
1297 5596 1349 5664 ³,
1371 5603 1427 5649 et
1445 5593 1625 5649 dicant
1650 5612 1663 5648 :
1686 5593 1921 5661 Domine,
1948 5596 2059 5665 quis

531 5728 553 5761 ⁸
585 5727 696 5777 md.
721 5735 822 5777 Am.
847 5732 922 5777 Er.
948 5734 1059 5797 eum
1082 5726 1247 5777 codice
1274 5726 1396 5786 Αιι›.,
1423 5724 1731 5777 delectatiom
1746 5733 1845 5778 tua.

2164 5156 2344 5209 similis
2371 5156 2497 5211 tibi?
2528 5155 2696 5221 (Psal.
2727 5175 2927 5225 xxnv,
2950 5160 3058 5233 lli.)
3087 5162 3339 5232 Dirupisti
3373 5163 3579 5217 vincula
3602 5177 3718 5217 mea
3743 5204 3759 5228 ,

2164 5248 2456 5302 sacrificent
2482 5250 2572 5304 tibi
2596 5253 2915 5307 sacrificium.
2940 5255 3108 5309 laudis
3135 5254 3303 5323 (ρεηι.
3326 5271 3457 5323 cxv,
3482 5256 3591 5327 l7).
3615 5257 3758 5321 Quo-

2165 5340 2324 5394 modo
2349 5339 2590 5411 dirupisti
2621 5359 2704 5409 ea,
2732 5345 2996 5411 narrabo;
3023 5356 3083 5403 et
3100 5346 3279 5400 dicent
3305 5362 3495 5401 omnes
3518 5347 3605 5416 qui
3630 5346 3759 5400 ado-

2164 5444 2285 5487 rant
2308 5444 2379 5499 te,
2396 5451 2515 5489 cum
2537 5436 2753 5490 audient
2776 5439 2888 5491 haec
2910 5457 2921 5491 :
2943 5438 3260 5495 Benedictus
3276 5439 3532 5493 Dominus
3548 5439 3599 5493 in
3621 5438 3756 5493 caelo

2164 5533 2218 5579 et
2243 5525 2293 5579 in
2328 5536 2496 5593 terra;
2522 5544 2769 5597 magnum
2796 5538 2851 5583 et
2874 5530 3113 5584 mirabile
3135 5545 3325 5584 nomen
3350 5532 3483 5599 ejus.
3526 5530 3755 5583 inltatse-

2167 5625 2287 5670 rant
2312 5619 2619 5687 przecordiis
2644 5618 2776 5673 meis
2802 5620 2965 5675 verba
2987 5629 3097 5686 tua,
3113 5630 3168 5675 et
3190 5620 3423 5691 undique
3439 5618 3751 5676 circumval-

2167 5720 2312 5775 labar
2332 5718 2427 5774 abs
2449 5729 2519 5775 te.
2552 5716 2626 5776 De
2649 5722 2754 5774 vita
2778 5730 2864 5773 tua
2892 5730 3087 5781 :cterna
3110 5731 3287 5777 certus
3308 5738 3454 5778 eram
3478 5739 3491 5778 :
3516 5719 3755 5794 quamvis
