4078 6366
462 348 566 405 751

468 460 768 517 hominibus
796 456 1034 517 conﬁteri
1054 454 1263 527 (Matth.
1289 453 1356 518 κέ
1371 451 1486 523 35),
1510 463 1736 519 reusque
1758 447 1855 501 sibi
1874 441 2048 511 magni

468 552 704 607 criminis
729 548 971 618 apparuit
995 544 1357 601 erubeseemlo
1381 543 1447 597 de
1474 537 1817 595 sacramentis
1839 532 2049 588 humili-

472 644 592 697 tatis
614 641 769 695 Verbi
796 640 889 699 tui,
915 648 968 693 et
1001 652 1103 691 non
1132 632 1494 691 erubescendo
1511 631 1577 685 de
1595 629 1758 684 sacris
1783 624 2053 694 sacrilegis

470 734 815 803 superborum
840 727 1247 795 daunoniorum,
1269 740 1387 794 qua:
1414 720 1645 778 imitator
1670 718 1931 787 superbus
1958 730 2051 770 ac-

469 835 679 897 ceperat
702 840 717 889 ;
748 821 1001 893 depuduit
1020 820 1254 885 vanitati,
1278 826 1332 872 et
1358 815 1570 870 erubuit
1592 812 1823 876 veritati,
1848 807 2052 863 subito-

469 933 574 987 que
609 926 660 971 et
685 915 982 984 inopinatus
1008 911 1081 965 ait
1104 909 1445 979 Simpliciano
1465 948 1478 967 ,
1508 914 1565 958 ut
1600 904 1712 973 ipse
1762 900 2048 955 narrabat:

471 1007 661 1061 Eamus
686 1006 736 1058 in
775 1002 1072 1066 ecclesiam;
1100 1000 1402 1052 christianus
1426 997 1538 1048 volo
1567 994 1694 1062 ﬁeri.
1731 992 1798 1045 At
1831 990 1917 1043 ille
1948 1004 2050 1042 non

469 1091 767 1158 se‘capiens
795 1088 994 1151 ltetitia,
1015 1084 1245 1154 perrexit
1268 1098 1387 1136 eunt
1420 1095 1504 1134 eo.
1538 1079 1633 1133 Ubi
1668 1086 1841 1130 autem
1874 1074 2052 1128 imbu-

472 1192 557 1235 tus
582 1189 665 1237 est
693 1179 878 1249 primis
908 1174 1311 1231 instructionum
1345 1169 1692 1225 sacramentis
1712 1208 1726 1231 ,
1755 1182 1859 1220 non
1888 1164 2054 1218 multo

473 1282 591 1342 post
618 1273 777 1326 etiam
808 1284 1000 1324 nomen
1027 1265 1193 1327 dedit,
1217 1273 1270 1317 ut
1302 1278 1394 1331 per
1422 1260 1747 1331 Baptismum
1774 1270 2055 1326 regeneras

469 1375 635 1426 retur,
663 1363 886 1416 mirante
918 1356 1385 1427 Roma,'gaudente
1415 1352 1672 1408 Ecclesia.
1701 1348 1933 1419 Superbi
1961 1348 2045 1400 vi-

468 1455 684 1518 debant,
716 1460 771 1507 et
811 1451 1200 1508 irascebantur;
1233 1445 1477 1500 dentibus
1505 1444 1616 1497 suis
1644 1440 1969 1501 stridebant,
2001 1445 2055 1491 et

470 1544 803 1600 tabcscebant
828 1539 997 1614 (Paul.
1018 1554 1128 1600 ιρι,
1154 1536 1240 1607 l0)
1274 1555 1287 1590 :
1312 1549 1467 1590 servo
1494 1542 1669 1587 autem
1699 1540 1790 1584 tuo
1809 1530 1837 1560 "
1868 1527 2051 1582 Domi-

470 1653 570 1691 nus
597 1637 737 1691 Deus
764 1642 876 1689 erat
899 1648 1020 1701 spes
1047 1631 1183 1700 ejus,
1216 1638 1267 1683 et
1300 1642 1402 1680 non
1428 1623 1744 1693 respiciebat
1773 1621 1824 1674 in
1850 1620 2051 1673 vanita-

470 1739 552 1783 tes
577 1736 629 1782 et
655 1728 705 1781 in
733 1725 962 1780 insanias
984 1722 1267 1777 mendaces
1292 1717 1459 1789 (Psal.
1480 1730 1664 1775 χχχιχ.
1692 1714 1769 1783 5).

542 1821 594 1874 5.
639 1819 907 1887 Denique,
940 1824 997 1867 ut
1034 1822 1248 1868 ventum
1292 1817 1371 1863 est
1414 1807 1479 1861 ad
1519 1806 1700 1859 horam
1740 1799 2051 1871 proﬁtenda:

472 1909 593 1963 ﬁdei
613 1950 627 1974 ,
658 1923 775 1977 qure
802 1905 976 1959 verbis
996 1902 1154 1959 certis
1174 1898 1443 1966 conceptis
1464 1937 1476 1960 ,
1505 1894 1828 1958 retentisque
1855 1905 2055 1943 memo-

472 2000 632 2064 riter,
662 1998 730 2051 de
753 1997 874 2050 loco
903 1990 1252 2049 eminentiora
1282 1990 1332 2042 in
1360 1994 1642 2053 conspectu
1679 1981 1855 2051 populi
1887 1980 2053 2033 ﬁdelis

472 2090 659 2143 Romae
686 2086 835 2141 reddi
867 2085 1001 2139 solet
1041 2083 1108 2135 ab
1148 2080 1226 2134 eis
1265 2078 1353 2149 qui
1393 2074 1655 2130 accessuri
1685 2082 1808 2126 sunt
1836 2070 1900 2124 ad
1930 2087 2053 2139 gra-

472 2181 599 2232 tiam
629 2187 770 2230 tuam
790 2216 806 2241 ,
834 2174 1066 2227 oblatam
1102 2184 1220 2225 esse
1246 2167 1451 2221 dicebat.
1481 2163 1750 2218 Victorino
1773 2177 1801 2214 a
1831 2163 2051 2231 presby-

474 2269 606 2324 teris
640 2277 698 2321 ut
735 2265 989 2319 secretius
1022 2261 1297 2321 redderet,
1331 2258 1464 2311 sicut
1495 2253 1758 2309 nonnullis
1786 2254 1872 2321 qui
1904 2266 2052 2305 vere-

471 2359 663 2414 cundia
694 2354 1000 2425 trepidaturi
1030 2352 1369 2416 videbantur,
1398 2350 1573 2404 offerri
1596 2363 1711 2403 mos
1734 2356 1882 2412 erat;
1906 2346 2051 2398 illum

470 2461 643 2506 autem
690 2449 937 2502 maluisse
976 2446 1196 2498 salutem
1236 2459 1386 2497 suam
1430 2441 1482 2496 in
1527 2450 1814 2509 conspectu
1856 2447 2052 2493 sanctze

468 2539 822 2597 multitudinis
849 2537 1105 2608 proﬁteri.
1138 2534 1250 2588 Non
1278 2534 1421 2587 enim
1451 2540 1568 2587 erat
1604 2533 1745 2585 salus
1771 2545 1927 2600 quam
1951 2529 2050 2583 do-

469 2632 623 2687 cebat
664 2630 716 2683 in
762 2627 1027 2682 rhetorica
1048 2667 1064 2691 ,
1096 2634 1149 2678 et
1188 2635 1365 2678 tamen
1393 2638 1510 2677 eam
1538 2622 1747 2691 publice
1780 2618 2052 2690 professus

469 2733 603 2778 erat.
643 2722 854 2790 Quanto
886 2720 1072 2773 minus
1116 2732 1243 2786 ergo
1280 2715 1453 2770 vereri
1497 2714 1678 2769 debuit
1718 2720 2050 2766 mansuetum

468 2830 680 2886 gregem
708 2824 852 2869 tuum
880 2810 1231 2881 pronuntians
1255 2808 1478 2863 verbum
1509 2818 1656 2861 tuum
1676 2847 1689 2871 ,
1718 2805 1805 2875 qui
1832 2819 1935 2858 non
1962 2819 2052 2857 ve-

468 2908 685 2962 rebatur
724 2904 777 2957 in
820 2903 991 2957 verbis
1019 2902 1130 2955 suis
1161 2899 1341 2952 turbas
1380 2897 1722 2951 insanorum?
1748 2896 1931 2964 itaque
1963 2892 2052 2948 ubi

469 2998 712 3055 ascendit
734 3005 790 3052 ut
812 2994 1079 3059 redderet,
1111 3006 1299 3047 omnes
1323 2990 1534 3044 sibimet
1558 2976 1802 3053 invicem,
1830 2988 2052 3057 quisque

472 3099 531 3145 ut
568 3104 690 3145 eum
731 3093 983 3150 noverat,
1022 3085 1417 3152 instrepuerunt
1445 3095 1637 3135 nomen
1677 3079 1791 3149 ejus
1829 3078 2051 3147 strepitu

469 3178 858 3252 gratulationis.
898 3176 1026 3244 Quis
1054 3184 1230 3228 autem
1268 3171 1340 3227 ibi
1382 3186 1489 3225 non
1528 3185 1649 3225 eum
1682 3168 1945 3223 noverat?
1987 3169 2053 3222 Et

470 3271 650 3326 sonuit
675 3282 859 3339 presso
884 3267 1057 3323 sonitu
1080 3280 1177 3335 per
1195 3278 1288 3319 ora
1309 3272 1618 3317 cunctorum
1638 3260 2011 3315 colitetantium
2033 3277 2047 3313 ε

469 3360 806 3423 Victorinus,
834 3355 1172 3412 Victorinus!
1213 3353 1331 3409 Cito
1359 3361 1651 3407 sonuerunt
1679 3350 2049 3417 exsultatione,

469 3454 591 3523 quia
630 3450 881 3506 videbant
908 3463 1061 3513 eum;
1094 3455 1147 3501 et
1185 3446 1292 3500 cito
1332 3445 1591 3498 siluerunt
1631 3443 1953 3507 intentione,
1997 3451 2054 3495 ut

469 3542 715 3598 audirent
750 3554 893 3594 eum.
936 3536 1302 3593 Pronuntiavit
1340 3535 1427 3588 ille
1462 3533 1617 3588 fidem
1649 3547 1888 3587 veraeem
1919 3547 2053 3601 prte-

471 3633 613 3688 clara
644 3630 830 3685 ﬁducia
849 3671 863 3692 ,
895 3638 950 3683 et
981 3628 1228 3683 volebant
1263 3640 1385 3679 eum
1412 3638 1598 3678 omnes
1626 3638 1809 3692 rapere
1838 3624 1977 3677 intro
2002 3624 2053 3676 in

472 3740 568 3780 cor
593 3736 782 3789 suum;
811 3730 866 3776 et
888 3720 1163 3790 rapiebant
1191 3716 1420 3772 amando
1447 3724 1499 3771 et
1519 3716 1795 3787 gaudendo
1824 3733 1836 3769 :
1866 3715 1948 3771 hac
1971 3731 2056 3771 ra-

474 3816 729 3886 pientium
759 3826 949 3867 manus
972 3820 1143 3866 erant.

1110 3899 1333 3955 CAPUT
1373 3901 1459 3954 Ill.

548 3996 697 4062 Quod
722 3995 862 4049 Deus
890 4004 935 4047 et
965 3994 1141 4064 Angeli
1162 3994 1323 4062 magis
1349 3992 1564 4062 gaudent
1596 3992 1644 4044 in
1673 4002 1985 4061 peccatorum

1099 4083 1431 4135 conversione.

546 4180 599 4233 6.
642 4180 785 4233 Deus
812 4176 970 4239 bone,
998 4176 1123 4246 quid
1153 4176 1323 4243 agitur
1353 4176 1402 4228 in
1437 4175 1676 4240 homine,
1712 4185 1767 4229 ut
1795 4176 1908 4245 plus
1934 4192 2059 4245 gau-

475 4272 597 4326 deat
637 4271 701 4323 de
737 4269 908 4324 salute
934 4268 1225 4337 desperata:
1254 4267 1475 4333 animae,
1508 4278 1560 4322 et
1588 4267 1655 4321 de
1687 4268 1885 4337 majore
1916 4270 2055 4338 peri-

475 4364 596 4416 cnlo
626 4361 892 4425 liberatas,
924 4374 1081 4429 quam
1119 4359 1162 4412 si
1197 4372 1317 4426 spes
1352 4359 1400 4412 ei
1431 4374 1642 4427 semper
1667 4358 1935 4423 affuisset,
1966 4367 2059 4413 aut

478 4452 767 4522 periculum
796 4450 971 4508 minus
1001 4448 1219 4503 fuisset?
1248 4448 1456 4503 Etenim
1494 4458 1546 4502 tu
1577 4464 1818 4518 quoque,
1848 4450 2056 4502 ntisezi-

476 4558 599 4598 cors
624 4543 813 4609 Pater,
846 4541 965 4610 plus
997 4538 1197 4611 gaudes
1223 4540 1294 4593 de
1324 4556 1428 4593 uno
1458 4540 1775 4609 pa‘ttitentc,
1808 4556 1963 4609 quant
1993 4540 2059 4595 de

481 4636 763 4705 nonaginta
808 4648 998 4687 novem
1037 4632 1223 4708 iustis,
1256 4633 1445 4701 quibus
1474 4648 1575 4685 non
1607 4645 1688 4687 cst
1715 4648 1849 4701 opus
1887 4633 2059 4701 [ueni-

483 4728 665 4782 temia.
701 4727 762 4781 Et
793 4740 889 4780 nos
916 4739 1037 4779 cum
1066 4740 1252 4794 magna
1280 4724 1606 4793 jucunditate
1631 4725 1872 4778 malimus
1892 4769 1906 4789 ,
1939 4742 2059 4780 cum

482 4819 729 4873 audimus
757 4832 914 4887 quam
946 4817 1329 4870 exsultantibus
1361 4816 1575 4884 Angelis
1599 4816 1620 4846 '
1640 4859 1654 4882 ,
1708 4818 1932 4884 pastoris
1961 4817 2058 4870 hn-

482 4910 643 4962 meris
666 4916 964 4976 reportetur
999 4907 1115 4961 ovis
1144 4922 1263 4976 qua:
1292 4916 1594 4970 erraverat;
1622 4917 1677 4961 et
1701 4908 1948 4962 drachma
1978 4926 2062 4964 re-

482 5000 682 5053 feratur
702 5000 752 5052 itt
777 4998 1053 5052 thesauros
1071 5008 1206 5060 tuos,
1230 4998 1615 5052 colhetantibns
1637 4999 1826 5052 vicinis
1853 5000 2061 5055 mulieri

482 5106 600 5160 quae
630 5091 836 5144 invenit
864 5108 878 5143 ς
907 5099 962 5145 et
988 5089 1251 5160 lacrymas
1288 5092 1484 5145 excutit
1523 5092 1769 5160 gaudium
1806 5094 2057 5148 solemni-

482 5180 606 5235 tatis
629 5180 821 5234 domus
847 5188 951 5233 tute
969 5221 984 5245 ,
1019 5194 1138 5233 cum
1169 5180 1360 5248 legitur
1389 5182 1440 5234 in
1464 5182 1623 5235 domo
1642 5190 1737 5236 tua
1768 5183 1832 5237 de
1857 5185 2062 5240 minore

481 5269 592 5347 filio
620 5278 736 5333 tuo,
763 5270 1000 5340 quoniam
1024 5280 1253 5348 mortuus
1275 5280 1406 5336 erat,
1438 5280 1482 5324 et
1508 5273 1719 5337 revixit;
1749 5276 1990 5344 perierat,
2016 5291 2061 5331 et

481 5344 715 5415 iuventus
743 5370 814 5413 est
844 5359 993 5432 (Luc.
1024 5344 1143 5431 iv).
1172 5359 1387 5415 Gaudes
1415 5363 1609 5430 quippe
1638 5363 1687 5415 in
1718 5365 1896 5430 nobis,
1928 5377 1976 5420 et
2009 5368 2058 5421 in
2088 5344 2089 5347 Ἴ

483 5453 701 5524 Angelis
730 5455 831 5506 tuis
857 5463 1039 5507 sancta
1066 5454 1323 5507 charitate
1352 5455 1569 5507 sanctis.
1601 5455 1729 5509 Nam
1768 5465 1821 5511 tu
1852 5474 2062 5528 semper

547 5560 563 5588 ’
589 5569 702 5624 suo,
720 5560 858 5623 juxta
883 5561 1026 5624 ttond.
1050 5574 1159 5611 cum
1182 5558 1363 5624 aliquot
1382 5570 1483 5624 Mss.
1552 5572 1606 5613 tu.

531 5623 557 5654 ¹
590 5628 639 5671 tn
661 5623 1027 5692 pluribusfdd.
1053 5636 1067 5671 :
1093 5633 1242 5692 Quam
1269 5623 1560 5692 exsultantis
1594 5628 1811 5690 pastoris.
1848 5636 1896 5680 tn
1916 5638 2017 5680 Mss.
2046 5644 2058 5680 :

645 5682 990 5757 exatltautittus
1004 5682 1238 5757 pastoris;
1261 5693 1436 5757 praeter
1454 5682 1756 5757 t'alinensem
1773 5694 1851 5755 qui
1872 5694 2018 5744 habet
2045 5707 2058 5743 :

478 5752 629 5800 eum
644 5745 992 5799 exsultantibus
1006 5745 1013 5747 ’
1027 5745 1203 5808 myrti:
1225 5745 1427 5806 pastoris
1448 5761 1465 5808 ;
1489 5758 1539 5799 et
1562 5750 1750 5801 melius.

1605 324 2114 391 QONFESStO-NUM
2155 324 2215 380 s.
2257 324 2619 385 Auaus'rm

3628 326 3745 384 τω

2161 440 2299 496 idem
2320 483 2335 509 ,
2362 444 2450 513 qui
2477 458 2536 497 ea
2564 458 2683 514 quas
2708 457 2811 498 non
2838 457 3057 513 semper
3072 458 3171 500 nee
3194 443 3567 503 eodem'modo
3593 456 3739 513 sunt,

2160 536 2347 590 eodem
2380 536 2537 589 modo
2564 551 2776 605 semper
2803 537 2939 590 nosti
2966 536 3166 590 omnia.

2228 628 2279 679 7.
2321 627 2455 692 Quid
2486 641 2612 696 ergo
2641 626 2814 696 agitur
2845 628 2896 679 in
2925 626 3099 679 anima
3120 669 3135 693 ,
3175 642 3295 681 cum
3330 629 3559 699 amplius
3594 629 3740 686 dele~

2158 727 2328 772 ctatur
2355 719 2581 772 inventis
2602 727 2697 771 aut
2728 718 2948 772 redditis
2990 718 3149 772 rebus
3190 734 3320 787 quas
3350 720 3553 789 diligit,
3583 738 3739 791 quam

2157 809 2199 862 si
2223 823 2315 862 eas
2336 823 2545 877 semper
2568 808 2869 862 habuisset?
2896 808 3271 861 Contestantur
3294 810 3431 861 enim
3456 821 3508 863 et
3528 822 3740 878 caetera,

2157 908 2209 952 et
2239 899 2387 967 plena
2418 907 2541 951 sunt
2565 898 2741 951 omnia
2774 898 3090 952 testimoniis
3118 898 3503 952 clamantibus:
3534 901 3606 954 Ita
3638 914 3737 955 est.

2160 992 2470 1063 Triumphat
2496 994 2664 1045 victor
2691 992 2996 1061 imperator,
3030 999 3080 1044 el
3110 1007 3213 1044 non
3242 993 3482 1054 vicisset,
3510 994 3609 1047 nisi
3644 1009 3739 1061 pu-

2158 1083 2454 1152 gnavisst‘t;
2482 1093 2535 1137 et
2568 1092 2764 1152 quanto
2793 1087 2964 1149 majus
2993 1082 3284 1149 periculum
3322 1082 3416 1134 fuit
3446 1082 3499 1135 in
3538 1085 3739 1151 praelia,

2160 1183 2304 1229 tanto
2321 1184 2400 1229 est
2415 1176 2661 1244 gaudium
2685 1175 2853 1244 majus
2876 1175 2926 1228 in
2952 1175 3239 1242 triumpho.
3262 1174 3431 1227 Jactat
3453 1185 3741 1244 tempestas

2158 1267 2503 1335 navigantes,
2547 1266 2881 1335 minaturque
2922 1265 3287 1335 naufragium;
3331 1280 3520 1319 omnes
3567 1265 3739 1321 futura

2159 1366 2329 1410 morte
2366 1357 2653 1425 pallescunt
2686 1375 2698 1409 :
2731 1356 3097 1424 tranquillatur
3137 1355 3333 1409 ccelum
3373 1366 3428 1407 et
3467 1370 3647 1421 mare,
3676 1365 3742 1409 et

2158 1448 2422 1500 exsultant
2449 1447 2636 1509 nimis,
2665 1446 2913 1516 quoniam
2954 1446 3240 1498 timuerunt
3264 1444 3438 1498 nimis.
3470 1444 3637 1515 Eger
3660 1454 3742 1499 est

2156 1539 2385 1604 charns,
2428 1548 2484 1594 et
2520 1554 2650 1593 vena
2691 1538 2807 1608 ejus
2849 1539 3047 1592 malum
3081 1537 3378 1599 renuntiat;
3424 1553 3613 1593 omnes
3651 1538 3739 1607 qui

2158 1646 2279 1684 eum
2307 1632 2509 1685 salvum
2546 1632 2795 1699 cupiunt,
2836 1640 3098 1700 mgrotant
3135 1631 3295 1684 simul
3341 1632 3520 1685 animo
3550 1649 3562 1683 :
3596 1632 3652 1684 ﬁt
3690 1630 3739 1685 ei

2160 1734 2303 1777 recte
2324 1767 2337 1785 ,
2368 1732 2420 1777 et
2449 1724 2682 1777 nondum
2706 1724 2935 1776 ambulat
2964 1723 3201 1789 pristinis
3224 1723 3456 1785 viribus;
3484 1729 3540 1775 et
3561 1722 3615 1774 ﬁt
3630 1721 3737 1790 jam

2158 1814 2265 1867 tale
2303 1813 2579 1881 gaudium,
2628 1816 2784 1883 quale
2825 1831 2927 1865 non
2974 1814 3068 1865 fuit
3108 1828 3227 1867 eum
3271 1822 3426 1866 antea
3468 1812 3645 1865 salvus
3687 1821 3739 1866 et

2161 1906 2309 1959 fortis
2328 1907 2640 1960 ambularet.
2666 1907 2873 1974 Easque
2892 1907 3031 1974 ipsas
3044 1906 3342 1973 voluptates
3362 1905 3609 1957 humana:
3621 1904 3739 1957 vitat

2131 1998 2315 2050 .ctiant
2337 2012 2440 2050 non
2460 1998 2742 2065 inopinatis
2760 2009 2810 2049 et
2835 2007 3025 2065 pneter
3043 1998 3370 2049 voluntatem
3392 1995 3735 2060 irruentibus,

2157 2092 2249 2142 scd
2282 2087 2533 2141 institutis
2562 2098 2613 2141 et
2653 2088 2964 2140 voluntariis
2994 2084 3250 2140 molestiis
3280 2084 3524 2138 homines
3562 2085 3739 2152 acqui-

2159 2189 2299 2232 runt.
2331 2178 2532 2231 Edendi
2564 2188 2616 2231 ct
2642 2177 2850 2231 bibendi
2879 2176 3119 2246 voluptas
3153 2176 3295 2228 nulla
3314 2183 3406 2229 est
3428 2216 3440 2237 ,
3475 2174 3574 2228 nisi
3609 2190 3716 2243 pra:

2156 2270 2309 2323 cedat
2328 2269 2591 2323 csuriendi
2615 2280 2669 2323 et
2686 2268 2895 2322 sitiendi
2920 2268 3180 2321 molestia.
3206 2268 3271 2319 Et
3289 2267 3480 2320 ebriosi
3498 2266 3737 2335 qumdam

2157 2361 2463 2415 salsiuscula
2488 2361 2809 2425 comedunt,
2842 2374 2946 2429 quo
2972 2359 3062 2411 ﬁat
3085 2358 3338 2410 molestus
3363 2357 3520 2409 ardor
3540 2398 3553 2419 ,
3584 2371 3737 2424 quem

2156 2452 2280 2504 dum
2323 2452 2611 2519 exstinguit
2640 2451 2872 2519 potatio,
2907 2450 2963 2503 ﬁt
2993 2449 3292 2502 delectatio.
3339 2448 3406 2502 Et
3447 2448 3737 2501 institutum

2156 2554 2238 2597 est
2270 2552 2324 2596 ut
2357 2545 2467 2612 jam
2510 2552 2679 2612 pactae
2718 2555 2927 2611 sponsae
2972 2556 3075 2593 non
3118 2539 3388 2593 tradantur
3421 2539 3633 2603 statim,
3676 2553 3741 2591 ne

2155 2635 2313 2687 vilem
2358 2635 2548 2688 haheat
2575 2633 2797 2687 maritus
2824 2632 3039 2698 datam,
3070 2645 3227 2701 quam
3265 2644 3370 2685 non
3398 2628 3745 2699 suspiraverit

2154 2739 2382 2796 Sponsus
2408 2725 2645 2779 dilatam.

2227 2818 2281 2871 8.
2312 2816 2495 2871 llocin
2521 2816 2658 2885 turpi
2679 2823 2735 2870 et
2753 2815 3075 2869 exsecranda
3100 2814 3314 2873 lzetitia:
3346 2814 3518 2869 hocin
3540 2830 3602 2868 ea
3623 2830 3740 2883 qua:

2155 2921 2407 2961 concessa
2435 2916 2489 2960 et
2514 2906 2657 2961 licita
2688 2915 2803 2969 est;
2833 2906 2933 2959 hoc
2962 2907 3015 2959 in
3053 2906 3163 2975 ipsa
3194 2906 3548 2961 sincerissima
3579 2905 3741 2959 hone-

2156 3007 2291 3053 state
2315 2999 2561 3052 amicitias
2589 3016 2603 3052 :
2632 2997 2735 3052 hoc
2765 2998 2815 3050 itt
2846 3012 2910 3050 eo
2947 2997 3035 3065 qui
3063 3005 3305 3049 mortuus
3334 3004 3480 3059 erat,
3512 3004 3566 3048 et
3600 2996 3740 3048 revi-

2154 3091 2264 3155 xit;
2296 3091 2556 3159 perierat,
2581 3099 2636 3144 et
2662 3092 2906 3143 inventus
2934 3095 3033 3143 est.
3070 3088 3275 3157 Ubique
3303 3087 3739 3157 majus-gaudium
3808 3079 3812 3084 ’

2157 3183 2396 3237 molestia
2435 3182 2623 3251 majori
2667 3181 3002 3250 praeceditur.
3045 3179 3180 3244 Quid
3218 3188 3303 3234 est
3339 3179 3473 3245 hoc,
3520 3179 3741 3232 Domine

2158 3273 2298 3327 Dens
2323 3287 2470 3326 meus
2490 3315 2506 3338 ,
2533 3286 2651 3326 cum
2680 3281 2734 3325 tu
2758 3281 3012 3325 :eternum
3036 3271 3127 3325 tibi
3154 3279 3209 3322 ttt
3234 3270 3345 3338 ipse
3371 3270 3443 3323 sis
3468 3269 3738 3338 gaudium,

2157 3372 2212 3417 et
2238 3363 2479 3432 qnzedam
2502 3362 2578 3416 de
2610 3372 2660 3416 te
2688 3362 2827 3415 circa
2859 3372 2910 3414 te
2934 3375 3148 3429 semper
3173 3359 3467 3430 gaudeant?
3499 3358 3632 3425 Quid
3661 3369 3742 3412 est

2158 3455 2296 3524 quod
2327 3456 2439 3508 haec
2459 3469 2641 3508 rerum
2671 3468 2794 3522 pars
2818 3454 3048 3507 alternat
3070 3450 3280 3506 defectu
3304 3460 3358 3504 et
3381 3452 3635 3519 profectu,
3664 3450 3744 3503 of-

2158 3545 2487 3599 fensionibus
2517 3552 2573 3597 et
2604 3541 3101 3599 conciliationibus?
3126 3541 3206 3594 An
3241 3541 3287 3594 is
3319 3549 3402 3595 est
3434 3540 3624 3594 modus
3650 3556 3742 3594 ca-

2158 3653 2306 3703 rum,
2338 3646 2393 3692 et
2430 3646 2632 3691 tantum
2658 3636 2847 3689 dedisti
2879 3635 2955 3689 eis
2977 3675 2992 3699 ,
3025 3650 3143 3688 cum
3169 3648 3198 3686 a
3226 3634 3450 3687 summis
3486 3633 3741 3691 ctrlorum

2160 3742 2325 3795 usque
2351 3726 2414 3780 ad
2448 3726 2550 3779 ima
2584 3738 2842 3778 terrarum
2865 3765 2879 3788 ,
2910 3724 2978 3777 ah
3006 3724 3155 3776 initio
3182 3738 3352 3792 usque
3383 3724 3433 3776 in
3464 3724 3619 3775 linem
3647 3737 3744 3775 sre-

2158 3819 2433 3881 culorum,
2466 3817 2532 3870 ab
2561 3817 2748 3885 angelo
2790 3831 2955 3884 usque
2994 3814 3059 3868 ad
3104 3814 3485 3879 vermiculum,
3527 3830 3555 3867 a
3598 3824 3746 3868 motu

2162 3908 2331 3975 primo
2353 3921 2517 3975 usque
2537 3904 2602 3958 ad
2625 3914 2947 3967 extremum,
2971 3904 3147 3957 omnia
3173 3919 3363 3970 genera
3387 3903 3665 3963 honorum,
3691 3910 3747 3955 et

2160 4000 2339 4052 omnia
2364 3997 2507 4066 justa
2543 4011 2703 4064 opera
2744 4005 2829 4048 tua
2851 4035 2864 4058 ,
2896 3995 3007 4048 suis
3031 4010 3253 4062 qumque
3278 3993 3494 4047 sedibus
3520 3993 3743 4056 locarcs,

2161 4098 2216 4143 et
2242 4088 2354 4143 suis
2383 4102 2606 4157 quasque
2646 4087 2968 4154 temporibus
2994 4086 3217 4155 ageres?
3250 4086 3358 4137 Heu
3392 4084 3519 4137 mihi
3540 4124 3554 4147 ,
3586 4098 3743 4152 quant

2163 4178 2406 4232 excelsus
2429 4192 2488 4231 es
2514 4179 2564 4230 in
2592 4177 2836 4235 excelsis.
2869 4185 2922 4229 et
2948 4191 3103 4245 quam
3135 4175 3421 4244 profundus
3450 4177 3500 4228 in
3527 4174 3721 4244 profuit

2163 4268 2281 4322 dis!
2316 4276 2369 4321 et
2395 4282 2654 4336 nusquam
2685 4267 2921 4331 recedis,
2953 4274 3007 4319 et
3034 4266 3118 4318 vix
3148 4265 3381 4319 redimus
3404 4266 3469 4318 ad
3495 4276 3543 4319 te

2794 4372 3019 4429 CAPUT
3058 4373 3143 4426 IV.

2247 4467 2417 4533 Quare
2446 4468 2560 4532 plus
2591 4467 2862 4521 (tutandum
2890 4467 2954 4519 sit
2983 4467 3035 4518 in
3064 4464 3383 4518 conrcrst'onc
3405 4462 3658 4517 nobilium.

2232 4560 2288 4615 9.
2320 4561 2454 4628 Age,
2478 4558 2717 4621 Domine,
2749 4557 2863 4621 fac;
2892 4556 3083 4619 excita,
3113 4566 3167 4610 ct
3188 4570 3382 4610 revoca
3402 4570 3530 4619 nos;
3558 4570 3752 4609 accen~

2164 4650 2233 4705 de
2253 4694 2267 4717 ,
2306 4659 2362 4704 et
2398 4665 2558 4718 rape;
2591 4649 2749 4719 flagra
2773 4689 2787 4713 ,
2836 4648 3080 4702 dulcesce
3109 4665 3122 4701 :
3151 4663 3389 4702 amemus
3408 4689 3421 4709 ,
3454 4659 3749 4701 curramus.

2164 4742 2352 4796 Nonne
2396 4742 2545 4794 multi
2589 4756 2654 4793 ex
2696 4739 3036 4809 profundiore
3077 4748 3274 4793 tartaro
3302 4741 3554 4793 cmcitatis
3594 4754 3749 4808 quam

2168 4831 2471 4885 Victorinus
2494 4828 2716 4883 redeunt
2735 4828 2799 4882 ad
2824 4837 2896 4894 te,
2925 4838 2974 4882 et
3003 4827 3281 4892 accedunt,
3310 4838 3365 4883 et
3393 4828 3754 4882 illuminantur

2165 4922 2485 4992 recipientes
2514 4920 2689 4976 lumen
2710 4960 2723 4985 ,
2750 4919 2889 4989 quod
2922 4920 2964 4973 si
2993 4920 3081 4988 qui
3110 4921 3401 4989 recipiunt,
3432 4921 3697 4990 accipiunt
3725 4934 3754 4972 a

2169 5022 2220 5067 te
2244 5020 2561 5081 potestatem
2592 5019 2649 5065 ut
2668 5010 2759 5063 lilii
2790 5012 2864 5064 tui
2892 5010 3057 5065 fiant?
3086 5009 3260 5079 (Joan.
3290 5026 3326 5076 ι,
3354 5011 3406 5071 9,
3438 5011 3552 5081 1‘2.)
3579 5009 3684 5063 Sed
3710 5009 3753 5063 si

2168 5107 2341 5161 minus
2370 5106 2482 5160 noti
2510 5115 2635 5160 sunt
2660 5104 2886 5175 p0pulis,
2913 5106 3089 5158 minus
3114 5105 3179 5158 de
3205 5104 3309 5158 illis
3337 5104 3569 5173 gaudent
3594 5104 3754 5157 etiant

2166 5199 2255 5268 qui
2281 5208 2545 5254 noverunt
2567 5213 2679 5256 eos.
2708 5197 2932 5264 Quando
2954 5199 3096 5252 enim
3121 5212 3243 5251 eum
3270 5197 3448 5251 multis
3475 5194 3754 5266 gaudetur,

2166 5297 2222 5343 et
2250 5290 2302 5343 in
2331 5290 2553 5359 singulis
2590 5289 2806 5344 uberius
2834 5297 2918 5344 est
2942 5288 3191 5359 gaudium
3209 5331 3223 5352 ,
3254 5289 3375 5358 quia
3407 5287 3758 5342 fervefaciunt

2168 5395 2249 5447 se,
2276 5389 2331 5434 ct
2356 5380 2751 5435 inflammantur
2769 5396 2833 5434 ex
2859 5381 3134 5435 alterutro.
3168 5381 3385 5445 Deinde,
3414 5380 3553 5451 quod
3579 5381 3759 5432 multis

2169 5473 2313 5538 noti,
2352 5473 2534 5527 multis
2569 5480 2691 5527 sunt
2731 5474 3031 5527 auctoritati
3076 5474 3141 5526 ad
3183 5474 3442 5538 salutem,
3485 5482 3539 5526 et
3581 5471 3760 5525 multis

2167 5572 2411 5633 praeeunt
2435 5565 2715 5619 secuturis.
2746 5564 2975 5635 Ideoque
2999 5567 3222 5619 multum
3252 5566 3318 5620 de
3344 5567 3446 5618 illis
3472 5574 3525 5619 et
3548 5565 3637 5634 qni
3666 5580 3761 5618 eos

2171 5664 2559 5727 prrecesserunt
2596 5657 2871 5723 laetantur,
2902 5658 3024 5726 quia
3065 5674 3167 5712 non
3211 5658 3277 5711 de
3319 5658 3447 5711 solis
3490 5658 3756 5711 hetantur.

2171 5749 2321 5805 Absit
2348 5751 2488 5804 enim
2520 5756 2577 5803 ut
2602 5748 2651 5803 in
2682 5749 3020 5803 tabernaculo
3050 5760 3139 5803 tuo
3162 5764 3272 5817 prce
3307 5747 3630 5818 pauperibus
3664 5760 3755 5799 ac-
