4078 6366
473 412 714 457 nostmm
728 399 1143 458 familiarissime
1154 402 1485 468 Verecundo,
1498 401 1873 458 Mediolanensi
1889 400 1991 455 civi
2001 410 2055 455 et

476 493 826 559 grammatico
844 494 1180 558 subdoceret,
1200 494 1544 550 vehementer
1564 491 1884 547 desideranti
1905 501 1957 547 et
1975 490 2052 545 fa-

472 583 793 638 miliaritatis
814 583 928 653 jure
949 585 1279 654 ﬂagitantide
1295 600 1514 639 numero
1531 592 1712 638 nostro
1733 582 1890 637 ﬁdele
1900 581 2053 651 adju-

470 674 684 737 torium‘,
717 689 823 742 quo
850 674 1119 744 indigebat
1154 675 1330 729 nimis.
1377 674 1493 728 Non
1528 674 1705 743 itaque
1742 671 2052 726 Nebridium

465 762 727 832 cupiditas
746 764 1145 818 commodorum
1173 779 1238 818 eo
1260 763 1418 817 traxit
1443 780 1455 815 :
1482 763 1682 832 majora
1707 760 1852 817 enim
1872 770 2054 831 posset

463 855 509 909 si
555 856 715 909 vellet
758 854 825 910 de
867 855 1055 909 litteris
1097 870 1291 924 agere;
1320 854 1417 909 sed
1462 853 1635 907 ofﬁcio
1670 852 2051 907 benevolentia:

466 946 772 1011 petitionem
801 956 1035 1000 nostram
1065 953 1406 1000 contemnere
1433 943 1601 997 noluit
1622 943 1824 997 amicus
1848 942 2048 996 dulcis-

465 1034 632 1089 simus
657 1044 715 1089 et
754 1036 1082 1089 mitissimus.
1129 1035 1333 1104 Agebat
1372 1043 1548 1087 autem
1592 1032 1721 1086 illud
1750 1030 2047 1101 prudentis-

461 1126 615 1191 sime,
642 1140 835 1185 cavens
864 1126 1195 1179 innotescere
1218 1125 1459 1194 personis
1488 1123 1779 1178 secundum
1809 1123 1907 1176 hoc
1936 1136 2041 1176 sa:-

459 1218 634 1270 culmn
652 1217 958 1286 majoribus,
978 1218 1216 1272 devitans
1235 1218 1286 1270 in
1302 1218 1380 1271 eis
1397 1232 1607 1270 omnem
1627 1214 2044 1285 inquietudinem

458 1310 639 1369 animi,
671 1325 828 1378 quem
862 1310 1077 1364 volebat
1105 1308 1302 1363 habere
1326 1309 1548 1362 liberum
1578 1316 1633 1361 et
1675 1322 1835 1376 quam
1865 1305 2047 1359 multis

459 1407 641 1468 posset
681 1399 826 1454 horis
881 1399 1147 1465 feriatum,
1205 1398 1275 1452 ad
1314 1398 1655 1468 qumrendum
1696 1396 1915 1467 aliquid,
1962 1396 2045 1450 vel

456 1488 737 1560 legendum
764 1490 845 1545 vel
875 1488 1198 1544 audiendum
1223 1489 1290 1543 de
1318 1489 1595 1558 sapientia.

539 1580 627 1634 Μ.
659 1580 897 1647 Quodam
926 1582 1204 1651 igiturdie,
1233 1596 1336 1634 non
1368 1581 1548 1635 recolo
1566 1594 1777 1633 causam
1803 1593 1904 1649 qua
1930 1586 2045 1633 erat

452 1669 649 1727 absens
676 1669 976 1737 Nebridius,
1003 1686 1123 1726 cum
1154 1686 1281 1725 ecce
1321 1670 1389 1724 ad
1420 1684 1520 1723 nos
1547 1669 1764 1723 domum
1802 1668 1944 1722 venit
1973 1666 2042 1722 ad

454 1779 541 1820 me
565 1773 618 1819 et
655 1766 899 1837 Alypium
933 1765 1263 1819 Pontitianus
1284 1765 1302 1795 ί
1332 1763 1547 1834 quidam
1591 1761 1722 1816 civis
1762 1769 1943 1815 noster
1987 1759 2041 1814 in

452 1867 706 1926 quantum
749 1856 895 1922 Afer,
938 1857 1192 1927 pneclare
1222 1858 1272 1910 in
1316 1855 1508 1925 palatio
1550 1854 1788 1907 militans
1819 1871 1832 1907 :
1861 1852 2043 1906 nescio

452 1946 579 2016 quid
601 1964 629 1999 a
650 1948 801 2001 nobis
824 1947 1058 2002 volebat.
1082 1946 1148 2000 Et
1165 1946 1503 2000 consedimus
1524 1957 1579 1998 nt
1597 1944 2039 2013 colloqueremur;

451 2045 507 2091 et
534 2037 668 2091 forte
691 2052 848 2107 supra
889 2053 1127 2092 mensam
1158 2037 1407 2090 lusoriam
1451 2051 1571 2106 qnze
1600 2045 1724 2089 ante
1753 2049 1851 2088 nos
1877 2043 1993 2088 erat
2021 2075 2038 2101 ,

451 2127 678 2182 attendit
722 2127 985 2193 codicem,
1030 2127 1170 2193 tulit,
1213 2127 1442 2196 aperuit,
1497 2126 1699 2180 invenit
1742 2127 2039 2196 apostolum

450 2216 693 2283 Paulum,
738 2216 1009 2288 inopinate
1051 2231 1179 2271 sane
1209 2233 1223 2270 :
1252 2227 1526 2287 putaverat
1567 2218 1708 2271 enim
1744 2215 1941 2286 aliquid
1969 2215 2040 2271 de

448 2307 599 2362 libris
621 2323 844 2378 quorum
871 2307 1131 2378 professio
1150 2323 1245 2362 me
1268 2309 1599 2363 conterebat.
1632 2308 1764 2362 Tum
1794 2324 1919 2363 vero
1947 2324 2041 2363 ar-

450 2398 649 2465 ridens,
692 2414 883 2471 meque
921 2399 1154 2462 intuens,
1181 2400 1521 2469 gratulatorie
1544 2399 1767 2454 miratus
1791 2409 1874 2455 est
1898 2399 2040 2469 quod

445 2504 541 2544 eas
572 2501 628 2543 et
663 2491 806 2545 solas
830 2506 945 2561 pra:
972 2491 1139 2545 oculis
1165 2490 1298 2544 meis
1329 2489 1533 2544 litteras
1562 2499 1780 2559 repente
1818 2504 2039 2558 compe-

444 2582 623 2638 risset.
651 2582 988 2637 Christianus
1029 2584 1224 2653 quippe
1254 2590 1302 2636 et
1334 2581 1504 2636 lidelis
1526 2591 1660 2645 erat,
1696 2590 1750 2636 et
1775 2595 1918 2650 sarpe
1947 2581 2038 2636 tibi

447 2675 557 2729 Deo
583 2684 765 2729 nostro
804 2674 1237 2744 prosternebatur
1263 2672 1314 2725 in
1339 2671 1564 2725 ecclesia
1592 2671 1795 2725 crebris
1823 2680 1879 2724 et
1904 2671 2036 2726 diu-

447 2766 622 2819 turnis
659 2765 1009 2819 orationibus.
1055 2763 1152 2817 Cui
1198 2777 1297 2832 ego
1325 2777 1445 2815 cmn
1478 2760 1793 2815 iudicassem
1826 2761 1926 2814 illis
1953 2777 2040 2816 me

446 2854 738 2924 Scripturis
790 2868 973 2907 curam
1023 2854 1308 2907 maximam
1361 2851 1705 2920 impendere,
1761 2860 1908 2905 ortus
1957 2862 2041 2908 est

450 2961 651 3013 sermo,
683 2946 800 3016 ipso
828 2955 1100 3011 narrante,
1129 2945 1197 2999 de
1219 2945 1452 2999 Antonio
1476 2943 1729 3015 Egyptio
1755 2945 2037 3009 monacho,

447 3036 601 3106 cujus
641 3051 838 3090 nomen
881 3036 1205 3091 excellenter
1239 3034 1475 3089 clarabat
1502 3034 1640 3102 apud
1671 3049 1851 3088 servos
1883 3044 2037 3100 tuos;

448 3142 547 3182 nos
572 3134 753 3182 autem
797 3142 965 3196 usque
1008 3126 1063 3181 in
1092 3127 1238 3180 illam
1281 3125 1467 3180 horam
1514 3125 1732 3181 latebat.
1762 3126 1916 3194 Quod
1946 3127 2039 3183 ille

448 3218 536 3271 ubi
564 3217 841 3287 comperit,
871 3218 1180 3271 immoratus
1202 3226 1285 3271 est
1304 3216 1357 3270 in
1376 3232 1441 3270 eo
1464 3231 1737 3281 sermone,
1762 3218 2037 3272 insinuans

443 3319 648 3366 tantum
698 3312 866 3367 virum
913 3310 1319 3379 ignorantibus,
1373 3318 1429 3363 et
1469 3308 1738 3363 admirans
1790 3310 2035 3365 eamdem

449 3411 685 3457 nostram
729 3402 1096 3470 ignorantiam.
1147 3401 1505 3470 Stupebamus
1544 3408 1719 3455 autem
1757 3402 2037 3456 audientes

444 3503 550 3548 tam
595 3495 792 3548 recenti
842 3494 1117 3558 memoria,
1167 3501 1223 3547 et
1266 3508 1434 3564 prope
1477 3495 1677 3548 nostris
1707 3495 2035 3562 temporibus

444 3586 781 3641 testatissima
825 3584 1083 3641 mirabilia
1126 3592 1213 3639 tua
1255 3586 1308 3639 in
1354 3585 1458 3639 ﬁde
1499 3595 1642 3639 recta
1678 3596 1733 3639 et
1772 3586 2033 3640 catholica

443 3678 699 3732 Ecclesia.
731 3679 929 3733 Omnes
956 3676 1297 3742 mirabamur,
1335 3685 1390 3731 et
1417 3691 1515 3730 nos
1540 3677 1663 3745 quia
1708 3688 1813 3730 tam
1846 3693 2034 3747 magna

446 3780 619 3836 erant,
648 3780 702 3825 et
746 3771 834 3825 ille
862 3771 984 3840 quia
1014 3770 1248 3825 inaudita
1286 3772 1438 3825 nobis
1468 3783 1638 3827 erant.

518 3862 604 3916 15.
656 3861 781 3915 Inde
808 3876 985 3915 sermo
1011 3861 1126 3929 ejus
1152 3861 1434 3915 devolutus
1462 3871 1544 3916 est
1581 3862 1646 3917 ad
1677 3865 2029 3919 monasterio-

441 3969 559 4007 rum
592 3967 796 4021 greges,
828 3961 884 4007 et
908 3966 1087 4007 mores
1113 3954 1489 4006 suaveolentize
1513 3964 1636 4017 tum,
1663 3964 1720 4010 et
1747 3957 1907 4010 ubera
1934 3958 2029 4012 de-

441 4049 583 4095 serta
629 4043 796 4096 eremi
842 4056 1067 4111 quorum
1118 4056 1219 4096 nos
1258 4042 1387 4096 nihil
1436 4043 1757 4098 sciebamus.
1811 4044 1880 4102 Et
1915 4057 2033 4103 erat

444 4133 828 4187 monasterium
861 4131 1138 4187 Mediolani
1170 4133 1377 4201 plenum
1406 4133 1559 4188 bonis
1587 4134 1858 4202 fratribus,
1880 4148 2029 4194 extra

444 4225 594 4285 urbis
624 4224 838 4287 mmnia,
876 4224 976 4278 sub
1004 4224 1284 4278 Ambrosio
1314 4226 1609 4291 nutritore;
1647 4238 1701 4282 et
1729 4246 1832 4283 non
1860 4246 2027 4287 nove-

444 4331 645 4369 ramus.
692 4314 1047 4370 Pertendebat
1075 4315 1161 4370 ille
1186 4325 1241 4370 et
1266 4316 1580 4385 loquebatur
1606 4319 1798 4386 adhuc,
1839 4332 1894 4376 et
1929 4338 2028 4380 nos

442 4408 630 4461 intenti
678 4407 1000 4461 lacebamus.
1059 4406 1207 4462 Unde
1261 4408 1445 4462 incidit
1495 4419 1553 4463 ut
1599 4411 1802 4467 diceret
1844 4417 2027 4469 nescio

441 4498 655 4567 quando
680 4513 738 4553 se
761 4508 817 4552 ct
850 4509 958 4553 tres
984 4500 1116 4553 alios
1142 4500 1546 4556 contubernales
1583 4518 1727 4567 suos,
1775 4505 2023 4560 nimirum

442 4591 575 4659 apud
604 4592 886 4657 Treveros,
925 4607 1047 4646 cum
1084 4592 1374 4662 imperator
1409 4595 1774 4665 pomeridiano
1800 4596 2022 4653 Circen-

438 4685 571 4736 sium
614 4684 920 4753 spectaculo
964 4694 1265 4748 teneretur,
1312 4686 1486 4740 exisse
1526 4687 1924 4743 deambulatum
1968 4691 2020 4746 in

437 4772 621 4827 hortos
641 4774 810 4828 muris
838 4774 1150 4843 contiguos;
1181 4784 1340 4844 atque
1362 4775 1469 4830 illic
1485 4785 1542 4830 ut
1567 4775 1703 4831 forte
1728 4778 2020 4834 combinati

432 4862 813 4928 spatiabantur,
847 4879 1008 4918 unum
1032 4880 1211 4918 secum
1240 4880 1505 4931 seorsum,
1537 4875 1590 4921 et
1618 4868 1750 4922 alios
1790 4870 1925 4925 duos
1953 4872 2019 4925 it—

430 4951 573 5007 idem
613 4968 855 5009 seorsum
906 4956 1207 5023 pariterque
1246 4955 1514 5026 digressos
1546 4976 1560 5014 :
1590 4958 1683 5013 sed
1712 4960 1828 5014 illos
1866 4977 2023 5032 vaga-

429 5045 637 5101 bundos
668 5046 888 5101 irruisse
928 5046 979 5099 in
1023 5048 1303 5115 quamdam
1343 5062 1544 5113 casam,
1577 5049 1664 5103 ubi
1712 5050 2025 5110 habitabant

426 5136 642 5207 quidam
664 5139 803 5192 servi
829 5137 923 5202 tui,
944 5137 1131 5205 spiritu
1151 5152 1427 5208 pauperes,
1446 5138 1677 5207 qualium
1694 5150 1773 5195 est
1797 5158 2016 5213 regnum

427 5230 686 5283 caelorum
714 5231 732 5298 (
756 5228 943 5283 Matth.
989 5243 1042 5295 ν,
1076 5226 1163 5299 ὅ),
1193 5238 1249 5283 et
1290 5229 1556 5286 invenisse
1603 5232 1670 5286 ibi
1699 5232 1933 5289 codicem
1963 5237 2016 5291 in

429 5336 535 5388 quo
557 5321 750 5390 scripta
768 5329 883 5376 erat
903 5321 1009 5375 vita
1037 5321 1272 5375 AntOnii.
1307 5321 1474 5389 Quam
1506 5322 1682 5393 legere
1701 5328 2015 5395 comitantis

428 5424 635 5470 eorum,
668 5419 721 5463 et
747 5410 949 5472 mirari,
988 5419 1041 5464 et
1076 5411 1313 5473 accendi,
1345 5422 1400 5465 et
1428 5412 1567 5466 inter
1594 5412 1872 5484 legendum
1898 5434 2011 5473 me-

428 5497 583 5554 ditari
614 5500 850 5569 arripere
877 5502 1032 5555 talem
1065 5505 1244 5567 vitam,
1278 5514 1332 5557 et
1355 5502 1537 5558 relicta
1564 5504 1751 5559 militia
1772 5508 2011 5563 smculari

482 5675 500 5707 ⁸
538 5682 609 5727 Sic
633 5680 680 5727 in
709 5686 810 5728 Hss.
836 5686 887 5728 At
912 5680 1140 5728 iucodieil
1160 5691 1218 5727 us
1239 5679 1380 5727 editis
1402 5681 1624 5730 scribitur
1653 5681 1921 5733 I‘otit'mms.

1622 286 2138 344 CONFESSIONUH
2174 287 2234 343 8.
2276 288 2639 347 AL'GUSTINI

3648 304 3746 364 756

2162 402 2362 456 servire
2384 402 2477 457 tibi
2508 421 2520 457 :
2548 414 2702 459 erant
2732 407 2747 437 ³
2773 415 2950 461 autem
2971 422 3038 463 ex
3064 409 3145 465 eis
3165 426 3302 481 quos
3327 411 3509 469 dicunt
3531 425 3745 485 agentes

2160 490 2213 545 in
2241 491 2418 546 rebus.
2448 492 2597 551 Tunc
2622 496 2798 551 subito
2825 497 3060 569 repletus
3075 515 3260 557 amore
3283 515 3467 559 sancto
3483 515 3539 560 et
3562 505 3743 564 sobrio

2160 583 2383 652 pudore,
2433 587 2599 643 iratus
2625 589 2728 644 sibi
2754 591 2983 659 conjecit
3010 595 3192 649 oculos
3235 597 3284 650 in
3311 598 3563 664 amicum,
3593 608 3647 655 et
3670 603 3744 656 ait

2159 673 2232 729 illi
2263 691 2277 727 :
2309 674 2425 743 Dic,
2452 694 2622 747 quaso
2652 690 2716 744 te,
2762 681 2992 738 omnibus
3018 683 3127 739 istis
3153 685 3405 742 laboribus
3431 692 3616 744 nostris
3645 709 3740 762 qua

2155 764 2405 821 ambimus
2449 772 2748 838 pervenire?
2793 774 2915 842 quid
2961 777 3272 843 quwrinms?
3298 782 3443 849 cujus
3488 782 3559 835 rei
3589 799 3743 839 causa

2155 858 2431 914 militamus
2452 863 2478 916 .’
2516 861 2754 933 Majorne
2779 882 2886 920 esse
2920 870 3099 937 poterit
3116 886 3230 939 spes
3255 882 3425 926 nostra
3448 874 3500 927 in
3528 874 3740 943 inﬂatio,

2154 966 2305 1020 quam
2328 962 2379 1005 ut
2407 956 2555 1008 amici
2584 954 2915 1026 Imperatoris
2953 961 3153 1016 simus?
3186 961 3249 1016 Et
3269 964 3338 1018 ibi
3359 965 3483 1034 quid
3510 984 3611 1021 non
3636 968 3743 1037 fra-

2152 1040 2267 1108 gile,
2289 1043 2588 1115 plenumque
2612 1048 2848 1117 periculis
2864 1049 2891 1103 ?
2921 1049 2987 1103 Et
3013 1068 3102 1119 per
3128 1062 3248 1121 quot
3269 1056 3492 1124 pericula
3512 1062 3757 1126 perueni...

2153 1138 2235 1183 tur
2256 1132 2325 1185 ad
2346 1134 2587 1202 grandius
2604 1138 2877 1206 periculum
2894 1140 2921 1195 ?
2947 1140 3015 1193 Et
3037 1143 3237 1211 quando
3258 1145 3277 1174 ²
3304 1145 3430 1198 istuc
3449 1146 3577 1201 erit?
3601 1148 3744 1203 Ami-

2152 1236 2238 1274 cus
2272 1232 2439 1277 autent
2467 1222 2581 1291 Dei,
2606 1227 2650 1279 si
2677 1228 2895 1294 voluero,
2929 1247 3041 1284 ecce
3078 1249 3210 1285 nunc
3244 1234 3333 1303 fio.
3366 1234 3507 1288 Dixit
3533 1235 3657 1303 hoc,
3689 1248 3747 1293 et

2153 1312 2390 1368 turbidus
2433 1318 2779 1384 parturitioue
2809 1336 2959 1375 novae
2993 1323 3134 1389 vitm,
3167 1325 3398 1379 reddidit
3420 1327 3607 1381 oculos
3638 1344 3737 1398 pa-

2149 1405 2318 1473 ginis;
2348 1414 2402 1461 et
2440 1408 2667 1477 legebat,
2699 1421 2752 1465 et
2778 1414 3078 1469 mutabatur
3106 1416 3249 1472 intus
3274 1418 3362 1472 ubi
3392 1427 3448 1472 tu
3475 1418 3696 1475 videbas
3720 1462 3739 1487 ,

2149 1504 2203 1548 et
2227 1496 2517 1552 exuebatur
2536 1500 2732 1555 mundo
2754 1518 2901 1557 mens
2913 1506 3052 1572 ejus,
3076 1516 3132 1559 ut
3150 1522 3275 1561 mox
3298 1509 3561 1578 apparuit.
3577 1509 3744 1565 Nam-

2148 1600 2252 1655 que
2285 1586 2409 1642 dum
2437 1589 2563 1659 legit
2597 1599 2653 1646 et
2682 1594 2842 1648 volvit
2880 1594 3072 1651 ﬂuctus
3101 1599 3279 1654 cordis
3321 1603 3423 1662 sui,
3466 1602 3745 1659 infremuit

2148 1675 2431 1745 aliquando
2456 1690 2509 1735 et
2531 1681 2803 1747 discrevit,
2830 1685 3175 1758 decrevitque
3220 1692 3475 1757 meliora;
3515 1692 3741 1766 jamque

2149 1774 2292 1835 tuus,
2321 1772 2394 1826 ait
2437 1774 2607 1828 amico
2639 1791 2774 1830 suo:
2807 1776 2919 1848 Ego
2954 1780 3070 1848 jam
3106 1780 3285 1852 abrupi
3316 1800 3392 1836 me
3417 1784 3479 1837 ab
3520 1786 3613 1839 illa
3648 1803 3746 1856 ape

2147 1871 2341 1930 nostra,
2372 1874 2420 1918 et
2440 1864 2547 1919 Deo
2574 1870 2756 1923 servire
2779 1872 2932 1924 statui
2954 1890 2974 1939 ;
3003 1874 3163 1927 ethoc
3182 1892 3245 1928 ea:
3270 1876 3397 1930 liora
3423 1878 3539 1944 liae,
3568 1879 3622 1932 in
3643 1880 3743 1933 hoc

2147 1951 2257 2006 loco
2293 1957 2579 2025 aggredior.
2617 1958 2684 2012 Te
2711 1961 2756 2013 si
2782 1962 2915 2032 piget
2952 1964 3160 2029 imitari,
3192 1968 3296 2020 noli
3321 1970 3595 2023 adversari.
3628 1970 3742 2026 Re-

2146 2044 2361 2113 spondit
2407 2047 2514 2114 ille,
2564 2051 2838 2106 adhaerere
2879 2070 2937 2107 se
2980 2058 3182 2111 socium
3214 2058 3234 2089 ³
3269 2069 3431 2115 tantm
3473 2063 3746 2118 mercedis

2146 2142 2410 2205 tantisque
2438 2139 2661 2194 militiai.
2706 2142 2772 2196 Et
2801 2144 2959 2198 ambo
2984 2146 3095 2215 jam
3138 2148 3235 2213 tui,
3259 2150 3593 2207 zedilicalxtnt
3623 2164 3745 2209 tur-

2145 2226 2244 2280 rim
2276 2240 2488 2298 sumptu
2513 2232 2707 2289 idoneo
2729 2236 3060 2305 relinquendi
3083 2240 3259 2294 omnia
3284 2255 3380 2295 sua
3406 2250 3459 2296 et
3478 2244 3744 2313 sequendi

2146 2327 2196 2371 te
2225 2318 2371 2391 (Luc.
2402 2338 2515 2388 xiv,
2552 2324 2769 2399 26-55).
2800 2327 2935 2383 Tum
2960 2330 3292 2387 Pontilianus
3320 2343 3377 2389 et
3401 2337 3489 2404 qui
3520 2351 3641 2391 cum
3668 2353 3745 2395 eo

2146 2428 2241 2481 per
2266 2414 2395 2467 alias
2438 2417 2573 2471 horti
2608 2430 2785 2486 partes
2826 2422 3257 2491 deambulabam,
3297 2439 3601 2496 quaerentes
3642 2445 3741 2485 eos

2146 2503 2475 2560 devenerunt
2513 2509 2564 2562 in
2593 2511 2839 2564 eumdem
2873 2513 3069 2577 locum,
3097 2523 3150 2569 et
3180 2516 3511 2573 invenientes
3549 2519 3744 2575 admo-

2147 2606 2374 2650 nuerunt
2413 2607 2469 2651 ut
2509 2600 2768 2665 redirent,
2816 2604 2955 2671 quod
3001 2605 3319 2662 declinasset
3358 2608 3494 2664 dies.
3541 2609 3610 2664 At
3661 2611 3743 2665 illi

2147 2699 2360 2741 narrato
2394 2688 2588 2756 placito
2612 2701 2664 2745 et
2688 2695 2964 2761 proposito
2987 2710 3104 2759 suo,
3132 2712 3344 2767 quoque
3369 2698 3532 2755 modo
3566 2684 3619 2753 in
3655 2702 3742 2756 eis

2147 2777 2266 2831 talis
2290 2778 2534 2833 voluntas
2576 2790 2690 2835 orta
2721 2792 2863 2838 esset
2886 2796 3045 2855 atque
3073 2789 3300 2855 lirmata,
3328 2791 3639 2858 petiverunt
3662 2808 3745 2849 ne

2145 2868 2246 2922 sibi
2273 2871 2481 2924 molesti
2509 2882 2691 2927 essent
2732 2875 2774 2928 si
2806 2875 3019 2947 adjungi
3050 2888 3378 2935 recusarent.
3425 2879 3518 2935 Isti
3554 2891 3742 2939 autem

2146 2959 2311 3014 nihilo
2340 2964 2527 3016 mutati
2553 2980 2585 3018 a
2620 2966 2874 3034 pristinis,
2922 2968 3184 3023 ﬂeverunt
3210 2986 3269 3025 se
3315 2980 3514 3037 tamen,
3560 2980 3618 3029 ut
3655 2974 3747 3029 diu

2144 3055 2297 3106 cebat
2322 3053 2364 3115 ‘,
2390 3064 2550 3125 atque
2580 3057 2685 3112 illis
2712 3059 2796 3127 pie
2825 3062 3173 3129 congratulati
3200 3070 3345 3130 sunt,
3372 3073 3428 3118 et
3455 3080 3743 3123 commen-
3830 3087 3834 3092 '

2143 3142 2402 3199 daverunt
2439 3161 2497 3201 se
2542 3149 2869 3205 orationibus
2906 3167 3113 3219 eorum,
3144 3162 3198 3207 et
3239 3153 3512 3211 trahentes
3555 3172 3649 3213 cor
3679 3146 3747 3213 in.

2145 3244 2285 3289 terra
2327 3237 2573 3293 abierunt
2602 3240 2656 3293 in
2702 3241 2950 3309 palatium
2974 3259 2988 3306 ;
3028 3244 3103 3297 illi
3132 3253 3309 3303 autem
3336 3246 3613 3318 afligenles
3638 3264 3743 3306 cor

2143 3328 2279 3382 caelo
2305 3340 2615 3384 manserunt
2640 3332 2690 3385 in
2722 3348 2863 3387 casa.
2895 3335 2961 3388 Et
2984 3334 3144 3389 ambo
3170 3336 3435 3393 habebant
3460 3354 3690 3410 sponsas
3723 3360 3741 3402 :

2147 3435 2265 3486 qua:
2289 3430 2631 3491 posteaquam
2656 3423 2756 3479 hoc
2774 3426 3079 3494 audierunt,
3094 3428 3404 3489 dicavertuit
3422 3433 3580 3489 etiam
3600 3434 3744 3505 ipsae

2144 3509 2495 3579 virginitatem
2529 3513 2641 3568 tibi.

2742 3607 2971 3665 CAPUT
3009 3609 3124 3667 VII.

2459 3694 2750 3751 Rodebatur
2768 3699 2903 3754 intus
2920 3700 3095 3756 audita
3111 3700 3426 3761 Pontiliane.

2211 3805 2298 3860 l6.
2326 3806 2583 3862 Narrabat
2611 3807 2728 3863 haec
2749 3810 3083 3868 Pentitianus
3108 3832 3124 3867 :
3155 3824 3212 3869 tu
3237 3827 3438 3883 autem,
3479 3819 3732 3889 Domine,

2140 3899 2278 3954 inter
2306 3901 2465 3954 verba
2506 3901 2623 3969 ejus
2652 3905 2997 3973 retorquebas
3029 3922 3113 3962 me
3140 3908 3209 3962 ad
3250 3910 3536 3979 meipsnm,
3580 3912 3737 3968 aufev

2139 4006 2262 4045 rens
2291 4008 2378 4046 me
2408 4007 2439 4045 a
2470 3992 2630 4048 dorso
2653 4010 2777 4049 meo
2804 3997 2891 4051 ubi
2930 4012 3017 4052 me
3048 4014 3349 4068 posueram,
3376 4002 3503 4057 dum
3530 4005 3734 4061 nollem

2140 4095 2225 4133 me
2247 4081 2523 4137 attendere
2548 4099 2563 4144 ;
2592 4094 2647 4137 et
2670 4086 3031 4142 constituebas
3057 4104 3143 4144 me
3166 4100 3291 4145 ante
3310 4091 3501 4148 faciem
3524 4106 3731 4158 meam,

2137 4181 2193 4227 ut
2222 4170 2456 4227 viderem
2505 4188 2663 4243 quam
2711 4175 2878 4246 turpis
2925 4194 3122 4246 essem,
3172 4197 3333 4251 quam
3376 4184 3632 4240 distortus
3669 4197 3733 4242 et

2136 4262 2406 4330 sordidus,
2427 4264 2729 4322 maculosus
2752 4275 2807 4321 et
2826 4268 3119 4325 ulcerosus.
3149 4272 3222 4327 Et
3239 4274 3504 4341 videbam,
3518 4284 3573 4331 et
3601 4277 3731 4331 hor-

2136 4352 2314 4406 rebant
2341 4370 2353 4416 ;
2383 4363 2436 4408 et
2460 4369 2568 4424 quo
2593 4371 2624 4409 a
2651 4371 2738 4411 me
2765 4356 3004 4428 fugerem
3027 4377 3131 4416 non
3159 4374 3291 4419 erat.
3322 4364 3391 4419 Et
3416 4366 3462 4420 si
3488 4368 3732 4424 conabar

2131 4457 2161 4496 a
2193 4459 2277 4496 me
2302 4454 2546 4503 avertere
2565 4458 2862 4518 aspectum,
2893 4452 3147 4507 narrabat
3168 4454 3259 4509 ille
3282 4456 3423 4525 quod
3450 4458 3724 4527 narrabat,

2131 4544 2180 4591 et
2203 4542 2258 4588 tu
2289 4551 2375 4590 me
2401 4552 2583 4592 rursus
2605 4541 2913 4608 opponebas
2936 4542 3089 4611 mihi,
3119 4555 3175 4599 et
3199 4546 3526 4617 impingebas
3556 4565 3642 4604 me
3664 4551 3725 4606 in

2130 4625 2312 4679 oculos
2339 4642 2487 4682 meos
2521 4638 2577 4682 ut
2604 4630 2893 4686 invenirem
2926 4632 3255 4704 iniquitatem
3292 4654 3464 4693 meam
3489 4649 3543 4694 et
3568 4640 3721 4695 odis—

2129 4730 2261 4769 sem.
2294 4715 2559 4771 Noveram
2588 4734 2728 4788 eam,
2776 4721 2871 4776 sed
2896 4722 3331 4793 dissimulabam;
3363 4738 3417 4784 et
3460 4731 3722 4785 comiive-

2127 4808 2247 4863 bam
2275 4808 2316 4867 ⁸.
2345 4818 2400 4863 et
2424 4810 2792 4867 obliviscebar.

2198 4900 2285 4954 l7.
2317 4899 2467 4957 Tunc
2491 4917 2639 4969 vero,
2670 4914 2869 4974 quanto
2902 4906 3176 4963 ardentius
3212 4910 3459 4965 amabam
3498 4914 3615 4967 illos
3647 4914 3719 4968 de

2188 5080 2205 5111 ί
2240 5084 2351 5140 Am.
2365 5084 2439 5128 Er.
2463 5084 2596 5140 lov.,
2616 5085 2738 5133 erat.

2187 5141 2207 5171 ²
2240 5146 2289 5188 in
2308 5138 2558 5205 plerisque
2580 5138 2725 5205 ‘Edd.,
2754 5148 2799 5193 et
2817 5145 3067 5205 quamdiu.
3088 5155 3143 5198 At
3159 5149 3205 5196 in
3225 5148 3512 5201 melioribus
3536 5158 3642 5203 Mss.
3664 5159 3719 5204 et

2124 5200 2317 5276 Arn.,‘et
2339 5200 2548 5276 quando.
2564 5200 2792 5276 malumus
2808 5200 2863 5255 ut
2876 5208 3133 5276 antithesis
3145 5200 3390 5272 servetur,
3415 5200 3528 5276 quia
3556 5200 3713 5264 iis;

2120 5263 2530 5343 queriti‘inembro
2550 5264 2742 5343 dicitur,
2765 5280 2876 5343 ecce
2892 5281 3019 5343 mare
3034 5268 3184 5343 βοά-τ
3199 5279 3275 5323 Er.
3294 5263 3447 5343 Lugd:
3463 5284 3580 5327 \‘en.
3600 5263 3691 5329 Lor

2120 5322 2253 5389 Mart.
2269 5322 2381 5389 _t-‘lor
2403 5332 2454 5374 et
2471 5325 2636 5385 nond.,
2653 5322 2803 5389 istud,
2824 5342 2921 5379 non
2942 5322 3081 5383 istu'c.
3149 5342 3204 5384 Μ.

2186 5385 2205 5415 ³
2237 5385 2311 5434 sic
2334 5392 2436 5434 Mss.
2462 5385 2823 5446 AtLov.,socio.

2183 5446 2203 5510 ξ
2239 5446 2461 5510 necabat,
2479 5447 2617 5508 juxta
2649 5456 2823 5501 Somm.
2850 5460 2901 5503 et
2916 5453 3014 5504 duo
3033 5463 3134 5506 MSS.
3160 5463 3532 5510 Germanenses.
3599 5465 3653 5507 tu.

2181 5507 2344 5580 {tam
2380 5509 2429 5557 in
2452 5507 2656 5580 quatuor
2677 5514 2779 5580 suis
2799 5522 2901 5580 uss.
2922 5515 3154 5579 legebant
3192 5507 3532 5573 comitabatur
3556 5533 3643 5569 uos
3660 5521 3708 5569 in

2120 5570 2298 5645 nostris
2308 5570 2586 5645 reperimus
2616 5572 2943 5645 rmytibebam.
2962 5570 3287 5645 Sempesuam
3311 5570 3614 5645 iniquitatem

2118 5642 2227 5694 eum
2246 5630 2473 5688 habebat.
2492 5634 2796 5691 convivehat,
2823 5645 2873 5685 et
2895 5646 3057 5688 tamen
3079 5630 3477 5694 oliliviseeliat‘ur.
3490 5630 3553 5680 7-7-
3571 5641 3705 5694 (dde

2121 5691 2305 5744 brbum,
2326 5694 2462 5752 juxta
2483 5694 2743 5743 editionem
2771 5698 3105 5749 llorentinam.
3175 5712 3229 5751 at.
