4078 6366
317 338 422 396 787

318 455 509 527 quibus
535 447 811 504 audiebam
850 440 1093 498 salubres
1122 435 1362 495 adiectus,
1387 429 1528 501 quod
1556 443 1614 483 se
1643 435 1781 481 totos
1808 423 1901 476 tibi

317 524 582 600 sanandos
610 538 903 599 dederant,
933 536 1079 587 tanto
1106 524 1482 583 exsecrabilius
1510 533 1598 575 me
1624 527 1905 585 compara-

319 648 431 691 tum
457 635 536 690 eis
564 632 805 686 oderam.
834 623 1096 694 Quoniam
1126 618 1278 673 multi
1309 614 1413 669 mei
1443 612 1567 666 anni
1595 622 1800 664 mecum
1828 603 1908 659 ef-

318 730 603 785 fluxerant,
631 723 766 775 forte
808 715 1087 773 duodecim
1114 710 1238 766 anni
1275 725 1341 763 ex
1367 704 1577 785 quoab
1624 697 1910 768 undevige-

319 821 457 874 simo
502 828 646 870 anno
691 810 864 866 relatis
913 820 1065 870 mete,
1099 803 1239 858 lecto
1274 796 1544 852 Ciceronis
1583 788 1864 847 Hortensio
1890 827 1904 849 ,

321 912 583 967 excitatus
621 919 767 960 eram
796 900 972 957 studio
1000 895 1303 966 sapientiae;
1350 899 1404 946 et
1431 886 1737 943 differebam
1776 897 1907 937 eon-

321 1010 521 1072 tempta
539 997 789 1054 felicitate
809 1002 1018 1048 terrena
1034 988 1101 1042 ad
1118 1002 1235 1042 eam
1259 978 1675 1051 investigandum
1697 989 1907 1038 vacare,

318 1096 473 1166 cujus
496 1108 602 1148 non
630 1087 899 1151 inventio,
910 1082 1106 1139 sedvel
1127 1079 1249 1135 sola.
1269 1074 1538 1146 inquisitio
1560 1072 1667 1141 jam
1696 1082 1909 1141 praepo-

322 1186 636 1244 nendaerat
656 1182 814 1237 etiam
836 1175 1061 1232 inventis
1077 1170 1339 1227 thesauris
1358 1167 1638 1237 regnisque
1652 1161 1907 1233 gentium,

323 1290 378 1336 et
404 1278 472 1334 ad
501 1286 689 1333 nutum
718 1265 1210 1326 circumfluentibus
1249 1259 1489 1329 corporis
1532 1251 1907 1324 voluptatibus.

323 1375 395 1428 At
438 1386 537 1440 ego
576 1366 887 1422 adolescens
932 1361 1118 1424 miser,
1167 1353 1319 1409 valde
1362 1352 1547 1413 miser,
1604 1349 1656 1401 itt
1693 1343 1913 1400 exordio

323 1464 490 1534 ipsius
514 1456 885 1515 adolescentia:
916 1454 1072 1507 etiam
1097 1448 1351 1517 petieram
1381 1459 1410 1496 a
1443 1450 1494 1496 te
1520 1442 1838 1501 castitatem,
1860 1442 1915 1489 et

323 1523 563 1607 dixeram
598 1565 611 1602 :
648 1549 723 1601 Da
766 1543 896 1599 mihi
939 1540 1233 1595 castitatem
1282 1544 1337 1589 et
1377 1529 1778 1589 continentiam,
1818 1523 1926 1580 sed

326 1640 433 1703 noli
466 1644 644 1699 modo.
696 1638 971 1695 Timebam
1013 1634 1155 1688 enim
1195 1646 1261 1684 ne
1291 1643 1376 1682 me
1402 1627 1507 1681 eito
1536 1620 1835 1679 exaudires,
1861 1625 1917 1671 et

325 1740 433 1794 cito
462 1749 680 1792 sanares
705 1747 739 1785 ar
761 1728 946 1784 morbo
972 1720 1436 1792 concupiscentiae,
1468 1728 1626 1785 quant
1653 1709 1913 1766 malebam

326 1828 528 1899 expleri
575 1838 734 1895 quam
781 1816 1065 1887 exstingui.
1113 1814 1180 1868 Et
1225 1813 1388 1866 ieram
1432 1822 1529 1878 per
1571 1805 1683 1858 vias
1726 1814 1928 1872 pravas

326 1917 705 1990 superstitione
733 1912 1009 1980 sacrilega,
1038 1922 1143 1962 non
1173 1903 1386 1975 quidem
1417 1906 1597 1955 certus
1626 1897 1680 1949 in
1710 1910 1794 1960 ea,
1823 1891 1916 1946 sed

326 2010 482 2084 quasi
523 2021 839 2079 prmponens
869 2018 985 2058 eam
1015 1998 1222 2055 caeteris
1243 1998 1283 2063 ⁸,
1313 2008 1431 2065 qua:
1461 2006 1565 2046 non
1596 1990 1683 2059 pie
1708 1999 1918 2057 quan-e-

329 2107 474 2170 bant,
502 2102 595 2157 sed
625 2100 838 2154 inimice
857 2093 1245 2165 oppugnabam.
1437 2159 1449 2169 .

401 2168 491 2254 18.
527 2197 590 2250 Et
625 2204 928 2264 putaveram
969 2203 1053 2241 me
1083 2194 1373 2254 propterea
1399 2168 1614 2232 differre
1645 2172 1712 2228 de
1750 2170 1838 2225 die
1867 2168 1918 2223 in

330 2292 473 2347 diem
500 2294 804 2355 contempta
833 2297 926 2351 spe
951 2277 1161 2336 saeculi,
1191 2284 1243 2329 te
1271 2272 1439 2327 solum
1465 2266 1641 2338 sequi,
1665 2264 1787 2334 quia
1817 2278 1919 2316 non

332 2381 465 2437 milii
493 2378 781 2450 apparebat
810 2382 1013 2429 certum
1043 2366 1238 2439 aliquid
1269 2378 1381 2435 quo
1398 2361 1680 2430 dirigeretn
1709 2370 1921 2410 cursum

332 2449 537 2528 meum.
551 2470 617 2524 Et
633 2474 857 2522 venerat:
872 2464 984 2518 dies
1006 2476 1111 2531 quo
1126 2458 1358 2513 nudarer
1378 2451 1528 2516 mihi,
1552 2460 1603 2503 et
1627 2449 1933 2515 increparet

333 2565 388 2617 in
436 2576 522 2615 tne
561 2555 883 2613 conscientia
928 2567 1049 2607 mea
1079 2568 1091 2603 :
1121 2549 1220 2604 Ubi
1253 2546 1379 2599 est‘
1398 2540 1612 2612 lingua?
1642 2538 1841 2606 Nempe
1868 2544 1923 2589 tu

333 2652 551 2708 dicebas
574 2655 790 2720 propter
820 2647 1077 2701 incertum
1102 2654 1286 2694 verum
1312 2634 1455 2689 nolle
1476 2644 1528 2687 te
1550 2631 1790 2699 abjieere
1814 2643 1935 2680 sar--

334 2744 509 2797 cinam
535 2718 805 2795 vanitatis.
840 2738 977 2791 Ecce
1000 2734 1111 2805 jam
1141 2739 1345 2786 certum
1380 2734 1493 2789 est,
1538 2734 1592 2777 et
1633 2722 1719 2776 illa
1752 2727 1805 2773 te
1829 2718 1926 2772 ad-

338 2835 445 2886 huc
463 2829 678 2901 premit,
703 2826 1043 2894 humerisque
1060 2819 1401 2876 liberioribus
1420 2827 1624 2885 pennas
1643 2810 1925 2879 recipiunt,

336 2926 428 2992 qui
456 2900 628 2990 neque
656 2919 728 2973 ita
757 2914 1072 2986 inquirendo
1098 2911 1262 2965 attriti
1291 2914 1433 2969 sunt,
1462 2918 1563 2958 nec
1589 2900 1849 2957 decettnio
1876 2907 1929 2953 et

337 3014 564 3084 amplius
592 3013 691 3067 ista
719 3008 979 3065 meditati.
1010 3006 1093 3061 Ita.
1114 3002 1339 3057 rodebar
1366 3001 1529 3062 intus,
1552 2992 1929 3050 et-coufunde-

337 3108 434 3161 bar
456 3106 655 3177 pudore
674 3100 911 3157 horribili
935 3100 1297 3159 vehementer,
1321 3107 1442 3148 cum
1462 3088 1791 3144 Pontitianus
1807 3085 1931 3138 talia

338 3200 668 3270 loqueretur.
695 3195 1004 3251 Tcrminato
1032 3199 1209 3245 autem
1241 3199 1489 3241 sermone
1528 3191 1582 3236 et
1626 3193 1785 3235 causa
1829 3191 1931 3246 qua

342 3266 584 3356 venerat,
613 3288 741 3342 abiit
769 3286 876 3340 ille.
904 3284 972 3337 Et
990 3296 1089 3351 ego
1115 3279 1181 3333 ad
1207 3293 1314 3344 me,
1338 3292 1454 3345 qua:
1481 3288 1584 3327 non
1610 3271 1662 3325 in
1684 3283 1769 3323 me
1789 3266 1933 3321 dixi?

242 3424 249 3439 .
341 3384 545 3453 Quibus
566 3380 947 3437 sententiarum
969 3372 1279 3430 verberibus
1296 3385 1400 3423 non
1425 3364 1681 3436 flagellari
1702 3362 1930 3415 animant

342 3490 540 3539 meatu,
569 3482 628 3527 ttt
654 3464 968 3540 sequeretur
990 3481 1078 3520 me
1096 3467 1525 3529 conantem-post
1551 3468 1602 3511 te
1626 3456 1739 3510 ire?
1760 3455 1825 3509 Et
1851 3470 1933 3507 re-

344 3564 613 3621 nitebatur
626 3562 647 3595 ³
668 3577 683 3625 ;
705 3559 1004 3623 recusabat,
1022 3564 1075 3613 et
1095 3570 1199 3609 non
1216 3568 1274 3608 se
1290 3550 1592 3605 excusabat.
1611 3546 1934 3613 Consumpta

345 3667 497 3713 erant
523 3654 843 3711 etvconvicta
864 3657 1172 3721 argumenta
1196 3646 1373 3700 omnia
1400 3660 1413 3697 :
1437 3647 1765 3696 remanserat
1790 3645 1935 3691 muta

347 3749 665 3819 trepidatio;
698 3757 753 3802 et
787 3744 938 3814 quasi
968 3750 1193 3797 mortem
1224 3734 1605 3793 reformidabat
1631 3730 1879 3800 restriugi
1906 3744 1934 3782 a

349 3841 491 3896 fluxu
525 3836 925 3893 consuetudinis
956 3849 1060 3903 quo
1090 3830 1397 3886 tabescebat
1426 3827 1478 3881 in
1509 3833 1757 3879 mortem.

952 3946 1178 4004 CAPUT
1220 3944 1352 3998 VIII.

685 4043 752 4097 In
781 4043 978 4094 hortum
1005 4038 1214 4102 secedit,
1241 4034 1361 4103 quid
1388 4033 1455 4086 ibi
1483 4030 1654 4104 egerit.

425 4148 513 4202 19.
541 4145 674 4199 Tum
707 4144 757 4197 in
786 4142 872 4195 illa
900 4139 1084 4210 grandi
1113 4137 1225 4190 rixa
1254 4133 1522 4189 interioris
1545 4130 1733 4185 domus
1768 4144 1901 4182 mea:
1921 4167 1934 4191 ,

350 4256 510 4311 quam
534 4238 739 4293 fortiter
760 4235 1110 4290 excitaverant
1133 4245 1253 4285 cunt
1275 4227 1449 4281 anima
1476 4240 1592 4280 utea
1622 4222 1940 4278 in‘cubiculo

355 4339 543 4385 nostro
571 4326 731 4382 corde
760 4340 879 4379 tneo
900 4366 913 4383 .
946 4331 1049 4376 tant
1083 4321 1224 4374 vultu
1267 4332 1423 4384 quant
1459 4324 1639 4370 mente
1669 4314 1951 4378 turbatus,

348 4422 545 4479 invado
569 4421 846 4492 Alypium,
872 4425 927 4471 et
951 4414 1190 4470 exclamo
1214 4431 1226 4466 :
1257 4410 1393 4479 Quid
1420 4406 1681 4478 patimur?
1705 4405 1828 4476 qttid
1861 4412 1943 4459 est

355 4516 492 4569 hoc?
519 4512 645 4583 quid
674 4509 906 4565 audisti?
929 4508 1162 4576 Surgunt
1191 4501 1388 4557 indocti
1412 4510 1464 4554 et
1486 4500 1681 4554 cmlum
1700 4497 1940 4566 rapiunt;

352 4616 407 4662 et
436 4621 535 4660 nos
564 4600 973 4658 cumdoctrinis
1000 4597 1197 4652 nostris
1223 4596 1339 4650 sine
1362 4591 1553 4655 corde,
1587 4606 1711 4647 ecce
1738 4589 1824 4642 ubi
1854 4603 1945 4641 vo-

354 4699 587 4753 lutantur
617 4696 668 4748 in
712 4708 872 4748 carne
892 4700 947 4745 et
969 4686 1264 4758 sanguine?
1284 4685 1368 4740 An
1387 4684 1505 4754 quia
1535 4688 1942 4752 prsccessernut,

355 4787 520 4858 pudet
561 4784 745 4857 sequi,
785 4792 840 4838 et
886 4796 991 4835 non
1036 4778 1197 4850 pudet
1242 4791 1342 4831 nec
1382 4774 1572 4829 saltem
1618 4770 1946 4843 sequi?Dixi

356 4881 539 4937 nescio
563 4896 682 4952 qua:
710 4878 831 4935 talia
852 4918 867 4943 ,
894 4885 949 4931 et
972 4873 1202 4942 abripuit
1240 4886 1324 4925 me
1353 4868 1421 4922 ab
1452 4867 1542 4920 illo
1570 4875 1732 4920 aestus
1758 4879 1910 4920 mens
1928 4905 1943 4929 ,

356 4988 478 5027 cum
508 4979 707 5027 taceret
746 4967 1001 5023 attonitus
1038 4964 1249 5019 intuens
1281 4976 1387 5017 me.
1411 4958 1595 5029 Neque
1617 4957 1761 5014 enim
1791 4955 1957 5010 solita

355 5062 637 5127 sonabam,
669 5061 893 5132 plusque
920 5054 1269 5128 loquebantur
1296 5052 1531 5106 animum
1562 5047 1946 5111 meumfrous,

361 5171 542 5227 genas,
569 5154 705 5208 oeuli
727 5194 745 5220 ,
788 5151 959 5213 color,
1007 5147 1195 5203 modus
1228 5143 1407 5207 vocis,
1438 5155 1598 5212 quam
1634 5140 1793 5195 verba
1830 5154 1950 5209 quae

363 5246 695 5327 promebam.
727 5242 983 5299 llortulus
1006 5238 1218 5310 quidam
1249 5243 1364 5291 erat
1390 5226 1604 5303 hospitii
1634 5231 1821 5295 nostri,
1843 5246 1954 5301 quo

1684 309 1891 366 [LIBER
1922 302 2257 362 OCTAVUS.

2012 432 2217 473 mecum
2244 430 2525 487 aggressus
2549 428 2699 471 eram
2715 453 2730 477 ,
2758 411 2929 467 donec
2954 412 3125 467 exiret
3147 427 3250 483 qua
3279 422 3331 467 tu
3354 414 3597 479 sciebas;

2010 524 2110 580 ego
2139 512 2316 563 autem
2338 523 2441 563 non
2462 508 2480 539 ί
2512 524 2525 561 :
2556 505 2649 560 sed
2678 513 2880 560 tantum
2904 503 3230 559 iusaniebam
3250 507 3272 539 '
3291 505 3618 573 salubriter,

2012 612 2066 656 et
2094 602 2359 656 moriebar
2379 600 2626 666 vitaliter,
2645 614 2839 670 gnarus
2860 597 2987 669 quid
3006 597 3132 652 mali
3156 612 3355 663 essem,
3376 607 3431 653 ει
3452 598 3601 667 igua-

2013 707 2104 747 rus
2130 691 2257 762 quid
2281 692 2408 746 boni
2438 702 2555 760 post
2579 690 2848 761 paululum
2890 688 3097 744 futurus
3120 703 3317 744 essem.
3348 688 3599 744 Abseesst

2013 800 2142 856 ergo
2168 786 2218 839 in
2250 785 2567 851 Ιιοιυιιιηινει
2596 784 2816 856 Alypius
2843 781 2977 853 pede
3000 791 3118 853 post
3141 782 3328 852 pedem
3345 782 3388 835 ⁸.
3417 782 3601 852 Neque

2013 879 2155 933 enim
2184 888 2449 933 secretum
2491 891 2667 931 meum
2696 891 2800 930 non
2833 884 2982 939 erat,
3016 875 3103 929 ttbi
3140 875 3241 930 ille
3256 874 3480 929 aderat:
3508 890 3602 931 aut

2014 969 2229 1040 quando
2272 984 2361 1024 me
2399 969 2477 1023 sic
2517 968 2762 1023 affectum
2804 966 3114 1022 desereret?
3141 965 3601 1035 Sedintus,-quau.

2018 1069 2128 1115 tum
2156 1060 2421 1129 potuimus
2451 1059 2640 1113 remoti
2668 1058 2737 1113 ab
2762 1057 2983 1113 aedibus.
3010 1057 3127 1127 Ego
3163 1055 3456 1111 fremebant
3487 1064 3603 1125 spt-

2018 1152 2123 1206 rittt
2170 1150 2450 1220 indignans
2502 1148 2955 1205 turbulentissima
3004 1147 3405 1219 indignatione.
3459 1155 3601 1217 quod

2018 1257 2122 1297 non
2149 1243 2281 1297 irem
2306 1243 2359 1296 in
2383 1242 2632 1312 placitqu
2653 1249 2708 1296 et
2729 1248 2940 1310 pactum
2968 1248 3164 1303 tecum,
3188 1239 3329 1294 Deus
3353 1241 3603 1299 tttctts.-in

2017 1332 2159 1403 quod
2183 1332 2414 1388 eundum
2440 1347 2561 1387 esse
2588 1331 2765 1385 omnia
2790 1344 2915 1386 ossa
2950 1345 3068 1385 mea
3099 1330 3394 1385 clamabant
3415 1369 3433 1393 ,
3463 1340 3519 1383 ct
3550 1330 3603 1384 in

2019 1425 2213 1480 coelum
2243 1423 2495 1479 tollebant
2517 1423 2759 1478 laudibus
2789 1441 2802 1477 :
2826 1431 2881 1478 et
2906 1437 3011 1478 non
3034 1422 3165 1477 illuc
3186 1423 3361 1477 ibatur
3381 1423 3605 1478 navibus

2020 1529 2110 1571 aut
2136 1517 2426 1587 quadrigis,
2455 1524 2546 1570 aut
2574 1516 2819 1586 pedibus,
2848 1524 3103 1586 quantum
3134 1516 3321 1570 saltem
3346 1514 3416 1571 de
3443 1516 3633 1571 doma

2022 1608 2089 1662 ini
2102 1623 2222 1662 eum
2255 1607 2431 1661 locum
2454 1607 2639 1668 ieram,
2662 1606 2753 1661 ubi
2778 1605 3115 1661 sedebamus.
3144 1605 3275 1660 Nam
3299 1620 3405 1661 non
3432 1608 3621 1661 solum»

2023 1699 2136 1764 ire,
2168 1714 2352 1753 verum
2401 1699 2562 1753 etiam
2615 1698 2892 1768 pervenire
2937 1699 3088 1763 illuc,
3135 1699 3285 1753 nihil:
3307 1709 3423 1754 erat
3460 1700 3633 1755 aliudea

2023 1808 2179 1863 quam
2210 1794 2345 1847 velle
2374 1793 2473 1856 ire,
2503 1792 2595 1846 sed
2626 1792 2767 1847 velle
2795 1790 3003 1845 fortiter
3025 1800 3081 1845 et
3109 1792 3347 1862 integre;
3376 1808 3483 1847 non
3517 1808 3609 1848 se-

2024 1886 2333 1941 misauciam
2366 1885 2465 1939 hac
2503 1893 2663 1953 atque
2693 1883 2792 1938 hac
2816 1897 3032 1937 versare
3060 1893 3115 1938 et
3141 1882 3340 1953 jactare
3368 1882 3614 1938 volunta-

2025 1988 2152 2043 tem,
2186 1985 2335 2048 parte
2360 1984 2672 2047 assurgente
2699 1990 2819 2031 cum
2846 1974 2946 2029 alia
2972 1983 3125 2044 parte
3150 1973 3375 2031 cadente
3403 1974 3613 2030 luctan-

2028 2080 2133 2126 tem
2154 2076 2198 2123 ⁵.
3632 2078 3633 2081 η

2093 2161 2184 2217 20-.
2231 2160 2466 2231 Denique
2492 2159 2793 2215 tammulta
2825 2157 3083 2215 faciebam
3121 2172 3347 2227 corpore
3386 2157 3640 2228 in~lpslse

2025 2252 2378 2309 cunctationis
2401 2252 2784 2320 testibus,qu
2809 2249 3095 2319 aliquando
3122 2249 3308 2307 volunt
3324 2249 3577 2306 homines
3593 2292 3612 2313 .

2026 2352 2083 2399 et
2105 2359 2212 2399 non
2240 2344 2449 2407 valent,
2478 2343 2525 2401 si
2546 2350 2641 2397 aut
2671 2341 2785 2409 ipsa
2820 2340 3059 2395 membra
3089 2340 3458 2397 nontbabeant
3477 2382 3494 2409 ,
3523 2352 3619 2397 ιιιιι

2028 2451 2088 2490 ea
2120 2436 2203 2491 vel
2237 2435 2481 2505 colligata
2522 2434 2778 2499 vinculis,
2807 2432 2894 2487 vel
2922 2431 3156 2486 resoluta
3198 2432 3486 2503 languore,
3528 2434 3639 2491 veli

2029 2543 2246 2597 quoquo
2270 2528 2430 2581 modo
2457 2526 2707 2597 impedita
2736 2527 2861 2581 sint.
2890 2526 2947 2582 Si
2972 2526 3110 2582 vulsi
3134 2527 3405 2596 capillum.
3430 2528 3475 2582 si
3498 2543 3620 2599 pcr-

2031 2618 2173 2671 cussi
2214 2616 2440 2672 frontem
2466 2658 2493 2683 ,.
2522 2617 2566 2671 si
2604 2618 2865 2671 consertis
2900 2616 3079 2687 digitis
3116 2618 3456 2686 amplexatus
3499 2634 3637 2675 sum

2031 2723 2204 2778 genu;
2233 2709 2352 2778 quia
2382 2708 2559 2771 volui,
2590 2707 2711 2762 feci.
2744 2708 2896 2763 Potui
2934 2718 3110 2764 autem
3138 2710 3276 2765 velle
3311 2721 3362 2764 et
3404 2725 3509 2764 non
3536 2710 3620 2764 fa.-

2032 2816 2191 2866 eere,
2236 2800 2281 2854 si
2336 2800 2601 2856 mobilitas
2649 2800 3009 2856 membrorum
3060 2816 3167 2856 nou
3214 2801 3621 2870 obsequantur»

2035 2891 2164 2945 Tam
2204 2890 2371 2947 multa
2415 2906 2542 2961 ergo
2584 2890 2718 2953 feei,
2750 2891 2840 2945 ubi
2884 2905 2987 2946 non
3030 2889 3134 2945 hoc
3171 2900 3289 2947 erat
3316 2892 3452 2947 velle
3478 2893 3639 2962 quod?

2036 2996 2232 3052 posse:
2256 2990 2312 3037 et
2340 2996 2444 3036 non
2472 2982 2727 3037 faciebam
2754 2981 2897 3051 quod
2921 2990 2977 3037 et
3006 2982 3405 3051 inomnparabili
3430 2983 3624 3040 alecto

2034 3074 2263 3143 amplius
2304 3072 2437 3128 mihi
2477 3072 2753 3141 placebat,
2794 3080 2849 3127 et
2885 3086 3010 3127 mox
3044 3082 3096 3125 ut
3123 3072 3346 3138 Vellem,
3375 3086 3622 3143 possem;

2036 3166 2160 3236 quia
2187 3180 2315 3220 mox
2340 3173 2398 3219 ut
2430 3164 2651 3228 vellem,
2678 3164 2865 3232 utique
2891 3163 3104 3219 vellem.
3128 3164 3203 3219 lbi
3229 3165 3372 3220 etum
3404 3165 3627 3222 facultas

2037 3273 2099 3313 ea
2126 3274 2244 3327 qua:
2270 3257 2550 3320 voluntas,
2583 3265 2637 3311 et
2674 3256 2847 3324 ipsum
2886 3255 3025 3310 velle
3047 3255 3159 3323 jam
3190 3254 3365 3311 facere
3391 3265 3539 3322 erat;
3571 3267 3628 3315 et

2040 3358 2214 3402 tamen
2258 3361 2367 3403 non
2412 3345 2574 3401 fiebat
2607 3362 2620 3398 :
2650 3344 2969 3414 faciliusque
2992 3344 3390 3414 obtemperabat
3430 3361 3627 3416 corpus

2040 3436 2367 3494 tenuissimae
2409 3434 2681 3489 voluntati
2712 3435 2904 3489 animat
2927 3474 2943 3499 ,
2995 3442 3054 3489 nt
3092 3434 3160 3489 ad
3204 3443 3387 3489 nutum
3426 3437 3626 3491 mentis

2040 3528 2277 3584 membra
2303 3536 2662 3588 moverentur,
2694 3539 2851 3594 (tuam
2879 3524 2992 3595 ipsa
3020 3524 3124 3581 sibi
3146 3526 3323 3580 anima
3338 3525 3411 3582 ad
3441 3527 3629 3581 volun-

2042 3627 2203 3675 tatem
2229 3634 2383 3674 suatu
2400 3618 2422 3650 ⁵
2444 3631 2692 3687 magttatn
2720 3617 2772 3670 iu
2800 3616 2912 3670 sola
2940 3615 3206 3672 voluntate
3227 3616 3628 3686 perliciendum.

2682 3728 2911 3783 CAPUT.
2948 3727 3039 3783 ιχ.
3240 3792 3243 3793 ν

2205 3822 2353 3878 Unde
2377 3823 2434 3891 ﬁt
2450 3830 2511 3875 ut
2535 3822 2732 3875 annuus
2757 3822 2966 3891 imperet
2993 3820 3088 3875 sibi
3108 3829 3156 3875 et
3178 3822 3467 3876 resistatur.

2110 3938 2202 3992 21.
2245 3936 2398 3992 Unde
2437 3935 2541 3990 hoc
2567 3936 2981 3990 monstrum?et
3010 3946 3176 4004 quare
3218 3935 3395 3990 istud?
3432 3934 3631 3990 Luceat

2043 4028 2405 4084 misericordia
2432 4038 2516 4081 tua
2537 4036 2629 4093 ;.ct
2657 4027 2999 4097 interrogem,
3018 4028 3062 4082 si
3086 4026 3220 4082 forte
3247 4026 3375 4081 mihi
3406 4043 3631 4098 respon-

2042 4120 2173 4175 dere
2198 4119 2403 4190 possint
2430 4118 2645 4173 latebra:
2672 4133 2946 4187 poenarum
2980 4118 3275 4181 hominum,
3306 4127 3361 4173 et
3388 4119 3653 4174 tenebro-'

2045 4213 2271 4268 sissinne
2310 4212 2656 4267 contritiones
2685 4210 2910 4264 filiorum
2946 4210 3136 4264 Adam.
3166 4210 3318 4266 Unde
3349 4211 3449 4266 hoc
3475 4226 3631 4268 mon-

2046 4307 2255 4361 strnm?
2294 4315 2349 4361 et
2387 4321 2550 4376 quare
2592 4304 2768 4359 istud?
2804 4302 3037 4372 Imperat
3068 4319 3276 4358 animus
3303 4305 3545 4377 corpori,
3578 4302 3635 4360 et

2047 4411 2262 4470 paretur
2300 4399 2510 4462 statim;
2565 4398 2790 4466 impetat
2833 4397 3044 4449 animus
3091 4394 3191 4449 sibi
3242 4406 3293 4450 et
3346 4396 3631 4451 resistitur.

2049 4491 2277 4561 Imperat
2298 4489 2507 4542 animus
2532 4496 2589 4541 ut
2613 4495 2887 4541 moveatur
2910 4502 3113 4552 manus,
3144 4495 3198 4541 et
3226 4495 3366 4541 tanta
3397 4497 3478 4542 est
3500 4487 3636 4541 faci-

2048 4586 2170 4640 litas
2196 4593 2253 4639 ut
2280 4585 2367 4636 vix
2392 4598 2423 4635 a
2452 4582 2669 4636 servitio
2704 4580 3038 4636 discernatur
3079 4580 3358 4649 imperium
3390 4596 3403 4633 :
3432 4590 3485 4634 et
3519 4580 3638 4633 ani-

2050 4692 2170 4731 mus
2209 4674 2417 4728 animus
2460 4682 2575 4737 est,
2607 4687 2799 4727 manus
2834 4684 3011 4727 autem
3056 4688 3249 4742 corpus
3278 4681 3379 4728 est.
3411 4671 3644 4742 Imperat

2051 4769 2260 4821 animus
2288 4773 2346 4819 ut
2373 4764 2497 4818 velit
2518 4763 2747 4831 animus,
2769 4778 2866 4818 nec
2886 4764 3019 4818 alter
3037 4772 3140 4828 est,
3172 4776 3269 4817 nec
3291 4762 3413 4817 facit
3435 4771 3636 4817 tamen.

2055 4859 2208 4916 Unde
2250 4857 2350 4913 hoc
2391 4856 2729 4912 monstrum?
2769 4865 2823 4911 et
2860 4871 3025 4925 quare
3061 4855 3235 4910 istud?
3272 4857 3533 4924 Imperat,
3558 4855 3639 4910 in-

2117 5018 2137 5051 ί
2159 5024 2259 5067 Non
2274 5013 2515 5076 sciebam,
2529 5015 2669 5076 juxta
2685 5019 2759 5061 Er.
2780 5013 2929 5076 Lugd.
2948 5018 3068 5062 ven.
3103 5018 3159 5060 ιι.

2114 5081 2204 5128 ἰα
2240 5071 2591 5138 amabam.
2628 5081 2711 5125 Er.
2742 5071 2890 5138 Lugd.
2920 5082 3038 5123 ven.
3074 5080 3183 5123 ιον.
3215 5080 3390 5124 Sonam.
3422 5071 3548 5123 Flor.
3584 5082 3639 5124 et

2054 5141 2220 5200 noud.,
2236 5137 2547 5190 insuniebam.
2568 5144 2624 5185 at.

2118 5195 2228 5295 :sic
2244 5201 2509 5263 legendum
2521 5200 2659 5261 juxta
2673 5205 2777 5247 Mss.
2809 5196 2945 5258 [Editi
2969 5210 3091 5247 vero
3115 5196 3292 5246 Pedem
3302 5200 3410 5267 post
3427 5195 3641 5309 ριειιειηὶί

2159 5263 2564 5309 νειιιδωωοὼά
2587 5266 2729 5309 parte
2750 5263 3098 5309 assuraentem:
3120 5271 3232 5309 cum
3251 5256 3350 5307 alia
3369 5264 3504 5309 parte
3521 5257 3590 5309 ali
3629 5257 3641 5267 ’

2159 5256 2729 5323 νεωὲωωονιιῖςριιαι-ιε
2750 5256 3098 5323 assurgentem;
3120 5271 3232 5309 cum
3251 5256 3350 5307 alia
3368 5256 3504 5321 parte
3521 5256 3641 5309 alibi

362 5356 465 5398 nos
494 5322 777 5394 utebamur
816 5336 955 5390 sicut
992 5343 1113 5386 tota.
1138 5330 1298 5384 domo
1322 5345 1336 5382 :
1362 5341 1484 5381 nam
1512 5324 1708 5393 hospes
1738 5321 1810 5378 ibi
1845 5338 1951 5378 non
2047 5323 2531 5398 jacentecadentent,
2564 5318 3135 5398 luctantem.‘Allgl..duO,
3158 5323 3291 5384 parte
3320 5318 3642 5398 «assurgentem

367 5429 644 5487 habitabat
668 5425 923 5483 dominus
940 5422 1151 5477 domus.
1177 5418 1304 5473 Illuc
1332 5431 1421 5471 me
1446 5415 1738 5470 abstulerat
1762 5413 1952 5468 tumul-

364 5531 452 5576 tus
475 5518 729 5592 pectoris,
750 5516 836 5571 ubi
860 5529 1016 5569 nemo
1037 5509 1317 5581 impediret
1336 5505 1610 5561 ardentem
1630 5503 1773 5559 litem
1794 5517 1952 5576 quam

426 5658 450 5689 ί
467 5660 544 5704 Ir.
566 5666 677 5703 cum
695 5664 795 5701 uno
814 5659 944 5708 Mss,
979 5644 1140 5698 certis.

430 5721 451 5751 ¹
471 5725 548 5775 Es,
562 5717 789 5779 juxtaﬁr.
806 5713 951 5779 Lugd.
972 5718 1079 5760 ιον.
1100 5716 1229 5779 Mart.
1264 5714 1318 5755 at.

434 5781 455 5811 ³
471 5764 580 5828 iiii?
599 5764 755 5841 Ατιᾳιη
774 5764 1063 5826 remittemur
1085 5785 1099 5833 ;
1133 5771 1229 5831 alii,
1263 5764 1569 5819 renitebatur.

2058 5372 2582 5459 ἓέάίι-ὲέιίά-ἐῖηενιὲτῐι
2967 5458 2973 5459 ,
2987 5372 3214 5459 δειξωῖῐίτ·
3233 5381 3382 5459 lese
3400 5372 3519 5459 νεὲῖι·
3539 5382 3643 5459 Mi-

2058 5394 2295 5459 cionem.
2314 5411 2378 5422 —-
2393 5394 2582 5435 Partem
2599 5394 2923 5446 assio-9mm
2940 5419 2954 5443 ,
2987 5394 3125 5444 iuxta
3142 5394 3214 5431 ur.
3233 5394 3248 5429 I
3331 5394 3382 5431 α.

2058 5446 2425 5561 ἔιδοιτιῗὶειιιὶιιε
2454 5446 2577 5509 legit
2607 5452 2663 5494 ut
2690 5451 2771 5495 cu.
2803 5444 3092 5506 Oorb.;duo
3123 5452 3229 5496 Mss.

2121 5574 2272 5620 διον.
2290 5576 2462 5620 Somm.
2494 5568 2615 5619 Blas.
2637 5567 2701 5618 ad
2730 5566 3015 5630 voluptatem
3045 5579 3183 5618 suam
3204 5573 3465 5630 :oerrupte
3482 5600 3499 5626 ,
3530 5579 3648 5617 nam

2060 5634 2125 5684 de
2141 5633 2430 5691 perficienda
2443 5630 2687 5681 voluntate
2702 5629 3234 5694 loquitursugustinus.
3249 5635 3301 5679 Et
3318 5629 3435 5680 vero
3451 5629 3501 5678 iu
3515 5636 3642 5694 κει,

2063 5689 2196 5746 nullo
2222 5697 2328 5744 fere
2362 5703 2587 5755 excepto,
2604 5695 2652 5742 itt
2670 5689 3022 5755 antiquioribus
3033 5691 3327 5742 editionibus
3344 5697 3396 5741 et
3428 5701 3536 5742 sm.
3555 5689 3654 5741 ιιι..

2065 5759 2226 5818 betur,
2265 5756 2328 5804 ad
2346 5753 2628 5805 conﬂarem
2644 5753 2795 5805 suam.

3419 5451 3475 5494 ut
3502 5443 3641 5508 Angl.
