4078 6366
468 270 574 328 159

467 399 647 454 quiem,
671 394 728 440 ut
757 386 914 449 velit,
947 387 1034 456 qui
1067 401 1170 440 non
1199 387 1484 457 imperaret
1516 387 1616 442 nisi
1645 388 1827 453 vellet,
1861 398 1915 444 ct
1945 405 2048 442 non

467 478 521 530 tit
548 477 688 547 quod
718 479 960 547 imperat.
987 479 1090 534 Sed
1123 495 1226 533 non
1267 496 1329 534 ex
1364 489 1473 534 toto
1501 481 1645 539 vult;
1685 495 1786 533 non
1828 496 1955 550 ergo
1985 497 2048 535 ex

465 580 576 625 toto
595 571 834 640 imperat.
854 572 985 626 Nam
1008 571 1061 627 in
1081 583 1280 626 tantum
1312 572 1552 641 imperat,
1574 572 1623 626 in
1642 583 1894 642 quantum
1913 574 2044 636 vult,

459 678 514 715 et
562 664 612 716 in
643 673 848 719 tantum
872 679 976 718 non
1025 662 1085 718 tit
1123 663 1262 733 quod
1305 665 1556 733 imperat,
1579 664 1630 717 in
1657 675 1909 733 quantum
1940 680 2046 720 non

469 754 595 807 vult.
623 753 882 819 Quoniam
916 755 1158 811 voluntas
1197 755 1418 822 imperat
1456 763 1514 808 ut
1543 755 1612 808 sit
1636 755 1880 808 voluntas
1903 796 1918 818 ,
1950 771 2048 810 nec

458 847 584 910 alia,
603 846 697 902 sed
726 847 858 915 ipsa.
881 847 994 901 Non
1018 847 1198 916 utique
1231 847 1382 915 plena
1413 847 1659 916 imperat,
1689 845 1807 901 ideo
1835 861 1940 900 non
1965 857 2048 902 est

459 940 601 1008 quod
635 940 877 1008 imperat.
903 939 1033 994 Nam
1062 939 1104 992 si
1134 939 1286 1009 plena
1315 947 1485 1001 esset,
1520 954 1619 993 nec
1663 940 1951 1008 imperaret
1990 951 2048 994 ut

458 1043 637 1097 esset,
679 1033 800 1101 quia
839 1032 948 1101 jam
993 1039 1154 1086 esset.
1185 1031 1298 1084 Non
1345 1031 1503 1100 igitur
1528 1041 1824 1085 monstrum
1858 1033 2044 1099 partim

465 1125 618 1188 velle,
648 1125 834 1192 partim
863 1125 1033 1187 nolle;
1067 1124 1158 1178 sed
1200 1123 1456 1192 aegritudo
1481 1124 1644 1178 animi
1667 1135 1768 1190 est,
1792 1125 1912 1194 quia
1941 1139 2043 1179 non

458 1224 602 1268 totus
625 1215 855 1284 assurgit
879 1214 1101 1270 veritate
1130 1216 1434 1270 sublevatus
1455 1257 1470 1279 ,
1499 1217 1882 1271 consuetudine
1910 1233 2046 1286 prae-

455 1316 721 1372 gravatus.
767 1305 834 1360 Et
887 1306 1007 1360 idco
1052 1315 1175 1360 sunt
1227 1305 1345 1360 dua:
1397 1308 1725 1371 voluntates,
1774 1307 1896 1376 quia
1943 1325 2043 1362 una

453 1413 634 1451 earum
681 1407 790 1454 tota
832 1413 939 1454 non
985 1407 1097 1462 est,
1127 1408 1183 1454 et
1220 1398 1320 1452 hoc
1365 1399 1515 1452 adest
1549 1398 1699 1453 alteri
1729 1399 1868 1469 quod
1895 1399 2044 1454 deest

450 1487 628 1543 alteri.
1506 1529 1510 1533 ~
2032 1482 2037 1489 ’

1098 1556 1324 1615 CAPUT
1367 1559 1432 1614 Χ.

451 1672 702 1727 Adversus
727 1671 1037 1728 Haniclta'os
1061 1674 1148 1744 qui
1172 1690 1234 1728 ca:
1263 1673 1456 1728 duobus
1486 1675 1752 1728 contrariis
1774 1675 2043 1728 voluntati-

685 1763 776 1818 bus
802 1763 931 1818 duas
955 1766 1234 1818 contrarias
1264 1776 1473 1818 naturas
1502 1776 1804 1818 asseverant.

517 1869 606 1925 22.
633 1861 879 1928 Tcreant
900 1889 928 1927 a
956 1874 1089 1928 facie
1117 1884 1222 1937 tua,
1253 1875 1394 1928 Deus
1413 1917 1425 1937 ,
1455 1875 1605 1929 sicuti
1639 1885 1861 1943 pereunt
1893 1875 2042 1928 vani-

449 1962 593 2033 loqni
619 1974 675 2018 et
699 1965 892 2019 mentis
918 1965 1226 2020 seductores
1251 2007 1262 2030 ,
1291 1967 1383 2033 qui
1421 1982 1539 2019 cum
1580 1967 1712 2020 duas
1741 1967 2037 2021 voluntates

446 2053 501 2107 in
531 2055 873 2110 deliberando
899 2056 1385 2120 animadverterint,
1414 2057 1545 2111 duas
1573 2067 1789 2110 naturas
1811 2058 2035 2112 duarum

447 2146 707 2200 mentium
738 2161 860 2201 esse
883 2156 1208 2211 asseverant,
1239 2163 1393 2200 unam
1421 2147 1636 2206 bonam.
1665 2149 1890 2202 alteram
1918 2164 2035 2202 ma-

446 2237 574 2292 lam.
607 2238 709 2310 ipsi
735 2254 862 2294 vere
887 2240 1008 2293 mali
1051 2248 1207 2302 sunt,
1241 2254 1359 2294 cum
1393 2240 1488 2293 ista
1521 2240 1654 2293 mala
1687 2242 1950 2305 sentiunt,
1983 2249 2038 2295 et

445 2329 606 2383 iidem
635 2331 731 2398 ipsi
762 2330 883 2384 boni
913 2341 1072 2385 emat
1100 2332 1142 2383 si
1173 2345 1297 2384 vera
1324 2330 1608 2393 senserint,
1639 2331 1882 2399 verisque
1908 2346 2038 2384 con-

443 2424 727 2485 senserint,
747 2429 805 2476 ut
818 2421 960 2477 dicat
979 2423 1057 2477 eis
1073 2424 1358 2491 Apostolus
1377 2431 1496 2475 tuus
1518 2439 1529 2475 :
1552 2421 1600 2474 F
1603 2422 1746 2474 tristis
1764 2422 2036 2490 aliquando

444 2511 695 2575 tenebrae;
719 2528 852 2566 nunc
879 2523 1048 2566 autem
1077 2513 1168 2566 lux
1187 2513 1238 2565 in
1260 2511 1477 2566 Domino
1503 2509 1724 2581 (Epltes.
1747 2527 1800 2575 ν,
1828 2513 1919 2582 8).
1947 2512 2034 2565 lsti

444 2603 588 2659 cnim
631 2605 756 2658 dum
795 2604 982 2660 volunt
1017 2619 1139 2660 esse
1183 2605 1307 2670 lux,
1348 2619 1452 2657 non
1495 2605 1546 2656 in
1588 2604 1831 2668 Domino,
1861 2603 1952 2656 sed
1983 2605 2034 2656 in

443 2698 652 2769 seipsis,
685 2697 918 2766 putando
942 2699 1132 2751 anima:
1162 2707 1402 2751 naturam
1435 2696 1536 2750 hoc
1564 2711 1682 2751 esse
1719 2695 1856 2765 quod
1899 2696 2036 2750 Deus

442 2795 546 2851 est,
576 2787 646 2842 ita
671 2785 793 2842 iacti
813 2797 936 2842 sunt
960 2787 1235 2843 densiores
1262 2787 1531 2852 tenebra};
1558 2787 1803 2856 quoniam
1829 2787 2035 2856 longius

442 2891 473 2930 a
501 2887 555 2932 te
578 2886 916 2934 recesserunt
935 2877 1198 2932 horrenda
1223 2877 1541 2946 arrogantia,
1565 2892 1592 2929 a
1619 2887 1669 2929 te
1689 2892 1814 2930 vero
1837 2876 2035 2931 lumine

444 2967 774 3025 illuminante
793 2984 1005 3024 omnem
1030 2969 1296 3024 hominem
1316 2971 1614 3023 venientem
1636 2969 1687 3021 in
1715 2967 1854 3021 hunc
1881 2983 2033 3020 muno

442 3060 568 3114 dum
591 3059 770 3129 (Joan.
794 3077 831 3124 ι,
853 3059 928 3133 9).
954 3061 1224 3116 Attenditc
1245 3061 1369 3130 quid
1396 3060 1602 3126 dicatis,
1633 3069 1686 3114 et
1711 3058 2029 3125 erubescite,

441 3159 498 3206 et
526 3150 761 3206 accedite
785 3151 850 3206 ad
880 3167 1000 3206 eum
1040 3161 1094 3206 et
1137 3149 1506 3204 iiitlmiltamitti
1527 3191 1542 3216 ,
1572 3159 1624 3203 et
1665 3149 1839 3203 vultus
1867 3150 2032 3204 vestri

444 3257 553 3298 non
581 3244 900 3300 erubescent
924 3245 1102 3318 (Psat.
1135 3260 1336 3309 χχχιιι,
1366 3242 1441 3316 6).
1472 3244 1586 3312 Ego
1613 3257 1732 3298 cum
1764 3242 2031 3298 delibera-

443 3336 565 3390 bam
593 3344 650 3390 ut
674 3337 782 3406 jam
814 3338 1068 3392 servirem
1095 3337 1316 3390 Domino
1342 3339 1448 3390 Deo
1475 3349 1616 3396 meo,
1642 3334 1778 3388 sicut
1801 3334 1889 3386 diu
1916 3333 2029 3387 dis-

442 3443 720 3497 posueram
739 3467 758 3496 ,
785 3443 882 3498 ego
907 3443 1053 3482 eram
1081 3428 1171 3497 qui
1199 3427 1438 3481 volebam
1461 3466 1474 3488 ,
1497 3439 1597 3494 ego
1629 3428 1715 3493 qui
1746 3425 2024 3488 nolebam;

440 3533 572 3584 ego,
602 3533 702 3588 ego
729 3533 894 3574 eram.
918 3517 1026 3574 Nec
1054 3519 1208 3588 plene
1233 3517 1472 3570 volebam
1495 3556 1510 3579 ,
1545 3530 1642 3569 nec
1684 3515 1838 3583 plene
1875 3516 2024 3569 nole-

440 3609 581 3662 bam.
613 3608 734 3665 ldeo
760 3625 964 3665 mecum
995 3609 1379 3665 contendeham
1403 3648 1418 3671 ,
1453 3615 1508 3662 et
1534 3606 1828 3677 dissipahar
1855 3622 1885 3660 a
1913 3612 2040 3662 nte-'

439 3698 576 3770 ipso.
605 3699 672 3756 Et
710 3700 821 3770 ipsa
848 3700 1124 3768 dissipatio
1153 3713 1238 3752 me
1264 3698 1428 3752 invito
1453 3698 1665 3768 quidem
1705 3697 1891 3762 (iebat,
1927 3711 2026 3752 nec

437 3800 614 3846 tamen
643 3791 959 3847 ostendebat
984 3796 1222 3854 naturam
1250 3789 1439 3844 mentis
1465 3789 1672 3852 alienae,
1696 3787 1791 3842 sed
1814 3803 2022 3856 ptrmm

437 3897 596 3937 more.
622 3882 689 3937 Et
712 3882 832 3938 ideo
861 3898 966 3936 non
990 3881 1100 3952 jam
1132 3895 1230 3949 ego
1264 3875 1530 3950 aperabar'
1553 3881 1731 3945 illam,
1759 3879 1850 3932 sed
1882 3879 2022 3947 quod

435 3971 706 4027 habitabat
737 3971 787 4026 in
818 3987 903 4027 me
931 3980 1200 4042 peccatum
1227 3970 1407 4042 (Rom.
1431 3987 1522 4032 vn,
1553 3968 1651 4042 id)
1675 3969 1743 4024 de
1763 3968 2022 4038 supplicio

433 4063 698 4120 liberioris
728 4065 952 4134 peccati,
984 4065 1101 4132 quia
1129 4080 1273 4119 eram
1303 4064 1439 4118 [ilius
1462 4064 1650 4118 Adam.

503 4157 596 4213 23.
637 4157 768 4212 Nam
798 4159 840 4213 si
869 4166 945 4211 tot
974 4166 1096 4212 sttnt
1121 4159 1401 4212 contraria:
1429 4165 1650 4221 naturae,
1679 4163 1808 4224 quot
1837 4156 2020 4208 volun-

434 4257 570 4303 tates
597 4249 696 4304 sibi
728 4251 1011 4314 resistunt;
1053 4266 1156 4304 non
1192 4250 1302 4319 jam
1329 4249 1481 4314 diue,
1510 4247 1603 4302 sed
1633 4248 1810 4316 plures
1839 4257 2013 4302 erunt.

431 4341 487 4398 Si
515 4341 776 4398 deliberet
798 4343 1076 4413 quisquam
1095 4352 1266 4396 utrmn
1290 4341 1356 4396 ad
1381 4341 1806 4395 conventiculum
1831 4356 2015 4394 eorum

431 4442 636 4504 pergat,
669 4450 735 4488 an
763 4434 830 4487 ad
861 4434 1160 4498 theatrum;
1192 4433 1423 4488 clamant
1452 4431 1541 4485 isti
1570 4450 1582 4484 :
1614 4431 1749 4485 Ecce
1775 4431 1892 4485 dua:
1920 4447 2016 4484 na-

427 4532 592 4589 tur-aa;
637 4541 735 4578 una
775 4525 912 4580 bona
944 4526 1040 4578 hac
1069 4524 1247 4583 ducit.
1277 4523 1441 4576 altera
1471 4522 1608 4575 mala
1638 4521 1757 4576 illac
1786 4522 2008 4576 reducit.

426 4614 560 4672 Nam
592 4616 730 4673 unde
754 4618 850 4670 ista
877 4617 1143 4671 cunctatio
1169 4614 1382 4668 sibimet
1407 4613 1800 4668 adversantium
1831 4615 2017 4666 volun-

429 4710 634 4764 tatum?
666 4711 777 4780 Ego
803 4719 980 4764 autem
1010 4709 1132 4764 dico
1157 4707 1342 4761 ambas
1370 4706 1558 4769 malas,
1582 4715 1636 4759 ct
1656 4722 1774 4776 qum
1798 4705 1863 4760 ad
1895 4705 2014 4760 illos

422 4799 599 4867 ducit,
639 4811 695 4858 et
735 4819 855 4872 qua:
884 4802 948 4854 ad
980 4801 1240 4854 theatrqu
1269 4798 1492 4854 reducit.
1517 4797 1621 4854 Sed
1656 4814 1758 4852 non
1790 4797 2014 4853 credunt

422 4891 524 4947 nisi
569 4891 761 4946 bonam
801 4907 920 4946 esse
960 4906 1060 4960 qua
1107 4891 1211 4944 itur
1239 4889 1302 4943 ad
1339 4905 1451 4944 eos.
1476 4889 1610 4957 Quid
1642 4889 1684 4942 si
1717 4904 1843 4957 ergo
1867 4889 2014 4958 quis-

422 4997 582 5054 quam
615 4994 852 5038 nostrum
883 4982 1160 5047 deliberet,
1192 4989 1248 5036 et
1273 4996 1455 5036 secum
1477 4980 1853 5035 altercantibus
1881 4979 2011 5034 dua-

419 5077 520 5132 bus
544 5075 904 5130 voluntatibus
933 5073 1182 5139 ﬂuctuet,
1207 5082 1381 5126 utrum
1409 5071 1476 5126 ad
1505 5072 1766 5125 theatrum
1793 5080 2004 5142 pergat,

416 5182 485 5221 an
515 5167 578 5221 ad
606 5166 886 5221 ecclesiam
918 5163 1193 5219 nostram?
1220 5179 1394 5218 nerine
1423 5173 1476 5218 et
1513 5163 1597 5216 isti
1629 5161 1752 5230 quid
1784 5178 2007 5230 respon-

418 5257 580 5311 deant
604 5255 966 5311 iluctuabuut?
995 5257 1101 5309 Aut
1123 5255 1261 5308 enim
1286 5255 1613 5317 fatebuntur,
1636 5253 1776 5322 quod
1800 5255 2004 5322 nolunt,

414 5347 557 5402 bona
588 5348 857 5403 voluntate
887 5347 1033 5418 pergi
1073 5347 1123 5400 in
1157 5345 1436 5400 ecclesiam
1479 5355 1746 5406 nostram,
1785 5345 1922 5400 sicut
1953 5347 2004 5401 in

414 5453 534 5492 eam
567 5447 789 5509 pergunt
823 5439 912 5507 qui
953 5437 1300 5491 sacramentis
1343 5436 1459 5505 ejus
1491 5435 1671 5490 imbuti
1701 5445 1822 5488 sunt
1847 5444 2005 5505 atque

413 5529 718 5586 detinentur
747 5549 760 5586 :
789 5541 881 5586 aut
907 5531 1042 5585 duas
1071 5529 1236 5582 malas
1269 5537 1480 5581 naturas
1501 5567 1515 5592 ,
1565 5537 1617 5581 et
1662 5526 1795 5581 duas
1838 5528 2002 5583 malas

413 5624 621 5678 mentes
645 5624 696 5678 in
724 5640 829 5680 uno
855 5622 1069 5678 homine
1089 5620 1375 5692 conﬂigere
1396 5621 1680 5690 putabunt;
1701 5627 1754 5673 et
1775 5634 1879 5674 non
1901 5621 2002 5676 erit

413 5726 594 5768 verum
625 5716 764 5787 quod
805 5715 975 5770 solent
1004 5713 1200 5780 dicere,
1246 5728 1402 5765 uuam
1449 5712 1636 5766 lienam
1687 5721 1740 5762 et.
1779 5712 1995 5766 alteram

1629 272 2136 332 CONFESSIONUM
2176 275 2231 329 S.
2274 277 2638 337 AUGUSTINI

3641 297 3740 360 760

2159 391 2351 448 malam
2377 410 2388 445 :
2413 403 2505 448 aut
2523 405 2904 454 convertentur
2921 398 2988 456 ad
3010 417 3214 470 verum,
3241 415 3418 466 etnon
3441 410 3733 480 negabunt,

2157 497 2277 536 cum
2301 487 2524 555 quisque
2553 487 2834 557 deliberat,
2865 493 3098 548 animam
3123 513 3280 552 unam
3308 500 3532 556 diversis
3555 505 3739 560 volun~

2159 574 2354 630 tatibus
2379 586 2626 632 :estuarc.
3182 653 3188 658 _
3722 651 3731 659 ι

2225 666 2314 720 9.4.
2355 668 2472 723 iam
2501 687 2630 740 ergo
2664 688 2770 727 non
2793 673 3007 740 dicant,
3047 693 3165 732 cum
3208 680 3340 734 duas
3364 683 3656 739 voluntates
3682 687 3734 740 iu

2155 755 2370 813 homine
2407 775 2514 814 uno
2545 761 2816 819 adversari
2855 768 2953 820 sibi
2996 773 3258 840 sentiunt,
3288 773 3419 827 duas
3448 778 3736 830 contrarias

2153 860 2358 905 mentes
2400 851 2470 906 de
2505 853 2708 910 duabus
2747 861 3028 915 contrariis
3069 863 3375 918 substantiis
3414 875 3466 920 et
3504 865 3570 919 de
3608 869 3738 922 duo-

2155 939 2254 993 bus
2291 945 2572 998 contrariis
2615 947 2889 1017 principiis
2931 954 3286 1019 contendere,
3322 972 3475 1008 unam
3519 958 3734 1023 bonam,

2151 1033 2372 1096 alteram
2420 1038 2631 1092 malam.
2671 1040 2801 1095 Nam
2831 1052 2913 1108 tu,
2945 1045 3080 1098 Deus
3111 1062 3289 1110 verax,
3323 1049 3588 1116 improbas
3618 1067 3731 1116 eos,

2151 1136 2204 1179 et
2249 1128 2520 1197 redarguis
2559 1141 2716 1202 atque
2755 1137 3024 1191 convincis
3062 1154 3183 1200 eos,
3229 1141 3364 1194 sicut
3411 1143 3462 1196 in
3510 1156 3733 1215 utraque

2152 1219 2286 1270 mala
2334 1222 2640 1286 voluntate,
2685 1239 2804 1278 cum
2854 1229 3074 1298 quisque
3118 1228 3377 1285 deliberat
3418 1244 3593 1288 uirum
3639 1237 3737 1289 ho-

2153 1311 2346 1365 minem
2387 1329 2592 1369 vcneno
2639 1317 2908 1372 interimat
2960 1337 3028 1374 an
3073 1323 3246 1387 ferro;
3297 1336 3469 1379 utrum
3515 1327 3738 1382 fundum

2149 1400 2382 1456 alienum
2432 1404 2620 1471 illum,
2662 1422 2726 1458 an
2778 1408 2922 1462 illum
2969 1411 3218 1478 invadat,
3267 1417 3477 1484 quando
3530 1429 3738 1472 utrum-

2147 1506 2250 1559 que
2285 1509 2386 1546 non
2436 1506 2640 1562 potest;
2667 1507 2838 1551 utrmn
2874 1511 3017 1556 emat
3051 1503 3374 1572 voluptatem
3411 1507 3633 1569 luxuria,
3665 1526 3735 1565 an

2148 1587 2424 1653 pecuniam
2465 1599 2642 1644 servet
2675 1594 2921 1657 avaritia;
2953 1603 3132 1649 utrum
3171 1597 3238 1650 ad
3275 1598 3474 1652 circum
3524 1611 3732 1670 pergat,

2146 1690 2212 1728 an
2231 1678 2294 1728 all
2323 1678 2614 1746 theatrum,
2632 1682 2675 1734 si
2700 1698 2807 1735 uno
2823 1683 2909 1737 die
2931 1694 3211 1755 utrumque
3228 1688 3566 1752 exhibentur;
3591 1691 3735 1744 adtLi

2145 1768 2302 1818 etiam
2338 1771 2568 1833 tertium,
2597 1787 2662 1824 an
2693 1773 2758 1826 ad
2796 1773 2990 1828 furtum
3021 1776 3088 1830 de
3115 1778 3275 1832 domo
3298 1781 3498 1846 aliena,
3525 1783 3568 1835 si
3601 1784 3733 1837 sub-

2146 1869 2227 1911 est
2257 1861 2468 1913 occasio
2493 1877 2511 1927 ;
2535 1862 2674 1916 addo
2703 1872 2757 1918 et
2787 1876 3036 1934 quartum
3057 1909 3071 1931 ,
3102 1885 3167 1921 an
3199 1871 3263 1923 ad
3293 1873 3736 1928 couunittemlum

2145 1951 2480 2017 adulterium,
2506 1955 2549 2007 si
2571 1967 2624 2010 et
2647 1955 2769 2011 inde
2789 1958 2944 2012 simul
2972 1960 3192 2015 facultas
3211 1963 3465 2031 aperitur,
3489 1966 3530 2017 si
3555 1969 3734 2020 omnia

2143 2055 2465 2099 concurrant
2510 2047 2559 2100 in
2591 2063 2752 2102 unum
2791 2052 3071 2106 articnlttm
3117 2055 3402 2121 temporis,
3432 2059 3738 2126 pariterque

2143 2136 2420 2203 copiantur
2442 2140 2618 2193 omnia
2649 2156 2768 2210 qua:
2795 2143 2955 2195 simul
2976 2145 3058 2213 agi
3090 2158 3357 2214 nequeunt
3382 2165 3393 2200 :
3423 2148 3738 2215 discerptu'tt

2142 2227 2283 2279 enim
2309 2227 2540 2282 animum
2569 2231 2782 2286 sibimet
2812 2233 3212 2289 adversantibus
3238 2247 3465 2306 quatuor
3491 2241 3738 2292 volunta-

2146 2319 2316 2385 tibus,
2351 2322 2432 2373 vel
2464 2322 2624 2376 etiam
2667 2324 2904 2392 pluribus
2949 2327 3001 2379 in
3043 2336 3184 2380 tanta
3214 2330 3363 2397 Copia
3399 2347 3570 2384 rerum
3609 2348 3737 2401 qum

2143 2421 2483 2478 appetuntur,
2513 2428 2611 2467 nec
2639 2424 2811 2468 tamen
2843 2425 3039 2469 tantam
3070 2419 3464 2473 nutltitndincm
3494 2421 3739 2474 diversa-

2144 2518 2259 2556 rum
2301 2505 2715 2560 substantiarum
2743 2509 2915 2562 solent
2945 2510 3124 2564 dicere
3149 2529 3162 2564 :
3191 2513 3259 2565 ita
3289 2523 3343 2565 ct
3373 2514 3420 2565 in
3451 2514 3602 2568 bonis
3632 2529 3737 2568 vo-

2145 2594 2454 2649 luntatibus.
2483 2596 2616 2652 Nam
2649 2614 2830 2667 quaero
2859 2600 2926 2652 ab
2951 2601 3028 2653 eis
3060 2611 3232 2655 utrum
3264 2605 3460 2658 bonum
3490 2605 3560 2658 sit
3585 2605 3740 2660 dele-

2141 2687 2270 2739 clari
2301 2687 2526 2744 lectione
2553 2692 2794 2757 Apostoli
2813 2735 2825 2754 ,
2855 2703 2905 2746 et
2933 2703 3109 2747 utrum
3138 2695 3332 2749 bonum
3369 2698 3437 2751 sit
3473 2698 3743 2753 delectari

2145 2778 2348 2846 psalmo
2377 2780 2574 2842 sobrio,
2598 2790 2654 2835 et
2682 2791 2857 2835 utrum
2889 2783 3084 2837 bonum
3108 2786 3176 2839 sit
3200 2787 3541 2857 Evangelium
3565 2790 3740 2844 disse-

2142 2883 2282 2922 rere.
2312 2868 2728 2936 Respondebant
2755 2873 2819 2926 ad
2851 2876 3058 2944 singula
3088 2876 3346 2932 :Bonmn.
3377 2878 3510 2944 Quid
3537 2881 3579 2933 si
3603 2896 3739 2951 ergo

2143 2959 2340 3027 pariter
2358 2959 2623 3015 delectent
2637 2965 2812 3017 omnia
2836 2965 3100 3036 simulque
3123 2983 3227 3021 uno
3251 2971 3524 3038 tempore?
3542 2970 3739 3030 Nonne

2141 3049 2366 3104 diversa:
2397 3053 2696 3106 voluntates
2721 3055 3032 3110 distendunt
3052 3072 3148 3111 cor
3175 3058 3435 3122 hominis,
3456 3076 3575 3115 cum
3600 3061 3740 3116 deli-
3812 3077 3816 3082 ‘

2141 3140 2354 3194 bcratur
2381 3143 2504 3211 quid
2536 3146 2864 3212 potissimum
2893 3148 3245 3217 arripiamus?
3269 3151 3332 3203 Et
3363 3167 3549 3205 omnes
3575 3152 3739 3206 bona:

2140 3243 2283 3297 Slltll,
2309 3244 2361 3288 et
2390 3245 2594 3290 certant
2621 3253 2825 3304 secum,
2854 3239 3025 3294 donec
3048 3242 3274 3312 eligatur
3304 3259 3493 3305 unum,
3523 3259 3626 3314 quo
3654 3245 3740 3302 fe-

2139 3335 2287 3380 ratur
2323 3336 2430 3380 tota
2460 3329 2705 3383 voluntas
2747 3345 2848 3384 una
2872 3371 2886 3396 ,
2919 3348 3038 3401 qua:
3077 3333 3129 3386 in
3164 3333 3340 3401 plures
3369 3335 3734 3394 dividebatur.

2139 3417 2210 3470 lla
2240 3419 2397 3472 etiam
2429 3435 2549 3473 eum
2580 3422 2852 3477 :etcrnitas
2881 3423 3113 3478 delt-ctat
3138 3427 3402 3495 superius,
3430 3438 3486 3482 et
3516 3437 3736 3498 tempo-

2137 3512 2261 3564 ralis
2291 3512 2413 3566 boni
2436 3513 2678 3581 voluptas
2707 3523 2940 3569 retentat
2966 3515 3208 3581 inferius,
3233 3517 3419 3573 cadent
3445 3520 3620 3575 anima
3645 3531 3739 3577 est

2135 3620 2240 3658 non
2265 3614 2371 3659 tota
2395 3605 2665 3660 voluntate
2692 3606 2819 3660 illud
2841 3616 2933 3661 aut
2954 3607 3055 3662 hoc
3079 3609 3290 3676 volens;
3315 3621 3370 3666 et
3390 3611 3510 3666 ideo
3533 3611 3738 3667 discer-

2135 3694 2272 3762 pitur
2299 3696 2444 3764 gravi
2469 3697 2730 3764 molestia,
2753 3697 2880 3752 dum
2912 3699 3040 3754 illud
3065 3701 3288 3757 veritate
3313 3704 3597 3773 praeponit,
3620 3703 3738 3760 hoc

2131 3785 2485 3844 fatniliaritate
2512 3805 2615 3845 non
2642 3790 2847 3860 ponit‘.

2731 3882 2956 3938 CAPUT
2996 3884 3086 3939 XI.

2410 3957 2572 4013 Lucta
2599 3961 2807 4029 spiritus
2847 3973 2893 4015 et
2923 3965 3089 4017 carnis
3120 3965 3171 4018 in
3198 3965 3499 4036 Augustino.

2198 4048 2286 4104 25.
2315 4047 2404 4103 Sic
2432 4051 2752 4120 :egrotabam
2776 4063 2826 4107 et
2849 4056 3192 4110 excruciabar
3215 4072 3470 4111 accusans
3497 4069 3727 4114 metuet-

2127 4139 2300 4207 ipsmn
2330 4142 2484 4196 solito
2514 4143 2752 4197 acerbius
2776 4145 2952 4210 nimis,
2977 4163 3040 4202 ac
3065 4148 3282 4202 volvens
3309 4158 3361 4202 et
3389 4165 3607 4205 versans
3633 4167 3729 4208 me

2125 4230 2177 4284 in
2210 4231 2417 4288 \‘iltCtliO
2448 4247 2586 4294 meo,
2618 4233 2788 4289 donec
2814 4236 3220 4304 abrumperetur
3265 4247 3430 4292 totum
3477 4256 3582 4310 quo
3605 4240 3727 4308 jam

2123 4323 2315 4392 exiguo
2346 4325 2581 4387 tenebar,
2628 4325 2718 4379 sed
2751 4327 2967 4380 tenebar
2998 4337 3194 4383 tamen.
3226 4329 3288 4382 Et
3315 4329 3549 4384 instabas
3581 4339 3632 4384 tu
3663 4333 3724 4386 in

2123 4415 2344 4470 occultis
2388 4417 2540 4474 meis.
2576 4417 2814 4479 Domine,
2857 4432 3043 4473 severa
3093 4421 3475 4485 misericordia,
3508 4421 3726 4491 ﬂagella

2121 4505 2457 4575 ingeminans
2481 4508 2684 4560 timoris
2706 4517 2758 4561 ct
2776 4507 3010 4575 pudoris,
3037 4526 3103 4563 ne
3131 4527 3313 4566 rursus
3344 4527 3626 4577 cessarem,
3663 4525 3725 4568 et

2124 4612 2230 4651 non
2260 4599 2909 4669 abrumpereturidipsum
2936 4603 3181 4670 exiguum
3209 4615 3262 4658 et
3289 4613 3445 4658 tenue
3469 4605 3608 4675 quod
3630 4622 3722 4661 re-

2123 4700 2391 4744 manserat
2415 4707 2428 4754 ;
2461 4700 2514 4745 et
2539 4691 2890 4746 revalesceret
2916 4693 3129 4758 iterum,
3155 4704 3208 4748 ct
3233 4711 3317 4749 me
3334 4697 3602 4750 robustius
3630 4697 3720 4749 al-

2120 4779 2324 4847 ligaret.
2381 4781 2625 4836 Dicebam
2667 4781 2809 4836 enim
2852 4783 2989 4851 apud
3033 4799 3118 4838 me
3162 4785 3344 4839 intus:
3377 4786 3514 4840 Ecce
3557 4787 3722 4840 modo

2119 4870 2229 4936 ttat,
2259 4871 2419 4927 modo
2445 4872 2552 4927 ﬁat.
2586 4873 2796 4927 Etcum
2819 4875 2982 4927 verbo
3021 4875 3128 4943 jam
3167 4875 3305 4930 ibam
3347 4879 3397 4930 in
3439 4877 3714 4944 placitum.

2117 4963 2232 5018 1am
2255 4979 2388 5031 pene
2408 4962 2685 5027 faciebam,
2707 4973 2758 5018 et
2781 4980 2883 5018 non
2901 4965 3157 5020 l'acicbam
3180 4984 3191 5018 :
3216 4981 3312 5020 nec
3334 4966 3612 5020 relabebar
3628 4975 3714 5020 ta-

2116 5071 2238 5109 men
2262 5055 2310 5110 in
2327 5055 2566 5124 pristina,
2583 5055 2673 5108 sed
2693 5057 2760 5109 de
2777 5057 3017 5124 proximo
3032 5057 3260 5121 stabam,
3287 5058 3708 5126 etrcspirabam.

2116 5147 2184 5202 Et
2198 5149 2319 5201 item
2333 5147 2581 5212 conabar,
2601 5155 2651 5201 et
2667 5148 2821 5216 paulo
2835 5149 3005 5201 minus
3026 5148 3094 5201 ibi
3113 5163 3277 5212 eram,
3297 5159 3347 5203 et
3365 5151 3520 5216 paulo
3535 5151 3714 5206 minus

2110 5239 2438 5310 jamjamque
2450 5241 2776 5310 attingebam
2789 5249 2843 5294 et
2857 5243 3097 5295 tcncbam
3116 5259 3129 5305 ;
3148 5251 3200 5296 et
3223 5259 3324 5294 non
3341 5242 3409 5295 ibi
3427 5259 3592 5308 eram,
3611 5257 3711 5296 ncc

2114 5333 2458 5402 attingebam,
2476 5347 2574 5386 nec
2592 5332 2853 5396 tenebam,
2873 5331 3121 5386 hmsitans
3153 5335 3286 5387 mori
3312 5325 3561 5397 morti,ct
3587 5333 3710 5386 vita:

2114 5425 2324 5485 vivere;
2357 5424 2576 5493 Plusque
2603 5425 2758 5479 inme
2776 5423 2980 5477 valebat
3009 5423 3242 5477 deterius
3261 5425 3522 5486 inclitum,
3547 5437 3705 5493 quam

2115 5514 2302 5569 melius
2328 5514 2637 5568 insolitum:
2672 5523 3029 5582 punctumque
3069 5514 3237 5582 ipsum
3289 5515 3542 5582 temporis
3587 5527 3694 5582 quo

2111 5607 2251 5661 aliud
2277 5605 2484 5662 futurus
2515 5622 2677 5671 cram,
2699 5614 2895 5676 quanto
2912 5611 3124 5676 propius
3138 5608 3536 5674 admovebatur,
3553 5615 3698 5662 tanto

2175 5721 2189 5750 ¹
2213 5727 2314 5768 Mss.
2335 5718 2470 5767 (τοι-ἱ).
2495 5724 2545 5767 ct
2563 5717 2744 5782 aliquot
2761 5717 2858 5778 alii,
2878 5731 2968 5770 non
2990 5717 3140 5780 prurit.
