4078 6366
311 315 408 374 781

309 432 622 502 ampliorem
668 425 956 482 incutiebat
1003 422 1314 482 horrorem;
1344 414 1438 471 sed
1469 427 1572 468 non
1603 403 1894 463 rccutiebat

303 535 468 585 retro,
501 537 600 578 nec
619 520 906 576 avertebat.
929 517 1021 570 sed
1043 510 1413 582 suspendebat.

378 615 470 670 9.6.
507 613 823 669 Iletincbant
859 625 1008 678 nugzu
1039 619 1313 674 nugarum,
1343 599 1670 655 etvauitates
1693 594 1898 648 vanita-

309 719 424 762 tum
449 709 465 738 ί
498 707 725 774 antiquze
768 704 953 755 auticze
987 713 1149 762 mete,
1190 706 1244 750 et
1294 690 1656 747 succutiebant
1696 697 1896 740 vestem

308 815 482 855 meam
501 811 772 861 carneam,
791 803 845 848 ct
868 787 1364 847 submm'nturabant
1396 803 1409 836 :
1440 781 1738 837 Dimittisnc
1767 776 1899 832 nos?

309 904 364 950 et
390 909 418 946 a
449 900 719 946 momento
757 890 857 941 isto
903 900 1007 938 non
1047 883 1245 937 crinms
1286 887 1457 932 tecum
1497 875 1633 928 ultra
1661 874 1711 926 in
1744 880 1900 925 teter-

311 986 474 1041 num?
502 995 554 1038 et
581 999 610 1036 a
639 989 906 1035 momento
949 978 1052 1031 isto
1094 989 1198 1027 non
1243 971 1330 1024 tibi
1358 968 1536 1022 licebit
1565 969 1665 1020 hoc
1693 974 1744 1018 et
1771 963 1898 1017 illttd

310 1082 450 1134 ultra
483 1079 535 1132 in
580 1073 872 1131 :eternum?
911 1072 975 1126 Et
1005 1086 1121 1139 qua:
1166 1063 1519 1136 suggerebant
1561 1063 1612 1114 in
1662 1073 1726 1111 eo
1757 1057 1897 1128 quod

308 1174 446 1239 dixi,
479 1173 591 1226 Hoc
637 1179 692 1223 et
732 1167 896 1221 illud?
940 1181 1058 1235 quae
1105 1159 1476 1231 suggerebant,
1527 1156 1664 1208 Deus
1715 1152 1899 1207 meus?

308 1267 527 1322 Avertat
551 1264 616 1317 ab
642 1263 814 1315 anima
838 1260 975 1313 servi
1008 1257 1076 1310 lui
1110 1251 1470 1308 misericordia
1495 1260 1577 1302 tua
1599 1250 1612 1302 ἓ
1636 1246 1777 1312 Quas
1793 1259 1900 1296 sor-

305 1360 403 1415 des
422 1356 798 1429 suggerebant!
829 1369 947 1422 quat
976 1349 1232 1404 dedecora
1255 1348 1266 1398 t
1288 1341 1643 1398 Etaudiebam
1676 1352 1765 1392 eas
1788 1336 1896 1405 jam

306 1455 464 1522 longe
493 1451 667 1506 minus
696 1463 853 1516 quam
880 1442 1150 1505 dimidius,
1182 1453 1283 1491 non
1313 1446 1558 1502 tanquam
1584 1431 1747 1485 libere
1770 1443 1898 1483 con-

307 1521 630 1600 tradicentes
657 1537 830 1592 eundo
857 1536 908 1589 in
939 1533 1170 1593 obviam,
1199 1527 1291 1583 sed
1320 1525 1474 1580 veluti
1504 1538 1532 1575 a
1559 1521 1717 1575 dorso
1747 1532 1898 1571 mus-

308 1637 552 1696 sitantes,
585 1641 637 1686 et
680 1627 1037 1684 discedentem
1075 1621 1224 1691 quasi
1263 1617 1444 1671 furtim
1486 1613 1810 1675 vellicantes,
1843 1618 1900 1663 ut

308 1729 654 1798 respicerent.
686 1721 1043 1778 l‘tetardabant
1075 1727 1248 1768 tamen
1277 1716 1612 1765 cunctantem
1644 1719 1729 1758 me
1753 1703 1896 1758 abri-

305 1795 434 1890 pere
472 1829 630 1887 atque
670 1823 917 1870 excutere
945 1811 1013 1864 ab
1032 1808 1110 1862 eis
1135 1813 1186 1859 et
1215 1801 1476 1858 transilire
1515 1813 1618 1867 quo
1649 1795 1896 1857 vocabar,

309 1887 432 1971 cum
483 1914 685 1967 diceret
713 1907 841 1962 mihi
866 1899 1194 1962 consuetudo
1222 1897 1448 1951 violenta
1479 1911 1491 1946 :
1524 1892 1754 1948 Putasne
1783 1887 1899 1942 sine

309 2007 424 2061 istis
447 2003 682 2074 poteris?

374 2073 466 2150 27.
497 2095 599 2150 Sed
623 2095 730 2162 jam
774 2087 1097 2160 lepidissime
1134 2083 1236 2138 hoc
1271 2079 1500 2135 dicebat.
1550 2073 1900 2143 Aperiebatur

302 2189 446 2242 enim
464 2189 530 2242 ab
554 2201 614 2240 ea
641 2193 786 2254 parte
808 2177 1256 2252 quaiutenderant
1289 2164 1495 2235 faciem,
1525 2177 1578 2223 ct
1605 2184 1708 2236 quo
1729 2176 1900 2219 trans-

306 2281 386 2334 ire
411 2277 756 2348 trepidaham‘,
787 2281 930 2327 casta
959 2270 1189 2340 dignitas
1213 2262 1572 2325 continentize,
1614 2273 1801 2314 serena
1843 2265 1896 2310 et

306 2387 412 2425 non
457 2369 714 2424 dissolute
753 2365 956 2429 hilaris,
991 2363 1211 2414 honeste
1253 2355 1527 2411 blandiens
1564 2362 1619 2405 ut
1659 2350 1894 2404 venirem

302 2478 478 2532 neque
515 2461 834 2522 dubitarem,
877 2465 930 2510 et
968 2451 1260 2509 extendens
1296 2449 1360 2502 ad
1389 2464 1472 2501 me
1502 2441 1895 2513 suscipiendum

301 2566 356 2610 et
385 2551 810 2623 amplectendam
845 2551 955 2619 pias
988 2560 1176 2601 manus
1206 2545 1388 2613 plenas
1434 2537 1679 2608 gregibus
1725 2536 1894 2590 bono-

300 2663 419 2702 rum
447 2645 829 2713 exemplorum.
859 2641 933 2696 lbi
954 2648 1029 2694 tot
1049 2637 1202 2708 pueri
1227 2645 1279 2690 ct
1306 2633 1523 2703 puella};
1553 2629 1898 2713 ibi‘juventus

301 2739 470 2791 inulta
513 2745 568 2791 et
608 2735 780 2790 omnis
826 2742 976 2797 retas,
1020 2740 1072 2784 et
1114 2743 1300 2798 graves
1346 2725 1538 2787 viduae,
1580 2710 1896 2790 et’virgines

299 2844 437 2882 anus
468 2846 481 2882 :
513 2837 566 2882 et
594 2829 644 2880 in
667 2825 912 2882 omnibus
941 2824 1053 2892 ipsa
1082 2819 1404 2874 continentia
1427 2828 1754 2885 nequaquam
1790 2819 1897 2865 ste-

300 2921 446 2985 rilis;
477 2919 570 2975 sed
600 2917 822 2973 fecunda
851 2924 1021 2969 ntater
1051 2913 1275 2966 filiorum
1302 2909 1610 2979 gaudiorum
1638 2906 1705 2960 de
1732 2903 1893 2957 mari-

299 3019 354 3064 to
402 3020 473 3076 te,
511 3009 752 3063 Domine.
793 3007 861 3060 Et
902 3003 1156 3060 irridebat
1180 3018 1263 3055 me
1295 3000 1537 3054 irrisione
1583 2996 1890 3059 ltortatoria,

297 3102 450 3171 quasi
474 3101 674 3154 diceret
707 3117 720 3153 :
751 3099 830 3153 Tu
863 3112 965 3151 non
992 3095 1187 3165 poteris
1213 3091 1352 3162 quod
1381 3092 1487 3154 isti,
1518 3090 1660 3160 quod
1697 3090 1809 3142 istm
1834 3090 1894 3142 ’?

299 3196 382 3248 An
404 3209 531 3249 vero
561 3193 646 3248 isti
675 3201 730 3247 et
753 3192 867 3245 ista:
897 3190 949 3242 in
985 3187 1281 3255 semetipsis
1313 3193 1552 3254 possunt,
1581 3198 1643 3235 ac
1674 3198 1776 3234 non
1795 3180 1814 3210 ³
1841 3181 1892 3233 in

298 3286 529 3340 Dontino
562 3286 669 3338 Deo
698 3283 834 3338 suo?
858 3282 1109 3335 Dominus
1138 3280 1276 3332 Deus
1307 3292 1489 3331 eorum
1520 3290 1606 3328 me
1629 3273 1772 3326 dedit
1793 3273 1892 3326 eis.

295 3377 433 3444 Quid
468 3377 516 3430 in
543 3386 593 3430 te
620 3385 751 3438 stas,
785 3383 840 3429 et
880 3388 984 3425 non
1019 3370 1162 3425 stas?
1209 3368 1414 3436 Projice
1451 3366 1577 3419 tein
1605 3380 1757 3426 eum;
1788 3363 1895 3416 noli

295 3480 558 3533 metuere,
587 3484 692 3522 non
725 3482 784 3522 se
818 3465 1091 3520 subtrahet
1114 3471 1167 3515 ut
1196 3460 1354 3515 cadas
1386 3477 1398 3510 τ
1432 3457 1631 3527 projiee
1663 3465 1712 3509 te
1739 3471 1893 3509 secu-

294 3574 406 3623 rus,
429 3558 656 3626 excipiet
685 3555 957 3612 etsanabit
981 3563 1051 3609 te.
1077 3554 1142 3607 Et
1169 3551 1544 3604 erubescebant
1569 3547 1750 3610 nimis,
1774 3545 1895 3616 quia

294 3650 508 3707 illarum
530 3664 786 3719 nugarum
817 3662 1058 3701 murmur
1087 3643 1260 3697 adhuc
1286 3641 1588 3703 audiebam,
1609 3647 1660 3692 et
1682 3649 1899 3692 cuncta-

293 3739 507 3794 bundus
561 3739 876 3810 pendebam.
909 3737 974 3791 Et
996 3750 1179 3790 rursus
1201 3733 1310 3798 illa,
1332 3731 1479 3800 quasi
1508 3730 1708 3784 diceret
1741 3747 1753 3782 :
1789 3729 1896 3782 0b-

294 3831 552 3886 surdesce
588 3830 844 3884 adversus
869 3825 1137 3882 immunda
1179 3825 1265 3878 illa
1307 3822 1544 3875 membra
1599 3830 1684 3874 tua
1736 3834 1898 3886 super

300 3931 521 3987 terrant,
554 3932 610 3976 ut
645 3920 1052 3975 ntortilicenlur.
1095 3917 1320 3971 Narrant
1362 3915 1453 3970 tibi
1494 3913 1891 3975 delectationes,

293 4013 390 4068 sed
437 4028 545 4066 non
593 4011 729 4066 sicut
755 4011 837 4065 lex
871 4007 1075 4062 Domini
1114 4007 1206 4060 Dei
1231 4004 1342 4074 tui(
1373 4003 1514 4057 Psal.
1541 4019 1730 4067 cxvm,
1761 4002 1827 4055 85
1851 4000 1892 4072 )-

293 4103 397 4158 ista
427 4103 787 4158 controversia
825 4101 876 4154 in
905 4099 1065 4153 corde
1118 4113 1256 4156 meo,
1306 4095 1516 4149 nonnisi
1570 4093 1637 4148 de
1686 4095 1890 4161 meipso

290 4193 550 4247 adversus
577 4191 858 4260 meipsum.
889 4192 957 4243 At
989 4188 1210 4259 Alypius
1240 4185 1429 4239 afﬁxus
1457 4184 1606 4238 lateri
1658 4198 1778 4238 meo
1819 4184 1899 4236 in-

292 4285 476 4340 usitati
508 4294 682 4340 motus
712 4284 817 4339 mei
843 4283 1046 4338 exitum
1080 4283 1270 4335 tacitus
1291 4277 1683 4347 Opperiebatur.

920 4391 1145 4446 CAPUT
1187 4390 1300 4443 XII.

487 4463 637 4519 Vocis
671 4463 935 4518 admonitu
971 4462 1222 4531 quomodo
1263 4469 1394 4513 totus
1433 4474 1716 4511 conversus.

369 4555 462 4610 28.
490 4555 592 4610 Ubi
632 4571 757 4609 vero
786 4571 816 4608 a
848 4553 1009 4608 fundo
1043 4567 1235 4605 arcano
1258 4550 1361 4603 alta
1393 4549 1744 4604 consideratio
1771 4563 1900 4601 con-

296 4650 461 4704 traxit
486 4657 539 4702 et
561 4648 827 4717 congessit
858 4655 1019 4700 totant
1067 4646 1332 4699 miseriam
1371 4658 1542 4697 meam
1585 4641 1636 4695 in
1677 4656 1897 4708 conspe-

298 4752 444 4796 etutn
470 4739 644 4794 cordis
667 4738 789 4802 ntei,
819 4738 1005 4791 oborta
1036 4747 1118 4792 est
1148 4737 1374 4806 procella
1397 4736 1601 4803 ingens,
1624 4734 1796 4787 ferens
1827 4733 1899 4784 iu-

300 4842 516 4903 gentcm
545 4831 768 4884 imbrem
799 4829 1177 4899 Iacrymarum.
1204 4828 1269 4880 Et
1299 4835 1355 4879 ut
1385 4834 1549 4879 totum
1572 4823 1896 4876 ellundercm

297 4938 424 4982 cum
457 4923 677 4978 vocibus
701 4922 832 4986 suis,
856 4920 1060 4975 surrexi
1089 4921 1156 4973 ab
1181 4919 1370 4989 Alypio
1396 4936 1409 4971 :
1440 4917 1667 4971 solitudo
1686 4914 1811 4968 mihi
1833 4911 1899 4970 ad

299 5017 573 5086 negotium
603 5014 763 5070 ﬂendi
801 5013 974 5083 aptior
1011 5011 1418 5081 suggerebatur;
1450 5018 1505 5064 et
1521 5008 1902 5064 secessiremo-

296 5106 427 5171 tius,
471 5122 629 5177 quam
670 5115 728 5160 ut
761 5113 943 5174 posset
986 5105 1114 5158 ntihi
1165 5117 1390 5157 onerosa
1437 5116 1555 5156 esse
1598 5101 1756 5155 etiam
1785 5099 1900 5168 ejus

298 5199 608 5267 prmsentia.
638 5196 727 5251 Sic
753 5206 876 5250 tunc
900 5209 1068 5260 eram,
1091 5193 1246 5249 etille
1273 5193 1440 5246 sensit
1471 5209 1483 5243 :
1517 5190 1694 5245 nescio
1738 5189 1900 5259 quid“

298 5291 476 5354 enim,
503 5299 647 5359 puto,
693 5287 952 5350 dixeram,
987 5287 1036 5340 in
1071 5300 1178 5355 quo
1215 5282 1502 5353 apparebat
1548 5296 1710 5335 sonus
1757 5282 1902 5336 vocis

365 5424 382 5456 ⁵
417 5431 467 5472 ιιι
501 5430 551 5471 Β.
575 5419 938 5482 ,vanitantium.
967 5427 1052 5482 ,Er.
1086 5419 1234 5482 Lugd.
1272 5425 1389 5468 Ven.
1424 5423 1534 5468 Lov.
1567 5425 1739 5467 Somm.
1780 5419 1900 5468 Dub.

300 5494 435 5535 διατι.
456 5481 582 5536 trior.
604 5493 656 5534 et
673 5484 815 5532 Boud.
831 5517 845 5541 ,
866 5481 1144 5531 vanitatum.
1168 5481 1236 5529 at.

365 5549 386 5579 ί
410 5546 543 5606 Quod
561 5546 641 5598 isti
657 5551 702 5596 et
718 5540 845 5603 istae,
861 5544 1000 5605 juxta
1019 5551 1090 5606 Er.
1113 5542 1258 5604 Lugd.
1277 5549 1449 5590 50mm.
1470 5547 1579 5590 ων.
1599 5540 1745 5590 ttond.
1770 5549 1824 5590 Μ.

365 5609 388 5640 ³
412 5605 479 5656 [ut
496 5620 607 5667 non,
623 5609 763 5670 juxta
781 5613 908 5670 Mart.
930 5618 1041 5670 cum
1065 5605 1096 5652 4
1120 5613 1224 5670 atss.
1262 5611 1316 5670 at.

343 5671 385 5730 τι
406 5677 543 5718 I.0v..'
562 5664 713 5719 E’t'ille
727 5667 871 5719 sensit
886 5666 1044 5718 nescio
1061 5665 1194 5728 quid.
1217 5664 1406 5727 Aliquid
1423 5677 1565 5715 enim.
1585 5691 1643 5702 -—
1670 5671 1741 5713 εις
1760 5671 1904 5715 etiam

299 5729 378 5782 nr.
400 5731 670 5794 tugdA-‘en.
690 5738 862 5778 Somm.
883 5736 933 5779 et
951 5729 1092 5778 cond.
1117 5735 1169 5776 Μ.

1667 289 1871 346 LIBER
1910 284 2087 341 OCTA
2099 287 2248 344 VUS.

3481 300 3593 358 762

2006 421 2136 459 mete
2162 407 2270 474 jam
2309 407 2430 463 ﬂetu
2464 409 2744 478 grtvidus,
2793 423 2846 467 et
2883 413 2959 470 sic
3001 429 3354 471 surrexeram.
3402 417 3592 473 Mansit

2003 515 2127 568 ergo
2156 500 2244 556 ille
2267 501 2351 554 ubi
2382 502 2715 570 sedebamus,
2748 503 2907 558 nimie
2939 515 3178 576 stupens.
3211 507 3322 577 Ego
3348 509 3446 562 sub
3471 525 3593 579 qua-

2003 592 2120 646 dam
2154 594 2234 648 fici
2263 595 2451 648 arbore
2477 597 2636 650 stravi
2674 614 2760 652 tne
2808 599 2988 652 nescio
3027 601 3310 669 quomodo,
3341 612 3392 655 et
3417 603 3590 657 dimisi

2004 685 2236 741 habenas
2282 689 2547 758 lacrymis,
2595 700 2648 744 et
2696 703 3054 761 proruperunt
3080 693 3291 747 ﬂumina
3320 695 3591 748 oculorum

2004 797 2262 845 meorum,
2293 783 2612 853 accitptabilc
2631 785 2948 839 sacriﬁcium
2971 796 3134 839 ltmnt.
3165 789 3228 840 Et
3255 802 3355 838 non
3376 788 3592 857 quidem

2004 871 2085 925 his
2106 874 2298 935 verbis,
2327 874 2418 927 sed
2444 875 2492 928 in
2519 875 2616 928 hac
2637 877 2896 930 sententia
2921 878 3084 930 multa
3113 878 3218 930 dixi
3249 878 3340 931 tibi
3374 893 3386 930 τ
3419 878 3485 930 Ει
3515 888 3591 941 ιιι,

1967 1021 1969 1026 ι
2005 962 2242 1028 Domine,
2275 963 2785 1037 usqucquo?(Psal.
2819 983 2892 1027 vt,
2916 969 2994 1038 Α.)
3017 967 3316 1036 Usquequo,
3350 969 3590 1032 Domine,

2005 1055 2250 1110 irasceris
2291 1056 2341 1110 in
2376 1058 2570 1111 tinent?
2602 1057 2678 1110 Ne
2704 1074 2909 1111 memor
2937 1059 3099 1112 fueris
3131 1060 3464 1128 iniquitatum
3493 1077 3594 1114 no-

2003 1155 2229 1200 strarum
2257 1148 2589 1215 antiquarum
2615 1146 2633 1220 (
2659 1147 2800 1202 Psal.
2835 1165 3056 1214 vavtn,
3091 1151 3142 1212 5,
3176 1151 3254 1214 8).
3287 1151 3592 1205 Sentiebaut

2001 1237 2142 1289 enim
2183 1237 2262 1291 eis
2314 1253 2399 1291 me
2448 1240 2614 1292 teneri
2657 1257 2670 1292 :
2708 1240 2973 1309 jactabam
3037 1257 3193 1295 voces
3246 1241 3591 1296 miserabiles.

2002 1327 2298 1394 Quamdiu?
2321 1330 2594 1402 quamdiu,
2631 1345 2750 1384 cras
2772 1341 2822 1385 ct
2861 1332 3015 1386 cras?
3057 1331 3231 1398 Quare
3261 1347 3365 1386 non
3400 1333 3594 1387 modo?

2003 1435 2164 1488 quare
2194 1436 2297 1472 nott
2331 1420 2428 1474 hac
2450 1420 2575 1474 hora
2597 1420 2713 1474 linis
2745 1423 3080 1490 turpitudinis
3110 1424 3276 1477 mete?

2071 1511 2161 1565 ‘29.
2191 1511 2438 1566 Dicebam
2462 1511 2595 1577 lure,
2621 1521 2675 1567 et
2703 1513 2891 1567 ﬂebam
2915 1514 3244 1567 amarissima
3275 1515 3594 1569 contritione

2002 1606 2177 1660 cordis
2197 1607 2318 1660 mei.
2348 1606 2414 1659 Et
2439 1621 2564 1660 ecce
2593 1606 2748 1659 audio
2774 1622 2955 1661 vocem
2993 1607 3059 1661 de
3096 1608 3264 1660 vicina
3289 1607 3448 1661 domo
3472 1623 3591 1661 cum

2003 1704 2158 1749 cantu
2203 1696 2425 1749 dicentis
2469 1705 2522 1748 et
2556 1697 2744 1749 crebro
2784 1697 3105 1763 repetentis,
3147 1697 3294 1766 quasi
3331 1697 3475 1766 pueri
3525 1714 3590 1752 an

2003 1789 2212 1857 puellm,
2241 1789 2420 1843 nescio
2446 1806 2457 1840 :
2492 1787 2655 1850 Tolle,
2678 1789 2815 1858 lege;
2846 1790 2982 1854 tolle,
3007 1789 3130 1858 lege.
3160 1789 3454 1857 Statimque
3478 1806 3594 1842 ntu—

2005 1892 2113 1937 tato
2151 1883 2318 1946 vultu,
2348 1882 2730 1936 intentissimus
2757 1880 2989 1950 Cogitare
3015 1881 3147 1948 cupi
3168 1890 3483 1934 utrumnam
3507 1898 3594 1934 so-

2005 1973 2172 2026 lerent
2197 1973 2342 2040 pueri
2391 1972 2444 2026 in
2481 1972 2658 2041 aliquo
2697 1987 2893 2040 genere
2937 1971 3147 2023 ludendi
3193 1971 3452 2024 eantitarc
3489 1972 3592 2025 tale

2003 2063 2231 2132 aliquid;
2263 2079 2361 2117 nec
2382 2063 2694 2117 occurrebat
2723 2064 2938 2114 omnino
2964 2062 3227 2116 audivisse
3255 2077 3338 2116 me
3367 2062 3589 2130 uspiam.

2009 2155 2377 2223 llepressoque
2402 2153 2600 2222 impetu
2632 2154 3009 2223 lacrymarum,
3041 2152 3264 2214 surrexi,
3299 2153 3425 2206 nihil
3452 2152 3592 2205 aliud

2005 2245 2374 2315 interpretans,
2412 2247 2509 2299 nisi
2554 2245 2808 2300 divinitus
2855 2245 2980 2297 mihi
3020 2245 3188 2311 jubcri
3235 2255 3288 2298 ut
3334 2245 3592 2314 aperirent

2002 2338 2264 2404 codicem,
2296 2347 2348 2392 et
2375 2338 2601 2407 legerent
2629 2336 2768 2406 quod
2799 2337 3024 2405 primum
3057 2344 3213 2403 Caput
3253 2334 3592 2388 invenissent.

2003 2431 2287 2486 Audieram
2319 2432 2458 2484 enim
2490 2430 2558 2484 de
2574 2430 2806 2483 Antonio
2830 2429 2968 2498 quod
2995 2445 3056 2480 ex
3082 2427 3382 2496 evangelica
3410 2427 3596 2482 lectio-

2002 2541 2091 2587 ne,
2121 2523 2207 2576 cui
2235 2521 2369 2575 forte
2393 2528 2790 2590 supervenerat,
2819 2519 3117 2572 admonitus
3141 2518 3315 2584 fuerit,
3346 2527 3593 2586 tanquant

2001 2615 2099 2670 sibi
2131 2616 2394 2670 diceretur
2419 2613 2557 2682 quod
2584 2611 2854 2681 legebatur
2880 2629 2891 2663 :
2933 2609 3089 2675 Vade,
3116 2609 3268 2662 vende
3296 2609 3463 2662 omnia
3483 2624 3594 2678 qua:

2002 2708 2172 2769 habes,
2199 2718 2244 2761 et
2265 2707 2332 2760 da
2353 2705 2688 2774 pauperibus;
2717 2713 2762 2756 et
2785 2702 2985 2756 habebis
3016 2701 3308 2754 thesaurum
3335 2701 3385 2753 in
3410 2701 3545 2752 cretis
3569 2715 3588 2762 ;

2001 2810 2045 2853 et
2072 2800 2202 2862 veni,
2228 2814 2429 2867 sequere
2456 2812 2533 2849 me
2574 2794 2590 2863 (
2616 2794 2802 2847 Matth.
2845 2809 2957 2855 χιιι,
3001 2791 3062 2846 2|
3093 2792 3108 2860 )
3132 2809 3145 2855 ;
3173 2787 3226 2845 et
3253 2792 3338 2844 tali
3381 2791 3597 2844 oraculo

1999 2889 2278 2945 Confestim
2324 2887 2389 2940 ad
2441 2897 2491 2940 te
2521 2901 2641 2941 esse
2681 2899 3018 2938 conversum.
3046 2882 3225 2953 Itaque
3252 2883 3488 2937 concitus
3515 2898 3598 2937 re-

2000 2983 2071 3036 dii
2102 2983 2167 3035 ad
2195 2998 2312 3035 eum
2340 2981 2513 3033 locum
2548 2978 2634 3032 ubi
2668 2978 2886 3032 sedebat
2916 2977 3171 3047 Alypius;
3206 2976 3274 3029 ibi
3317 2977 3456 3029 enim
3505 2991 3598 3044 po-

1999 3090 2206 3128 sueram
2232 3073 2467 3127 codicem
2494 3070 2752 3138 Api'tSIOil,
2789 3085 2908 3123 cum
2949 3069 3070 3122 inde
3100 3084 3458 3123 surrexeram.
3488 3069 3590 3121 Ar-

2001 3167 2158 3234 ripui,
2191 3164 2391 3232 aperui.
2420 3173 2471 3216 et
2515 3163 2612 3230 legi
2657 3161 2708 3215 itt
2749 3161 2962 3215 silentio
3005 3162 3310 3227 capitulum,
3356 3175 3459 3229 quo
3493 3161 3599 3227 pri-

2000 3273 2143 3310 mum
2167 3255 2392 3320 conjecti
2424 3262 2545 3306 sunt
2570 3253 2708 3305 oculi
2739 3251 2838 3305 mei
2865 3268 2877 3302 :
2911 3251 3030 3303 Non
3071 3251 3121 3303 in
3158 3250 3596 3303 comessationibns

1999 3359 2044 3400 ct
2072 3345 2407 3405 ebrietatibus,
2457 3361 2556 3396 non
2591 3344 2642 3394 in
2683 3342 2990 3394 cubilibuer
3023 3340 3367 3407 impudicitiis,
3407 3355 3506 3392 non
3543 3341 3597 3393 in

2000 3439 2310 3492 contentione
2336 3445 2378 3488 et
2406 3435 2761 3495 wntnlatione;
2803 3433 2891 3486 sui
2911 3432 3102 3484 induite
3131 3431 3399 3484 Demittunt
3421 3429 3595 3483 Jesunt

1999 3528 2270 3589 Christum,
2309 3538 2352 3579 et
2393 3526 2558 3580 carnis
2589 3525 2948 3596 providentiam
2979 3541 3040 3575 ne
3077 3523 3290 3594 feceritis
3329 3524 3380 3575 in
3407 3539 3593 3576 concu—

2001 3623 2253 3692 piscem-iis
2279 3619 2450 3690 (Rom.
2485 3634 2612 3681 xm,
2644 3618 2731 3682 15,
2765 3616 2880 3685 14).
2916 3615 3024 3669 Nec
3055 3615 3184 3666 ultra
3218 3615 3356 3667 volui
3389 3614 3590 3683 legere;

2002 3729 2101 3769 nec
2125 3728 2256 3782 Opus
2279 3721 2414 3765 erat.
2445 3711 2632 3763 Statim
2655 3709 2848 3779 quippe
2866 3723 2984 3760 eum
3010 3708 3112 3759 line
3142 3709 3358 3775 illljllsCC
3381 3715 3596 3760 sentcn-

2005 3805 2089 3858 lite
2109 3804 2257 3871 quasi
2288 3803 2405 3856 luce
2421 3801 2721 3854 securitatis
2749 3800 2916 3852 inlusa
2949 3797 3093 3852 cordi
3123 3815 3262 3860 meo,
3294 3813 3480 3853 omnes
3499 3797 3596 3851 du-

2002 3897 2273 3951 bitationis
2293 3895 2523 3948 tenebrae
2554 3893 2892 3960 diiiugerunt.

2073 3988 2162 4042 50.
2185 3988 2318 4040 Tum
2346 3985 2620 4053 interjccto
2662 3994 2752 4036 aut
2782 3982 2947 4051 digito
2977 3990 3067 4034 aut
3110 3982 3292 4035 nescio
3341 3997 3444 4051 quo
3491 3982 3597 4037 alio

2001 4079 2171 4146 signo,
2201 4077 2435 4131 codicem
2464 4076 2647 4138 clausi,
2676 4085 2729 4129 et
2752 4073 3030 4143 tranquillo
3052 4072 3159 4141 jam
3191 4074 3333 4125 vultu
3369 4072 3596 4126 iudicavi

2001 4171 2211 4241 Alypio.
2246 4169 2421 4222 Atille
2458 4151 2589 4236 quid
2617 4167 2668 4220 in
2700 4181 2758 4220 se
2791 4173 3054 4234 ageretur,
3079 4164 3214 4233 quod
3250 4179 3346 4232 ego
3391 4163 3597 4217 nescie-
3640 4211 3645 4220 ,

2002 4263 2514 4324 bam,sicindicavit.
2536 4261 2672 4315 Petit
2694 4259 2868 4313 videre
2897 4258 3021 4328 quid
3048 4257 3290 4326 legissem
3319 4276 3332 4310 :
3359 4257 3597 4318 ostendi;
3648 4241 3658 4272 "

2002 4362 2056 4410 et
2085 4353 2310 4408 attendit
2332 4353 2487 4406 etiam
2511 4351 2646 4404 ultra
2675 4365 2831 4418 quam
2861 4365 2957 4417 ego
2995 4349 3251 4413 legeram,
3296 4361 3347 4400 et
3393 4348 3604 4417 ignora-

2002 4446 2124 4499 bam
2149 4444 2272 4514 quitl
2300 4449 2632 4511 sequeretur.
2655 4440 3127 4510 Sequebal‘urvet'o
3162 4459 3173 4491 :
3209 4438 3480 4507 Iit/irinum
3507 4458 3599 4491 an-

2003 4547 2098 4590 tem
2129 4537 2180 4589 in
2201 4535 2303 4604 [ide
2328 4534 2532 4603 recipite
2560 4535 2573 4564 ¹
2600 4532 2733 4605 (ld.,
2753 4548 2858 4594 xw,
2894 4532 2964 4600 l).
2984 4530 3135 4596 Quod
3163 4531 3246 4583 ille
3276 4531 3340 4584 ad
3373 4546 3429 4583 se
3457 4542 3603 4585 retu-

2003 4629 2084 4694 lit,
2112 4629 2344 4696 mihique
2385 4626 2610 4696 aperuit.
2655 4624 2764 4678 Sed
2811 4624 2900 4676 tali
2950 4623 3310 4678 admonitione
3366 4625 3603 4676 lit-matus

2003 4732 2103 4785 est,
2130 4721 2422 4790 placitoque
2463 4734 2524 4774 ac
2549 4718 2824 4789 proposito
2850 4716 2990 4770 bono
3032 4726 3085 4770 et
3127 4718 3602 4788 congruentissinm

2003 4816 2112 4868 suis
2140 4814 2394 4878 moribus,
2423 4813 2616 4882 quibus
2644 4828 2671 4864 a
2705 4827 2790 4866 me
2818 4813 2870 4865 itt
2899 4812 3089 4865 melius
3129 4811 3238 4880 jam
3280 4811 3404 4864 olim
3452 4810 3603 4862 valde

2004 4907 2262 4973 longeque
2304 4904 2553 4965 distabat,
2607 4905 2720 4956 sine
2764 4904 2870 4956 ulla
2924 4902 3224 4956 tmbulenla
3267 4901 3604 4954 cunctatione

2004 4998 2318 5064 conjuuetus
2361 5006 2460 5050 est.
2513 4995 2638 5048 lude
2678 4995 2741 5047 ad
2772 5004 2993 5047 matrem
3021 4991 3364 5062 ingredimur,
3403 4991 3604 5044 indica-

2005 5106 2157 5154 mus;
2193 5090 2404 5159 gaudet.
2436 5089 2723 5142 Narrantus
2761 5085 3202 5155 quemadmodum
3245 5094 3450 5153 gestum
3497 5084 3601 5147 sit;

2005 5181 2237 5234 exsultat
2261 5189 2313 5232 et
2340 5179 2657 5246 triumphat;
2692 5187 2744 5231 et
2771 5176 3115 5231 benedicebat
3163 5176 3275 5240 tibi,
3300 5176 3387 5244 qui
3415 5187 3605 5243 potens

2007 5287 2063 5325 es
2089 5272 2222 5325 ultra
2252 5285 2408 5339 quam
2445 5269 2668 5336 petimus
2693 5277 2782 5320 aut
2806 5266 3144 5334 intelligimus
3175 5265 3347 5320 facere
3371 5264 3388 5336 (
3411 5265 3596 5337 Ephcs.

2009 5379 2086 5425 ιιι,
2115 5363 2233 5429 20),
2266 5363 2386 5430 quia
2421 5371 2567 5413 tanto
2588 5359 2813 5428 amplius
2839 5358 2936 5410 sibi
2968 5373 2995 5410 a
3021 5366 3068 5410 te
3095 5371 3404 5410 concessum
3436 5357 3598 5413 deme

2011 5456 2244 5516 videbat,
2270 5469 2426 5521 quant
2459 5462 2636 5520 petere
2668 5451 2870 5504 solebat
2908 5451 3294 5505 miserabilibus
3321 5450 3603 5506 ﬂebilibus-

2011 5563 2112 5617 que
2140 5544 2446 5616 gemitibus.
2479 5543 2800 5596 Convertisti
2828 5543 2967 5596 enim
2987 5557 3072 5596 me
3098 5543 3162 5598 ad
3186 5551 3255 5611 te,
3287 5551 3461 5599 utnec
3477 5555 3606 5597 uxo-

2082 5725 2094 5754 ί
2121 5729 2252 5784 t.ov.,
2271 5719 2536 5780 assumite;
2569 5717 2644 5768 alii
2661 5717 2795 5780 (κῆ,
2819 5716 3029 5782 reript'tc.
