4078 6366
519 323 624 379 767.

511 460 625 499 rem
651 454 969 513 qumrcrem,
996 454 1094 493 nec
1122 437 1353 508 aliquam
1384 449 1531 504 spem
1559 430 1725 487 seculi
1753 428 1926 498 hujus,
1961 436 2108 481 stans

512 537 563 589 in
594 550 655 589 ea
681 533 863 604 regula
908 530 1028 585 ﬁdei
1053 529 1105 583 in
1133 544 1233 598 qua
1269 542 1353 581 me
1378 534 1502 579 aute
1527 531 1601 577 tot
1623 535 1790 575 annos
1818 519 1866 574 ei
1899 518 2103 572 revela-

510 642 681 681 veras.
699 621 1079 679 Etconvcrtisti
1096 621 1287 674 luctum
1302 618 1414 686 ejus
1427 617 1477 670 in
1491 612 1770 686 gaudiumf
1780 610 1920 664 Psal.
1940 625 2093 675 xxut,

519 766 1356 790 __________________

1657 296 2175 372 coivressmuu
2216 313 2273 369 s.
2317 307 2684 365 Aliorsum

3694 318 3794 375 τοι

2214 422 2302 494 12)
2342 422 2511 478 multo
2552 424 2767 480 uberius
2795 442 2954 497 quam
2997 426 3270 494 voluerat;
3299 439 3352 486 et
3378 430 3544 486 multo
3582 431 3789 489 chorios

2208 526 2365 585 atque
2388 517 2605 580 castius.
2636 533 2793 587 quam
2830 517 2899 573 de
2933 521 3216 590 nepotibus
3238 523 3413 577 carnis
3453 536 3588 578 metu
3612 525 3791 594 requi-

2209 609 2376 663 rebat.

1362 752 3791 778 _——————————'——_—'——_——-——————-————_——‘

1586 859 2063 975 LIBER
2163 856 2721 967 NONUS.

573 1050 692 1101 Dicit
711 1057 775 1097 oe
812 1056 951 1107 capto
972 1056 1003 1094 θ
1021 1054 1078 1092 sc
1115 1037 1315 1089 consuto
1358 1034 1613 1086 rhetorice
1658 1026 2004 1107 professionct‘n
2028 1018 2681 1107 “aliiigilﬁn'd'i‘zhpog“tamen
2703 1030 2961 1107 antequam
2984 1026 3344 1107 vindemialiurn
3386 1028 3643 1107 feriarum,
3667 1033 3792 1104 quod

510 1081 1522 1175 priiiiiﬁé'ins‘iiloiiif{Emﬁi'JAIiieoissoL
1547 1081 1670 1141 't‘uui
1689 1092 1752 1163 de
1776 1101 1865 1137 suo
1876 1088 1935 1161 ⁸ἰιι
1955 1081 2225 1175 'V'erecuudi
2250 1082 2388 1131 amici
2414 1082 2572 1132 villam
2595 1081 2931 1162 secessu,'de.
2948 1102 3037 1161 suo
3070 1091 3381 1161 Baptismate,
3405 1104 3460 1141 ac
3482 1092 3547 1141 de
3571 1081 3793 1163 Menalca

636 1174 639 1175 ,
730 1173 737 1175 _
847 1172 871 1175 _.
1010 1174 1014 1175 ,
1178 1166 1186 1175 .
1212 1166 1237 1175 ..
1468 1157 1700 1175 .,-...:-_-...
1728 1166 1754 1175 ..
1774 1162 1828 1175 ..Α
1875 1161 1979 1175 ...η-ι
2004 1153 2031 1175 ιι
2062 1158 2108 1175 In
2129 1143 2354 1175 annulum
2378 1145 2562 1175 Inlth
2585 1160 2759 1175 Λιιηιιηιι
2803 1157 2958 1175 ωσι-σω
2984 1150 3207 1175 nulla.-.“
3234 1155 3472 1175 A...-.....:..:
3492 1154 3790 1175 ._:...,--.....-._

1329 1143 1448 1224 luti,
1467 1143 1703 1220 baptimto
1728 1154 1854 1214 i150,
1875 1146 2039 1197 incidit
2062 1145 2109 1193 in
2129 1143 2355 1193 eumdem
2377 1145 2563 1195 huncce
2584 1160 2780 1209 atmum,
2802 1143 2961 1202 altatis
2984 1143 3211 1202 videlicet
3226 1143 3475 1216 Augustini
3492 1154 3805 1218 trigesimum.

1905 1292 2414 1369 meum»

513 1237 730 1286 tertium.

1030 1452 1255 1511 CAPUT
1292 1444 1581 1505 PRIMUM.
1806 1508 1819 1521 .
1905 1505 1918 1519 .

583 1532 785 1586 Laudat
830 1528 926 1583 Dei
955 1527 1243 1588 bonitatem,
1276 1535 1547 1592 agnoscens
1579 1528 1721 1568 suum
1751 1521 2021 1562 miseriam.

581 1628 631 1679 l.
662 1624 706 1677 Ο
739 1621 958 1676 Domine
979 1662 993 1686 ,
1025 1632 1122 1687 ego
1150 1628 1334 1669 servus
1371 1621 1525 1674 tuus;
1576 1621 1673 1675 ego
1718 1613 1903 1655 servus
1959 1607 2098 1660 tuus,

508 1727 563 1770 et
592 1715 731 1767 filius
769 1713 974 1766 ancilite
1021 1719 1143 1762 tum.
1177 1702 1425 1772 Dirnpisti
1470 1696 1676 1752 vincula
1708 1707 1860 1753 mea;
1892 1687 1984 1741 tibi
2011 1700 2099 1739 sa-

507 1806 756 1861 crificabo
788 1801 1102 1856 sacrificium
1130 1795 1297 1851 laudis
1325 1790 1508 1863 (Psal.
1543 1803 1669 1848 cxv,
1697 1786 1783 1847 16,
1814 1781 1934 1850 l7).
1963 1777 2099 1831 Latt-

508 1895 599 1950 det
626 1866 679 1949 t'e
706 1909 800 1946 cur
830 1906 1006 1945 uicum
1040 1898 1093 1943 et
1120 1889 1295 1955 lingua
1329 1898 1443 1937 mea
1470 1922 1483 1943 ,
1531 1888 1585 1933 et
1610 1874 1788 1929 omnia
1833 1885 1951 1924 oSsa
1981 1880 2100 1921 mea

507 1987 687 2041 dicant
718 2001 731 2037 :
770 1984 999 2047 Domine,
1036 1981 1147 2051 quis
1177 1977 1356 2031 similis
1382 1974 1505 2027 tibi?
1528 1971 1812 2031 Dicant,et
1838 1959 2100 2051 reSponde

510 2079 659 2139 mihi,
710 2086 763 2131 et
802 2076 884 2127 die
918 2075 1100 2126 annua:
1136 2085 1258 2122 mea:
1285 2109 1299 2133 ,
1338 2065 1493 2120 Salus
1520 2072 1605 2115 tua
1658 2075 1748 2127 ego
1777 2071 1887 2108 sum
1918 2049 2095 2121 (Psal.

510 2184 701 2227 xxxw.
729 2168 809 2233 i0,
840 2169 928 2236 5).
958 2164 1087 2230 Quis
1117 2178 1235 2231 ego,
1257 2157 1495 2223 etqnalis
1514 2151 1647 2221 ego?
1669 2147 1805 2216 Quid
1849 2161 1951 2198 non
1976 2141 2096 2195 ntali

509 2273 599 2316 aut
615 2262 750 2316 f.c.a
769 2276 885 2313 mea
908 2261 919 2288 ¹
942 2276 955 2321 ;
979 2266 1088 2320 aut,
1112 2255 1277 2307 sinon
1303 2249 1460 2314 facta,
1483 2246 1617 2299 dicta
1638 2256 1753 2296 nica
1772 2258 1787 2304 ;
1806 2247 1913 2299 aut,
1929 2236 1969 2288 si
1991 2248 2095 2286 non

508 2354 668 2417 dicta,
691 2353 927 2404 V'Olltltllh‘
948 2362 1063 2401 mea
1100 2346 1226 2397 fuit?
1253 2343 1331 2395 Tu
1359 2349 1554 2397 autem,
1586 2333 1826 2391 Domine,
1852 2328 2021 2381 bonus
2046 2334 2100 2377 ct

508 2444 838 2508 misericors,
872 2449 924 2492 et
967 2439 1184 2491 dextera
1216 2444 1303 2487 tua
1354 2428 1646 2497 reSpiciens
1688 2417 2096 2491 profunditatem

509 2537 693 2591 mortis
711 2550 863 2596 meze,
888 2541 941 2585 et
960 2548 987 2583 a
1012 2528 1173 2583 fundo
1194 2524 1369 2580 cordis
1390 2520 1492 2575 mei
1514 2510 2097 2580 exhaurieusahyssmn

506 2628 878 2698 corruptionis.
900 2626 965 2678 Et
982 2626 1083 2676 huc
1105 2628 1223 2674 erat
1249 2626 1412 2670 totum
1439 2614 1575 2666 nolle
1597 2607 1736 2679 quod
1759 2603 2021 2664 volebam,
2046 2606 2100 2651 ct

508 2721 644 2775 velle
663 2717 804 2789 quod
827 2714 1095 2769 volebas'.
1121 2709 1224 2764 Sed
1240 2709 1323 2762 tibi
1351 2713 1464 2759 erat
1480 2713 1584 2756 tam
1605 2712 1809 2752 annoso
1840 2704 2092 2789 tempore,

507 2820 562 2865 et
599 2810 665 2862 de
682 2785 801 2878 'qtto
840 2808 945 2859 imo
985 2805 1201 2871 altoque
1230 2804 1437 2855 secreto
1486 2801 1766 2857 evocatum
1797 2793 1883 2840 est
1906 2785 1955 2836 in
1985 2795 2099 2878 mo-

511 2910 690 2955 mento
727 2899 952 2951 lihermu
982 2894 1258 2947 arbitrium
1288 2898 1597 2954 meum,quo
1616 2881 1897 2936 subderem
1923 2888 2096 2927 cem-

514 3008 630 3046 cem
656 2992 758 3044 leui
783 2990 909 3059 jugo
939 2998 1049 3054 tuo,
1065 2995 1119 3040 et
1142 2986 1393 3037 humeros
1414 2976 1864 3035 lcvisarcinmtuze
1887 2966 2095 3040 (Matth.

510 3101 585 3149 XI,
615 3083 752 3154 '50),
789 3082 1001 3136 Christe
1044 3079 1197 3142 Jesu,
1241 3075 1460 3143 adiutor
1504 3084 1653 3124 meus
1697 3078 1750 3121 et
1796 3065 2100 3129 redemptor

514 3177 884 3243 meus?Quam
912 3187 1073 3226 suave
1101 3168 1417 3224 mihisubito
1438 3165 1632 3219 factum
1662 3168 1743 3215 est
1765 3170 1948 3212 carere
1974 3168 2096 3207 sua-

513 3267 763 3322 vitalibus
806 3265 1094 3334 nugarum!
1141 3273 1194 3315 et
1221 3277 1353 3330 quas
1396 3258 1640 3311 amittere
1682 3262 1853 3305 metus
1905 3248 2096 3308 fuerat,

507 3362 614 3431 jam
646 3359 912 3413 dimittere
933 3357 1179 3427 gaudium
1209 3363 1342 3410 erat.
1379 3350 1640 3421 Ejiciehas
1667 3347 1808 3401 enim
1831 3356 1962 3397 casa
1990 3354 2097 3402 me,

511 3468 633 3506 vera
666 3461 717 3505 tu
739 3460 793 3504 et
816 3464 1020 3502 summa
1048 3446 1281 3500 suavitas
1312 3462 1323 3496 :
1361 3440 1635 3511 ejiciebas,
1666 3448 1720 3492 et
1744 3436 1982 3490 inti-abas
2004 3450 2100 3503 pro

511 3543 590 3597 eis
614 3542 757 3595 omni
790 3540 1059 3608 voluptate
1081 3536 1306 3599 dulcior,
1331 3534 1423 3587 sed
1448 3548 1552 3586 non
1575 3531 1721 3584 carni
1744 3538 1797 3583 et
1821 3525 2061 3596 sanguini
2083 3540 2097 3585 ;

511 3636 657 3690 omni
710 3634 826 3687 luce
853 3633 1068 3697 clarior,
1111 3629 1203 3684 sed
1232 3628 1377 3681 omni
1424 3634 1630 3678 secreto
1674 3621 1926 3682 interior;
1955 3617 2100 3672 omni

512 3729 715 3783 honore
742 3726 1046 3789 sublimior,
1077 3722 1169 3776 sed
1200 3737 1303 3775 non
1332 3717 1643 3773 sublimibus
1690 3715 1740 3767 in
1780 3728 1859 3768 sc.
1887 3711 2003 3765 Jam
2035 3710 2098 3762 li-

514 3821 609 3876 ber
637 3830 753 3875 erat
783 3821 993 3872 animus
1035 3832 1188 3869 meus
1235 3831 1263 3868 a
1294 3812 1435 3866 curis
1472 3808 1810 3863 mordacibus
1835 3801 2098 3857 ambiendi

512 3926 566 3969 et
586 3911 914 3983 acquirendi,
952 3918 1005 3964 et
1050 3906 1322 3960 volutandi
1357 3914 1518 3973 atque
1551 3898 1822 3969 scalpeudi
1870 3894 2099 3949 scabiem

514 4005 822 4067 libidinum;
852 4011 904 4054 et
930 3998 1227 4070 garriebam
1259 3996 1349 4050 tibi
1382 3993 1610 4048 claritati
1641 4004 1795 4054 mete,
1825 3994 1877 4040 et
1905 3984 2101 4039 divitiis

516 4095 670 4159 meis,
703 4103 756 4147 et
784 4092 938 4145 saluti
969 4105 1099 4144 mea:
1124 4088 1344 4141 Domino
1375 4086 1484 4140 Deo
1512 4099 1652 4137 meo.

1122 4200 1349 4255 CAl’U'l‘
1390 4199 1453 4251 ll.

518 4286 756 4339 Deserere
780 4282 1047 4336 rhetorices
1079 4274 1640 4352 professionemdi/fert
1690 4290 1845 4344 usque
1885 4271 1953 4323 ad
1988 4271 2101 4324 riu-

1082 4349 1322 4403 detuiulvs
1363 4349 1532 4417 ferias.

587 4445 643 4499 2.
679 4444 740 4498 Et
773 4444 967 4513 placuit
1012 4443 1138 4495 mihi
1190 4443 1239 4493 in
1287 4448 1576 4508 cons'pectu
1619 4446 1708 4491 tuo
1753 4451 1854 4489 non
1909 4432 2103 4488 tumul-

519 4550 673 4591 tuose
717 4537 981 4606 abripere,
1027 4534 1121 4589 sed
1166 4535 1358 4588 leuiter
1408 4531 1723 4585 subtrahere
1751 4528 2101 4583 ministerium

518 4632 709 4699 lingua:
734 4646 864 4683 mea:
893 4627 1143 4682 nundinis
1171 4624 1504 4695 loquacitatis
1532 4623 1584 4687 ³;
1616 4639 1683 4676 ne
1705 4622 1923 4675 ulterius
1954 4618 2101 4688 pueri

519 4721 838 4775 meditantes
865 4734 968 4772 non
1001 4721 1168 4788 legem
1202 4725 1365 4776 tuam,
1415 4729 1520 4768 non
1578 4728 1759 4783 pacem
1796 4721 1960 4772 tuam,
2008 4709 2102 4764 sed

520 4815 754 4869 insanias
782 4817 1086 4871 mendaces,
1119 4820 1168 4864 et
1196 4807 1331 4863 bella
1364 4806 1614 4867 forensia,
1650 4812 2016 4859 mercarentur
2036 4817 2103 4855 ex

515 4922 609 4960 ore
640 4921 761 4959 meo
789 4918 937 4958 arma
966 4901 1133 4956 furori
1168 4916 1283 4955 suo.
1314 4900 1381 4953 Et
1418 4909 1712 4969 Opprtt‘ltlnc
1758 4897 1865 4966 jam
1899 4895 2105 4964 paucis-

520 4998 643 5052 simi
670 4997 785 5052 dies
816 5003 1132 5064 supererant
1152 4992 1217 5047 ad
1246 4992 1591 5046 vindemiales
1639 4989 1815 5052 ferias,
1862 4996 1915 5042 et
1944 4986 2102 5040 statui

518 5092 743 5145 tolerare
767 5089 885 5143 illos
915 5096 974 5141 ut
1001 5087 1314 5142 solemniter
1332 5083 1697 5145 abscederem,
1721 5090 1775 5136 et
1794 5080 2103 5149 redemptus

517 5200 544 5237 a
576 5192 627 5237 te
645 5182 755 5254 jam
779 5199 884 5235 non
909 5180 1137 5235 redirem
1165 5178 1383 5234 venalis.
1407 5175 1699 5230 Consilium
1715 5188 1841 5243 ergo
1862 5181 2102 5227 nostrum

517 5287 633 5329 crat
663 5290 843 5329 coram
874 5282 958 5338 te;
988 5287 1169 5327 coram
1195 5268 1500 5323 hominibus
1525 5278 1725 5333 autem,
1753 5266 1853 5320 nisi
1883 5265 2099 5329 nostris,

583 5392 598 5422 ι
619 5389 692 5439 sic
709 5397 813 5440 Mss.
836 5396 887 5438 et
905 5396 1012 5437 Arn.
1035 5401 1049 5447 ;
1084 5393 1133 5435 at
1148 5391 1256 5434 ιον.
1294 5397 1306 5432 :
1343 5382 1466 5443 Quid
1483 5395 1574 5433 non
1594 5380 1710 5431 mali
1724 5394 1811 5447 ego
1831 5379 1856 5431 ?
1893 5392 1961 5447 An
1976 5381 2105 5442 facta

518 5464 641 5503 utea.
664 5460 711 5500 In
730 5451 837 5500 aliis
855 5452 1000 5499 etiam
1020 5443 1131 5496 ald.
1154 5447 1361 5511 habetur
1397 5459 1499 5511 ego.
1522 5448 1609 5494 sed
1627 5458 1688 5493 an
1707 5443 1915 5511 mittatur
1934 5443 1981 5511 in
2000 5449 2099 5511 mit.

581 5518 600 5545 ²
627 5514 870 5563 Editioucs
894 5511 1143 5573 pleneque
1170 5522 1182 5556 :
1210 5515 1264 5557 Et
1288 5502 1501 5573 Itociei‘at
1523 5514 1671 5557 totum
1692 5506 1817 5556 nolle
1838 5505 1964 5573 quod
1986 5502 2104 5573 vole-

518 5574 618 5634 bas,
646 5583 691 5625 et
724 5574 839 5625 velle
855 5565 981 5637 quod
1006 5565 1206 5621 volebas.
1242 5572 1386 5632 Sequi
1412 5570 1649 5618 malumus
1670 5582 1781 5619 cum
1804 5565 2101 5617 Ar11.lcctio-

519 5652 634 5691 nem
647 5644 755 5687 Mss.

586 5702 604 5731 ³
626 5707 672 5748 tu
690 5698 859 5748 Codice
880 5695 1041 5757 neuig.
1081 5692 1334 5743 "morionis
1362 5691 1652 5756 loquacitati
1669 5708 1737 5744 tu.

2212 1446 2317 1485 non
2353 1442 2485 1488 erat.
2518 1436 2582 1491 Et
2603 1439 3087 1494 convenerat‘inter
3110 1455 3209 1496 nos
3232 1457 3299 1497 ne
3325 1444 3519 1513 passim
3546 1446 3810 1515 cuiquam:

2209 1520 2604 1589 effunderetur;
2653 1544 2953 1598 quanquam
2984 1539 3039 1584 tu
3089 1532 3243 1586 nobis
3270 1548 3301 1587 a
3345 1534 3587 1589 convalle
3615 1538 3793 1605 plora-

2209 1615 2369 1669 tionis
2423 1618 2836 1674 ascendentibus
2869 1619 3052 1693 (Psal.
3098 1638 3318 1688 Lxxxut,
3348 1626 3398 1687 6,
3434 1625 3464 1678 7
3487 1625 3503 1694 )
3528 1668 3542 1691 ,
3570 1637 3625 1680 et
3665 1643 3795 1680 can-

2210 1709 2440 1763 tantibus
2466 1711 2729 1765 canticum
2762 1713 3040 1779 graduum,
3086 1714 3314 1770 dederas
3339 1718 3559 1786 sagittas
3583 1728 3790 1782 acutas,

2206 1810 2261 1855 ct
2306 1800 2566 1855 carbones
2614 1811 2907 1858 vastatores
2952 1804 3209 1859 adversus
3248 1807 3476 1877 linguam
3514 1808 3810 1863 subdolam:

2208 1891 2225 1959 (
2248 1889 2388 1944 Psal.
2422 1907 2567 1954 ests.
2592 1894 2685 1949 ’5-5
2704 1897 2721 1964 )
2742 1935 2757 1953 .
2788 1896 2930 1949 velut
2962 1898 3290 1953 consulendo
3314 1901 3805 1969 contradicentem,

2207 1991 2277 2042 et.
2310 1994 2444 2036 Sltflll
2467 1984 2640 2037 cibum
2670 1986 2885 2043 assolet.
2918 1987 3143 2040 amando
3166 2000 3587 2045 etmsumentem.

2280 2073 2335 2126 5.
2364 2073 2727 2144 Sagittavcras
2750 2086 2801 2130 tu
2828 2094 2924 2132 cur
2952 2090 3190 2133 nostrum
3217 2080 3477 2137 charitatc
3502 2092 3608 2147 tua,
3627 2094 3794 2155 (διεθ-

2205 2165 2477 2219 stabanuis
2506 2168 2664 2221 verba
2695 2178 2781 2221 tua
2810 2172 3065 2223 transfixa
3116 2171 3439 2233 visceribus;
3470 2176 3795 2246 etexempla

2207 2269 2480 2309 servorum
2513 2266 2618 2309 tum
2634 2274 2745 2321 um,
2778 2274 2910 2327 quos
2939 2260 3006 2315 de
3032 2260 3195 2330 nigris
3220 2260 3443 2323 lucidos,
3472 2272 3524 2317 ct
3549 2264 3616 2317 de
3645 2280 3798 2319 mor-

2209 2347 2310 2400 tuis
2336 2349 2484 2401 vivos
2513 2350 2738 2409 feceras.
2771 2363 3018 2422 congesta
3047 2355 3096 2407 in
3122 2356 3295 2409 sinum
3325 2358 3660 2425 cogitationis
3688 2375 3798 2413 no—

2206 2448 2329 2490 str:e
2356 2441 2577 2493 urebant
2611 2451 2664 2494 et
2693 2444 3045 2497 absumebaut
3071 2460 3286 2514 gravem
3317 2457 3608 2516 torporem,
3637 2465 3705 2503 ne
3730 2450 3791 2504 in

2208 2530 2315 2582 ima
2368 2546 2717 2597 vergeremus
2747 2535 2794 2596 ';
2852 2542 2905 2587 et
2952 2536 3305 2590 ascendebant
3358 2552 3455 2590 nos
3495 2538 3685 2603 valide,
3732 2552 3799 2595 ut

2204 2622 2378 2672 onmis
2441 2637 2513 2697 ex
2558 2624 2730 2691 lingua
2775 2624 2993 2678 subdola
3051 2626 3482 2682 contradiaionis
3523 2629 3677 2684 flatus
3702 2632 3798 2685 in-

2204 2710 2476 2766 flammare
2508 2728 2604 2766 nos
2632 2716 2807 2768 acrius
2831 2725 3028 2785 posset,
3056 2735 3159 2771 nou
3185 2721 3540 2789 exstinguere.
3566 2721 3799 2777 Verum-

2204 2810 2377 2855 tamen
2405 2803 2527 2871 quia
2556 2815 2769 2872 propter
2816 2823 3009 2861 uotuen
3052 2819 3219 2873 tuum,
3255 2812 3399 2879 quod
3447 2815 3805 2870 sanctificast't

2207 2911 2299 2963 per
2354 2907 2545 2961 terras,
2575 2899 2730 2950 etiam
2785 2899 3086 2955 laudatores
3133 2904 3312 2970 utique
3361 2904 3582 2959 ltaberct
3609 2916 3800 2960 votum

2203 2997 2255 3040 et
2302 2991 2629 3057 propositum
2674 3000 2933 3055 uostrmu,
2988 2993 3257 3061 jaclautia:
3300 2996 3473 3049 simile
3516 2996 3807 3051 videbatur

2206 3094 2310 3131 non
2340 3082 2570 3149 opperiri
2604 3094 2707 3135 tam
2740 3084 3033 3149 proximum
3067 3085 3311 3137 feriarum
3338 3087 3693 3155 tempus,sed
3723 3084 3819 3141 de"

2206 3172 2414 3240 publica
2461 3174 2788 3241 professione
2829 3187 2987 3243 atque
3032 3185 3154 3229 ante
3199 3180 3385 3232 oculos
3420 3181 3660 3231 muniqu
3688 3180 3801 3233 sita

2205 3273 2328 3317 ante
2376 3264 2652 3320 discedere
2677 3268 2731 3329 ‘,
2768 3277 2821 3318 ut
2863 3281 3118 3319 conversa
3169 3268 3218 3320 in
3267 3267 3461 3321 factum
3494 3286 3670 3323 meum
3697 3286 3803 3325 ora

2206 3364 2514 3408 Cunctorum
2547 3356 2861 3409 ἰιιιιιιειιιὶιιιιι
2887 3397 2899 3421 ,
2930 3374 3087 3427 quam
3121 3360 3348 3413 vicinum
3395 3362 3817 3417 vindemialium.

2208 3444 2350 3498 diem
2405 3448 2696 3513 przeveuire
2746 3448 3024 3510 voluerim,
3074 3450 3235 3502 nmlta
3277 3449 3516 3505 dicerent
3561 3452 3613 3516 ³,η
3650 3454 3806 3522 quod

2207 3536 2354 3604 ψιειεί
2395 3538 2714 3605 appetissem
2760 3555 2981 3608 magnus
3030 3541 3214 3594 videri.
3246 3542 3315 3595 Et
3350 3559 3456 3611 quo
3498 3544 3625 3597 mihi
3678 3556 3817 3600 erat.

2210 3626 2345 3679 istud
2371 3667 2386 3690 ,
2442 3639 2496 3681 ut
2542 3639 2813 3697 putaretur
2841 3639 2894 3684 et
2922 3630 3283 3699 disputaretur
3316 3634 3383 3687 de
3424 3635 3605 3689 animo
3639 3652 3807 3704 meo,

2206 3724 2258 3769 ct
2287 3716 2741 3785 blasphemaretur
2769 3719 2963 3773 bonum
3003 3724 3278 3775 nostrum?

2280 3808 2333 3861 4.
2363 3810 2499 3872 Quin
2528 3810 2707 3870 etiarn,
2739 3811 2881 3879 quod
2905 3812 3487 3880 ipsazestatelitterario
3513 3816 3681 3870 labori
3708 3818 3807 3873 ni.-

2214 3899 2319 3951 mio
2353 3899 2534 3967 pulmo
2564 3915 2714 3954 meus
2755 3902 2944 3955 cedere
2987 3914 3243 3972 cmperat,
3281 3914 3336 3958 et
3361 3906 3644 3962 difficulter
3681 3919 3807 3962 tra-

2212 3990 2340 4046 here
2380 3993 2631 4061 suspiria,
2683 3995 3061 4064 doloribusque
3104 3998 3331 4065 pectoris
3379 4002 3556 4054 testari
3586 4016 3646 4057 se
3674 4016 3810 4055 sau-

2216 4086 2378 4149 cium,
2408 4101 2706 4155 vocemque
2732 4089 3009 4141 clariorem
3040 4090 3497 4157 productior-cmve
3522 4108 3816 4163 recusare,

2225 4178 2400 4246 primo
2446 4180 2843 4247 perturbaverat
2873 4195 2978 4245 me,
3011 4182 3133 4249 quia
3180 4184 3465 4252 magisterii
3511 4185 3649 4239 illius
3677 4201 3805 4239 sar-

2213 4266 2386 4320 cinam
2434 4282 2569 4336 pene
2606 4269 2715 4337 jam
2766 4271 3083 4324 necessita:e
3113 4272 3378 4340 deponere
3419 4275 3671 4344 cegcbat,
3703 4286 3809 4332 aut

2211 4359 2255 4411 si
2300 4359 2474 4412 curari
2522 4369 2577 4413 et
2617 4362 2986 4415 convalescere
3017 4363 3326 4429 potuissem,
3358 4376 3503 4419 certe
3532 4366 3806 4422 intermit-

2217 4459 2346 4503 tere.
2373 4449 2478 4504 Sed
2508 4450 2597 4504 ttbi
2630 4452 2779 4519 plena
2807 4453 3053 4506 voluntas
3077 4455 3316 4517 vacaudi,
3342 4466 3398 4509 et
3422 4456 3632 4510 videndi
3661 4473 3806 4526 quo-

2212 4544 2352 4596 niam
2385 4554 2439 4597 tu
2483 4559 2545 4599 es
2586 4545 2859 4610 Dominus,
2888 4546 3071 4600 oborta
3104 4547 3231 4600 mihi
3260 4557 3342 4603 est
3366 4559 3522 4617 atque
3549 4550 3761 4605 firmata
3781 4569 3809 4617 ;.

2213 4636 2374 4701 nosti,
2424 4636 2563 4691 Deus
2607 4652 2778 4701 meus,
2820 4638 2978 4691 etiam
3018 4639 3250 4707 gaudere
3278 4641 3447 4709 coepi,
3496 4642 3636 4711 quod
3683 4644 3806 4699 ha-c

2212 4742 2425 4798 quoque
2455 4727 2671 4782 suberat
2702 4745 2805 4781 non
2837 4729 3064 4782 mendax
3085 4731 3375 4793 excusatio,
3401 4748 3520 4799 qua:
3546 4731 3803 4786 offensio-

2211 4835 2332 4874 nem
2364 4821 2635 4874 hominum
2681 4830 3041 4890 temperaret,
3074 4824 3161 4890 qui
3192 4835 3407 4892 propter
3442 4825 3641 4880 liberos
3665 4841 3800 4881 suos

2212 4928 2297 4966 me
2326 4912 2546 4967 liberum
2571 4928 2693 4966 esse
2719 4928 2985 4982 nunquam
3013 4913 3280 4968 volebant.
3304 4914 3499 4970 Plenus
3528 4915 3685 4986 igitur
3704 4917 3798 4970 tali

2212 5004 2406 5074 gaudio
2436 5004 2725 5059 tolerabant
2774 5004 2900 5058 illud
2945 5004 3281 5059 intervallum
3315 5008 3590 5077 temporis,
3621 5008 3799 5063 donec

2210 5097 2558 5151 decurreret:
2594 5095 2773 5149 nescio
2804 5105 2979 5149 utrum
3022 5096 3104 5150 vel
3145 5096 3327 5166 viginti
3355 5098 3469 5152 dies
3494 5106 3664 5163 erant,
3700 5097 3799 5152 scd

2215 5197 2388 5242 tamen
2419 5186 2627 5240 fortiter
2654 5187 3042 5252 tolerabantur;
3073 5189 3194 5257 quia
3216 5198 3511 5262 recesserat
3536 5189 3800 5259 cupiditas

2211 5295 2330 5349 quae
2356 5293 2565 5332 mecum
2594 5279 2797 5333 solebat
2826 5278 2966 5334 ferre
2982 5295 3143 5350 grave
3166 5282 3457 5350 negotium,
3480 5290 3534 5337 et
3556 5296 3653 5351 ego
3674 5297 3800 5352 pre-

2213 5369 2441 5426 mendus
2468 5386 2851 5439 remanseram,
2878 5372 2978 5427 nisi
3026 5374 3277 5441 patientia
3308 5376 3633 5429 succederet.
3666 5374 3801 5430 Pec-

2274 5510 2289 5541 ι
2312 5515 2416 5573 Mss.
2433 5507 2530 5573 duo
2543 5506 2727 5573 habent
2746 5521 2757 5555 :
2780 5515 2844 5573 Ne
2860 5506 2909 5558 in
2926 5506 3024 5557 ima
3037 5521 3381 5573 memorentur.

2256 5572 2291 5639 ᾗ
2315 5570 2637 5639 Discederem,
2650 5570 2787 5639 justo
2804 5568 2837 5618 6
2854 5578 2955 5639 Mss.
2976 5568 3178 5639 quorum
3205 5571 3303 5639 duo
3316 5581 3473 5639 Germ.
3495 5581 3645 5634 Mart,
3660 5586 3703 5625 se
3722 5573 3801 5625 ita

2212 5632 2528 5702 discederem.
2567 5638 2695 5702 Unus
2706 5638 2864 5702 Germ.
2892 5632 2987 5702 fert
3005 5633 3151 5702 etiam
3168 5634 3364 5684 voculas
3379 5632 3423 5686 si
3444 5641 3529 5687 tm.
3552 5643 3606 5683 st.

2276 5696 2294 5725 ³
2316 5691 2449 5744 Multi
2466 5692 2699 5753 dicerent,
2713 5696 2849 5755 juxta
2870 5701 2980 5743 trart
3017 5708 3079 5743 ex
3098 5694 3129 5741 4
3155 5703 3258 5744 Mss.
3296 5704 3351 5746 tu.
