4078 6366
277 301 382 360 ’165

277 434 433 475 casse
455 433 542 472 me
571 416 628 471 in
656 414 758 470 hoc
781 412 1062 485 quisquam
1093 424 1366 468 servorum
1415 417 1620 464 tuorum
1649 404 1870 460 l‘ratrum

283 523 529 565 meorum
573 506 806 570 dixerit,
854 503 994 574 quod
1018 504 1128 573 jam
1155 502 1316 572 pleno
1342 500 1502 556 corde
1546 498 1730 554 militia
1761 507 1868 560 tua,

284 614 471 670 passus
501 614 586 652 me
627 595 818 651 fuerim
860 595 941 649 vel
969 609 1069 648 una
1118 593 1248 648 hora
1274 591 1465 647 sedere
1509 591 1560 644 in
1603 587 1861 644 cathedra

285 690 566 746 mendacii.
595 689 667 742 At
690 701 790 758 ego
815 702 921 741 non
945 685 1228 740 contendo.
1259 682 1363 738 Sed
1395 690 1470 746 tu,
1523 681 1748 735 Domine
1772 679 1871 732 mi-

284 780 714 836 sericordissime
735 820 748 840 ,
777 793 953 832 nonne
983 786 1036 831 et
1063 775 1165 830 hoc
1194 784 1470 846 peccatum
1497 790 1616 828 emn
1663 772 1872 826 caeteris

283 871 567 926 horrendis
593 878 648 923 et
675 867 928 934 funereis,
959 868 1012 923 in
1038 882 1174 937 aqua
1205 876 1389 922 sancta
1431 866 1676 936 ignovisti
1705 873 1760 920 et
1782 878 1870 919 re-

283 962 476 1018 misisti
505 961 675 1016 mihi?

920 1028 1150 1088 CAPUT
1189 1028 1276 1085 Ill.

574 1121 899 1178 Verecundus
942 1121 1166 1176 concedit
1195 1121 1272 1175 illi
1313 1137 1398 1176 rm
1424 1136 1589 1174 suum.

358 1217 414 1272 5.
441 1213 807 1271 Macerabatur
831 1213 1169 1268 anxietudine
1197 1212 1544 1268 Verecundus
1568 1211 1635 1269 de
1657 1212 1758 1266 isto
1780 1226 1873 1264 no-

290 1320 404 1366 stro
431 1309 594 1372 bono,
622 1307 764 1376 quod
792 1316 1008 1378 propter
1032 1306 1238 1361 vincula
1265 1321 1358 1360 sua
1378 1347 1393 1370 ,
1425 1305 1619 1376 quibus
1649 1303 1876 1360 tenacis-

283 1399 418 1456 sime
449 1399 754 1463 tenebatur,
793 1397 969 1453 deseri
1001 1413 1060 1454 se
1100 1406 1283 1452 nostro
1326 1395 1598 1452 consortio
1637 1395 1868 1450 videbat.

281 1491 530 1546 Nondum
566 1491 906 1556 christianos,
961 1490 1185 1560 conjuge
1235 1489 1406 1553 ﬁdeli,
1450 1504 1513 1546 ea
1555 1489 1668 1559 ipsa
1697 1497 1874 1542 tamen

281 1588 514 1641 arctiore
558 1601 670 1655 prae
698 1584 907 1639 cazteris
949 1581 1228 1652 compede,
1275 1582 1564 1636 abitinere
1612 1580 1752 1651 quod
1777 1595 1874 1651 ag-

282 1678 454 1746 gressi
505 1690 750 1741 eramus,
799 1675 1208 1730 retardahatur:
1253 1689 1348 1730 nec
1379 1674 1728 1729 christianum
1755 1687 1874 1728 esse

283 1769 388 1822 alio
413 1766 574 1822 modo
605 1781 664 1823 se
691 1767 825 1822 velle
837 1767 1070 1829 dicebat.
1095 1782 1251 1837 quam
1281 1767 1371 1821 illo
1387 1781 1491 1837 quo
1519 1782 1623 1820 non
1643 1773 1870 1835 poterat.

284 1858 520 1928 Benigne
543 1872 671 1912 sane
696 1857 910 1923 obtulit,
935 1865 992 1912 ut
1009 1857 1262 1928 quamdiu
1290 1857 1362 1911 ibi
1382 1872 1639 1919 essemus,
1671 1857 1722 1912 in
1749 1871 1875 1912 rure

223 1937 232 1943 ’
283 1948 402 2015 ejus
428 1963 667 2002 essemus
696 1947 734 2000 ί.
762 1947 1043 2002 Retribues
1083 1947 1161 2002 illi
1185 1949 1229 2010 ',
1262 1947 1506 2011 Domine,
1551 1946 1602 2002 in
1632 1961 1874 2001 resurre-

284 2040 465 2097 ctione
480 2037 764 2108 justorum,
792 2038 914 2108 quia
933 2041 1042 2106 jam
1074 2037 1241 2108 ipsam
1269 2045 1465 2092 sortem
1490 2037 1777 2092 retribuisti
1802 2037 1874 2094 ei.

282 2130 548 2196 Quamvis
581 2130 722 2184 enim
749 2125 1059 2184 absentibus
1077 2130 1236 2186 nobis
1281 2144 1402 2184 cum
1428 2131 1615 2184 Romre
1652 2129 1762 2198 jam
1785 2143 1876 2184 es-

283 2235 488 2285 semus,
516 2221 778 2290 corporali
805 2219 1120 2290 aegritudine
1143 2229 1445 2289 correptus,
1471 2230 1527 2275 et
1555 2220 1606 2274 in
1640 2235 1703 2274 ea
1727 2218 1875 2274 chri-

284 2312 493 2368 stianos
534 2321 587 2366 et
612 2310 784 2366 ﬁdelis
827 2311 1016 2377 iactus,
1066 2327 1130 2367 ex
1172 2313 1270 2366 hac
1301 2312 1409 2365 vita
1451 2311 1775 2381 emigravit:
1806 2312 1892 2387 ita

286 2404 538 2457 misertus
561 2418 620 2458 es
645 2417 750 2457 non
779 2403 950 2457 solum
991 2402 1125 2473 ejus,
1157 2402 1249 2456 sed
1277 2402 1438 2456 etiam
1469 2404 1660 2468 nostri,
1691 2417 1757 2457 ne
1781 2417 1876 2457 co-

284 2497 516 2567 gitantes
545 2495 810 2566 egregiam
837 2510 968 2565 erga
1009 2510 1106 2548 nos
1131 2494 1288 2550 amici
1333 2493 1738 2558 humanitatem,
1769 2510 1869 2550 nec

285 2605 410 2644 eum
471 2590 525 2643 in
565 2603 726 2659 grege
773 2597 864 2642 tuo
905 2596 1286 2654 numerantes,
1324 2587 1511 2643 dolore
1549 2588 1874 2644 intolerabili

285 2682 668 2737 crueiaremur.
714 2680 927 2736 Gratias
953 2680 1070 2741 tibi.
1116 2680 1256 2736 Deus
1297 2689 1499 2744 noster,
1551 2679 1626 2734 tui
1657 2696 1877 2746 sumus;

289 2772 530 2826 indicant
556 2771 884 2827 hortationes
904 2780 957 2826 et
981 2772 1373 2826 consolationes
1400 2779 1503 2826 tuae
1526 2788 1539 2824 :
1566 2771 1735 2827 ﬁdelis
1759 2789 1883 2842 pro-

289 2863 506 2929 missor,
538 2863 730 2918 reddes
775 2863 1087 2918 Verecundo
1107 2904 1121 2925 ,
1155 2878 1250 2932 pro
1275 2879 1399 2918 rure
1431 2864 1522 2918 illo
1550 2863 1667 2933 ejus
1698 2864 1878 2918 Cassi-

287 2956 461 3020 eiaeo,
493 2954 579 3008 ubi
601 2954 814 3007 abaestu
839 2955 1016 3008 saicnli
1040 2954 1397 3022 requievimus
1423 2954 1474 3008 in
1503 2964 1573 3019 te,
1602 2956 1880 3010 autumnita-

289 3059 394 3103 tem
423 3046 748 3117 sempiterne
789 3046 1012 3102 virentis
1060 3046 1285 3115 paradisi
1318 3048 1412 3108 tui,
1445 3047 1692 3116 quoniam
1721 3048 1878 3101 dimi-

288 3138 404 3193 sisti
434 3139 487 3192 ci
531 3148 744 3210 peccata
790 3151 950 3204 super
994 3147 1210 3198 terram,
1264 3138 1314 3191 in
1352 3149 1532 3191 monte
1584 3138 1878 3204 ineaseato,

289 3238 474 3283 monte
501 3237 613 3293 tuo,
641 3237 823 3282 monte
848 3227 994 3280 uberi
1029 3226 1196 3298 (Ρεαί.
1229 3244 1395 3288 vau,
1432 3228 1556 3298 16).

362 3321 417 3374 6.
447 3320 757 3390 Augebatur
775 3334 902 3389 ergo
935 3328 1057 3374 tunc
1091 3320 1236 3388 ipse;
1265 3319 1548 3375 Nebridius
1571 3332 1745 3374 autem
1773 3321 1882 3375 eol—

292 3413 590 3468 lictabatur.
623 3411 874 3478 Quamvis
899 3412 1041 3466 enim
1070 3420 1121 3466 et
1146 3411 1261 3481 ipse
1287 3412 1527 3466 nondum
1557 3399 1880 3467 christianos

292 3507 342 3558 in
373 3505 515 3559 illam
546 3503 752 3560 foveam
800 3503 1232 3572 perniciosissimi
1257 3504 1461 3559 erroris
1504 3504 1786 3569 inciderat,
1822 3514 1881 3572 ω
1936 3550 1944 3556 .

299 3595 547 3650 Veritatis
578 3595 697 3649 Filii
743 3595 818 3649 tui
869 3610 1083 3649 carnem
1133 3595 1442 3665 phantasma
1492 3595 1769 3661 crederet;
1801 3605 1878 3651 ta—

294 3703 415 3741 men
443 3687 564 3742 inde
584 3702 885 3757 emergens,
913 3687 988 3740 sic
1015 3686 1116 3742 sibi
1135 3695 1267 3751 erat,
1289 3688 1522 3742 nondum
1551 3690 1671 3743 ullis
1690 3689 1880 3745 Eccle-

295 3781 389 3834 siin
419 3789 526 3835 tua:
552 3781 904 3836 sacramentis
946 3781 1197 3847 imbutus,
1245 3781 1339 3835 sed
1385 3782 1664 3852 inquisitor
1691 3783 1881 3838 arden-

297 3871 534 3926 tissimus
551 3871 808 3927 veritatis.
832 3871 1001 3936 Quem
1026 3887 1130 3925 non
1156 3871 1322 3925 multo
1341 3883 1455 3940 post
1475 3874 1882 3928 conversionem

296 3970 534 4016 nostram
586 3971 640 4017 et
689 3962 1142 4032 regenerationem
1192 3979 1287 4032 per
1333 3964 1656 4032 Baptismum
1712 3975 1877 4030 tuum,

298 4055 474 4123 ipsum
506 4055 666 4108 etiam
693 4055 899 4110 ﬁdelem
925 4055 1245 4110 catholicum
1277 4058 1518 4112 castitate
1545 4057 1774 4127 perfecta
1801 4069 1882 4113 at-

293 4159 398 4214 que
427 4145 752 4199 continentia
794 4145 886 4199 tibi
927 4146 1248 4200 servientem
1283 4146 1336 4200 in
1361 4145 1536 4202 Africa
1564 4149 1702 4218 apud
1734 4165 1880 4218 suos,

292 4250 415 4288 cum
444 4243 551 4289 tota
582 4235 772 4290 domus
800 4236 914 4306 ejus
939 4253 1036 4307 per
1059 4253 1181 4292 eum
1211 4237 1499 4292 christiana
1529 4239 1668 4293 facta
1698 4253 1839 4296 esset
1863 4284 1878 4307 ,

291 4341 457 4381 carne
500 4327 740 4392 solvisti;
782 4335 837 4382 et
885 4343 1024 4382 nunc
1056 4329 1145 4382 ille
1184 4329 1310 4381 vivit
1337 4329 1386 4381 in
1417 4329 1537 4384 sinu
1586 4331 1877 4385 Abraham.

292 4418 563 4487 Quidquid
595 4419 724 4474 illud
766 4429 849 4474 est
877 4421 1018 4491 quod
1052 4421 1140 4474 illo
1169 4421 1495 4490 signiﬁcatur
1520 4423 1638 4478 sinu
1673 4423 1746 4495 (α)
1767 4465 1781 4487 ,
1811 4425 1879 4478 ibi

290 4509 578 4566 Nebridius
606 4527 754 4568 meus
765 4513 908 4576 vivit,
929 4513 1098 4568 dulcis
1117 4515 1319 4568 amicus
1346 4530 1518 4582 meus,
1544 4523 1664 4571 tuus
1680 4525 1878 4584 autem,

295 4602 545 4665 Domine,
585 4602 864 4672 adoptivus
903 4619 968 4658 ex
999 4604 1190 4658 liberto
1221 4605 1392 4669 ﬁlius;
1441 4607 1511 4661 ibi
1557 4609 1703 4663 vivit.
1751 4609 1880 4664 Nam

291 4695 417 4764 quis
445 4695 585 4749 alius
608 4697 697 4749 tali
729 4697 919 4749 anima:
946 4697 1121 4750 locus!
1155 4697 1228 4752 lbi
1253 4698 1401 4762 vivit,
1429 4700 1571 4754 unde
1604 4717 1689 4757 me
1719 4704 1880 4757 multa

291 4787 656 4855 interrogabat
681 4787 1097 4841 homuncionem
1121 4789 1473 4859 inexpertum.
1503 4789 1618 4846 Jam
1658 4809 1761 4847 non
1789 4809 1884 4864 p0-

292 4881 373 4930 nit
402 4894 586 4932 aurem
614 4879 679 4931 ad
708 4894 769 4934 os
798 4895 974 4934 meum
997 4920 1013 4945 ,
1047 4879 1138 4935 sed
1183 4880 1460 4949 spirituale
1502 4897 1562 4936 os
1590 4883 1654 4937 ad
1683 4883 1881 4941 fontem

290 4977 444 5023 tuum
469 4984 486 5034 ;
514 4978 567 5023 et
593 4970 744 5033 bibit,
788 4980 1044 5040 quantum
1085 4980 1281 5041 potest,
1309 4973 1620 5043 sapientiam
1646 4992 1743 5046 pro
1765 4979 1880 5030 avi-

290 5061 466 5118 ditate
498 5076 614 5129 sua,
649 5063 764 5118 sine
814 5064 918 5119 ﬁne
955 5061 1106 5119 felix.
1154 5064 1263 5120 Nec
1291 5065 1366 5120 sic
1396 5082 1514 5120 eum
1547 5068 1771 5122 arbitror
1800 5072 1879 5123 in-

357 5216 377 5284 ξ
399 5213 801 5284 κεβημιιιιρχεζθ
818 5225 1028 5280 excepto
1039 5253 1055 5278 ,
1072 5217 1258 5284 habent
1275 5231 1288 5268 :
1312 5226 1367 5268 In
1383 5232 1438 5270 re
1453 5219 1559 5282 ejus
1573 5235 1799 5274 essem.

353 5279 378 5341 ξ
399 5275 621 5341 licth
636 5274 728 5336 illi,
745 5278 882 5341 juxta
900 5274 1114 5329 Martfex
1140 5278 1172 5327 4
1192 5287 1297 5329 Mss.
1333 5288 1388 5330 Μ.

355 5338 432 5408 ge)
444 5338 563 5396 Quid
574 5339 683 5408 sinu
694 5338 1155 5408 Abrahresignitkgari
1173 5341 1752 5408 credideritaugustinus,
1765 5360 1883 5408 ape.

353 5353 434 5448 tu;
444 5353 563 5396 quia
574 5353 683 5388 smu
694 5353 892 5414 Abrahae
902 5353 1155 5450 signum:
1173 5353 1436 5415 crediderit
1447 5353 1752 5408 Augustinus,
1765 5360 1879 5459 agi.

725 5415 778 5478 in
947 5415 992 5478 re
1004 5404 1167 5478 Anima
1185 5410 1238 5452 et
1255 5417 1363 5478 ejus
1376 5407 1629 5478 οτίίςιρςε.
1648 5407 1720 5478 tt},
1733 5422 1780 5457 n.
1867 5428 1879 5462 :

297 5481 319 5506 ι
336 5462 503 5510 sinum
520 5462 718 5532 Abrahze
737 5462 960 5532 intelligi:
983 5473 1221 5532 remotam
1244 5462 1416 5532 sedem
1431 5462 1612 5532 q'uietis
1635 5462 1782 5532 atque
1806 5485 1886 5522 ses

295 5540 321 5568 ι
335 5531 544 5595 aetatu,
563 5524 647 5595 ubi
665 5524 991 5595 estAbrah—am
1003 5540 1027 5595 ;_
1037 5533 1091 5595 et
1106 5527 1218 5576 ideo
1234 5527 1433 5595 Abrahq:
1447 5524 1628 5577 dictum
1647 5524 1739 5595 no'n
1757 5536 1883 5595 quod

295 5601 319 5630 ι
331 5587 491 5653 ipsius
502 5592 688 5653 tantum
697 5588 762 5636 sit
771 5620 786 5645 ,
798 5587 886 5637 sed
901 5589 1028 5653 quod
1039 5590 1150 5653 ipse
1169 5595 1307 5653 pater
1320 5588 1576 5653 multarum
1588 5587 1805 5653 gentium
1821 5597 1885 5645 sit

296 5601 319 5630 ι
331 5600 491 5648 Iratus
502 5600 688 5635 tantum
697 5600 762 5636 sit
771 5620 786 5645 ,
798 5600 886 5637 seu
882 5600 1028 5698 a«suae
1046 5601 1150 5650 ipse
1169 5600 1307 5650 pater
1320 5600 1576 5639 multarum
1588 5600 1805 5653 gentium
1821 5600 1883 5645 sit

296 5663 320 5753 ε
336 5647 554 5758 mus,
577 5648 756 5711 quibus
782 5655 859 5700 est
967 5651 1248 5704 imitzmdum
1275 5650 1383 5700 ﬁlei
1412 5652 1676 5714 principatu
1711 5669 1883 5718 prolui-

297 5720 478 5757 «suis.
499 5724 521 5753 ι

1694 288 1893 344 LiBEll
1931 284 2180 342 NONUS.

3460 292 3566 350 766

1979 404 2171 458 ehriari
2199 420 2263 460 ex
2290 421 2370 473 ea,
2405 415 2463 461 ut
2507 407 2848 465 obliviscatur
2876 411 3003 479 mei,
3041 427 3164 468 eum
3209 423 3286 476 tu.
3317 414 3562 483 Domine,

1977 510 2134 561 quem
2158 505 2304 564 potat
2332 497 2420 553 ille
2451 500 2489 560 ⁸,
2519 501 2684 555 nostri
2711 502 2784 556 sis
2811 519 3036 558 memor.
3064 504 3154 560 Sic
3185 521 3312 578 ergo
3345 521 3558 564 eramus

1977 585 2346 642 Verecunduin
2378 592 2715 647 consolantes
2759 594 2986 661 tristem,
3017 597 3162 650 salva
3191 598 3445 661 amicitia.
3493 600 3564 660 de

1981 677 2068 732 tali
2097 683 2447 736 conversione
2491 693 2672 737 nostra
2702 686 2722 715 ³
2750 726 2764 747 ,
2807 695 2862 740 et
2905 688 3249 745 exhortantes
3273 691 3340 744 ad
3392 691 3555 747 ﬁdem

1977 767 2171 836 gradus
2199 771 2300 834 sui,
2326 771 2447 825 vita:
2475 775 2678 828 scilicet
2697 776 3019 845 conjngalis;
3049 779 3356 835 Nebridium
3381 791 3557 838 autem

1978 861 2312 927 opperientes
2333 865 2542 932 quando
2567 879 2900 935 sequeretur,
2919 870 3057 938 quod
3082 871 3147 924 de
3180 881 3285 925 tam
3316 874 3562 942 proxime

1978 961 2208 1019 poterat,
2236 963 2289 1007 et
2313 964 2425 1008 erat
2450 955 2558 1024 jam
2591 955 2806 1027 jamque
2831 959 3061 1015 facturus
3093 978 3104 1013 :
3130 977 3250 1015 cum
3277 979 3402 1019 ecce
3429 980 3556 1020 evo-

1979 1040 2074 1096 luti
2099 1052 2224 1098 sunt
2248 1043 2362 1100 dies
2385 1046 2457 1099 illi
2487 1049 2726 1114 tandem;
2753 1067 2873 1105 nam
2898 1051 3038 1124 longi
3051 1064 3106 1108 et
3133 1055 3282 1110 inuiti
3310 1057 3562 1113 videban-

1981 1141 2065 1187 tur
2105 1150 2211 1202 pr:e
2247 1151 2428 1192 amore
2469 1139 2724 1195 libertatis
2749 1144 2958 1206 otiosae,
3012 1146 3075 1198 ad
3122 1149 3445 1204 cantandum
3502 1151 3568 1206 de

1983 1224 2226 1280 medullis
2251 1229 2514 1292 omnibus,
2534 1231 2646 1285 Tibi
2674 1235 2798 1288 dixit
2818 1253 2904 1288 cor
2928 1255 3113 1299 meum.
3134 1240 3354 1304 ansivi
3380 1244 3570 1296 vultum

1998 1329 2178 1388 luunt;
2201 1322 2558 1391 vultumtuum,
2582 1325 2818 1393 Domine,
2845 1331 3093 1400 requiram
3112 1331 3282 1406 (Padi.
3308 1352 3462 1400 XXVI,
3487 1337 3570 1398 8).

2632 1462 2859 1520 CAPUT
2900 1467 2986 1522 ιν.

1985 1564 2129 1620 Libri
2152 1568 2291 1638 apud
2317 1568 2651 1626 Cassiciacnm
2671 1576 2859 1643 scripti.
2891 1576 3138 1648 Epistolw
3158 1581 3226 1633 ad
3245 1581 3569 1635 Nebridium.

2052 1661 2132 1716 De
2174 1661 2342 1716 ablato
2393 1675 2593 1733 repente
2631 1667 2806 1721 dolore
2851 1667 3088 1724 Dentium
3131 1675 3405 1740 acerrimo,
3447 1675 3568 1728 dum

2054 1752 2280 1823 psalmos
2311 1755 2394 1825 pie
2417 1757 2613 1809 evolvit.

2053 1890 2106 1943 7.
2148 1891 2214 1944 Et
2240 1891 2384 1946 venit
2408 1893 2524 1947 dies
2557 1893 2612 1948 in
2647 1910 2752 1964 quo
2780 1897 2939 1950 etiam
2970 1907 3091 1953 actu
3121 1901 3362 1956 solverer
3391 1919 3420 1957 a
3447 1919 3574 1972 pro-

1983 1977 2213 2036 fessione
2252 1980 2534 2049 rhetorica,
2585 1985 2724 2039 unde
2757 1986 2866 2055 jam
2895 1990 3127 2058 cogitatu
3156 1991 3361 2050 solutus
3401 2009 3569 2049 cram.

1984 2071 2049 2124 Et
2086 2069 2283 2127 factum
2323 2083 2426 2138 est,
2448 2087 2521 2133 et
2555 2077 2742 2130 eruisti
2784 2078 3016 2148 linguam
3065 2097 3256 2146 meam,
3289 2085 3428 2140 unde
3461 2085 3572 2154 jam

1982 2177 2203 2218 erucras
2221 2179 2316 2218 cor
2341 2181 2546 2228 meum;
2578 2176 2633 2221 et
2659 2169 3037 2225 benediceham
3059 2175 3148 2226 tibi
3171 2176 3430 2243 gaudens,
3451 2193 3568 2247 pro-

1984 2255 2153 2311 fectus
2193 2258 2242 2310 in
2289 2259 2467 2312 villam
2497 2275 2617 2314 cum
2648 2263 2778 2316 meis
2808 2265 3075 2318 omnibus.
3106 2267 3178 2320 lbi
3219 2268 3343 2336 quid
3373 2272 3574 2338 egerim

1984 2348 2038 2402 in
2079 2349 2291 2414 litteris,
2328 2349 2436 2418 jam
2483 2351 2697 2420 quidem
2728 2355 3084 2412 servientibus
3125 2357 3238 2420 tibi,
3274 2361 3366 2412 sed
3397 2361 3572 2417 adhuc

1985 2441 2246 2507 superbiai
2273 2441 2532 2507 scholam,
2566 2452 2813 2513 tanquam
2861 2447 2908 2500 in
2941 2451 3250 2516 .pausatione
3278 2451 3575 2507 anhelanti-

1987 2532 2083 2585 bus
2101 2533 2142 2597 ³,
2168 2543 2425 2588 testantur
2443 2535 2559 2592 libri
2577 2536 2823 2605 disputati
2848 2553 2966 2593 cum
2996 2544 3361 2608 praesentibus,
3381 2553 3575 2601 etcum

1987 2624 2101 2693 ipso
2140 2642 2222 2678 me
2249 2628 2363 2679 solo
2387 2643 2566 2680 coram
2609 2638 2658 2682 te
2681 2647 2693 2681 :
2719 2646 2836 2698 qua:
2879 2643 3056 2686 autem
3082 2649 3201 2688 cum
3228 2636 3446 2691 absente
3468 2638 3575 2693 Ne—
3653 2627 3668 2639 κ

1987 2713 2178 2777 bridio,
2219 2723 2481 2770 testantur
2518 2718 2777 2786 epistola}.
2818 2720 2885 2774 Et
2925 2723 3135 2790 quando
3181 2725 3310 2791 mihi
3348 2727 3577 2783 sufﬁciat

1988 2813 2198 2874 tempus
2215 2809 2668 2863 commemorandi
2697 2812 2875 2867 omnia
2893 2828 3083 2883 magna
3107 2831 3227 2883 erga
3252 2832 3348 2870 nos
3378 2818 3577 2873 beneﬁ-

1986 2897 2068 2950 cia
2097 2906 2180 2949 tua
2205 2897 2254 2951 in
2283 2897 2376 2952 illo
2404 2907 2664 2968 tempore,
2699 2905 2992 2970 prtesertim
3017 2904 3082 2957 ad
3100 2905 3202 2958 alia
3231 2907 3429 2976 majora
3453 2925 3578 2977 pro-

1989 2989 2232 3055 peranti?
2258 2989 2490 3043 ltevocat
2520 2991 2662 3045 enim
2691 3009 2775 3046 me
2805 2993 3104 3048 recordatio
3148 3013 3286 3061 nica,
3331 3009 3385 3052 et
3417 2998 3576 3056 dulce
3620 2986 3629 2992 ’

1989 3080 2114 3133 mihi
2141 3082 2215 3146 lit,
2250 3082 2486 3147 Domine,
2512 3085 2756 3139 confiteri
2785 3087 2878 3140 tibi
2908 3088 3099 3156 quibus
3125 3089 3346 3146 internis
3375 3108 3459 3147 me
3480 3094 3577 3148 sti-

1946 3232 1950 3240 ι
1988 3170 2146 3224 mulis
2177 3171 2558 3239 perdomueris,
2593 3185 2643 3228 et
2670 3176 3120 3242 quemadmodum
3147 3195 3236 3234 me
3271 3183 3576 3250 complana-

1987 3260 2149 3323 veris,
2185 3261 2474 3317 lnuniliatis
2521 3265 2790 3318 montibus
2835 3274 2888 3318 et
2931 3267 3161 3321 collibus
3193 3271 3574 3340 cogitationum

1989 3366 2247 3417 mearum,
2275 3360 2328 3407 et
2354 3362 2586 3407 tortuosa
2613 3370 2732 3409 inea
2751 3355 3026 3420 direxeris,
3051 3367 3106 3410 et
3125 3374 3313 3427 aspera
3330 3361 3574 3428 lenieris;

1987 3459 2196 3511 quoque
2230 3444 2387 3496 modo
2431 3445 2603 3512 ipsum
2648 3447 2804 3500 etiam
2853 3447 3099 3517 Alypium
3142 3449 3359 3504 fratrem
3397 3453 3574 3508 cordis

1990 3537 2090 3589 mei
2118 3537 2392 3605 subegeris
2420 3539 2617 3591 nomini
2650 3540 2902 3608 unigeniti
2947 3541 3018 3593 tni
3069 3542 3274 3598 Domini
3315 3555 3370 3600 et
3393 3545 3576 3600 Saiva-

1991 3629 2120 3682 toris
2145 3630 2310 3682 nostri
2329 3629 2453 3683 .lcsu
2470 3630 2688 3696 Christi,
2713 3631 2852 3698 quod
2885 3632 3056 3700 primo
3082 3633 3464 3703 dedignabatur
3489 3638 3575 3692 in-

1987 3722 2090 3774 seri
2120 3722 2306 3776 litteris
2351 3724 2565 3778 nostris.
2606 3723 2770 3792 Magis
2807 3725 2946 3779 enim
2979 3741 3073 3780 eas
3099 3727 3307 3783 volebat
3334 3730 3574 3791 redolere

1988 3813 2381 3881 gynniasiormn
2422 3813 2632 3876 cedros,
2676 3829 2809 3883 quas
2848 3815 2958 3885 jam
3003 3818 3252 3871 contrivit
3296 3821 3571 3888 Dominus,

1988 3918 2148 3972 quam
2173 3904 2417 3959 salubres
2447 3904 2636 3960 herbas
2665 3906 3058 3962 ecclesiasticas
3077 3909 3324 3966 adversas
3351 3927 3571 3982 serpen-

1990 3996 2146 4048 tibus.

2059 4089 2111 4142 8.
2151 4089 2300 4155 Qnas
2327 4089 2442 4155 tibi,
2469 4091 2608 4145 Deus
2639 4106 2806 4154 meus,
2838 4107 2994 4147 voces
3016 4094 3158 4161 dedi,
3183 4111 3304 4151 eum
3343 4099 3575 4169 legerem

1995 4179 2229 4234 Psalmos
2259 4183 2438 4243 David,
2464 4186 2665 4239 cantica
2691 4186 2884 4252 ﬁdelia,
2909 4196 2962 4242 et
2985 4204 3143 4243 sonos
3169 4191 3376 4260 pietatis
3399 4197 3579 4249 enim

1989 4273 2175 4328 dentes
2206 4275 2471 4344 turgidum
2513 4265 2790 4345 spiritum;
2834 4281 2980 4337 rudis
3021 4283 3070 4336 in
3101 4299 3353 4354 germano
3390 4304 3580 4345 amore

1990 4373 2096 4427 tuo,
2113 4365 2526 4421 catechumenos
2544 4369 2595 4422 in
2613 4370 2729 4424 villa
2749 4387 2866 4424 cum
2888 4375 3268 4429 catechumeno
3283 4379 3469 4449 Alypio
3497 4380 3576 4435 fe-

1992 4460 2176 4521 riatus,
2212 4468 2380 4513 matre
2409 4460 2714 4516 adlnerente
2743 4465 2895 4517 nobis
2926 4467 3168 4522 muliebri
3211 4470 3409 4536 habitu,
3440 4474 3576 4527 virili

1991 4547 2112 4612 ﬁde,
2161 4549 2286 4602 anili
2327 4552 2629 4617 securitate,
2675 4564 2912 4608 materna
2953 4558 3242 4625 cliaritale,
3284 4563 3573 4619 christiana

1989 4640 2218 4708 pietate?
2251 4644 2394 4708 Quas
2435 4645 2525 4698 tibi
2571 4660 2728 4700 voces
2771 4647 2962 4702 dabam
3009 4651 3059 4703 in
3099 4654 3312 4720 psalmis
3356 4656 3479 4722 illis,
3523 4669 3577 4712 et

1990 4734 2258 4802 quomodo
2284 4737 2335 4789 in
2366 4745 2414 4790 te
2444 4736 2812 4792 iuﬁammabar
2839 4755 2905 4794 ex
2929 4742 3026 4805 eis,
3052 4752 3106 4797 et
3132 4746 3460 4801 acccndebar
3477 4763 3577 4802 eos

1991 4825 2298 4892 recitare,si
2330 4841 2561 4896 possem,
2597 4838 2708 4884 toto
2735 4832 2865 4885 orbe
2893 4840 3172 4902 terrarum,
3203 4836 3461 4894 adversus
3490 4848 3576 4910 ty-

1989 4917 2152 4984 phum
2181 4919 2391 4987 generis
2418 4919 2666 4974 humani?
2688 4922 2753 4976 Et
2778 4933 2952 4978 tamen
2981 4934 3092 4979 toto
3117 4928 3246 4984 orbe
3269 4939 3570 4994 cantautur,

1989 5017 2168 5063 etnon
2195 5011 2388 5080 estqui
2417 5026 2473 5064 sc
2503 5011 2796 5068 abscondat
2819 5029 2848 5068 a
2877 5016 3052 5071 calore
3077 5025 3186 5072 tuo.
3215 5021 3382 5085 Quam
3415 5023 3575 5078 vehe-

1991 5102 2154 5156 menti
2177 5111 2232 5157 et
2255 5103 2363 5157 acri
2385 5103 2568 5160 dolore
2590 5104 2899 5176 indignabar
2917 5108 3247 5177 Maniehzeis;
3275 5121 3328 5168 et
3349 5114 3575 5171 misera-

2054 5286 2070 5318 ι
2091 5292 2140 5335 tn
2155 5283 2344 5334 duobus
2356 5292 2482 5348 Mss,
2499 5297 2532 5348 ᾳ
2545 5296 2638 5348 quo
2654 5288 2844 5348 potatur
2859 5283 2959 5336 ille.

2051 5351 2072 5380 ²
2089 5354 2198 5396 Iov.
2217 5359 2326 5395 cum
2343 5346 2694 5408 antiquioribus
2710 5347 2821 5408 uid.
2837 5381 2851 5408 ,
2889 5347 3239 5400 cmiteraatione
3253 5360 3433 5405 nostra.

2053 5412 2080 5481 3.
2090 5419 2283 5457 somni;
2309 5409 2400 5481 sed
2414 5406 2573 5481 ίιςζζιιιε
2591 5406 2641 5457 in
2657 5407 2895 5481 superent:
2910 5408 3135 5470 scholiun,
3151 5417 3376 5476 tanqumn
3396 5415 3446 5466 in
3460 5430 3577 5481 pgn-

1987 5471 2216 5538 aationem
2240 5468 2585 5538 mltelwitibns.
2612 5468 2723 5538 ἒιιι-[ιζ
2753 5477 2804 5520 et
2833 5479 2940 5538 βεδε.
2969 5468 3179 5538 nostram
3207 5468 3472 5538 praeterunt
3499 5468 3572 5529 le-

1989 5536 2216 5602 ctionein.
2235 5539 2414 5602 Nempe
2432 5531 2491 5580 ad
2508 5531 2624 5602 illud
2650 5533 2940 5594 Augustinus
2963 5534 3130 5602 alludit
3159 5531 3286 5602 quod
3311 5542 3480 5592 accidit
3499 5543 3572 5590 luo

1989 5595 2261 5662 gictitibus,
2288 5595 2496 5662 quicum
2523 5595 2727 5662 primum
2749 5607 2985 5662 pensant,
3019 5595 3292 5662 aliquandiu
3325 5602 3570 5654 anhelant.

1991 5655 2111 5706 libri
2133 5655 2412 5727 pert-equos
2427 5655 2634 5727 hicjdieit
2652 5656 2699 5705 in
2720 5655 2826 5727 villa
2844 5655 3072 5727 scriptos,
3100 5655 3134 5710 ii
3153 5671 3266 5713 sunt
3291 5665 3372 5727 qui
3398 5678 3572 5716 recen-

1995 5729 2160 5772 sentur
2181 5719 2226 5766 in
2251 5718 2365 5767 libro
2391 5720 2405 5765 l
2434 5725 2656 5781 tit-tract,
2675 5731 2778 5780 cap.
2805 5719 2902 5771 i-i.
