4078 6366
445 342 449 348 .
517 288 619 343 767

515 406 610 461 bar
630 420 722 460 eos
739 417 940 470 rursus,
959 401 1100 474 quod
1117 401 1205 457 illa
1223 406 1579 462 sacramenta,
1598 396 1684 450 illa
1715 393 2100 448 medicamenta

515 498 812 560 nescirent,
854 506 908 551 et
945 494 1112 550 insani
1159 501 1338 548 essent
1375 490 1625 544 adversus
1670 485 1963 539 antidotum
1999 496 2103 550 qno

515 588 628 642 sani
658 602 778 642 esse
822 585 1142 655 potuissent!
1180 583 1379 637 Vellem
1418 590 1474 634 nt
1503 579 1692 633 alicubi
1736 576 1883 645 juxta
1925 580 2102 627 essent

517 680 696 742 tunc‘,
729 689 781 733 et
811 693 895 732 me
936 677 1207 731 nesciente
1245 674 1383 744 quod
1424 672 1491 724 ibi
1531 678 1730 732 essent,
1775 668 2103 720 intuerentur

517 770 703 824 faciem
737 784 930 834 meam,
977 776 1030 822 et
1071 766 1315 819 audirent
1344 778 1501 818 voces
1541 777 1705 824 meas,
1747 757 1959 828 quando
2002 754 2098 823 legi

515 872 759 932 quartum
792 860 1070 929 psalmum,
1103 859 1153 910 in
1187 857 1274 910 illo
1301 866 1424 909 tunc
1446 854 1572 915 otio,
1608 851 1731 921 quid
1759 851 1824 903 de
1853 865 1936 902 me
1963 847 2102 901 fece-

516 954 585 1008 rit
605 953 691 1006 ille
721 953 970 1021 psalmus.
1004 948 1128 1003 Cum
1154 950 1455 1007 invocarem,
1483 942 1734 998 exaudivit
1756 957 1833 993 me
1860 939 1992 991 Deus
2013 937 2104 1006 ju-

515 1045 664 1098 stitite
688 1059 840 1107 metu;
866 1042 919 1095 in
948 1039 1264 1094 tribulatione
1289 1037 1512 1091 dilatasti
1533 1035 1675 1087 mihi.
1708 1032 1948 1086 Miserere
1979 1028 2096 1091 mei,

520 1135 761 1202 Domine,
796 1144 842 1188 et
886 1133 1069 1187 exaudi
1108 1132 1382 1185 orationem
1425 1146 1604 1182 meam.
1634 1125 1909 1186 Audirenl,
1953 1124 2103 1190 igno-

515 1239 665 1284 rante
687 1245 773 1284 me
797 1237 973 1281 utrum
1002 1225 1265 1287 audirent,
1297 1239 1365 1277 ne
1391 1239 1475 1275 me
1505 1229 1719 1290 propter
1740 1232 1798 1272 se
1817 1217 1904 1270 illa
1923 1214 2100 1269 dicere

515 1328 783 1391 putarent,
814 1333 932 1388 quae
972 1318 1110 1370 inter
1140 1316 1250 1369 haée
1279 1315 1438 1367 verba
1468 1313 1712 1365 dixerim.
1753 1309 1887 1375 Quia
1924 1314 1978 1360 et
2017 1321 2101 1358 re-

515 1427 637 1466 vera
669 1426 766 1465 nec
794 1426 854 1465 ea
881 1409 1134 1474 dicerem,
1161 1422 1256 1462 nec
1277 1407 1354 1460 sic
1382 1421 1444 1458 ea
1471 1403 1723 1466 dicerem,
1754 1401 1798 1453 si
1825 1413 1909 1453 me
1934 1397 2001 1450 ab
2022 1396 2099 1450 eis

513 1503 681 1557 audiri
712 1502 984 1571 viderique
1010 1501 1298 1554 sentirem:
1326 1513 1444 1560 nec,
1488 1495 1532 1550 si
1572 1493 1831 1556 dicerem,
1861 1489 1938 1543 sic
1962 1487 2100 1542 acci-

514 1592 984 1664 pereatquomodo
1015 1606 1220 1646 mecum
1240 1599 1298 1644 et
1323 1587 1451 1641 mihi
1482 1600 1660 1640 coram
1686 1593 1736 1638 te
1764 1582 1833 1636 de
1855 1577 2097 1634 lattiiliari

511 1684 700 1739 affectu
723 1685 881 1738 animi
908 1683 1033 1738 mei.

583 1776 637 1831 9.
679 1773 919 1828 Inhorrui
950 1771 1203 1836 timendo,
1239 1769 1537 1838 ibidemque
1572 1763 1793 1820 inl’erhui
1833 1759 2097 1832 sperando

512 1875 568 1921 et
586 1865 900 1919 exsultando
922 1865 973 1917 in
995 1872 1080 1917 tua
1103 1860 1486 1924 misericordia,
1508 1860 1681 1913 Pater.
1703 1857 1770 1910 Et
1785 1855 1899 1909 huic
1919 1853 2096 1907 omnia

513 1956 727 2010 exibant
756 1971 850 2024 per
874 1955 1055 2009 oculos
1101 1968 1248 2008 meos
1277 1961 1331 2006 et
1361 1967 1543 2004 vocem
1587 1963 1780 2012 meam,
1812 1962 1931 2002 cum
1962 1957 2094 1998 cou-

519 2062 704 2101 versus
728 2047 793 2100 ad
819 2061 914 2100 uos
943 2046 1159 2115 spiritus
1200 2054 1317 2098 tuus
1350 2044 1520 2098 boous
1543 2041 1617 2095 ait
1643 2040 1824 2094 nobis:
1856 2035 1979 2090 Filii
2011 2037 2096 2090 lio-

513 2139 724 2199 minum,
752 2154 1006 2207 quousque
1027 2153 1200 2207 graves
1230 2136 1412 2189 corde?
1437 2133 1625 2204 thuid
1657 2131 1877 2201 diligitis.
1895 2131 2094 2183 vanita-

513 2247 630 2295 tem,
658 2240 703 2283 et
733 2231 952 2298 quiet-itis
995 2228 1346 2282 mendacium?
1381 2227 1674 2280 Dilexeram
1709 2225 1850 2277 etiim
1889 2224 2096 2276 vanita-

513 2331 638 2380 tem.
670 2329 724 2373 et
763 2322 1076 2390 quaesieram
1108 2319 1460 2374 mendacium.
1498 2317 1562 2370 Et
1591 2325 1666 2380 tu,
1703 2316 1942 2379 Domine,
1981 2315 2092 2384 jam

511 2412 942 2482 niagguilicaveras
967 2413 1220 2466 Sanctum
1259 2419 1428 2474 tuum,
1457 2409 1716 2462 suscitans
1738 2424 1858 2461 eum
1885 2424 1914 2460 a
1948 2423 2096 2461 mor-

511 2504 636 2567 tuis,
666 2512 720 2558 et
748 2503 1016 2557 collocatis
1041 2501 1108 2555 ad
1139 2502 1412 2555 dexteram
1441 2509 1581 2553 tuam
1612 2498 1803 2571 (Marc.
1836 2513 1956 2562 xvr,
1984 2499 2091 2567 l9),

511 2595 650 2649 unde
691 2594 922 2648 mitteret
948 2609 1013 2646 ex
1042 2594 1151 2646 alto
1179 2591 1584 2661 [li‘Oll‘liSSlOllClll
1629 2605 1799 2650 suam,
1849 2589 2092 2643 l’aracle-

510 2693 619 2737 tum
639 2683 889 2752 Spiritum
917 2682 1154 2736 veritatis
1185 2681 1360 2751 (Joan.
1393 2696 1512 2745 xw,
1536 2680 1620 2741 lli,
1653 2680 1737 2747 l7)
1760 2689 1853 2733 :et
1877 2679 2094 2733 miserat

509 2790 629 2826 eum
669 2775 777 2842 jam
826 2772 963 2845 (Act.
1009 2789 1065 2835 ιι,
1098 2771 1240 2842 1-4),
1279 2771 1372 2825 scd
1403 2786 1501 2840 ego
1531 2770 1852 2824 nesciebam.
1883 2769 2097 2823 Miserat

508 2881 652 2928 eum,
675 2867 795 2934 quia
812 2866 922 2935 jam
947 2865 1310 2934 magniﬁcatus
1325 2873 1460 2930 erat,
1487 2879 1770 2934 resurgens
1793 2879 1820 2916 a
1847 2865 2095 2930 mortuis,

509 2969 562 3012 ct
587 2959 882 3013 ascendens
913 2959 963 3012 in
991 2959 1207 3013 caelum.
1235 2959 1370 3012 Ante
1398 2967 1574 3012 autem
1603 2958 1830 3026 Spiritus
1858 2957 2092 3010 nondum

508 3060 623 3105 erat
641 3050 814 3115 datus,
842 3052 963 3121 quia
993 3050 1146 3105 Jesus
1174 3049 1410 3104 nondum
1438 3058 1552 3105 erat
1575 3049 1890 3104 clariﬁcatus
1912 3046 2089 3120 (Joan.

508 3160 600 3205 vn,
643 3143 756 3214 39).
802 3145 869 3198 Et
905 3143 1166 3198 clamabat
1211 3141 1562 3211 prophetia’:
1605 3139 1874 3210 Quousque
1918 3156 2093 3210 graves

507 3236 698 3290 corde?
737 3234 926 3305 thuid
963 3235 1170 3305 diligitis
1210 3235 1498 3298 vanitatem,
1539 3242 1583 3286 et
1620 3233 1842 3302 quwritis
1879 3233 2093 3285 menda-

507 3329 675 3381 cium?
695 3337 738 3379 et
761 3328 932 3380 scitote
949 3327 1186 3397 quoniam
1211 3325 1459 3378 Dominus
1483 3326 1821 3395 magniﬁcavit
1847 3324 2092 3380 Sanctum

506 3435 671 3472 suum.
701 3420 922 3483 Clamat,
946 3434 1233 3488 quousque;
1255 3420 1465 3482 clamat,
1495 3418 1780 3470 scitote:ct
1816 3430 1916 3486 ego
1953 3438 2060 3470 um.
2087 3448 2094 3455 -

504 3510 594 3562 diu
623 3511 864 3564 nesciens
881 3511 1169 3564 vanitatem
1197 3509 1381 3574 dilexi,
1411 3518 1465 3563 et
1490 3509 1821 3564 mendacium
1843 3509 2086 3578 quaesivi;

505 3611 560 3656 et
589 3601 708 3655 ideo
741 3601 914 3654 audivi
956 3610 1010 3654 et
1034 3599 1350 3663 contrenmi,
1384 3599 1632 3668 quoniam
1664 3599 1858 3652 talibus
1896 3598 2093 3651 dicitur

504 3691 713 3761 qualem
755 3708 840 3746 me
878 3691 1038 3745 fuisse
1080 3690 1478 3745 reminiscebar.
1508 3691 1565 3744 lu
1594 3689 2089 3760 phantasmatibus'

502 3783 644 3837 enim
666 3797 785 3851 qua:
817 3797 910 3849 pro
929 3781 1150 3835 veritate
1178 3792 1473 3843 tenueram,
1502 3780 1704 3833 vanitas
1724 3789 1838 3833 erat
1863 3789 1919 3834 et
1943 3796 2092 3833 meu-

501 3874 731 3927 dacium.
762 3871 829 3927 Et
858 3872 1064 3924 insonni
1092 3871 1251 3924 multa
1282 3873 1509 3939 graviter
1533 3880 1589 3923 et
1612 3871 1816 3924 fortiter
1837 3871 1886 3924 in
1905 3853 2089 3924 dolore

503 3963 885 4018 recordationis
915 3977 1067 4016 mem.
1099 3962 1226 4028 Qua:
1260 3962 1458 4014 utinam
1489 3961 1760 4014 audissent
1787 3961 1875 4029 qui
1915 3960 2088 4014 adhuc

504 4068 672 4124 usque
691 4053 1235 4122 diliguntvanitatem,
1253 4059 1307 4106 et
1325 4059 1568 4119 quaerunt
1586 4050 1941 4105 mendacium.
1961 4051 2090 4104 For-

507 4157 560 4202 te
582 4145 1044 4206 conturbarentur,
1065 4153 1117 4198 et
1138 4144 1494 4196 evomuissent
1518 4142 1674 4204 illud;
1719 4151 1772 4195 et
1808 4141 2087 4198 exaudires

501 4251 616 4299 eos,
648 4250 768 4290 cum
795 4235 1088 4289 clamarent
1112 4233 1176 4287 ad
1201 4245 1250 4286 te
1271 4251 1282 4284 :
1307 4248 1552 4301 quoniam
1575 4247 1698 4284 vera
1721 4241 1888 4286 morte
1913 4232 2088 4286 carnis

503 4335 746 4380 mortuus
774 4334 855 4378 est
885 4339 978 4392 pro
998 4323 1173 4388 nobis,
1203 4325 1288 4390 qui
1321 4333 1368 4376 te
1400 4322 1700 4391 interpellat
1721 4338 1814 4390 pro
1841 4322 2012 4375 nobis.

572 4417 660 4472 10.
699 4416 963 4486 Legeham
991 4435 1003 4470 :
1028 4415 1336 4480 lrascimini,
1366 4425 1410 4467 et
1435 4416 1586 4467 nolite
1607 4431 1829 4484 peccare.
1861 4414 1926 4467 Et
1950 4429 2086 4483 quo-

498 4510 658 4564 modo
689 4511 964 4574 movebar,
995 4510 1133 4563 Deus
1160 4525 1328 4572 meus,
1360 4507 1446 4574 qui
1475 4508 1583 4576 jam
1615 4508 1902 4561 didiceram
1932 4506 2085 4561 irasci

501 4604 628 4656 mihi
671 4605 738 4657 (le
781 4603 1079 4672 prznteritis,
1114 4611 1167 4654 ut
1197 4601 1262 4654 de
1299 4610 1494 4653 cgetero
1535 4616 1637 4653 non
1681 4600 1992 4667 peccarem?
2025 4601 2088 4654 Et

501 4697 690 4750 merito
713 4682 888 4756 irasci,
916 4695 1035 4763 quia
1067 4708 1172 4747 non
1201 4693 1298 4744 alia
1329 4700 1510 4744 natura
1542 4691 1713 4759 gentis
1749 4691 2084 4744 tenebrarum

499 4788 564 4841 de
592 4803 676 4840 ine
700 4787 972 4856 peccabat,
1002 4789 1136 4839 sicut
1161 4785 1342 4838 dicunt
1366 4784 1455 4853 qui
1491 4784 1590 4837 sibi
1633 4799 1736 4836 non
1764 4785 2082 4847 irascuntur,

498 4889 552 4934 et
578 4879 936 4933 tlicsaurizant
955 4877 1052 4930 sibi
1078 4878 1206 4930 iram
1238 4877 1290 4930 in
1310 4875 1395 4929 die
1416 4875 1508 4929 ira:
1527 4883 1582 4929 et
1608 4874 2082 4944 revelationisjusli

565 5015 579 5045 ι
618 5017 780 5074 Essmt
815 5016 959 5074 tmtc_,_
983 5007 1242 5074 ignorante
1287 5022 1361 5057 me
1412 5015 1571 5058 utrum
1621 5006 1873 5074 _rmdirent,
1920 5013 1967 5057 et
2010 5021 2084 5058 me

495 5073 732 5124 nesciente
764 5074 890 5136 quod
923 5070 992 5121 ibi
1007 5070 1192 5130 essent,
1223 5073 1361 5134 juxta
1394 5077 1468 5118 Er.
1507 5070 1651 5133 Lugd.
1688 5077 1795 5118 nov.
1831 5079 2003 5119 s‘onuu.
2034 5078 2087 5121 et

501 5137 865 5259 ’.Ὑίὶίι-ιῗὲᾖυτια,
889 5195 1028 5256 juxta
1040 5194 1308 5259 editionem
1342 5192 1679 5259 l’lorentinam.
1702 5198 1754 5242 Et
1772 5192 1948 5242 clamat
1966 5206 2087 5259 pro-

497 5257 657 5323 pheta,
675 5256 812 5323 juxta
830 5263 904 5304 Er.
924 5257 1070 5323 Lugd.
1103 5263 1219 5304 \‘eu.
1239 5263 1348 5304 Lov.
1365 5257 1682 5323 sonum-Dub.
1705 5263 1830 5323 Mart.
1853 5256 1996 5303 ttond.
2028 5263 2080 5304 M.

565 5321 586 5351 ³
625 5316 731 5367 uad.
783 5331 893 5366 cum
939 5316 1128 5366 duobus
1171 5325 1294 5380 Mss,
1323 5316 1612 5380 plzontasiis.
1651 5317 1871 5380 stetulose
1913 5330 1925 5364 :
1975 5329 2084 5364 nam

498 5382 791 5444 Augustinus
830 5380 878 5427 in
913 5380 1253 5444 hujusioperis
1286 5378 1408 5426 libro
1441 5379 1489 5435 5,
1523 5392 1566 5426 e.
1589 5378 1638 5437 (ἰ,
1660 5378 1932 5440 phantasias
1949 5387 2085 5444 vocat

500 5441 669 5495 eorum
703 5455 811 5504 quze
849 5450 994 5500 sunt,
1031 5441 1354 5503 phantasmata
1395 5453 1512 5489 vero
1547 5453 1716 5489 eorum
1739 5453 1848 5504 qua:
1891 5441 2084 5504 omnino

498 5518 596 5553 non
621 5500 735 5553 sunt
759 5517 1012 5565 corporum
1031 5500 1325 5566 imagines;
1357 5515 1477 5565 quas
1520 5504 1625 5565 ipse
1673 5500 1936 5566 Manicha‘is
1969 5500 2085 5550 olim

498 5567 753 5616 adluereus
776 5599 790 5624 ,
832 5563 918 5626 pro
961 5563 1167 5614 veritate
1204 5563 1588 5626 anqleiahatur.
1609 5591 1664 5603 οι-
1698 5570 1744 5611 In
1768 5572 1834 5623 ιλ,
1858 5563 2082 5626 phantas-

497 5635 656 5696 matts.
689 5634 763 5676 Er.
800 5627 945 5696 lugu.
968 5635 1086 5677 Ven.
1109 5634 1217 5677 Lov.
1246 5636 1417 5676 somni.
1446 5632 1566 5677 Dub.
1597 5635 1724 5677 Mart.
1753 5626 1873 5676 t-‘lor.
1904 5627 2045 5675 ltoad.
2066 5659 2080 5688 ,

498 5688 925 5745 nlwntasmatibus.
950 5697 1003 5739 st.

1648 270 2167 332 CONFESSlO-NUM
2207 272 2263 326 S.
2305 272 2673 333 AUGUSTINI

3699 286 3819 345 Ἰσῦ

2212 390 2392 459 judicii
2422 393 2491 446 tui
2521 394 2695 461 (Rom.
2716 410 2773 457 ιι,
2803 395 2882 464 5).
2910 395 3019 450 Nec
3041 395 3152 466 jam
3178 397 3316 464 bona
3339 413 3454 454 mea
3474 398 3602 455 forts
3626 414 3799 469 erant,
3839 443 3848 452 .

2215 499 2312 538 nec
2344 485 2513 566 oculis
2539 487 2745 540 carneis
2772 487 2822 540 in
2861 488 2964 541 isto
2991 489 3104 544 sole
3131 491 3520 560 quaerebantur.
3551 493 3802 550 Veientes

2215 578 2354 631 enim
2387 579 2616 648 gaudere
2639 579 2954 646 forinsecus,
2979 580 3132 637 facile
3159 596 3513 650 evanescunt;
3545 595 3602 641 et
3625 588 3800 642 ellua-

2213 671 2408 725 duntur
2428 673 2478 726 iu
2502 689 2562 727 ea
2591 692 2708 739 qum
2736 677 2980 731 ridentur
3003 687 3053 730 et
3079 679 3386 747 temporalia
3413 690 3556 743 sunt,
3583 691 3640 735 et
3667 682 3800 736 ima-

2212 764 2360 832 gines
2389 781 2570 819 eorum
2605 765 2839 821 lauit-lica
2871 770 3189 838 cogitatione
3219 769 3476 825 lambunt.
3503 771 3570 825 Et
3594 787 3629 826 ο
3653 773 3696 824 si
3721 772 3800 825 la-

2214 855 2441 922 tigentur
2471 857 2663 922 inedia,
2705 866 2757 911 et
2799 859 3010 914 dicant:
3037 859 3163 924 Quis
3199 861 3425 914 ostendet
3457 863 3598 914 nobis
3633 862 3801 916 bona!

2213 943 2557 1010 Etdicamus,
2590 961 2641 1001 et
2671 949 2920 1002 audiant:
2943 950 3211 1019 Signatum
3250 962 3322 1005 est
3353 953 3407 1006 in
3450 954 3591 1007 nobis
3632 954 3812 1009 lumenr

2211 1035 2376 1095 vultus
2397 1037 2490 1101 tui,
2524 1037 2756 1092 Domine.
2795 1039 2907 1093 Non
2939 1042 3079 1094 enim
3109 1042 3285 1097 lumen
3320 1059 3418 1095 nos
3447 1060 3626 1097 sumus
3656 1046 3796 1113 quod

2213 1127 2474 1182 illuminat
2500 1144 2714 1184 omnem
2758 1130 3024 1185 hominem
3071 1133 3248 1203 (Joan.
3282 1150 3320 1198 ι,
3351 1131 3438 1205 9);
3481 1133 3574 1188 sed
3605 1135 3798 1188 illmui-

2211 1234 2399 1272 namur
2420 1234 2452 1274 a
2487 1230 2558 1284 te,
2603 1230 2657 1275 ut
2691 1221 2780 1291 qui
2817 1221 3011 1277 fuimus
3036 1223 3318 1292 aliquando
3343 1224 3600 1290 tenebrae,
3630 1226 3796 1279 simus

2210 1312 2297 1366 lux
2325 1313 2376 1366 in
2404 1322 2456 1367 te
2485 1313 2694 1384 (Ep/tes.
2726 1331 2778 1378 v,
2811 1315 2888 1387 8).
2917 1315 2961 1370 Ο
2987 1316 3033 1370 si
3067 1315 3309 1372 viderent
3337 1317 3602 1372 internum
3642 1329 3800 1372 uetera

2210 1419 2334 1456 num
2355 1404 2396 1468 ί,
2428 1405 2574 1474 quod
2599 1421 2699 1476 ego
2730 1407 2852 1475 quia
2889 1415 3246 1477 gustaveram,
3289 1407 3618 1474 lrendebam,
3663 1425 3799 1480 quo-

2208 1495 2348 1549 niam
2382 1511 2484 1549 non
2515 1497 2595 1551 eis
2641 1508 2877 1566 poteram
2909 1498 3214 1562 ostendere,
3246 1499 3290 1553 si
3331 1499 3583 1553 all'crrent
3605 1499 3671 1553 ad
3709 1516 3798 1554 me

2207 1600 2304 1640 cor
2324 1586 2374 1639 in
2397 1588 2566 1641 oculis
2597 1589 2706 1643 suis
2735 1590 2862 1644 loris
2886 1605 2915 1642 a
2943 1598 3016 1656 te,
3047 1597 3104 1644 et
3127 1589 3400 1644 dicerent:
3428 1589 3553 1654 Quis
3574 1592 3816 1645 ostendet

2207 1676 2351 1731 nobis
2376 1677 2641 1733 bonailbi
2678 1680 2842 1746 enim,
2882 1679 3011 1735 ubi‘
3043 1680 3170 1734 mihi
3203 1681 3365 1735 iratus
3393 1696 3539 1735 eram
3572 1680 3713 1736 intus
3742 1683 3816 1737 in-

2206 1768 2388 1834 cubili,
2420 1771 2509 1824 ubi
2546 1780 2895 1839 compunctus
2922 1787 3089 1837 eram,
3119 1772 3206 1826 ubi
3236 1772 3656 1828 sacriﬁcaveram
3684 1790 3798 1827 ma-

2205 1865 2356 1913 ctans
2390 1869 2706 1915 vetustatem
2749 1877 2940 1927 meam,
2973 1872 3027 1916 et
3055 1861 3300 1916 inchoata
3335 1862 3680 1919 meditatione
3704 1879 3796 1919 re-

2205 1951 2503 2006 novationis
2523 1968 2654 2007 mete
2681 1968 2899 2022 sperans
2921 1955 2971 2007 in
3001 1963 3083 2018 te;
3109 1953 3178 2008 ibi
3205 1954 3332 2008 mihi
3359 1954 3665 2010 dulcescere
3683 1970 3797 2010 c03-

2205 2056 2382 2110 peras,
2405 2052 2458 2096 et
2484 2043 2708 2122 dederas
2733 2047 2966 2100 lzctitiam
2999 2046 3050 2100 in
3076 2045 3236 2100 corde
3260 2061 3399 2101 meo.
3433 2046 3502 2101 Et
3523 2048 3794 2101 exclama-

2203 2133 2322 2188 bam
2343 2135 2522 2204 legens
2545 2137 2657 2190 lure
2677 2137 2823 2200 foris,
2844 2144 2898 2190 et
2915 2151 3209 2205 agnoscens
3229 2135 3399 2202 intus;
3426 2152 3526 2192 nec
3546 2137 3791 2192 volebam

2203 2226 2540 2295 multiplicari
2574 2229 2798 2282 terrenis
2827 2228 2999 2290 bonis,
3034 2228 3295 2281 devorans
3322 2236 3586 2297 tempora,
3615 2237 3669 2283 et
3692 2228 3791 2283 de-

2204 2329 2416 2372 voratus
2445 2321 2768 2387 temporibus
2787 2319 2826 2384 ³,
2857 2336 2977 2373 cum
3010 2319 3265 2373 haberem
3288 2319 3338 2372 in
3361 2327 3559 2374 aeterna
3589 2319 3794 2391 simpli-

2202 2411 2359 2464 citate
2380 2412 2521 2465 aliud
2555 2411 2896 2475 frumentum,
2928 2421 2981 2466 et
3010 2411 3212 2477 vinum,
3233 2422 3287 2468 et
3306 2411 3506 2466 oleum.

2275 2501 2362 2555 il.
2387 2503 2447 2554 Et
2468 2502 2761 2556 clamabam
2787 2503 2840 2556 in
2868 2505 3211 2571 consequenti
3234 2518 3391 2556 versu
3432 2507 3664 2556 clamore
3683 2502 3792 2557 alto

2201 2591 2375 2644 cordis
2416 2593 2554 2645 mei:
2583 2591 2641 2644 0'
2669 2593 2720 2645 in
2767 2593 2922 2663 pace!
2960 2610 2989 2646 ο
3029 2594 3082 2645 in
3124 2593 3380 2662 idipsum!
3407 2608 3437 2646 ο
3464 2593 3588 2663 quid
3619 2593 3788 2647 dixit:

2206 2682 2531 2736 Obdormiam
2561 2692 2610 2736 et
2629 2700 2860 2737 somnum
2889 2685 3125 2754 capiam!
3144 2686 3403 2752 Quoniam
3433 2685 3553 2754 quis
3580 2687 3791 2740 resistet

2204 2776 2375 2836 nobis,
2417 2791 2537 2828 cum
2582 2775 2672 2830 liet
2713 2789 2890 2829 sermo
2929 2775 3019 2844 qui
3057 2777 3287 2846 scriptus
3324 2784 3404 2830 est
3434 2794 3447 2829 :
3481 2775 3693 2830 Absarta
3718 2785 3790 2830 est

2202 2883 2336 2919 mors
2373 2867 2426 2920 in
2466 2867 2761 2921 victoriam?
2791 2865 2811 2939 (
2837 2866 2850 2919 I
2876 2865 2994 2922 Cor.
3036 2883 3126 2929 xv,
3169 2866 3284 2939 54.)
3311 2869 3376 2922 Ει
3400 2878 3453 2921 ιιι
3480 2883 3538 2922 es
3563 2869 3788 2937 idipsum

2200 2957 2352 3010 valde
2379 2957 2466 3026 qui
2493 2972 2597 3010 non
2627 2957 2882 3022 mutaris;
2916 2967 2968 3012 et
2990 2957 3041 3011 in
3073 2966 3124 3012 te
3149 2957 3360 3028 requies
3381 2958 3696 3013 obliviscens
3715 2959 3791 3010 la-

2201 3052 2385 3106 borum
2413 3051 2670 3116 omnium,
2703 3051 2952 3120 quoniam
2983 3051 3157 3105 nullus
3184 3051 3320 3104 alius
3359 3058 3552 3115 tecum,
3589 3065 3687 3103 nec
3720 3051 3787 3104 ad

2200 3143 2303 3197 alia
2330 3143 2493 3197 multa
2523 3143 2886 3212 adipiscenda,
2911 3159 3029 3213 quae
3055 3159 3159 3197 non
3188 3152 3312 3197 sunt
3334 3143 3472 3212 quod
3497 3151 3568 3208 tu,
3595 3144 3783 3205 sed‘tu,

2200 3235 2433 3302 Domine,
2458 3236 2782 3306 singulariter
2801 3237 2852 3290 in
2875 3253 2962 3306 spe
2982 3236 3284 3290 constituisti
3315 3252 3407 3289 me.
3432 3234 3715 3306 [.egcbam,
3733 3243 3788 3290 et

2199 3327 2481 3392 ardebam;
2517 3343 2612 3382 nec
2639 3327 2973 3382 inveniebam
3008 3327 3134 3397 quid
3174 3327 3401 3381 facerem
3443 3327 3614 3381 surdis
3645 3343 3788 3380 mor-

2201 3421 2322 3486 tuis,
2351 3436 2414 3474 ex
2436 3420 2626 3489 quibus
2653 3421 2853 3473 fueram
2876 3420 3040 3488 pestis
3060 3418 3103 3483 δ,
3131 3418 3351 3472 latrator
3373 3434 3582 3472 amarus
3611 3429 3665 3472 et
3683 3434 3792 3473 ca:-

2199 3525 2294 3564 cus
2314 3511 2566 3562 adversus
2591 3510 2820 3563 Litteras
2840 3509 2906 3564 de
2934 3509 3090 3562 melle
3113 3507 3235 3562 caeli
3265 3508 3499 3571 melleas,
3527 3517 3581 3562 et
3607 3508 3675 3562 de
3701 3509 3786 3562 lu-

2200 3601 2342 3656 miue
2375 3611 2462 3653 tuo
2489 3601 2812 3655 luminosas:
2844 3599 3359 3669 etsuperinimicis'
3385 3599 3669 3669 Scriptura:
3688 3599 3787 3652 hu-

2193 3694 2282 3764 jus
2315 3703 2361 3746 ta
2370 3693 2669 3746 hesceham.

2270 3784 2354 3838 12.
2397 3783 2622 3849 Quando
2652 3783 3012 3838 recordabar“
3037 3783 3211 3838 omnia
3239 3782 3444 3837 dierum
3470 3783 3675 3837 illorum
3707 3781 3785 3836 fe-

2196 3875 2486 3930 rialorum?
2515 3873 2621 3930 Sed
2662 3890 2760 3928 nec
2798 3875 2992 3928 oblitus
3022 3889 3138 3928 sum
3171 3890 3267 3929 uec
3292 3875 3459 3928 silebo
3484 3874 3676 3942 ﬂagelli
3707 3875 3790 3931 tui

2195 3965 2555 4034 asperiuitem,
2597 3973 2650 4018 et
2699 3965 3078 4019 misericordia:
3128 3973 3231 4018 tua:
3287 3966 3583 4020 mirabilem
3636 3967 3780 4019 cele-

2195 4058 2426 4110 ritatem.
2463 4056 2652 4110 Dolore
2679 4055 2913 4109 dentium
2946 4063 3070 4109 tunc
3098 4055 3571 4118 excruciahasme;
3592 4064 3645 4109 ct
3659 4071 3780 4109 cum

2197 4151 2248 4204 in
2273 4159 2471 4203 tantum
2498 4150 2885 4218 ingravesceret
2907 4157 2964 4201 ut
2991 4164 3092 4201 non
3109 4148 3339 4201 valerem
3365 4148 3524 4217 loqui,
3545 4148 3782 4201 ascendit

2196 4243 2246 4297 in
2279 4258 2371 4297 cor
2400 4257 2578 4296 meum
2619 4241 2906 4295 admonere
2931 4256 3118 4294 omnes
3144 4255 3292 4294 meos
3323 4241 3410 4309 qui
3451 4241 3690 4303 aderant,
3723 4247 3782 4293 ut

2195 4334 2608 4402 deprecarentur
2634 4341 2684 4385 te
2706 4346 2925 4402 prome,
2949 4331 3112 4384 Deum
3140 4330 3321 4383 salutis
3347 4329 3686 4382 omnimodas.
3711 4328 3781 4382 Et

2195 4426 2382 4496 scripsi
2416 4426 2515 4478 hoc
2544 4424 2596 4477 in
2625 4437 2767 4487 cera,
2800 4431 2853 4475 et
2895 4421 3018 4475 dedi
3049 4430 3102 4474 ut
3130 4420 3208 4475 eis
3241 4420 3526 4490 legeretur.
3559 4419 3678 4472 illex
3724 4429 3781 4471 ut

2194 4533 2363 4588 genua
2391 4517 2612 4586 supplici
2653 4515 2841 4570 allecto
2874 4515 3105 4579 liximus,
3147 4515 3286 4583 fugit
3326 4513 3476 4568 dolor
3515 4514 3622 4566 ille.
3670 4512 3783 4566 Sed

2194 4611 2314 4680 quis
2342 4608 2527 4663 dolor?
2569 4617 2658 4661 aut
2702 4606 2969 4677 quomodo
2999 4605 3173 4676 fugit?
3193 4605 3417 4675 Expavi,
3451 4603 3639 4670 fateor,
3670 4605 3779 4658 Do-

2257 4763 2274 4795 ί
2293 4769 2343 4811 tn
2359 4761 2492 4811 Edd.:
2513 4768 2550 4807 ι)
2567 4760 2610 4811 si
2625 4758 2838 4810 viderent
2852 4757 3088 4809 internum
3106 4757 3265 4809 lumen
3281 4758 3539 4809 internum!
3549 4767 3598 4809 tn
3614 4759 3782 4810 codice

2190 4825 2326 4873 Corb.
2351 4839 2362 4873 :
2389 4832 2426 4871 0
2441 4823 2484 4873 si
2499 4820 2710 4871 riderent
2737 4821 2850 4872 inte
2871 4819 3107 4871 internum
3136 4821 3295 4870 lumen
3324 4821 3590 4872 a’ternum!
3621 4823 3781 4870 Visum

2193 4895 2268 4934 est
2281 4886 2418 4947 sequi
2437 4885 2554 4933 alios
2566 4885 2757 4947 optimae
2769 4890 2894 4933 notte
2911 4893 3014 4933 Mss.
3023 4918 3036 4942 ,
3048 4891 3174 4932 inter
3184 4896 3305 4947 quos
3316 4896 3489 4947 omnes
3502 4892 3606 4947 Mss.
3620 4883 3735 4944 Angl
3745 4920 3778 4940 .,

2192 4949 2273 5010 qui
2295 4942 2488 5010 cm'teris
2507 4942 2698 5010 omissis
2715 4946 2880 5010 verbis
2896 4947 3177 5010 praeterunt,
3191 4942 3228 4994 ι)
3244 4942 3293 5010 si
3304 4943 3519 5010 cillerent
3541 4942 3784 4994 internum

2191 5005 2424 5077 (sternunt
2439 5006 2456 5056 .'
2476 5035 2535 5043 —
2550 5009 2728 5077 Quibus
2743 5005 3063 5077 suffragantur
3080 5008 3112 5077 β
3129 5016 3232 5077 Mss.
3251 5005 3540 5077 l-‘lorentini._
3560 5015 3613 5055 M.

2254 5073 2274 5102 ¹
2293 5078 2399 5120 Lov.
2419 5078 2610 5119 50mm;
2638 5067 2706 5116 Illi
2724 5069 2863 5124 mini,
2891 5067 2958 5118 ibi
2974 5067 3091 5117 mihi
3105 5081 3120 5122 :
3141 5074 3190 5115 at
3210 5076 3431 5115 Nisaeum
3450 5068 3558 5116 uad.
3583 5077 3680 5116 Am.
3702 5073 3780 5116 Er.

2191 5131 2310 5181 Blas.
2335 5142 2460 5180 Arn.:
2488 5129 2558 5179 lbi
2587 5129 2713 5180 enim
2730 5129 2811 5179 ubi
2835 5129 2968 5179 mihi.
2990 5156 3048 5166 —-
3076 5129 3257 5178 tltimze
3282 5129 3395 5177 huic
3420 5129 3614 5178 lectioni
3639 5143 3783 5178 acce-

2190 5197 2309 5244 dunt
2325 5194 2356 5242 6
2374 5201 2478 5243 uss.
2496 5193 2772 5242 Florentiui.
2797 5201 2849 5240 at.
3702 5217 3704 5226 ι

2257 5257 2276 5287 ⁸
2305 5262 2367 5305 tta
2404 5264 2504 5304 MSS.
2523 5290 2536 5313 ,
2560 5268 2671 5316 quo
2706 5254 2810 5302 loco
2842 5254 2953 5301 Edd.
2985 5253 3192 5309 habent,
3236 5250 3591 5316 temporalibus.
3618 5279 3678 5289 —-
3709 5253 3787 5302 sic

2193 5317 2340 5366 etiam
2359 5317 2507 5365 editio
2527 5315 2794 5364 Florentiua
2811 5329 2919 5364 etun
2934 5329 3022 5365 sex
3045 5323 3148 5362 Mss.
3179 5321 3234 5360 M.
3335 5315 3339 5316 ⁷
3705 5343 3707 5346 -
3825 5361 3828 5366 ,

2253 5380 2274 5410 ι
2294 5375 2466 5436 Prius,
2488 5379 2627 5440 juxta
2653 5386 2756 5426 tres
2781 5386 2886 5427 MSS.
2922 5384 3052 5426 Mart.
3084 5387 3188 5439 pra:
3227 5372 3356 5433 istis,
3385 5375 3525 5437 juxta
3551 5374 3692 5424 Roud.
3730 5382 3787 5425 et

2191 5447 2320 5506 Mart.
2339 5453 2448 5490 cum
2467 5453 2564 5488 uno
2584 5449 2685 5488 atss.
2709 5447 2793 5506 Ms
3007 5496 3018 5506 .
3058 5497 3068 5506 _
3126 5495 3137 5506 .
3173 5496 3183 5506 .
3328 5496 3338 5506 ⁸
3378 5501 3389 5506 _
3461 5496 3472 5506 _
3613 5480 3623 5506 ὲ

2253 5504 2392 5567 ΙξΑιιι.
2412 5508 2469 5550 ΕΙ·
2488 5511 2540 5551 et
2558 5507 2669 5567 l.ov._
2687 5515 2710 5550 τ
2739 5505 2794 5549 lit
2825 5511 2968 5562 super
2999 5496 3208 5548 inimicis
3239 5496 3494 5567 scripturis
3519 5497 3787 5561 Scriptura:

2189 5562 2364 5624 hujus;
2389 5571 2439 5612 at
2458 5572 2560 5611 uss.
2585 5563 2690 5610 Bad.
2710 5569 2762 5611 et
2784 5559 3074 5610 Arn.'careut
3103 5573 3219 5608 voce
3255 5559 3527 5624 scripturis.

2254 5617 2275 5656 δ
2293 5617 2435 5686 ιηίι.,
2459 5623 2774 5685 recordabar,
2802 5632 2853 5674 et
2879 5636 2951 5673 src
2977 5624 3137 5684 inc-qu
3171 5635 3276 5682 cap.
3302 5617 3387 5670 12':
3420 5621 3512 5673 Sed
3550 5633 3638 5673 nec
3665 5617 3789 5672 obti-

2188 5693 2281 5739 ιιιδ.
2316 5695 2367 5736 Μ.
