4078 6366
306 351 413 409 769

307 466 453 522 mine
485 481 658 535 meus,
704 467 843 523 Deus
882 481 1067 534 meus;
1096 465 1227 522 nihil
1255 466 1395 520 enim
1430 465 1533 520 tale
1573 463 1638 517 ab
1680 463 1895 517 ineunte

288 564 469 612 atate
504 567 754 626 expertus
783 556 1006 614 fueram.
1039 559 1105 613 Et
1134 557 1379 612 insinuati
1401 565 1523 611 sunt
1544 555 1672 610 mni
1698 555 1748 608 in
1771 570 1896 625 pro-

305 647 478 704 fundo
520 658 678 703 nutus
721 650 827 715 tui;
876 659 930 705 et
971 650 1205 720 gaudens
1236 650 1286 703 in
1319 648 1657 704 fide'laudavi
1698 659 1890 700 nomen

311 753 480 797 tuum.
513 743 579 798 Et
615 760 676 799 ca
724 744 854 798 fides
891 760 977 799 me
1015 758 1261 798 securum
1305 757 1425 796 esse
1456 757 1558 795 non
1590 741 1797 795 sinebat
1824 738 1892 792 de

311 836 597 905 praeteritis
627 838 856 906 peccatis
900 837 1054 900 meis,
1099 848 1217 906 qua:
1263 835 1393 890 mihi
1439 850 1532 905 per
1560 834 1887 904 Baptismqu

272 934 462 980 auum
494 932 713 981 remissa
743 927 974 982 nondum
1001 937 1176 981 erant.

944 1036 1167 1092 CAPUT
1204 1035 1249 1091 ν

597 1125 913 1181 Ambrosium
940 1129 1152 1181 consulit
1176 1126 1296 1198 quid
1324 1127 1606 1199 legendum.

384 1218 470 1272 15.
512 1215 845 1281 Renuntiavi,
878 1217 1107 1286 peractis
1132 1217 1567 1281 vindemialibns;
1598 1228 1654 1272 ut
1678 1216 1888 1270 schola-

308 1307 460 1363 sticis
478 1307 588 1361 suis
613 1307 1028 1362 Mediolauenses
1057 1307 1382 1362 venditorem
1413 1310 1692 1363 verborum
1728 1308 1887 1362 alium

308 1398 671 1468 providerent,
704 1397 841 1468 quod
870 1407 924 1452 ct
954 1399 1042 1452 tibi
1083 1413 1180 1469 ego
1218 1399 1420 1453 servire
1458 1399 1794 1469 delegissem,
1834 1410 1886 1452 ct

310 1490 385 1543 illi
416 1490 751 1559 professioni,
784 1506 889 1559 prae
914 1489 1224 1545 difficultate
1248 1492 1480 1559 spirandi
1501 1507 1561 1546 ac
1587 1492 1768 1547 dolore
1793 1510 1887 1561 pc-

309 1580 496 1646 ctoris,
528 1595 633 1634 non
664 1580 981 1636 sullicerem.
1023 1581 1086 1635 Et
1128 1580 1383 1635 insinuavi
1414 1597 1509 1649 per
1530 1583 1727 1636 litteras
1746 1583 1885 1635 anti-

308 1671 418 1724 stiti
438 1679 547 1735 tuo,
567 1672 680 1725 viro
695 1680 879 1725 sancto
905 1671 1186 1727 Ambrosio
1209 1674 1456 1743 pristinos
1481 1690 1689 1730 errores
1717 1691 1882 1741 meos,

306 1772 365 1816 et
392 1777 626 1831 pra-scus
655 1772 832 1818 votum
861 1779 1060 1832 meum,
1089 1773 1144 1818 ut
1162 1765 1534 1834 moneretquid
1554 1766 1883 1835 potiSsimum

306 1852 442 1906 mihi
479 1854 547 1908 de
574 1853 745 1909 Libris
777 1856 880 1909 tuis
911 1855 1186 1925 legendtun
1213 1864 1374 1919 esset,
1401 1874 1505 1926 quo
1536 1858 1883 1927 percipienda:

292 1953 473 2000 'tantte
501 1946 681 2016 gratim
714 1948 941 2016 paratior
965 1949 1239 2017 aptiorque
1284 1951 1482 2003 fierem.
1528 1951 1590 2004 At
1623 1952 1705 2005 ille
1728 1951 1884 2020 jussit

307 2038 494 2093 Isaiam
541 2039 885 2109 prophetam;
917 2041 1097 2104 credo,
1129 2040 1268 2110 quod
1314 2057 1420 2110 pra:
1465 2043 1673 2096 castoris
1702 2043 1877 2096 Eran-

304 2130 430 2198 gelii
451 2131 845 2201 Vocationisque
870 2132 1113 2187 Gentium
1140 2132 1208 2185 sit
1234 2133 1612 2200 pnenuntiator
1627 2134 1875 2202 apertior.

305 2221 682 2276 Verumtamen
713 2238 811 2293 ego
839 2224 1059 2293 primam
1091 2225 1244 2294 hujus
1274 2210 1553 2280 lectionem
1589 2243 1692 2281 non
1724 2228 1880 2281 inici-'-

290 2313 493 2382 ‘ligens,
529 2325 799 2386 totumque
829 2318 984 2371 talem
1013 2318 1298 2384 arbitrans,
1326 2317 1504 2372 distuli
1536 2312 1895 2389 repetendum

292 2406 643 2460 exercitatior
664 2407 714 2460 in
740 2406 1006 2462 dominico
1036 2408 1268 2477 eloquio.

1005 2519 1183 2573 APUT
1226 2518 1308 2573 \‘l.

956 2518 1183 2574 CAPUT
1226 2518 1308 2573 \‘l.

441 2584 721 2640 Mediolani
744 2586 1024 2657 baptizatur
1047 2606 1161 2641 cunt
1183 2588 1367 2661 Alypio
1389 2599 1434 2644 et
1460 2590 1737 2646 Adeodato.

376 2677 464 2733 Η.
498 2678 623 2734 inde
652 2679 738 2733 ubi
781 2689 986 2749 tempus
1023 2681 1239 2735 advenit
1282 2697 1386 2751 quo
1422 2699 1505 2735 tne
1535 2699 1726 2738 nomen
1755 2684 1879 2737 dare

288 2778 612 2836 oporteret,
664 2770 847 2824 relicto
898 2787 1041 2838 rure,
1092 2772 1441 2826 Mediolanum
1507 2778 1876 2831 remeavimus.

298 2859 504 2914 Placuit
535 2870 585 2915 et
614 2861 804 2932 Alypio
832 2864 1037 2917 renasci
1083 2864 1134 2916 in
1179 2872 1228 2918 te
1258 2879 1461 2918 mecum
1489 2908 1503 2930 ,
1548 2867 1653 2932 jam
1697 2868 1879 2921 induto

286 2948 595 3005 ‘humilitate
623 2949 978 3007 Sacr-amentis
999 2938 1101 3007 tuis
1121 2970 1368 3023 congrua,
1400 2965 1450 3008 et
1480 2958 1763 3012 fortissimo
1785 2962 1879 3013 do-

294 3040 477 3094 mitori
498 3041 756 3109 corporis,
777 3057 942 3112 usque
963 3044 1027 3097 ad
1053 3044 1285 3099 ltalicum
1307 3048 1474 3099 solum
1500 3048 1716 3117 glaciale
1737 3058 1877 3104 lllltltl

288 3130 437 3198 pede
465 3130 813 3185 obterendum
862 3133 1073 3187 insolito
1124 3150 1276 3188 ausu.
1326 3137 1674 3207 Adjunsiuius
1717 3143 1874 3195 etiam

296 3223 454 3276 nobis
480 3238 698 3293 puerum
720 3224 1048 3279 Adeodatum
1080 3242 1142 3280 ex
1173 3243 1257 3281 me
1288 3238 1464 3282 natum
1507 3233 1787 3287 carnaliter
1811 3234 1876 3289 de

298 3326 521 3383 peccato
565 3331 704 3370 meo.
751 3317 826 3370 'fu
869 3317 1004 3372 bene
1049 3318 1248 3374 feceras
1277 3336 1417 3374 cum.
1453 3324 1724 3377 Annorum
1764 3341 1877 3380 erat

287 3404 475 3461 {erute
494 3407 815 3477 quindecim.
843 3410 1124 3480 etingenio
1154 3413 1506 3480 pra-veniebat
1534 3416 1726 3469 multos
1755 3433 1875 3486 gra-

295 3511 394 3552 ves
415 3505 470 3551 et
497 3498 681 3552 doctos
699 3500 861 3553 viros.
886 3500 1100 3554 Munera
1126 3513 1210 3555 tua
1234 3503 1325 3557 tibi
1350 3502 1626 3569 confiteor,
1656 3507 1873 3564 Domine

298 3587 444 3641 Deus
465 3604 633 3653 meus,
657 3601 868 3643 creator
892 3592 1148 3655 omnium,
1178 3600 1230 3646 et
1251 3594 1470 3647 multum
1506 3605 1688 3664 potens
1709 3599 1872 3653 refor-

290 3692 446 3731 mare
476 3679 491 3709 ¹
525 3687 701 3733 nostra
731 3680 983 3734 deformia
1010 3697 1022 3733 :
1049 3696 1166 3734 nam
1190 3696 1289 3750 ego
1311 3685 1361 3736 in
1385 3685 1473 3739 illo
1503 3702 1661 3753 νυνι-υ
1685 3702 1875 3757 praeter

296 3767 555 3821 delictum
595 3770 728 3823 nihil
766 3770 1045 3824 habebam.
1076 3772 1226 3837 Quod
1271 3774 1409 3828 enim
1451 3779 1814 3833 euulriebatnr
1844 3798 1871 3832 a

288 3857 455 3912 nobis
480 3860 534 3913 in
562 3859 837 3929 disciplina
865 3870 972 3928 tua,
1014 3872 1067 3916 tu
1099 3863 1448 3931 inspiraveras
1486 3868 1658 3930 nobis,
1701 3870 1874 3924 nullus

292 3948 431 4001 alius
464 3967 477 4003 :
510 3966 730 4005 munera
763 3963 848 4005 tua
876 3952 968 4006 tibi
999 3953 1274 4008 confiteor.
1306 3955 1397 4009 Est
1425 3958 1555 4012 liber
1583 3969 1760 4014 noster
1784 3964 1871 4030 qui

295 4038 625 4105 inscribitur,
651 4042 718 4095 de
742 4041 988 4110 Magistro
1016 4060 1029 4094 :
1059 4044 1169 4113 ipse
1195 4040 1262 4098 ibi
1285 4061 1492 4101 mecum
1524 4049 1767 4118 loquitur.
1792 4051 1871 4105 Tu

294 4131 404 4184 scis
424 4132 569 4186 illius
593 4148 713 4188 esse
739 4149 896 4189 sensa
918 4137 1091 4189 omnia
1116 4154 1231 4206 qua:
1258 4139 1643 4196 inserunturibi
1666 4160 1730 4197 ex
1757 4160 1872 4212 pcr-

288 4234 427 4273 soua
456 4223 796 4278 collocutoris
825 4226 953 4292 mei,
984 4241 1107 4281 cum
1131 4237 1272 4283 esset
1301 4230 1351 4283 in
1390 4232 1542 4285 annis
1584 4234 1869 4289 sexdecim.

293 4308 462 4365 Multa
507 4316 622 4382 ejus
658 4316 760 4370 alia
804 4317 1126 4374 mirabiliora
1175 4332 1423 4390 expertus
1469 4338 1605 4377 smn.
1656 4325 1872 4381 llorrori

291 4403 426 4457 mihi
476 4415 591 4459 erat
639 4407 765 4461 illud
810 4409 1112 4479 ingenium;
1158 4414 1358 4481 etquis
1394 4424 1661 4483 prteterte
1693 4418 1871 4473 talium

292 4493 676 4550 miraculorum
728 4498 941 4568 epifex?
970 4501 1087 4555 Cito
1115 4502 1183 4557 de
1214 4514 1352 4558 terra
1401 4506 1662 4562 abstulisti
1712 4509 1869 4564 vitam

289 4588 443 4653 ejus;
463 4594 518 4641 et
544 4591 783 4644 securior
805 4606 927 4646 eum
952 4596 1227 4661 recordor,
1254 4613 1355 4650 non
1382 4600 1569 4655 timens
1586 4603 1870 4673 quidquam

291 4679 571 4746 pueritiae,
604 4697 703 4737 nec
727 4682 1116 4751 adolescentiae,
1148 4705 1245 4743 nec
1279 4692 1495 4745 omnino
1537 4694 1866 4753 homini,illi.

288 4769 629 4825 Sociavimus
649 4787 769 4827 eum
801 4790 1036 4830 comvum
1064 4779 1219 4832 nobis
1249 4782 1298 4833 in
1325 4785 1489 4851 gratia
1514 4795 1619 4853 tua,
1644 4788 1872 4843 educan-

287 4858 422 4913 dum
456 4862 509 4915 in
546 4862 824 4934 disciplina
858 4874 975 4932 tua;
1005 4878 1059 4922 et
1087 4868 1335 4938 baptizati
1364 4887 1565 4941 sumus,
1606 4886 1659 4930 et
1687 4878 1814 4949 fugit
1840 4897 1867 4933 a

289 4950 454 5005 nobis
492 4953 793 5011 sollicitudo
838 4957 959 5012 vita:
1016 4962 1317 5027 praeteritas.
1358 4963 1465 5017 Nec
1504 4968 1730 5022 satiabar
1770 4971 1870 5025 illis

287 5041 489 5096 diebus
528 5042 809 5100 dulcedine
855 5049 1102 5112 mirabili,
1150 5052 1487 5108 considerare
1541 5058 1866 5115 altitudinem

284 5130 501 5185 consilii
532 5133 606 5186 tui
652 5147 816 5203 super
841 5128 1065 5192 salutem
1093 5143 1302 5210 generis
1343 5144 1574 5199 humani.
1603 5149 1868 5213 Quantum

292 5219 419 5273 ﬂevi
435 5220 492 5274 in
510 5221 785 5292 hymniset
800 5228 1019 5283 canticis
1036 5230 1156 5293 tuis,
1181 5247 1342 5286 suave
1361 5237 1597 5291 sonantis
1620 5239 1869 5297 Ecclesia)

288 5318 404 5365 tua:
431 5313 653 5368 vocibus
677 5328 974 5372 commotus
1003 5323 1227 5377 acriter!
1257 5323 1422 5380 Voces
1451 5326 1554 5383 ilhc
1582 5329 1870 5389 influebaut

291 5402 518 5457 auribus
545 5406 701 5471 meis,
727 5416 780 5461 et
798 5408 1126 5478 eliquabatur
1161 5414 1355 5468 veritas
1385 5416 1436 5469 in
1466 5432 1557 5472 cor
1583 5436 1756 5477 meum
1777 5442 1792 5490 ;
1816 5437 1870 5481 et

291 5496 627 5551 cwstuabat
648 5497 772 5554 inde
800 5500 1017 5557 affectus
1037 5505 1245 5575 pietatis
1266 5508 1308 5572 ',
1330 5517 1385 5562 et
1401 5513 1675 5569 currebant
1701 5518 1869 5590 lacry-

392 5613 443 5653 m
473 5613 578 5655 Mss.
602 5607 820 5668 pluribus
836 5618 889 5661 et
884 5614 1176 5722 Jotioribns
1195 5629 1207 5664 :
1228 5617 1425 5669 multum
1447 5631 1608 5685 potens
1629 5628 1867 5695 fomlam;

392 5666 501 5716 aulo
518 5678 656 5722 post:
678 5678 861 5721 Frater
917 5673 1108 5722 charm:
1124 5690 1215 5722 non
1233 5679 1475 5722 Imhplmm,

285 5666 501 5763 «paulo
518 5666 625 5728 post
642 5682 656 5716 :
678 5678 861 5721 Frater
884 5666 1108 5725 delictmn
1124 5690 1215 5727 non
1230 5666 1477 5732 Ιιίὶίνέὗίὼίξ

390 5733 480 5763 Inv
522 5743 533 5753 -
562 5738 611 5763 ’.ἰ
627 5744 690 5763 οη·
713 5744 768 5763 an
792 5735 1019 5763 ιυΛυηίυ..
1043 5740 1231 5763 una-..”
1250 5755 1264 5763 .
1282 5742 1299 5763 ι
1314 5753 1361 5763 ..η
1379 5744 1428 5763 ,ξμ

385 5733 498 5779 Lov.
520 5743 533 5776 :
556 5738 611 5781 Et
626 5744 690 5781 ex
712 5744 768 5781 ea
790 5735 1019 5786 wstttabut
1040 5740 1232 5800 aﬂertnx
1247 5742 1448 5805 pietatis.

1701 348 1908 405 ΠΒΕΒ
1948 348 2187 407 NONUS.

3469 373 3574 431 770

2001 479 2121 532 mar,
2147 475 2200 521 et
2224 467 2359 524 bene
2379 470 2508 526 mihi
2534 483 2645 528 erat
2670 489 2793 531 cum
2821 478 2917 533 eis.

2596 588 2820 646 CAPUT
2861 592 2969 648 VII.

1998 669 2342 728 Ecclesiastici
2368 687 2542 732 cantus
2580 680 2824 736 institutio
2864 683 3162 740 Mediolani.
3202 686 3434 746 Iuventio
3459 708 3572 749 cor-

2352 784 2531 837 porum
2560 770 2663 824 SS.
2692 770 2915 827 Protasii
2934 785 2979 828 et
3002 775 3243 833 Cervasii.

2069 855 2155 910 15.
2184 855 2299 911 Non
2327 859 2482 931 longe
2520 873 2754 930 cmperat
2790 866 3197 925 Mediolanensis
3220 872 3451 927 Ecclesia
3473 891 3569 945 ge-

1996 960 2097 1000 nus
2151 945 2253 1002 hoc
2308 951 2687 1007 consolationis
2726 964 2779 1009 et
2834 956 3215 1015 exhortationis
3258 962 3567 1032 celebrare,

1996 1052 2188 1107 magno
2222 1041 2395 1095 studio
2423 1041 2641 1097 fratrum
2665 1047 3052 1104 concinentium
3079 1052 3294 1107 vocibus
3320 1062 3374 1108 et
3392 1055 3567 1109 cordi-

1994 1128 2111 1184 bus.
2136 1130 2392 1185 Nimirum
2415 1149 2583 1189 annus
2599 1146 2732 1204 erat,
2757 1148 2847 1191 aut
2870 1155 2970 1192 non
2998 1142 3165 1196 multo
3185 1145 3426 1212 amplius,
3448 1162 3567 1199 cum

1993 1218 2196 1273 Justina
2222 1220 2567 1277 Valentiniani
2591 1227 2727 1295 regis
2754 1228 2898 1296 pueri
2919 1240 3106 1296 mater,
3132 1233 3395 1287 hominem
3421 1245 3567 1289 ttnnu

1994 1311 2335 1366 Ambrosium
2383 1327 2807 1386 persequeretur,
2841 1319 3057 1375 haeresis
3083 1338 3191 1377 sua:
3219 1340 3398 1393 causa,
3422 1342 3523 1396 qua
3552 1329 3566 1359 ¹

1994 1399 2163 1456 fuerat
2206 1401 2423 1457 seducta
2468 1404 2536 1459 ab
2574 1408 2802 1461 Arianis.
2857 1410 3162 1467 Excubabat
3201 1415 3281 1484 pia
3323 1415 3470 1485 plebs
3510 1417 3562 1470 in

1993 1493 2237 1560 ecclesia,
2281 1494 2420 1549 mori
2450 1485 2628 1566 parata
2668 1516 2787 1554 cum
2833 1504 3083 1573 episc0po
3122 1522 3240 1571 suo,
3271 1522 3425 1561 servo
3456 1518 3564 1564 tuo.

1992 1581 2066 1637 lbi
2095 1593 2261 1638 mater
2281 1600 2421 1652 mea,
2453 1588 2643 1642 ancilla
2668 1598 2776 1655 tua,
2801 1593 3167 1649 sollicitudinis
3188 1606 3240 1650 ct
3263 1599 3559 1668 vigiliarum

1991 1675 2187 1745 primas
2216 1685 2420 1743 tenens,
2461 1680 2786 1735 orationibus
2813 1684 3038 1738 vivebat.
3069 1685 3176 1741 Nos
3196 1687 3367 1743 adhuc
3389 1692 3562 1761 frigidi
3606 1670 3613 1677 ἲ

1990 1782 2019 1818 a
2049 1766 2224 1821 calore
2243 1766 2469 1836 Spiritus
2498 1771 2591 1833 ttti,
2615 1773 2980 1828 excitahamur
3005 1784 3177 1831 tamen
3199 1779 3410 1836 civitate
3431 1793 3561 1837 atto.

1990 1856 2097 1909 uita
2117 1866 2273 1927 atque
2295 1858 2519 1914 turbata.
2536 1860 2683 1916 Tunc
2698 1864 2878 1934 hymni
2901 1874 2956 1921 et
2976 1868 3157 1935 psalmi
3182 1879 3563 1929 utcanerentnr

1989 1934 2279 2003 secundum
2318 1967 2518 2005 morem
2563 1953 2897 2009 orientalium
2932 1959 3179 2026 partium,
3224 1977 3290 2014 ne
3338 1966 3566 2032 populus

1990 2039 2238 2092 maeroris
2280 2040 2436 2094 taedio
2473 2044 2893 2111 contabesceret,
2936 2049 3229 2104 institutum
3267 2063 3376 2118 est;
3419 2064 3472 2107 et
3498 2071 3561 2109 cx

1989 2128 2079 2182 illo
2102 2129 2154 2183 in
2184 2130 2495 2186 hodiernum
2514 2146 2798 2200 retentum,
2823 2138 3119 2208 multisjam
3146 2156 3206 2194 ac
3228 2157 3363 2211 pene
3389 2146 3563 2197 omni—

1988 2223 2087 2277 bus
2109 2224 2353 2294 gregibus
2383 2227 2503 2291 tuis,
2535 2237 2588 2282 et
2619 2244 2711 2298 per
2739 2241 2925 2284 cmtera
2957 2232 3101 2285 orbis
3130 2234 3456 2291 imitantibus
3485 2240 3525 2290 ².

2058 2316 2147 2369 16.
2199 2316 2347 2371 Tunc
2392 2328 2685 2373 memorato
2722 2323 2937 2375 antistiti
2969 2333 3057 2377 tuo
3088 2341 3180 2395 per
3218 2327 3386 2380 visunt
3434 2344 3562 2398 ape-

1986 2406 2157 2471 ruisti,
2190 2422 2294 2475 quo
2327 2409 2443 2462 loco
2487 2411 2708 2464 laterent
2752 2428 3042 2483 martyrum
3087 2430 3307 2484 corpora
3339 2417 3560 2472 Protasii

1986 2505 2042 2551 et
2067 2496 2323 2564 Gervasii,
2349 2515 2465 2569 qua:
2492 2515 2584 2568 per
2610 2509 2685 2554 tot
2714 2519 2880 2557 annos
2906 2506 3205 2577 incorrupta
3235 2508 3285 2561 in
3314 2510 3561 2567 thesauro

1986 2591 2175 2644 secreti
2204 2592 2274 2644 tui
2302 2592 2692 2658 recondidcras,
2722 2597 2861 2650 unde
2889 2609 3179 2668 opportune
3206 2617 3475 2671 promeres
3496 2605 3560 2658 ad

1985 2684 2333 2738 coercendam
2364 2686 2561 2740 rabiem
2592 2686 2890 2753 femineam,
2911 2690 3002 2743 sed
3030 2692 3247 2760 regiam.
3272 2694 3402 2747 Cum
3420 2696 3560 2748 enim

1987 2775 2253 2841 propalam
2284 2785 2336 2829 et
2368 2776 2556 2831 effossa
2587 2777 2746 2847 digno
2767 2794 2884 2832 cum
2917 2779 3118 2836 honore
3154 2783 3560 2839 transferrentur

1984 2864 2049 2917 ad
2080 2866 2482 2921 Atnbrosianam
2507 2869 2795 2935 basilicam,
2825 2887 2927 2924 non
2958 2874 3125 2926 solum
3149 2890 3280 2943 quos
3304 2875 3559 2931 immundi

1986 2956 2243 3010 vexabant
2270 2958 2514 3027 spiritus,
2542 2962 2798 3017 confessis
2825 2963 3022 3018 eisdem
3052 2965 3379 3021 daemonibus
3404 2983 3561 3020 sana-

1983 3047 2193 3113 bantur,
2214 3065 2400 3104 verum
2424 3052 2582 3105 etiam
2605 3053 2816 3122 quidam
2847 3056 3021 3123 plures
3044 3071 3212 3111 annos
3238 3074 3410 3113 ctecus
3434 3058 3560 3114 civis

1983 3139 2284 3209 civitatique
2312 3143 2639 3207 notissimus,
2674 3157 2792 3197 cum
2822 3145 2996 3213 populi
3025 3148 3389 3202 tumultuantis
3423 3150 3559 3203 licti-

1984 3227 2071 3281 tizc
2121 3227 2143 3259 ⁸
2188 3244 2399 3283 causam
2451 3232 2729 3298 quaesisset
2776 3243 2931 3301 atque
2973 3233 3241 3301 audisset,
3291 3238 3557 3303 exsilivit,

1983 3331 2152 3387 eoque
2182 3333 2240 3372 se
2271 3328 2327 3372 ut
2354 3319 2605 3386 duceret,
2636 3337 2786 3374 suum
2818 3322 3005 3377 ducem
3035 3325 3253 3393 rogavit.
3287 3326 3400 3392 Quo
3435 3343 3558 3396 per-

1982 3408 2193 3474 ductus,
2228 3410 2525 3479 impetravit
2552 3413 2777 3479 admitti,
2821 3422 2877 3466 ut
2918 3413 3128 3469 sudario
3157 3427 3393 3487 tangeret
3418 3418 3556 3473 fere—

1983 3506 2122 3553 trum
2180 3502 2425 3568 pretiosa:
2478 3502 2528 3556 in
2572 3512 2855 3572 conspectu
2905 3514 2996 3558 tuo
3034 3507 3219 3560 mortis
3253 3517 3556 3564 sanctorum

1984 3599 2195 3647 tuorum
2223 3591 2524 3664 (Psal.cxv,
2554 3593 2663 3664 15).
2691 3595 2841 3661 Quod
2865 3596 2950 3650 tibi
2977 3596 3120 3663 fecit,
3145 3608 3302 3668 atque
3327 3600 3556 3654 admovit

1981 3685 2173 3750 oculis,
2207 3684 2484 3740 confestim
2516 3688 2680 3757 aperti
2707 3698 2846 3741 sunt.
2876 3688 3001 3744 Iade
3042 3691 3176 3744 fama
3215 3693 3516 3747 discurrens
3539 3735 3554 3758 ,

1982 3778 2104 3833 inde
2135 3778 2317 3832 laudes
2346 3787 2445 3832 tua:
2474 3779 2758 3845 ferventes,
2793 3782 3028 3837 lucentes
3056 3783 3095 3847 ‘,
3134 3785 3258 3840 inde
3291 3787 3428 3840 illius
3470 3789 3555 3841 in-

1981 3869 2154 3923 imicae
2182 3870 2389 3924 animus
2416 3871 2511 3924 etsi
2542 3871 2608 3924 ad
2637 3872 2883 3926 credendi
2903 3875 3176 3929 sanitatem
3209 3895 3311 3931 non
3339 3882 3556 3950 amplia-

1981 3968 2064 4015 tus
2085 3960 2141 4026 ³,
2170 3975 2198 4014 a
2226 3962 2576 4031 persequendi
2624 3971 2799 4016 tamen
2852 3963 3027 4020 furore
3074 3981 3410 4035 compressus
3452 3981 3553 4025 est.

1980 4050 2188 4106 Gratias
2217 4051 2332 4118 tibi,
2365 4053 2502 4107 Deus
2531 4068 2700 4107 meus.
2737 4052 2890 4110 Unde
2933 4065 2987 4111 et
3028 4073 3131 4127 quo
3156 4059 3349 4114 duxisti
3376 4078 3557 4116 recor-

1981 4140 2249 4196 dationem
2284 4158 2477 4209 meam,
2521 4151 2578 4197 ut
2621 4144 2733 4200 haec
2770 4145 2927 4200 etiam
2965 4151 3246 4204 confiterer
3281 4153 3392 4219 tibi,
3440 4170 3556 4223 qua)

1982 4249 2167 4303 magna
2207 4235 2400 4289 oblitus
2443 4236 2842 4305 praeterieram?
2882 4239 2945 4291 Et
2983 4247 3155 4294 tamen
3189 4251 3310 4296 tunc
3337 4260 3453 4297 eum
3487 4247 3553 4298 ita

1984 4323 2233 4393 fragraret
2262 4326 2395 4379 odor
2418 4337 2805 4395 unguentorum
2837 4338 3061 4394 tuormn,
3089 4348 3191 4385 non
3214 4336 3555 4390 currebam";

1983 4426 2102 4483 post
2131 4425 2180 4469 te
2210 4414 2424 4484 (Cautio.
2448 4432 2486 4483 ι,
2519 4417 2598 4488 5),
2622 4428 2675 4472 et
2702 4418 2819 4474 ideo
2841 4421 2955 4489 plus
2982 4420 3169 4475 ﬂebam
3198 4424 3334 4478 inter
3353 4429 3554 4483 cantica

1982 4505 2301 4575 hymnorum
2351 4516 2579 4571 tuorum,
2627 4510 2752 4563 olim
2801 4512 3071 4580 suspirans
3111 4514 3231 4579 tibi,
3263 4528 3316 4569 et
3346 4521 3552 4574 tandem

1979 4596 2252 4666 respirans
2279 4597 2321 4664 ⁸,
2350 4607 2601 4667 quantum
2632 4609 2778 4669 patet
2801 4617 2926 4655 aura
2959 4604 3009 4657 in
3035 4604 3193 4659 domo
3213 4607 3384 4663 fouea.

2572 4698 2797 4768 CAPUT
2839 4713 2967 4769 VIII.

1982 4794 2163 4849 Evodii
2188 4799 2464 4853 conversio.
2500 4798 2684 4856 Matris
2719 4802 2901 4873 obitus,
2944 4808 3145 4878 ejusque
3167 4827 3198 4863 a
3220 4814 3399 4867 teucris
3425 4815 3552 4868 edu-

2330 4936 2341 4943 .
2687 4897 2836 4949 cutio.

2052 4978 2139 5032 Π.
2186 4978 2283 5047 Qui
2326 4980 2565 5038 habitare
2616 4983 2746 5040 facis
2791 4988 3064 5045 unanimes
3116 4992 3164 5045 in
3191 4992 3349 5048 domo
3382 4995 3549 5068 (Psat.

1980 5084 2141 5134 van,
2172 5069 2250 5138 Ἰ),
2281 5074 2595 5127 consociasti
2634 5076 2787 5130 nobis
2826 5087 2880 5131 et
2927 5077 3183 5135 Evodium
3207 5083 3456 5153 juvenem
3487 5104 3552 5142 ex

2040 5204 2055 5268 ξ
2077 5211 2207 5264 om,
2223 5206 2363 5268 juxta
2380 5219 2468 5256 sex
2489 5214 2593 5257 Mss.
2614 5214 2764 5268 Μαι-1η,
2784 5216 2835 5258 et
2852 5211 2995 5260 ttond.
3014 5224 3124 5260 cum
3139 5212 3171 5261 2
3188 5221 3290 5263 Mss.
3311 5222 3368 5264 Μ.

2036 5267 2246 5334 ξβοηπηζ
2267 5274 2395 5334 Mart.
2414 5277 2531 5316 ερον
2548 5275 2744 5334 crateras
2753 5267 2914 5334 partes
2924 5270 3229 5326 imitantibus.
3247 5285 3340 5327 Per
3355 5283 3554 5332 caeteras

1975 5324 2309 5390 orbispartes,
2333 5329 2473 5390 juxta
2498 5330 2641 5390 cond.
2669 5338 2722 5379 tu.

2039 5389 2059 5419 ³
2076 5388 2263 5450 Aliquot
2280 5388 2404 5449 Mss,
2423 5388 2606 5441 la'titia.
2655 5420 2675 5428 —
2689 5419 2701 5429 -
2728 5393 2800 5441 sic
2816 5393 2960 5442 etiam
2982 5395 3130 5446 editio
3159 5397 3429 5450 Florentius
3444 5416 3555 5453 cum

1974 5460 2070 5496 uno
2088 5456 2190 5497 MSS.
2223 5458 2277 5498 Μ.

2037 5510 2058 5576 f
2080 5517 2327 5576 [ferienter
2340 5510 2569 5576 tacentes,
2580 5513 2718 5576 juxta
2733 5522 2906 5565 Somm.
2925 5524 2977 5567 et
2995 5519 3137 5569 Band.
3191 5527 3248 5571 Μ.

2035 5572 2055 5601 ⁵
2073 5570 2144 5641 sic
2174 5570 2705 5641 legendumjuxla'tres
2722 5584 2825 5626 :ltss.
2854 5579 2989 5641 Angl.
3011 5613 3026 5639 ,
3062 5588 3110 5632 ut
3135 5570 3324 5634 constet
3347 5586 3554 5635 antitheo

1974 5633 2042 5684 sis
2132 5631 2439 5710 subsequens
2451 5631 2683 5710 verbum,
2703 5631 2997 5703 compressus
3013 5631 3024 5639 ’
3037 5650 3122 5693 est.
3140 5631 3202 5679 4-4
3219 5631 3551 5710 [tibicinii]

1974 5693 2270 5786 Applicitus,
2298 5693 2531 5786 instat-1r;
2549 5698 2692 5786 tugd.
2731 5693 3166 5773 \cn.t.ov.Somm.
3218 5693 3274 5758 ξι.

2097 5772 2122 5786 η
2164 5773 2199 5786 ,..
2237 5769 2393 5786 ﬂ...“
2488 5775 2511 5786 ν
2569 5773 2627 5786 ι...
2760 5776 2999 5786 “manu
3038 5776 3070 5786 ..

2076 5765 2124 5805 In
2142 5759 2215 5808 tri.
2237 5773 2293 5809 us
2313 5769 2411 5810 vss.
2435 5795 2449 5822 ,
2483 5768 2531 5811 at
2549 5759 2726 5811 (mttunt
2760 5764 3014 5827 respiram.
3038 5776 3089 5817 πί.
