4078 6366
551 327 609 383 7t
1108 303 1121 311 “
1645 310 2153 375 coartasstoatm
2197 312 2253 364 s.
2296 312 2656 369 anausim

519 414 703 497 nostro
736 441 1039 511 municipio.
1081 440 1181 509 Qui
1221 457 1338 497 cum
1366 455 1527 509 agens
1558 438 1609 493 in
1643 440 1799 493 rebus
1830 435 2101 493 militaret,

516 535 665 605 prior
694 534 845 587 nobis
870 533 935 585 ad
971 543 1019 587 te.
1045 548 1335 588 Conversus
1367 542 1446 585 est
1490 542 1541 585 et
1578 531 1890 600 baptizatus,
1923 536 1977 581 et
2016 542 2104 580 re-

518 626 641 677 licta
671 625 854 677 militia
876 625 1135 685 smculari,
1166 625 1432 675 accinctus
1462 623 1511 675 in
1546 634 1649 674 tua.
1681 620 1844 672 Simul
1872 634 2102 678 eramus,

518 716 675 769 simul
699 714 979 768 habitaturi
1004 717 1018 745 ¹
1046 715 1236 784 placito
1253 724 1453 767 sancto.
1470 713 1845 779 Qnmrclrunus
1862 713 2103 779 quisnam

523 808 671 861 locus
698 822 794 861 nos
818 808 997 860 utilius
1030 807 1247 860 haberet
1283 809 1576 862 servientes
1624 805 1715 859 tibi
1752 823 1763 857 :
1796 805 1993 872 pariter
2020 819 2107 857 rc-

522 898 828 950 meabamus
868 898 917 950 in
965 897 1214 950 Africnm.
1252 898 1308 950 Et
1342 912 1460 950 cum
1494 897 1630 965 apud
1667 896 1811 951 Ostia
1857 896 2104 949 Tiberina

519 1002 789 1050 essemus,
830 996 998 1040 mater
1042 987 1282 1040 defuncta
1327 996 1425 1041 est.
1472 988 1629 1041 Multa
1671 999 1948 1056 pt-mterco,
1982 986 2102 1054 quia

522 1076 749 1130 multum
785 1076 995 1129 festino.
1036 1076 1230 1144 Accipe
1260 1076 1625 1130 confessiones
1655 1093 1802 1129 meas
1827 1088 1876 1128 et
1907 1077 2104 1145 gratia-

522 1184 641 1222 rum
673 1168 928 1232 actiones,
960 1168 1098 1221 Deus
1128 1184 1299 1234 meus,
1332 1169 1398 1223 de
1429 1168 1588 1223 rebus
1633 1168 2105 1221 innumerabilibus

518 1262 679 1314 etiam
732 1262 782 1313 in
825 1261 1058 1315 silentio.
1092 1260 1194 1316 Sed
1227 1278 1330 1316 non
1377 1263 1658 1331 prmteribo
1685 1261 1937 1331 quidquid
1977 1261 2105 1315 mihi

517 1355 691 1405 anima
722 1355 945 1421 parturit
971 1354 1036 1409 de
1067 1356 1151 1407 illa
1180 1355 1372 1409 famula
1403 1365 1647 1424 tua,qum
1676 1370 1759 1407 me
1793 1354 2101 1423 parturivit;

517 1454 571 1497 et
605 1459 767 1497 carne
792 1487 806 1509 ,
850 1453 905 1497 ut
955 1446 1005 1498 in
1060 1446 1195 1501 hanc
1234 1447 1613 1513 temporalem;
1645 1456 1697 1499 et
1734 1447 1917 1508 corde,
1958 1456 2015 1499 ut
2054 1446 2105 1499 in

517 1544 769 1587 aeternam
818 1535 988 1589 lueem
1032 1552 1280 1591 nascerer
1308 1538 1478 1591 '.Non
1511 1538 1657 1602 eius,
1690 1537 1783 1591 sed
1818 1547 1902 1591 tua
1933 1537 2104 1591 dicam

518 1626 655 1679 dona
690 1628 738 1679 in
768 1644 827 1679 ea
855 1646 867 1691 ;
902 1645 1074 1698 neque
1102 1631 1241 1683 enim
1271 1630 1499 1699 seipsam
1532 1629 1753 1692 fecerat,
1785 1641 1871 1683 aut
1905 1630 2106 1684 educa-

519 1729 668 1772 verat
700 1721 949 1787 seipsam.
980 1721 1057 1775 Tu
1089 1724 1277 1775 creasti
1322 1738 1461 1789 eam,
1506 1739 1602 1776 nec
1632 1732 1781 1792 pater
1810 1740 1908 1776 nec
1940 1732 2108 1778 mater

519 1809 723 1862 sciebat
744 1812 915 1878 qualis
946 1828 1008 1865 ex
1041 1813 1117 1865 eis
1148 1811 1315 1866 ﬁeret.
1347 1812 1411 1866 Et
1437 1814 1664 1866 erudivit
1689 1829 1804 1865 eam
1837 1813 1887 1866 in
1918 1814 2107 1869 timore

520 1910 611 1953 tuo
640 1904 784 1970 virga
817 1903 1013 1957 Christi
1044 1906 1112 1956 tui
1137 1946 1149 1969 ,
1184 1908 1417 1974 regimen
1447 1907 1583 1959 unici
1614 1906 1731 1959 Filii
1764 1907 1835 1959 tui
1867 1908 1915 1959 in
1948 1908 2107 1961 domo

524 1982 695 2057 fideli,
729 1994 869 2047 bono
900 1998 1140 2049 membro
1178 1998 1425 2051 licclesize
1456 2008 1575 2050 tuze.
1605 1998 1712 2052 Nec
1743 2007 1940 2052 lautam
1982 2015 2106 2069 erga

524 2097 674 2136 suam
690 2085 1020 2154 disciplinam
1035 2087 1357 2156 diligentiam
1377 2090 1560 2143 matris
1578 2088 1920 2158 praedicabat,
1939 2107 2108 2160 quan-

528 2186 632 2232 tam
681 2180 887 2233 famulze
928 2182 1201 2249 cujusdam
1246 2182 1545 2250 decrepito,
1593 2198 1711 2252 qua:
1759 2196 1961 2251 patrem
1993 2185 2107 2254 ejus

522 2269 776 2323 infantem
824 2281 1160 2340 portaverat,
1217 2274 1352 2326 sicut
1405 2273 1563 2327 dorso
1616 2274 2105 2343 grandiuscularum

523 2360 816 2425 puellarum
855 2363 1054 2430 parvuli
1088 2364 1287 2432 portari
1320 2364 1510 2419 solent.
1541 2365 1704 2433 Cujus
1730 2364 1807 2418 rei
1836 2366 2023 2434 gratia,
2055 2375 2109 2420 et

524 2460 740 2518 propter
782 2462 1047 2506 senectam
1080 2470 1140 2507 ac
1170 2470 1347 2509 mores
1374 2456 1637 2523 optimos,
1684 2456 1734 2508 in
1776 2456 1936 2509 domo
1961 2456 2107 2510 chri-

521 2541 689 2595 stiana
716 2543 842 2596 satis
867 2560 895 2596 a
922 2544 1151 2599 dominis
1175 2546 1555 2600 honorabalur.
1578 2544 1731 2602 Unde
1751 2549 1908 2601 etiam
1927 2564 2106 2602 curam

520 2631 904 2687 dominicarum
943 2633 1168 2688 filiarum
1200 2638 1539 2689 commissam
1574 2638 1674 2691 sibi
1705 2637 1986 2707 diligenter
2013 2654 2107 2709 ge-

521 2724 701 2789 rebat,
743 2734 797 2779 et
840 2733 958 2778 erat
1011 2727 1061 2779 in
1105 2727 1184 2780 eis
1220 2728 1561 2792 coercendis,
1602 2744 1721 2782 cum
1753 2744 1887 2798 opus
1926 2740 2104 2795 esset,

524 2822 704 2867 sancta
735 2816 1018 2869 severitate
1048 2816 1355 2880 vehemens,
1387 2827 1545 2886 atque
1572 2820 1622 2871 in
1654 2818 1907 2874 docendis
1934 2820 2107 2874 sobria

522 2905 822 2972 prudentia.
865 2905 994 2959 Nam
1040 2924 1149 2971 cas,
1198 2920 1391 2977 praeter
1442 2910 1559 2962 illas
1600 2911 1756 2963 horas
1800 2912 1991 2980 quibus
2043 2912 2107 2964 ad

524 3012 763 3049 memam
807 3008 1084 3065 parentum
1125 2999 1548 3054 moderatissimo
1578 3000 1873 3062 alebantur,
1904 3002 2108 3056 etiamsi

523 3087 934 3142 exardescerent
961 3090 1073 3153 siti,
1102 3106 1201 3144 nec
1223 3107 1410 3160 aquam
1442 3092 1623 3146 bibere
1653 3093 1879 3151 sinebat.
1914 3110 2111 3162 prmca-

522 3194 653 3233 vens
681 3181 1116 3236 consuetudinem
1150 3183 1375 3248 malam,
1419 3193 1473 3238 ct
1516 3184 1718 3239 addens
1756 3186 1974 3239 verbum
2022 3200 2111 3238 sa-

523 3285 647 3323 num
683 3289 695 3324 :
727 3268 883 3326 Modo
908 3290 1091 3343 aquam
1121 3275 1307 3340 bibitis,
1333 3276 1452 3340 quia
1480 3275 1531 3327 in
1554 3286 1797 3346 potestate
1817 3277 1988 3330 vinum
2011 3294 2111 3331 non

521 3360 743 3425 habetis;
773 3378 888 3415 cum
912 3373 1081 3418 autem
1110 3365 1178 3417 ad
1205 3367 1412 3419 maritos
1437 3368 1684 3431 veneritis,
1720 3371 1869 3436 facta
1893 3368 2112 3422 dominre

520 3453 878 3523 apol/iecorum
905 3464 949 3507 et
973 3456 1315 3518 cellariorum,
1346 3472 1477 3526 aqua
1504 3457 1743 3523 sordebit,
1772 3459 1862 3511 sed
1890 3476 1998 3512 mos
2022 3476 2113 3528 po-

522 3545 663 3597 tandi
706 3544 1011 3614 pramatebit.
1057 3546 1167 3599 [lac
1193 3546 1397 3601 ratione
1429 3548 1765 3615 przccipiendi
1793 3559 1848 3601 et
1873 3549 2110 3602 auctori-

522 3645 629 3687 tate
667 3635 959 3703 imperandi
990 3635 1223 3689 frenabat
1259 3637 1562 3691 aviditatem
1594 3639 1872 3692 tenerioris
1898 3640 2069 3693 {etatis
2094 3679 2108 3703 ,

520 3735 576 3779 ct
607 3727 772 3796 ipsam
803 3729 1096 3795 puellarum
1130 3730 1268 3781 sitim
1299 3730 1555 3783 formabat
1584 3732 1647 3785 ad
1680 3732 1958 3787 honestum
1990 3749 2111 3786 mo-

524 3818 676 3883 dum,
711 3829 764 3872 ιιι
790 3819 897 3887 jam
928 3835 1025 3872 nec
1054 3819 1243 3873 liberet
1271 3822 1409 3889 quod
1441 3837 1541 3874 non
1568 3822 1801 3876 deceret.

599 3912 685 3963 i8.
728 3910 793 3964 Et
834 3922 1165 3979 surrcpseral
1206 3920 1400 3979 tamen,
1443 3914 1578 3967 sicut
1618 3914 1743 3967 mibi
1779 3914 1887 3968 filio
1916 3913 2109 3968 famula

523 4007 611 4052 tua
644 3998 927 4064 narrabat,
963 4012 1294 4069 snrrcpserat
1321 4002 1368 4056 ci
1397 4004 1703 4056 vinolentia.
1734 4003 1865 4057 Nam
1893 4019 2013 4058 cum
2044 4004 2113 4059 de

524 4104 693 4152 ntere,
729 4099 975 4159 tanquam
1008 4092 1178 4159 puella
1208 4092 1405 4157 sobria,
1433 4094 1713 4162 jnberetur
1742 4110 1772 4147 a
1802 4097 2111 4164 parentibus

521 4180 589 4235 de
618 4196 786 4250 cuppa
819 4180 995 4234 vinum
1024 4182 1357 4251 depromere,
1390 4185 1655 4239 submisso
1686 4187 1874 4255 poculo
1893 4202 1993 4257 qua
2020 4189 2113 4244 de-

522 4288 684 4340 super
710 4279 877 4341 patet,
913 4273 1219 4343 priusquam
1250 4277 1299 4327 in
1335 4276 1662 4344 lagunculam
1708 4276 1950 4333 funderet
1998 4297 2111 4336 mc-

524 4376 672 4424 rum,
717 4363 1036 4432 primoribus
1068 4366 1226 4419 labris
1254 4367 1504 4419 sorbebat
1534 4369 1809 4437 exiguum,
1841 4374 1959 4439 quia
2002 4390 2110 4427 non

522 4462 729 4521 poterat
772 4456 1017 4523 amplius,
1062 4472 1219 4509 sensu
1253 4466 1550 4510 recusante.
1580 4457 1693 4511 Non
1720 4462 1862 4513 enim
1894 4464 1998 4516 ulla
2030 4474 2109 4518 Ie-

526 4544 759 4598 mulcnta
815 4545 835 4575 ³
881 4548 1129 4617 cupidine
1182 4547 1408 4602 faciebat
1447 4548 1589 4612 hoc,
1653 4551 1744 4605 sed
1794 4554 2109 4622 quibusdam

524 4636 973 4705 superfluentibus
994 4641 1165 4691 a'tatis
1183 4642 1508 4704 excessibus,
1533 4644 1619 4712 qui
1641 4643 1855 4698 ludicris
1882 4647 2113 4701 motibus

520 4730 802 4796 cbnlliunt,
822 4742 873 4784 et
893 4732 941 4784 in
961 4734 1249 4800 puerilibus
1263 4737 1448 4788 animis
1468 4738 1724 4805 majorum
1747 4740 1978 4807 pondere
1994 4757 2114 4809 pre-

521 4824 593 4877 mi
622 4824 797 4879 snlent
834 4824 1015 4895 Itaque
1039 4826 1103 4880 ad
1132 4829 1254 4881 illud
1282 4830 1543 4883 modicum
1576 4833 1875 4901 quotidiana
1909 4834 2111 4908 modica

523 4913 799 4977 addendo;
830 4918 1079 4985 quoniam
1102 4920 1189 4988 qui
1217 4921 1422 4975 nmdica
1451 4924 1673 4989 spernit,
1696 4925 1943 4993 paulatim
1970 4925 2113 4978 drci—

518 5005 597 5058 dit
627 5005 810 5077 (Eccli.
850 5023 957 5071 xu,
988 5009 1007 5061 l
1038 5009 1089 5074 );
1120 5011 1170 5063 in
1199 5026 1315 5064 eam
1337 5014 1771 5067 consuetudinem
1803 5014 1948 5083 lapsa
1978 5026 2109 5083 crat,

520 5108 575 5151 ut
598 5114 760 5168 prepe
784 5099 893 5168 jam
919 5102 1103 5172 plenos
1123 5120 1270 5158 mero
1290 5106 1541 5160 caliculos
1563 5106 1833 5162 inhiantcr
1854 5108 2108 5163 hauriret.

522 5190 621 5245 libi
654 5201 778 5247 tunc
806 5209 963 5263 sagax
1004 5210 1173 5257 anus,
1215 5205 1270 5251 et
1312 5198 1602 5252 vehemens
1646 5198 1731 5253 illa
1778 5200 2113 5270 prohibitio?

522 5280 786 5353 Numquid
817 5287 1025 5340 valebat
1052 5288 1245 5356 aliquid
1276 5291 1532 5343 adversus
1562 5291 1813 5347 latentem
1845 5296 2109 5355 morbum,

522 5376 623 5431 nisi
674 5388 757 5431 ttta
811 5380 1111 5443 medicina,
1170 5381 1428 5447 Domine,
1478 5384 1719 5453 vigilaret
1767 5402 1930 5456 super
1978 5388 2113 5441 nos?

585 5510 603 5541 ι
624 5512 695 5560 Sic
713 5511 895 5560 habent
913 5520 1017 5561 Mss.
1040 5520 1090 5561 et
1112 5522 1251 5573 Ara;
1287 5522 1335 5562 at
1354 5514 1441 5563 md
1488 5526 1585 5565 Am.
1622 5523 1693 5565 Er.
1722 5517 2114 5571 t.ov..ltnbitabn-

521 5584 646 5637 mus.
670 5599 729 5637 τ-
749 5575 865 5621 Dein
885 5609 900 5633 ,
916 5636 919 5637 ν
936 5573 985 5623 in
1010 5574 1183 5637 plnrito
1203 5611 1217 5633 ,
1248 5578 1385 5637 juxta
1403 5588 1576 5627 sonum.
1598 5588 1649 5629 et
1682 5581 1824 5628 noud.
1849 5589 1900 5627 Μ.

584 5636 606 5665 ⁸
639 5635 711 5683 sic
745 5635 1016 5697 tegendum
1041 5650 1149 5686 cum
1188 5635 1290 5687 ass.
1326 5665 1389 5675 —-
1421 5640 1765 5703 [1m.zscerrr}.
1805 5642 1946 5692 ltond.
1987 5656 2046 5693 ex
2085 5643 2115 5691 8

524 5704 648 5749 3188..
672 5710 915 5746 nascerer.
950 5706 1002 5745 lli.

587 5758 608 5788 ³
627 5762 850 5821 Lyrcusis
865 5759 1015 5809 codex
1034 5798 1047 5823 ,
1068 5757 1370 5812 temulentior.

3694 322 3812 378 77!

2215 427 2446 480 Absentc
2476 440 2625 497 patre
2647 438 2695 481 et
2730 440 2897 483 matre
2924 437 2979 483 et
3009 432 3355 487 nutritoribus
3376 476 3389 498 ,
3424 442 3478 489 tu
3506 451 3753 506 prmsens
3784 483 3803 503 ,

2212 521 2300 588 qui
2330 522 2542 584 crusti,
2572 523 2661 592 qui
2686 538 2863 589 vocas,
2895 526 2983 592 qui
3010 528 3167 578 etiam
3199 543 3291 595 per
3319 532 3634 596 propositos
3662 533 3676 563 ¹
3702 532 3807 585 bo—

2214 612 2382 665 mines
2433 613 2554 666 boni
2606 614 2804 684 aliquid
2830 616 2941 683 agis
2967 617 3033 670 ad
3068 618 3363 673 animarum
3393 622 3638 689 salutem,
3671 628 3805 695 quid

2215 711 2336 756 tunc
2363 705 2537 773 egisti,
2573 707 2709 759 Deus
2738 709 2928 762 meus?
2955 710 3090 764 unde
3117 714 3352 767 curasti?
3396 716 3534 771 unde
3564 722 3809 773 sanasti?

2213 792 2397 846 Nonne
2434 796 2694 863 protulisti
2723 798 2914 852 durum
2954 810 3005 852 et
3045 812 3256 855 acutum
3303 820 3368 858 ex
3414 807 3581 861 altera
3618 811 3803 864 anima

2212 887 2530 953 convicium,
2565 897 2810 959 tanquam
2860 891 3173 947 medicinale
3222 893 3421 949 ferrum
3454 913 3519 952 ex
3571 901 3783 953 occulti,

2214 978 2604 1045 provisionibus
2631 981 2754 1043 tuis,
2776 988 2829 1034 et
2857 997 2962 1035 uno
2988 984 3093 1037 ictu
3125 985 3453 1052 putredincm
3484 989 3624 1042 illam
3655 1006 3763 1058 pra-

2212 1066 2423 1120 cidisti?
2469 1069 2668 1122 Ancilla
2715 1072 2856 1125 enim
2901 1087 3019 1125 cum
3066 1089 3164 1143 qua
3209 1076 3417 1131 solebat
3444 1080 3698 1135 accedere
3727 1101 3751 1133 ει

2211 1172 2457 1227 enppam,
2481 1160 2691 1229 litigatis
2712 1177 2831 1215 cum
2862 1162 3074 1217 domina
3102 1167 3325 1229 minore,
3357 1180 3412 1221 ut
3432 1170 3507 1233 tit,
3537 1173 3647 1225 sola
3670 1188 3753 1224 Clit

2212 1250 2344 1313 sola,
2386 1250 2581 1317 objccit
2632 1256 2730 1305 hoc
2778 1255 3022 1317 crimen,
3071 1258 3401 1311 amarissima
3453 1260 3778 1315 insnltatiou.

2212 1358 2407 1396 vocans
2435 1343 2823 1397 meribibulam.
2869 1346 2983 1413 Quo
3028 1347 3113 1401 illa
3164 1348 3378 1403 stimulo
3409 1366 3678 1420 percussa,
3708 1372 3790 1407 re-

2212 1434 2385 1501 spexit
2413 1433 2703 1488 fmditatem
2731 1437 3301 1509 suam,confestimque
3329 1442 3599 1497 damnavit
3636 1454 3804 1514 atque

2212 1523 2373 1575 exuit.
2410 1522 2557 1577 Sicut
2604 1526 2759 1579 amici
2802 1527 3078 1582 adulantes
3111 1541 3438 1598 pervertunt,
3471 1534 3548 1588 sic
3597 1534 3801 1589 inimici

2213 1615 2475 1684 litigantes
2515 1618 2825 1689 plerumque
2862 1621 3151 1689 corrigunt.
3193 1623 3301 1677 Nec
3330 1634 3380 1677 tu
3410 1626 3548 1694 quod
3582 1642 3674 1695 per
3702 1644 3805 1682 eos

2212 1707 2343 1775 agis,
2378 1708 2469 1761 scd
2502 1710 2640 1775 quod
2670 1710 2766 1778 ipsi
2797 1713 3097 1775 voluerunt,
3130 1714 3376 1769 retribuis
3404 1717 3502 1769 eis.
3535 1716 3629 1770 llla
3653 1720 3801 1772 enim

2214 1796 2343 1851 irata
2373 1800 2640 1869 exagitare
2666 1802 2917 1870 appetivit
2956 1804 3217 1858 minorem
3248 1806 3540 1873 dominam,
3573 1824 3680 1863 non
3706 1824 3803 1862 sa-

2212 1901 2439 1943 narctet
2458 1891 2575 1945 ideo
2595 1892 2855 1959 clanculo,
2884 1903 2972 1947 aut
2998 1896 3117 1964 quia
3144 1896 3211 1949 ita
3239 1912 3329 1951 eas
3358 1898 3631 1954 invenerat
3650 1900 3807 1955 locus

2213 1989 2265 2034 et
2293 1990 2498 2050 tempus
2529 1983 2662 2047 litis;
2714 1993 2804 2037 aut
2848 2000 2914 2040 ne
2964 1987 3101 2041 forte
3144 1996 3199 2041 et
3246 1988 3357 2057 ipsa
3411 1989 3805 2059 periclitaretur

2213 2072 2352 2139 quod
2378 2082 2483 2125 tam
2511 2088 2631 2127 sero
2658 2075 2995 2143 prodidisset.
3021 2077 3089 2131 At
3116 2087 3190 2142 tu,
3219 2079 3458 2144 Domine,
3483 2091 3657 2137 rector
3683 2098 3798 2161 co;-

2200 2162 2362 2215 litum
2391 2166 2411 2194 ²
2440 2175 2492 2217 et
2523 2174 2876 2232 terrenarum,
2904 2168 2969 2221 ad
2994 2183 3119 2222 usus
3142 2177 3259 2222 tuos
3284 2179 3644 2242 contorquens
3670 2190 3797 2245 pro-

2213 2253 2371 2307 funda
2406 2259 2673 2318 torrentis,
2706 2256 2901 2311 ﬂuxum
2930 2259 3243 2313 saeculorum
3283 2262 3535 2318 ordinans
3559 2263 3580 2294 ⁸
3608 2264 3800 2319 turbu-

2214 2343 2452 2410 lentum,
2504 2346 2662 2400 etiam
2714 2347 2779 2401 de
2828 2349 3046 2404 alterius
3096 2351 3288 2419 animm
3343 2351 3547 2407 insania
3600 2357 3799 2409 sanasti

2213 2436 2474 2501 alteram;
2521 2453 2585 2490 ne
2632 2438 2909 2507 quisquam
2954 2456 3074 2493 cum
3115 2439 3216 2495 hoc
3252 2441 3501 2509 advertit,
3550 2446 3803 2514 potentia:

2213 2542 2321 2581 sure
2351 2530 2565 2596 tribuat,
2595 2531 2641 2585 si
2670 2532 2833 2586 verbo
2862 2532 2979 2602 ejus
3006 2534 3138 2588 alius
3164 2535 3480 2606 corrigatur,
3504 2552 3661 2609 quem
3688 2539 3804 2591 vult

2212 2619 2423 2690 corrigi.
3202 2616 3211 2626 ’

2813 2714 3037 2771 CAPUT
3080 2715 3169 2771 IX.

2410 2805 2718 2861 Laudabiles
2748 2811 2923 2862 matris
2952 2825 3059 2862 sua:
3086 2826 3246 2865 mores
3275 2814 3609 2884 prosequitur.

2291 2897 2375 2951 19.
2421 2898 2658 2951 Educata
2686 2900 2859 2968 itaque
2896 2900 3080 2970 pudice
3119 2916 3182 2955 ac
3211 2904 3390 2957 sobrie
3416 2947 3432 2970 ,
3465 2907 3740 2976 potiusque
3770 2950 3773 2953 .

2218 2998 2268 3043 te
2297 2990 2503 3042 subdita
2555 2991 2859 3058 parentibus
2884 3031 2898 3053 ,
2944 3008 3099 3060 quam
3140 3008 3167 3044 a
3201 2996 3508 3062 parentibus
3541 2998 3667 3060 tibi,
3708 2998 3793 3053 ub;

2217 3081 2387 3150 plenis
2409 3082 2562 3134 annis
2595 3082 2786 3135 nubilis
2819 3080 2953 3136 facta
2984 3092 3081 3147 est,
3118 3084 3307 3139 tradita
3338 3087 3451 3141 viro
3471 3089 3685 3143 servivit
3707 3072 3803 3143 ve-

2217 3173 2309 3225 luti
2338 3172 2586 3237 domino;
2619 3180 2673 3227 et
2711 3174 2901 3243 sategit
2941 3190 3062 3228 eum
3103 3175 3296 3231 lucrari
3333 3177 3426 3231 tibi
3450 3219 3466 3245 ,
3500 3179 3718 3249 loquens
3749 3192 3805 3234 te

2217 3260 2292 3315 illi
2326 3264 2563 3317 moribus
2594 3264 2705 3318 suis
2729 3305 2743 3327 ,
2774 3264 2966 3334 quibus
2995 3280 3111 3320 eam
3144 3268 3419 3336 pulchram
3446 3269 3675 3325 faciebas
3699 3312 3716 3337 ,
3746 3280 3806 3327 et

2217 3364 2528 3408 reverenter
2553 3356 2833 3410 amabilem
2856 3366 3014 3426 atque
3042 3359 3340 3414 mirabilem
3370 3362 3503 3415 viro.
3528 3362 3600 3416 Ita
3622 3372 3803 3417 autem

2217 3444 2461 3498 toleravit
2488 3446 2685 3499 cubitis
2731 3446 2949 3515 injurias
2972 3489 2988 3515 ,
3034 3456 3091 3502 ut
3128 3451 3323 3504 nullam
3364 3451 3433 3505 de
3471 3452 3569 3506 hac
3594 3469 3652 3509 re
3678 3470 3803 3509 cum

2216 3539 2404 3589 marito
2430 3536 2646 3591 haberet
2667 3528 2895 3608 unquam
2918 3539 3260 3595 simultatem.
3287 3542 3639 3613 Exspectabat
3656 3545 3802 3599 enim

2216 3628 2636 3681 miscricordiam
2668 3638 2810 3682 tuam
2838 3646 2998 3698 super
3022 3646 3143 3684 eum
3166 3673 3182 3696 ,
3214 3640 3272 3685 ut
3300 3633 3349 3685 in
3384 3642 3433 3687 te
3462 3634 3683 3687 credens
3709 3650 3803 3688 ca—

2216 3722 2548 3774 Stilicaretur.
2578 3720 2703 3774 Erat
2726 3738 2848 3775 vero
2874 3723 2964 3778 ille
2985 3733 3259 3793 prmterea,
3277 3727 3415 3779 sicut
3434 3726 3515 3780 bet
3536 3728 3801 3783 evolentia

2218 3812 2534 3881 praecipuus,
2562 3812 2629 3865 ita
2662 3814 2735 3865 ira
2768 3812 3027 3868 fervidus.
3055 3813 3159 3869 Sed
3188 3827 3409 3871 noverat
3441 3818 3555 3871 haec
3580 3835 3683 3873 non
3710 3836 3802 3873 re-

2216 3904 2405 3957 sistere
2433 3902 2567 3956 irato
2600 3904 2713 3957 viro
2734 3945 2750 3971 ,
2793 3919 2897 3959 non
2949 3915 3152 3959 tantum
3198 3905 3337 3962 facto
3361 3949 3376 3973 ,
3408 3909 3501 3963 sed
3543 3926 3609 3964 ne
3638 3910 3803 3965 verbo

2215 3994 2451 4063 quidem.
2474 3994 2589 4049 Jam
2611 4010 2736 4051 vero
2757 3995 2984 4051 refracta
3000 4007 3056 4051 et
3078 4000 3277 4067 quieto,
3301 4015 3421 4053 cum
3444 4013 3800 4070 Opportunum

2215 4086 2455 4151 videret,
2490 4088 2747 4140 tationem
2778 4086 2898 4141 facti
2927 4088 3006 4141 sui
3040 4090 3298 4145 reddebat
3322 4131 3338 4154 ,
3365 4092 3407 4144 si
3440 4091 3575 4146 forte
3604 4094 3693 4147 ille
3722 4094 3803 4147 in-

2216 4176 2598 4231 consideratius
2643 4188 2941 4233 commotus
2983 4178 3173 4235 fuerat.
3220 4181 3490 4251 Denique,
3532 4197 3651 4237 cum
3688 4199 3802 4238 ma-

2220 4276 2386 4323 trona:
2416 4269 2593 4322 multze
2636 4285 2860 4339 quarum
2891 4270 2986 4323 viri
3033 4272 3417 4326 mansuetiores
3458 4283 3649 4339 erant,
3692 4274 3813 4343 pla-

2218 4377 2402 4431 garum
2420 4363 2662 4431 vestigia,
2679 4363 2835 4415 etiam
2855 4362 3197 4417 dehonestata
3223 4362 3354 4417 facie
3373 4374 3637 4434 gererent,
3664 4366 3803 4419 inter

2216 4454 2386 4507 amica
2409 4453 2670 4522 colloquia
2702 4453 2808 4507 illa:
2833 4455 3123 4524 arguebant
3152 4456 3458 4509 maritorum
3480 4455 3660 4518 vitam,
3686 4456 3801 4510 ιιωο

2218 4562 2398 4599 earum
2432 4546 2658 4615 linguam
2681 4585 2696 4610 ,
2726 4545 2886 4600 veluti
2913 4561 3007 4614 per
3026 4550 3205 4614 jocum
3232 4547 3463 4616 graviter
3482 4546 3796 4612 admonens,

2218 4651 2282 4689 ex
2304 4652 2408 4707 quo
2439 4636 2555 4690 illas
2586 4636 2791 4690 tabulas
2817 4652 2935 4706 qtae
2964 4635 3382 4690 matrimoniales
3409 4646 3683 4703 vocantur,
3712 4654 3801 4691 re-

2217 4726 2365 4780 citari
2396 4727 2689 4789 audissent,
2721 4735 2968 4795 tauquam
3002 4726 3347 4781 instrumenta
3376 4727 3569 4797 quibus
3594 4729 3801 4783 ancilla:

2218 4816 2369 4869 factm
2399 4824 2577 4869 essent
2601 4858 2617 4882 ,
2648 4817 2903 4886 deputare
2948 4816 3228 4885 debuisse;
3269 4820 3493 4888 proinde
3535 4836 3805 4876 memores

2218 4908 2557 4973 conditionis,
2579 4911 2856 4977 superbire
2876 4909 3131 4964 adversus
3148 4911 3392 4965 dominos
3411 4929 3515 4966 non
3532 4925 3797 4982 oportere.

2217 4998 2456 5070 Curaque
2484 5000 2804 5053 mirarentur
2832 5000 2939 5055 illa:
2967 5002 3197 5057 scientes
3224 5019 3381 5072 quam
3413 5005 3643 5058 ferocem
3668 5019 3800 5060 con-

2212 5092 2393 5163 jugem
2416 5094 2719 5159 sustineret,
2748 5109 3016 5165 nunquam
3047 5092 3212 5149 fuisse
3231 5096 3492 5160 auditum,
3513 5106 3602 5149 aut
3622 5097 3800 5164 aliqua

2219 5187 2415 5241 indicio
2442 5186 2697 5240 claruisse
2720 5226 2738 5253 ,
2768 5187 2908 5256 quod
2948 5188 3208 5242 Patricius
3243 5187 3500 5242 ceciderit
3538 5203 3760 5243 uxorem
3784 5229 3800 5255 ,

2218 5288 2308 5334 aut
2332 5279 2474 5349 quod
2516 5295 2546 5332 a
2584 5294 2642 5334 se
2670 5280 2895 5335 invicem
2920 5280 3002 5335 vel
3032 5296 3192 5334 unum
3224 5281 3366 5336 diem
3391 5281 3685 5336 domestica
3713 5281 3794 5335 litt

2219 5374 2607 5437 dissenserint,
2637 5382 2694 5428 et
2728 5388 2941 5427 causam
2986 5372 3316 5429 familiariter
3345 5384 3675 5443 qumrerent;
3706 5374 3791 5427 do

2219 5467 2373 5521 cebat
2416 5466 2501 5520 illa
2544 5466 2838 5521 institutum
2884 5481 3073 5531 suum,
3104 5467 3244 5536 quod
3291 5483 3447 5537 supra
3490 5468 3802 5523 memoravi.

2282 5582 2300 5612 ι
2319 5586 2489 5646 auten.
2510 5578 2698 5628 Arnald.
2725 5580 2993 5646 suSpicatur
3022 5579 3287 5646 legendum
3314 5594 3425 5631 esse
3444 5615 3460 5642 ,
3495 5593 3580 5645 per
3611 5592 3808 5646 perver-

2217 5656 2296 5711 sos
2305 5655 2323 5701 ξ
2340 5640 2447 5700 vel,
2466 5655 2552 5705 per
2570 5649 2882 5711 praposteros

2281 5708 2301 5736 ³
2320 5714 2368 5753 tn
2389 5702 2799 5765 MSJBenigniauo,
2824 5702 2933 5752 creti
2954 5703 3039 5753 tui.

2284 5768 2304 5798 ³
2324 5768 2535 5816 Potiorcs
2553 5774 2679 5823 Mss,
2703 5766 2938 5815 ordinate.
