4078 6366
311 333 417 390 πε

306 458 437 525 Qua:
465 453 854 518 observabant,
895 457 1127 521 expertae
1166 446 1589 519 gratulabantur;
1630 456 1750 512 qua:
1794 455 1899 492 non

308 548 683 609 observabant,
708 544 961 614 subjecta:
983 542 1326 596 vexabantur.
1597 556 1633 589 s-

374 641 467 696 9.0.
509 640 733 695 Socrum
778 636 936 691 etiam
980 650 1127 689 suam
1159 634 1329 702 primo
1366 629 1599 685 susurris
1637 626 1893 681 malarum

308 736 623 791 Incillarum
652 732 907 785 adversus
933 744 991 783 se
1021 727 1298 790 irritatam,
1328 724 1405 777 sic
1432 723 1555 775 vicit
1586 720 1853 789 obsequiis
1878 760 1890 779 ,

306 840 660 898 perseverans
691 822 971 876 tolerantia
999 828 1052 873 et
1082 814 1483 870 mansuetudine
1506 853 1520 876 ,
1554 821 1609 865 ut
1640 812 1724 864 illa
1757 810 1895 861 ultro

309 918 423 973 lilio
454 933 552 972 suo
584 916 783 969 medias
811 914 1014 981 linguas
1044 907 1354 961 famularum
1385 904 1669 973 proderet,
1702 900 1894 970 quibus

290 1006 523 1065 ‘iuterse
539 1017 593 1061 et
611 1021 795 1060 mirum
820 1020 915 1072 pax
935 1000 1218 1055 domestica
1239 996 1567 1053 turbabatur,
1588 1002 1889 1058 expeteret-

303 1118 409 1172 que
425 1099 731 1154 vindictam.
760 1096 937 1164 Itaque
961 1102 1298 1160 posteaquam
1318 1089 1426 1151 ille,
1446 1099 1494 1139 et
1516 1086 1668 1139 matri
1695 1085 1893 1139 obtem-

290 1210 530 1265 perans,
563 1201 615 1244 ct
647 1202 839 1244 curans
880 1186 1087 1240 familiae
1122 1182 1485 1251 disciplinam,
1516 1188 1568 1232 et
1594 1179 1891 1233 concordiae

302 1301 520 1339 suorum
560 1282 877 1345 consulens,
912 1278 1145 1347 proditas
1191 1274 1255 1327 ad
1298 1272 1569 1342 prodentis
1617 1270 1887 1323 arbitrium

264 1399 273 1437 π
301 1376 617 1432 verberibus
644 1372 912 1432 coercuit;
956 1366 1195 1437 promisit
1226 1366 1309 1418 illa
1342 1364 1462 1417 talia
1492 1364 1557 1417 dc
1588 1377 1647 1416 se
1674 1360 1886 1430 prannia

288 1475 522 1537 Sperare
548 1466 759 1519 ,dcltere
784 1505 796 1525 ,
832 1473 1177 1531 qtaecnmqnc
1207 1457 1274 1509 de
1301 1471 1395 1509 sua
1441 1471 1576 1508 nuru
1610 1453 1710 1507 sibi
1738 1495 1751 1516 ,
1783 1468 1889 1522 quo

303 1562 535 1630 placeret
563 1601 576 1620 ,
611 1558 734 1611 mali
766 1554 961 1624 aliquid
994 1555 1300 1620 loqueretur
1334 1566 1345 1601 :
1382 1548 1627 1616 nullaque
1652 1546 1761 1615 jam
1791 1561 1889 1599 au-

299 1648 819 1716 dcnte,meniorabili
843 1649 979 1700 inter
1000 1662 1058 1700 se.
1074 1643 1458 1698 benevolentirc
1478 1641 1735 1694 suavitate
1752 1640 1888 1695 vixe-

288 1753 447 1799 Iunt.

358 1837 462 1889 21.
507 1833 615 1886 lloc
644 1848 853 1901 quoque
897 1829 969 1884 i‘lli
1004 1829 1144 1881 bono
1176 1826 1440 1895 mancipio
1482 1834 1571 1878 tuo
1593 1867 1606 1889 ,
1652 1823 1705 1878 in
1735 1824 1887 1893 cujus

300 1936 455 1981 utero
499 1941 584 1979 me
632 1924 856 1985 creasti,
902 1923 1039 1975 Dens
1084 1936 1232 1973 meus
1260 1960 1272 1980 ,
1318 1916 1679 1971 misericordia
1728 1932 1840 1969 mea
1868 1959 1883 1981 ,

300 2032 494 2071 munus
514 2014 712 2085 grande
731 2014 1043 2072 donavi-ras,
1068 2010 1207 2079 quod
1233 2010 1371 2062 inter
1393 2007 1709 2061 dissidentes
1730 2016 1885 2075 atque

283 2109 572 2162 discordes
599 2106 863 2177 quaslibet
889 2105 1112 2158 animas.
1145 2102 1237 2154 ubi
1266 2109 1489 2169 poterat,
1520 2108 1625 2151 tam
1658 2112 1715 2151 se
1746 2112 1883 2165 pne-

297 2200 457 2255 bebat
486 2201 777 2268 paciticam,
810 2206 867 2249 ut
894 2211 1012 2249 cum
1042 2195 1107 2246 ab
1135 2205 1356 2261 utraque
1384 2192 1544 2244 multa
1573 2189 1639 2243 de
1661 2189 1883 2242 invicem

297 2293 508 2346 audiret
563 2289 889 2343 amarissima
917 2328 930 2349 ,
971 2285 1143 2355 qualia
1201 2284 1336 2338 solet
1383 2291 1627 2335 eructare
1673 2288 1885 2346 turgens

292 2393 459 2452 atque
485 2381 740 2449 indigesta
770 2377 1054 2439 disclirdia,
1087 2375 1298 2457 quando
1330 2373 1573 2443 praesenti
1606 2374 1789 2423 amice
1816 2371 1883 2422 de.

294 2473 518 2526 absente
538 2471 746 2525 inimica
765 2484 860 2539 per
879 2468 1025 2521 acida
1044 2465 1301 2534 colloquia
1326 2463 1555 2516 cruditas
1574 2463 1589 2493 ³
1608 2461 1888 2515 exhalatnr

294 2564 584 2627 odiorum;
617 2562 743 2615 nihil
781 2572 952 2614 tamen
982 2559 1131 2612 alteri
1164 2558 1231 2611 de
1270 2558 1435 2609 altera
1466 2554 1711 2624 proderet
1739 2595 1752 2617 ,
1781 2554 1882 2607 nisi

288 2655 440 2724 quod
458 2653 525 2707 ad
548 2668 639 2709 eas
658 2650 1077 2706 recnnciliandas
1095 2649 1317 2701 valeret.
1336 2647 1561 2699 Parvum
1575 2644 1674 2697 hoc
1689 2646 1882 2698 bonum

298 2747 428 2801 mihi
456 2748 755 2811 videretur,
791 2745 889 2798 nisi
929 2745 1112 2797 turbas
1150 2740 1565 2795 imnnnerahilcs
1595 2739 1760 2793 tristis
1786 2755 1879 2793 ex-

297 2841 541 2910 perirer,
575 2840 754 2893 nescio
781 2853 881 2906 qua
926 2834 1189 2889 horrenda
1221 2834 1516 2902 pestilentia
1550 2840 1882 2896 peccatorum

298 2931 558 2985 latissime
587 2940 923 2999 pcrvagante,
954 2943 1055 2979 non
1083 2926 1252 2978 solum
1278 2926 1527 2976 iratorum
1551 2923 1882 2976 inimicorum

299 3023 450 3077 iratis
477 3022 708 3075 inimicis
739 3022 875 3074 dicta
900 3019 1144 3088 prodere,
1177 3017 1268 3071 sed
1300 3018 1456 3070 etiam
1485 3031 1602 3085 qua:
1626 3032 1727 3068 non
1744 3015 1883 3069 dicta

290 3125 422 3168 sunt
447 3114 674 3177 addere;
699 3129 815 3168 cum
845 3124 1024 3165 contra
1046 3110 1243 3163 homini
1267 3112 1287 3140 ¹
1308 3109 1538 3162 humano
1561 3123 1741 3177 parum
1768 3124 1887 3162 esse

288 3205 493 3262 debeat
524 3205 823 3259 inimicitias
855 3204 1125 3257 hominum
1168 3217 1265 3255 nec
1299 3201 1533 3254 excitare
1566 3214 1664 3254 nec
1694 3214 1887 3269 angere

299 3301 441 3353 male
470 3298 767 3367 loquendo,
814 3297 913 3349 nisi
946 3310 1036 3349 eas
1082 3295 1239 3347 etiam
1271 3293 1606 3361 exstinguere
1640 3292 1770 3346 bene
1811 3292 1888 3345 lo-

288 3391 511 3462 quendo
529 3390 815 3451 studuerit;
847 3388 1015 3457 qualis
1044 3387 1129 3440 illa
1152 3395 1286 3452 erat,
1315 3385 1538 3439 docente
1562 3392 1613 3439 te
1636 3385 1887 3454 magistro

293 3484 489 3539 intimo
518 3484 570 3537 in
604 3483 781 3537 schola
812 3481 1061 3552 pectoris.

369 3574 462 3628 22.
506 3574 739 3642 Denique
763 3575 919 3625 etimu
944 3572 1110 3624 virum
1140 3585 1293 3623 suum
1316 3569 1422 3639 jam
1447 3569 1498 3621 in
1524 3576 1759 3623 extrema
1780 3569 1886 3621 vita

295 3666 580 3735 temporali
610 3666 722 3732 ejus
754 3666 951 3718 lucrata
997 3673 1079 3715 est
1111 3663 1236 3727 tibi,
1286 3676 1384 3715 nec
1429 3663 1477 3713 in
1516 3677 1580 3713 eo
1606 3660 1713 3729 jam
1748 3659 1887 3713 ﬁdeli

300 3759 505 3828 planxit
533 3758 672 3827 quod
702 3758 752 3810 in
785 3757 1016 3809 nondum
1044 3755 1182 3808 lidcli
1214 3756 1550 3808 toleraverat.
1578 3753 1703 3806 Erat
1727 3754 1886 3806 etiam

299 3867 454 3908 serva
476 3864 750 3905 servorum
776 3861 1005 3904 tuorum.
1030 3848 1278 3917 Quisquis
1299 3863 1486 3901 eorum
1510 3856 1727 3899 noverat
1746 3862 1885 3911 eam,

298 3945 524 3997 multum
557 3943 607 3995 in
638 3958 697 3995 ea
729 3942 975 3995 laudabat
1008 3949 1059 3994 ct
1102 3940 1400 3993 honorabat
1435 3950 1487 3991 et
1517 3938 1766 4005 diligebat
1796 3947 1885 4002 te;

299 4036 423 4105 quia
442 4034 704 4089 sentiebat
730 4033 1064 4103 praesentiam
1095 4043 1235 4085 tuam
1270 4032 1319 4084 in
1341 4030 1500 4083 corde
1527 4031 1662 4098 ejus,
1693 4042 1889 4083 sane‘a:

294 4127 723 4182 conversationis
761 4125 1018 4179 fructibus
1049 4125 1291 4178 testibus.
1338 4122 1531 4177 Fuerat
1558 4123 1699 4176 enim
1734 4124 1890 4176 unius

300 4220 403 4273 viri
425 4234 560 4272 uxor
581 4258 597 4283 ,
631 4227 866 4272 mutuam
894 4218 1062 4271 vicem
1094 4214 1398 4285 parentibus
1429 4212 1760 4276 reddiderat,
1797 4212 1890 4265 do-

299 4326 450 4366 mum
480 4326 631 4365 suam
667 4310 750 4379 pie
791 4317 1136 4363 tractaverat.
1172 4309 1222 4360 in
1264 4305 1514 4376 operibus
1560 4306 1713 4360 bonis
1745 4307 1891 4360 lesu-

300 4402 542 4455 moninm
564 4400 807 4455 habebat.
827 4399 1096 4453 Nutrierat
1113 4400 1267 4461 lilios,
1292 4401 1443 4453 toties
1458 4414 1551 4452 eos
1571 4399 1886 4467 parturiens,

302 4495 516 4563 quoties
543 4494 637 4547 abs
668 4503 720 4547 te
744 4493 957 4547 deviare
981 4492 1252 4546 cernebat.
1288 4493 1561 4546 Postremo
1588 4492 1756 4553 nobis,
1789 4490 1893 4544 Do-

302 4588 473 4651 mine,
493 4587 762 4652 omnibus,
790 4587 910 4655 quia
939 4602 1003 4639 ex
1036 4601 1259 4639 munere
1289 4593 1375 4638 tuo
1401 4584 1529 4637 sinis
1562 4584 1700 4654 loqui
1724 4587 1891 4637 servis

302 4680 410 4733 tuis
429 4721 445 4743 ,
479 4680 568 4749 qui
595 4689 721 4733 ante
750 4678 1121 4731 domuitionem
1149 4680 1265 4744 ejus
1295 4677 1347 4729 in
1384 4685 1435 4730 te
1458 4677 1566 4743 jam
1599 4676 1888 4730 consociati

300 4771 619 4827 vivebamus
659 4779 903 4840 percepta
948 4770 1113 4839 gratia
1163 4767 1415 4836 Baptismi
1458 4768 1532 4821 tui
1556 4808 1569 4830 ,
1605 4768 1673 4820 ita
1709 4783 1889 4821 curam

300 4862 511 4932 gessit,
544 4863 692 4932 quasi
733 4875 920 4915 omnes
956 4860 1259 4930 genuisset,
1305 4860 1378 4913 ita
1408 4860 1624 4914 servivit
1652 4861 1798 4931 quasi
1826 4861 1892 4914 ab

302 4957 559 5012 omnibus
584 4956 758 5028 genita
781 4954 983 5009 fuisset.

905 5042 1131 5101 CAPUT
1185 5042 1255 5099 Χ.

500 5138 817 5210 Colloquium
844 5155 957 5191 cum
984 5148 1143 5191 matre
1171 5137 1234 5190 de
1254 5154 1409 5207 regno
1437 5137 1694 5192 caelorum.

374 5231 467 5285 2⁸5.
508 5230 853 5302 lmpendente
896 5239 1071 5284 autem
1118 5228 1205 5282 die
1251 5244 1356 5299 quo
1398 5245 1463 5283 ex
1509 5229 1608 5283 hac
1638 5230 1740 5284 vita
1781 5241 1895 5286 erat

298 5324 536 5386 exitura,
569 5337 723 5391 quem
754 5321 892 5376 diem
926 5332 979 5374 tu
1022 5334 1274 5386 noveras,
1308 5320 1670 5390 ignorantibus
1700 5323 1891 5389 nobis;

303 5423 647 5484 provenerat,
663 5420 719 5465 nt
738 5415 917 5473 credo,
944 5420 1259 5480 procurante
1276 5412 1561 5466 teoccultis
1580 5413 1681 5467 tuis
1702 5414 1891 5476 modis,

304 5516 368 5558 ut
384 5521 483 5573 ego
506 5513 560 5558 et
584 5504 696 5573 ipsa
717 5504 814 5558 soli
840 5511 1107 5558 staremus
1132 5501 1496 5557 incumbentes
1522 5503 1587 5557 ad
1612 5505 1894 5573 quamdam

371 5640 389 5669 ⁸
412 5636 539 5697 Apud
557 5636 663 5684 Bad.
685 5645 783 5683 Am.
901 5643 951 5685 et
968 5635 1133 5697 plures
1154 5644 1278 5694 Mss,
1299 5634 1572 5687 crudelitas.

374 5700 395 5731 ’
412 5700 486 5761 sic
509 5697 774 5761 legendum
802 5699 989 5746 videtur
1010 5700 1145 5759 juxta
1174 5699 1389 5749 melioris
1412 5708 1539 5749 notae
1568 5701 1680 5751 cdd.
1710 5709 1759 5752 tn
1784 5704 1895 5753 Edd.

306 5774 452 5826 porro
471 5760 749 5821 legebatur.
767 5760 924 5809 (ntimo
940 5761 1161 5809 immune.

1714 323 1919 380 LIBER
1958 324 2202 382 NONUS.

3485 346 3591 407 ’Πι

2008 440 2323 510 fenestram,
2356 448 2493 503 unde
2525 448 2707 505 hortus
2738 452 2872 507 intra
2904 454 3120 511 domum
3148 474 3265 528 qua:
3294 476 3389 516 nos
3418 461 3585 520 liabe-

2007 534 2093 589 bat
2118 541 2571 607 prospectabatur,
2610 544 2713 599 illic
2743 547 2879 616 apud
2909 548 3052 603 Ostia
3084 551 3349 619 Tiberina,
3382 556 3470 611 ubi
3499 574 3586 612 re»

2007 629 2133 682 moti
2150 645 2179 683 a
2199 631 2363 684 turbis
2379 642 2499 701 post
2516 636 2650 706 longi
2676 636 2881 693 itineris
2903 640 3137 696 laborem
3159 646 3572 707 instanrabamm

2006 737 2102 774 nos
2124 724 2439 793 navigationi
2471 746 2482 779 :
2506 730 2941 797 colloqucbamnr
2966 748 3090 801 ergo
3117 736 3213 789 soli
3238 737 3391 790 valde
3411 738 3575 793 dulci~

2005 815 2113 869 trr;
2144 819 2196 860 et
2227 812 2491 876 prmtcrita
2521 814 2895 870 obliviscentcs
2919 858 2932 881 ,
2967 817 3017 871 in
3056 834 3115 872 ea
3147 835 3268 889 qum
3295 833 3418 876 ante
3456 837 3579 878 sunt

2002 900 2198 952 extenti
2228 898 2246 973 (
2270 899 2496 973 Phi/ipp.
2528 920 2603 969 ut,
2632 906 2754 976 l5),
2778 909 3144 975 qnmrcbamus
3167 913 3301 965 inter
3322 930 3418 968 nos
3438 922 3573 978 apud

2001 1001 2318 1057 prtesentem
2350 994 2654 1056 Veritatem,
2679 999 2818 1066 quod
2854 1008 2904 1052 tu
2932 1015 3011 1065 es,
3041 1003 3209 1070 qualis
3238 1002 3409 1057 futura
3441 1020 3581 1061 esset

1999 1080 2102 1133 vita
2131 1091 2325 1135 {eterna
2357 1094 2659 1139 sanctorum
2688 1129 2702 1152 ,
2744 1104 2901 1156 quam
2944 1106 3040 1144 nec
3069 1093 3252 1145 oculus
3287 1094 3409 1147 vidit
3436 1136 3451 1159 ,
3484 1112 3581 1150 nec

1998 1172 2142 1225 auris
2158 1173 2377 1236 audivit,
2397 1191 2495 1230 nec
2514 1177 2562 1230 in
2586 1194 2678 1231 cor
2700 1178 2928 1234 hominis
2945 1183 3184 1236 ascendit
3208 1183 3256 1254 (Ι
3283 1183 3400 1238 Car.
3425 1202 3481 1253 ιι,
3499 1189 3577 1255 9).

1998 1262 2102 1317 Sed
2132 1264 2464 1322 inhiabamus
2492 1284 2585 1323 ore
2622 1271 2799 1325 cordis
2827 1273 2877 1325 in
2919 1288 3147 1342 superna
3189 1276 3383 1330 ﬂuenta
3422 1278 3576 1332 tumis

2000 1355 2069 1407 ttti
2092 1396 2107 1419 ,
2138 1357 2298 1411 fontis
2324 1358 2443 1412 vita:
2471 1360 2561 1429 qui
2590 1371 2673 1415 est
2698 1363 2835 1431 apttd
2864 1373 2913 1418 te
2942 1364 2960 1434 (
2989 1364 3130 1418 Psal.
3168 1383 3334 1428 xxxv,
3365 1368 3492 1439 10),
3525 1382 3569 1421 ut

1996 1443 2120 1499 inde
2152 1462 2247 1516 pro
2287 1459 2442 1517 captu
2490 1462 2675 1507 nostro
2718 1456 2960 1523 aspersi,
3006 1471 3219 1526 quoquo
3260 1459 3421 1513 modo
3465 1475 3578 1515 rem

1998 1547 2199 1594 tantam
2229 1542 2606 1611 cogitaremus.

2064 1629 2155 1684 24.
2196 1630 2433 1702 Cumque
2463 1632 2528 1687 ad
2557 1650 2674 1687 eum
2707 1634 2864 1689 ﬁnem
2892 1652 3070 1692 sermo
3091 1638 3491 1708 perduceretur,
3519 1652 3576 1694 ut

1993 1722 2289 1775 carnalium
2309 1738 2557 1777 sensuum
2582 1725 2866 1779 delectatio
2890 1729 3239 1796 quantalibet,
3275 1730 3324 1783 in
3352 1741 3572 1799 quanta-

1996 1815 2124 1870 libet
2152 1816 2270 1870 luce
2295 1831 2551 1886 corporea
2578 1860 2591 1880 ,
2625 1834 2733 1887 prae
2764 1819 2902 1874 illius
2931 1820 3053 1873 vita:
3074 1820 3402 1890 jncunditate
3426 1864 3441 1886 ,
3468 1839 3573 1877 non

1994 1910 2412 1977 comparatione,
2438 1911 2530 1965 sed
2565 1928 2630 1965 ne
2659 1918 3166 1968 commemoratione
3186 1916 3398 1984 quidem
3422 1918 3574 1987 digna

1992 2000 2287 2065 videretur;
2313 2002 2575 2073 erigentes
2599 2019 2693 2057 nos
2715 2004 3019 2059 ardentiore
3040 2004 3228 2059 allectn
3251 2007 3300 2061 in
3326 2007 3575 2075 idipsum,

1991 2092 2474 2160 perambulavimus
2493 2094 2753 2161 gradatim
2777 2108 2967 2150 cuncta
2985 2098 3299 2166 corporalia,
3327 2107 3379 2151 et
3403 2100 3571 2167 ipsum

1991 2181 2209 2245 οωιιιιιι,
2237 2182 2374 2237 unde
2395 2184 2471 2237 sol
2495 2192 2545 2237 et
2574 2184 2690 2236 luna
2715 2195 2765 2239 et
2786 2186 2952 2239 stella:
2977 2187 3150 2240 lucent
3173 2203 3331 2256 super
3354 2197 3572 2243 terram.

1993 2274 2056 2327 Et
2084 2274 2254 2329 adhuc
2276 2277 2692 2331 aseendebamus
2718 2277 2937 2332 interius
2958 2281 3258 2349 cogitando,
3282 2292 3333 2335 et
3352 2282 3544 2351 loquen
3560 2314 3576 2323 -

1990 2365 2060 2418 do
2092 2368 2129 2429 ¹,
2153 2376 2207 2421 et
2233 2368 2470 2422 mintndn
2500 2384 2661 2436 Opera
2699 2379 2816 2435 tua;
2839 2372 3151 2425 etvenimns
3180 2373 3231 2426 in
3260 2384 3464 2428 mentes
3482 2390 3576 2427 no-

1992 2466 2151 2523 stras,
2180 2468 2232 2511 et
2252 2461 2675 2513 transcendimus
2694 2478 2804 2526 cas,
2830 2472 2889 2515 ut
2908 2465 3288 2531 attingeremus
3305 2466 3573 2535 regionem

1991 2548 2249 2603 ubertatis
2286 2549 2633 2605 indelicientis
2654 2594 2667 2614 ,
2702 2553 2789 2606 ubi
2835 2555 3010 2623 pascis
3041 2554 3202 2609 Israel
3233 2557 3285 2610 in
3316 2568 3572 2611 :eternum

1990 2642 2229 2697 veritatis
2260 2642 2450 2710 pabulo
2470 2686 2484 2707 ,
2517 2654 2567 2697 et
2601 2644 2687 2697 tibi
2716 2646 2823 2698 vita
2853 2644 3110 2714 sapientia
3153 2656 3266 2711 est,
3302 2664 3393 2716 per
3418 2665 3572 2719 quam

1994 2732 2120 2785 ﬁunt
2153 2733 2326 2786 Omnia
2356 2735 2451 2787 ista
2475 2776 2488 2799 ,
2518 2744 2574 2788 et
2599 2751 2715 2804 quae
2744 2736 2975 2803 luerunt,
3008 2748 3062 2791 et
3086 2739 3394 2807 quml‘utnra
3421 2753 3572 2803 sunt;

1992 2832 2046 2878 ct
2068 2825 2177 2892 ipsa
2212 2840 2313 2878 non
2344 2825 2417 2887 lit,
2449 2826 2541 2880 sed
2570 2827 2647 2880 sic
2676 2836 2839 2881 estut
2866 2830 2992 2895 fuit,
3024 2839 3078 2884 et
3106 2832 3181 2884 sic
3207 2832 3307 2885 erit
3333 2848 3574 2902 semper;

1994 2914 2121 2983 quin
2152 2916 2325 2984 potius
2357 2918 2538 2984 fuisse,
2563 2929 2617 2972 et
2644 2918 2883 2973 futurum
2913 2936 3031 2975 esse
3059 2938 3162 2975 non
3188 2932 3269 2977 est
3297 2925 3347 2977 in
3373 2939 3455 2985 ea,
3482 2924 3574 2977 sed

1994 3022 2113 3061 esse
2141 3009 2310 3061 solum
2337 3049 2351 3075 ,
2382 3011 2630 3079 quoniam
2674 3022 2870 3065 alterna
2915 3022 2996 3067 est
3030 3031 3041 3065 :
3076 3030 3196 3068 nam
3228 3015 3390 3070 fuisse
3418 3026 3471 3070 et
3500 3016 3580 3070 l‘n-

1994 3112 2170 3155 turum
2211 3117 2329 3155 esse
2353 3142 2367 3163 ,
2402 3118 2505 3156 non
2532 3112 2613 3156 est
2642 3113 2921 3158 :ctcrnum.
2968 3106 3032 3158 Et
3077 3107 3200 3159 dum
3234 3108 3496 3176 loquimur
3524 3118 3579 3162 et

1995 3193 2261 3247 inhiamus
2290 3193 2385 3259 illi,
2416 3195 2684 3263 attigimus
2713 3212 2830 3248 eam
2859 3197 3067 3251 modice
3093 3207 3205 3251 toto
3236 3199 3341 3251 ictu
3369 3199 3573 3264 cordis;

1992 3294 2049 3340 et.
2075 3287 2455 3356 suspiravimus
2483 3288 2505 3318 ³
2534 3296 2583 3340 et
2614 3287 2922 3357 reliquimus
2952 3289 3021 3342 ibi
3051 3290 3296 3360 religatas
3318 3292 3580 3361 primitias

1993 3383 2231 3452 Spiritus,
2261 3392 2315 3439 et
2341 3386 2695 3440 remeavimus
2724 3386 2788 3440 ad
2819 3389 3096 3457 strepitum
3128 3393 3236 3443 oris
3266 3392 3453 3457 nostri,
3487 3393 3575 3446 ubi

1997 3476 2219 3530 verbum
2252 3486 2305 3531 et
2331 3478 2577 3547 incipitur
2620 3488 2673 3532 et
2710 3477 2904 3533 ﬁnitur.
2939 3482 3005 3535 Et
3040 3482 3163 3551 quid
3202 3483 3373 3537 simile
3404 3484 3578 3540 Verbo
3612 3535 3618 3539 .

1995 3576 2085 3621 tuo
2117 3568 2346 3621 Domino
2381 3578 2597 3634 nostro,
2623 3570 2675 3622 in
2702 3584 2760 3623 se
2790 3574 3117 3638 permanenti
3156 3574 3273 3628 sine
3297 3584 3574 3642 vetustate,

1992 3667 2150 3729 atque
2180 3661 2447 3714 innovami
2476 3663 2689 3715 omnia?
2719 3664 2735 3732 (
2762 3662 2889 3732 δίη).
2924 3679 3017 3729 vn,
3048 3664 3137 3718 27.
3162 3665 3180 3737 )

2062 3752 2150 3805 25.
2197 3753 2512 3806 Dieebamns
2532 3769 2660 3822 ergo
2690 3773 2701 3806 :
2733 3754 2787 3807 Si
2812 3755 2893 3808 eni
2922 3756 3076 3810 sileat
3103 3759 3355 3812 tumultus
3378 3761 3574 3824 carnis,

1993 3843 2184 3897 sileant
2215 3844 2505 3913 phantasia;
2546 3855 2702 3899 terra:
2732 3855 2784 3901 et
2813 3861 3067 3916 aquarum
3112 3860 3165 3902 et
3197 3851 3354 3915 acris,
3388 3852 3579 3905 sileant

1993 3943 2051 3990 et
2068 3937 2195 4005 poli,
2222 3945 2277 3990 et
2299 3937 2409 4005 ipsa
2440 3938 2536 3992 sibi
2565 3939 2740 3993 anima
2768 3941 2940 4003 sileat,
2974 3950 3026 3995 et
3054 3950 3285 3996 transeat
3311 3961 3368 3997 se
3396 3961 3498 3998 non
3520 3962 3578 4001 sc

1992 4026 2293 4096 cogitando,
2312 4029 2497 4083 sileant
2529 4030 2734 4083 somnia
2761 4038 2815 4084 et
2843 4030 3164 4101 imaginarize
3190 4035 3540 4088 revelationes
3562 4077 3576 4098 ,

1994 4120 2167 4172 omnis
2188 4119 2361 4185 lingua
2385 4129 2439 4173 et
2459 4136 2617 4175 omne
2641 4122 2873 4190 signum,
2903 4132 2956 4176 et
2981 4122 3231 4192 quidquid
3252 4129 3574 4181 transeundo

1996 4210 2051 4262 lit
2074 4251 2089 4274 ,
2109 4210 2151 4263 si
2174 4211 2257 4263 cui
2275 4211 2427 4264 sileat
2447 4211 2692 4276 omnino;
2713 4214 2961 4282 quoniam
2986 4215 3029 4267 si
3047 4216 3164 4283 quis
3180 4217 3376 4282 audiat,
3397 4217 3578 4272 dicunt

1996 4302 2111 4357 haec
2135 4305 2309 4356 omnia
2332 4345 2347 4368 ,
2378 4303 2493 4357 Non
2525 4306 2636 4374 ipsa
2677 4321 2775 4359 nos
2805 4306 3023 4361 fecimus
3044 4348 3058 4368 ,
3092 4309 3184 4362 sed
3218 4308 3340 4364 fecit
3368 4327 3467 4365 nos
3490 4314 3577 4382 qui

1995 4405 2172 4449 manet
2203 4396 2254 4448 in
2302 4405 2559 4450 :eternum
2596 4394 2778 4467 (Psal.
2815 4413 2961 4462 xcrx,
2996 4400 3048 4464 5,
3079 4400 3188 4467 5);
3225 4400 3305 4454 his
3343 4401 3496 4456 dictis
3535 4405 3577 4456 si

1989 4488 2099 4555 jam
2143 4496 2348 4541 taceant
2390 4489 2638 4555 quoniam
2680 4499 2965 4543 erexerunt
3004 4505 3189 4544 aurem
3229 4496 3279 4546 in
3324 4510 3444 4548 cum
3489 4497 3576 4566 qui

1995 4578 2119 4632 fecit
2143 4593 2204 4632 ea
2230 4620 2244 4644 ,
2276 4588 2331 4632 et
2356 4578 2601 4647 loquatur
2636 4579 2748 4646 ipse
2775 4580 2942 4645 solus,
2971 4596 3075 4634 non
3109 4598 3201 4651 per
3229 4600 3289 4637 ea
3313 4627 3326 4647 ,
3362 4585 3452 4639 sed
3484 4602 3581 4655 per

1995 4674 2250 4743 seipsnm,
2285 4683 2341 4728 nt
2363 4675 2637 4728 audiamus
2664 4676 2882 4731 verbum
2910 4677 3024 4744 ejus
3043 4721 3055 4742 ,
3093 4695 3195 4733 non
3225 4696 3319 4750 per
3346 4682 3574 4751 linguam

1995 4770 2202 4835 carnis,
2238 4784 2407 4839 neque
2452 4783 2547 4837 pcr
2583 4782 2769 4843 vocem
2812 4771 3020 4839 angeli,
3066 4788 3163 4826 nec
3211 4790 3307 4841 per
3346 4775 3575 4828 sonitum

1997 4861 2172 4927 nubis,
2197 4876 2297 4915 nec
2322 4875 2419 4931 per
2441 4860 2673 4929 aenigma
2691 4852 3083 4927 silnilitudinis;
3113 4863 3205 4917 sed
3233 4865 3402 4933 ipsum
3420 4881 3576 4935 quem

1998 4955 2048 5008 in
2078 4954 2160 5009 his
2184 4968 2424 5009 amamus
2448 4994 2463 5017 ,
2496 4953 2667 5021 ipsum
2696 4954 2810 5009 sine
2842 4954 2922 5008 his
2950 4955 3244 5019 audiamus,
3274 4957 3409 5011 sicut
3437 4972 3577 5013 nunc

1996 5045 2332 5101 extendimus
2370 5060 2504 5113 nos,
2557 5054 2610 5100 et
2659 5046 2839 5116 rapida
2890 5048 3207 5116 cogitatione
3250 5050 3519 5119 attigimus
3558 5051 3579 5083 ³

1997 5146 2249 5191 teternam
2275 5138 2595 5205 Sapientiam
2627 5152 2785 5206 super
2810 5138 2985 5190 omnia
3015 5148 3349 5201 manentem;
3384 5142 3425 5194 si
3448 5156 3580 5197 con-

2000 5230 2232 5282 tinuetur
2276 5229 2411 5287 hoc,
2461 5237 2515 5281 et
2563 5228 2943 5281 subtrahantur
2989 5228 3105 5281 alia:
3147 5229 3379 5285 visiones
3427 5233 3580 5303 longe

2000 5322 2217 5391 imparis
2238 5322 2466 5391 generis,
2496 5331 2550 5375 et
2572 5322 2687 5375 haec
2713 5338 2811 5375 una
2844 5323 3009 5390 rapiat
3039 5331 3092 5376 et
3113 5323 3395 5379 absorbeat
3422 5334 3475 5381 et
3495 5343 3580 5381 re-

2000 5414 2192 5471 condat
2215 5414 2265 5467 iu
2290 5414 2539 5467 interiora
2572 5414 2759 5484 gaudia
2789 5424 3144 5482 spectatorem
3177 5433 3350 5480 suum,
3383 5426 3440 5472 ut
3463 5420 3583 5473 talis

2002 5505 2072 5560 sit
2098 5504 2417 5572 sempiterna
2448 5504 2551 5557 vita
2578 5545 2593 5570 ,
2625 5504 2781 5573 quale
2809 5503 2907 5558 fuit
2938 5506 3037 5560 hoc
3068 5517 3395 5562 momentum
3428 5508 3583 5563 intel-

2066 5644 2086 5708 ξ
2103 5647 2235 5696 Lov.,
2255 5636 2486 5708 loquendo
2502 5642 2563 5687 te.
2589 5638 2731 5707 Abest
2748 5643 2794 5708 te
2818 5651 2844 5687 a
2870 5641 3219 5704 manuscriptis.

2068 5705 2088 5733 ³
2106 5710 2209 5750 Mss.
2229 5703 2387 5757 Corn.
2407 5713 2570 5748 suam):
2586 5703 2886 5763 spiratiams.

2068 5766 2088 5797 ³
2111 5772 2281 5812 Summ.
2302 5768 2409 5810 ιον.
2432 5770 2480 5809 et
2499 5770 2702 5825 quatuor
2730 5771 2831 5812 Mss.
2866 5763 2989 5825 apud
3018 5772 3174 5826 Μαῖα,
3211 5766 3501 5831 attingimus.
3533 5774 3583 5831 ιιι,
