4078 6366
520 294 624 350 775

519 416 748 487 ligantis:
773 458 786 478 .
817 415 904 472 eui
935 413 1350 484 suspiravimns;
1381 427 1557 468 nonne
1587 411 1688 464 hoc
1725 417 1840 471 cst,
1873 407 2018 460 Intra
2048 421 2100 458 tn

517 511 758 582 gaudium
801 509 1008 564 Domini
1051 509 1158 562 tui?
1196 507 1216 580 (
1248 507 1428 560 Matth.
1477 519 1594 559 xxv
1619 545 1633 566 ,
1677 503 1738 556 21
1781 503 1818 570 ).
1868 502 1931 554 lit
1959 498 2098 554 istud

521 601 770 670 quando?
799 605 876 654 An
907 617 1024 654 cum
1056 615 1240 652 attines
1271 611 1608 667 resurgcmus
1627 637 1642 660 ,
1669 593 1762 648 sed
1787 609 1888 647 non
1911 607 2098 646 omnes

517 692 951 750 immutabimnr?
985 690 1037 762 (l
1071 689 1186 743 Cor.
1222 705 1313 750 xv,
1345 689 1432 742 51.
1466 685 1484 756 )

592 784 682 839 ‘26.
728 784 968 836 Dicebam
991 782 1108 835 talia
1134 780 1289 844 ‘,etsi
1315 795 1416 832 non
1437 780 1537 830 isto
1556 775 1710 830 modo
1727 785 1774 829 et
1799 775 1880 828 bis
1897 773 2094 836 verbis,

521 887 698 932 tamen
719 918 734 942 ,
767 875 984 928 Domino
1009 913 1023 939 ,
1054 883 1104 924 ιιι
1137 873 1240 925 scis
1269 870 1407 940 quod
1443 870 1534 922 illo
1561 868 1645 922 die
1665 909 1679 932 ,
1711 883 1830 921 cum
1867 867 1984 918 talia
2017 866 2098 919 lo-

519 983 820 1038 queremur,
849 973 900 1018 ct
923 964 1148 1018 mundus
1177 962 1274 1016 istc
1301 961 1452 1015 nobis
1479 961 1614 1014 inter
1641 960 1800 1013 verba
1823 960 2100 1013 vilesceret

518 1079 639 1115 cum
663 1059 908 1114 omnibus
936 1056 1375 1111 delectationibus
1402 1055 1530 1118 suis,
1563 1065 1686 1106 tunc
1707 1055 1782 1106 ait
1810 1054 1896 1106 illa
1927 1071 1940 1106 :
1971 1051 2095 1111 Fili,

521 1164 762 1222 quantum
783 1151 849 1203 ad
871 1167 946 1202 me
967 1150 1156 1204 attinet.
1185 1149 1323 1200 nulla
1343 1148 1456 1214 jam
1483 1163 1537 1198 re
1556 1145 1772 1198 delector
1791 1147 1844 1198 in
1866 1145 1960 1197 hac
1975 1145 2096 1197 vita.

522 1243 656 1305 Quid
681 1243 760 1295 hic
788 1242 970 1309 faciam
998 1241 1181 1300 adhuc,
1215 1249 1259 1291 et
1289 1255 1378 1291 cur
1403 1239 1485 1290 hic
1509 1240 1602 1290 sim
1633 1238 1818 1302 nescio,
1841 1237 1954 1306 jam
1979 1253 2102 1289 con-

516 1343 716 1402 sumpta
742 1349 830 1402 spe
853 1331 1002 1400 hujus
1025 1331 1214 1384 surculi.
1237 1329 1404 1384 Unum
1427 1339 1530 1382 crat
1559 1339 1761 1400 propter
1783 1329 1915 1395 quod
1933 1329 1982 1382 in
2005 1329 2099 1380 hac

516 1427 616 1478 vita
643 1425 952 1492 aliquantum
981 1423 1240 1476 immorari
1277 1423 1534 1492 cupiebam
1559 1461 1574 1486 ,
1606 1432 1658 1472 ut
1697 1431 1746 1473 te
1773 1421 2098 1472 christianum

515 1515 814 1569 catholicum
855 1513 1070 1566 viderem
1090 1556 1104 1578 ,
1151 1513 1442 1582 priusquam
1484 1527 1719 1564 morerer.
1783 1509 2100 1564 Cumulatius

513 1607 609 1659 hoc
634 1606 756 1658 mihi
799 1605 930 1658 Deus
975 1621 1110 1658 meus
1155 1604 1416 1673 prarstitit,
1450 1612 1502 1654 ut
1533 1611 1578 1654 te
1605 1603 1789 1664 etiam,
1817 1609 2099 1667 contempta

515 1698 750 1768 [climate
806 1706 1037 1758 terrena,
1094 1710 1290 1748 set-vain
1345 1695 1453 1762 ejus
1519 1693 1712 1745 videam
1769 1706 1787 1744 :
1837 1691 1958 1760 quid
2019 1691 2100 1742 hic

517 1791 650 1861 facio
672 1791 696 1843 ?

1112 1879 1333 1935 C.-\PU'l‘
1375 1879 1462 1932 Xl.

923 1972 1000 2026 De
1025 1974 1199 2025 erstasi
1233 1983 1276 2024 et
1312 1980 1469 2023 morte
1498 1969 1690 2021 matris.

584 2065 674 2120 27.
719 2063 795 2117 Ad
825 2065 935 2116 hare
961 2064 1008 2116 ei
1036 2064 1160 2132 quid
1193 2063 1578 2130 responderim,
1613 2076 1716 2112 non
1747 2060 1876 2112 satis
1897 2057 2095 2112 recolo.

515 2156 648 2210 Cum
679 2156 879 2208 interea
907 2155 990 2208 vix
1034 2155 1170 2207 intra
1213 2155 1446 2223 quinque
1485 2152 1600 2206 dies
1622 2193 1638 2218 ,
1671 2159 1762 2204 aut
1789 2165 1895 2204 non
1933 2150 2098 2202 multo

515 2249 740 2316 amplius
756 2247 1004 2301 decubuit
1027 2245 1281 2300 febribus.
1311 2246 1376 2299 Et
1393 2261 1512 2298 cum
1545 2251 1844 2314 a‘grotaret.
1865 2241 2094 2310 quodam

515 2339 601 2392 die
626 2336 890 2391 defectum
913 2337 1105 2390 animae
1135 2351 1288 2405 passa
1316 2343 1418 2398 est,
1448 2344 1502 2388 et
1527 2334 1796 2403 paululum
1823 2333 2093 2386 subtracta

513 2445 542 2482 ιι
575 2430 940 2499 praesentibus.
971 2427 1079 2481 Nos
1109 2426 1496 2490 concurrimus,
1529 2425 1620 2478 sed
1651 2425 1756 2478 cito
1784 2424 1986 2478 reddita
2015 2432 2098 2478 est

511 2519 714 2582 sensui,
741 2528 794 2572 et
811 2520 1020 2589 aspexit
1047 2527 1278 2571 astantes
1306 2531 1389 2569 me
1415 2524 1468 2570 et
1489 2515 1702 2570 fratrem
1734 2525 1998 2580 tneum,et
2024 2516 2098 2570 ait

513 2609 666 2662 nobis
693 2610 844 2678 quasi
874 2609 1131 2678 quaerenti
1173 2607 1362 2661 similis
1396 2622 1408 2659 :
1443 2605 1538 2661 Ubi
1566 2607 1742 2660 erant?
1769 2605 1970 2660 Deinde
1999 2621 2096 2660 nos

511 2700 722 2754 intuens
749 2715 974 2755 ntmrore
995 2699 1246 2754 attonitos
1274 2716 1286 2752 :
1319 2697 1525 2752 Panetis
1545 2696 1646 2762 Itic,
1671 2697 1855 2765 inquit,
1882 2705 2092 2750 matrem

509 2795 761 2847 vestram?
789 2794 901 2864 Ego
940 2793 1160 2846 silebant
1187 2835 1202 2858 ,
1247 2801 1300 2847 et
1347 2793 1528 2846 ﬂetum
1575 2791 1867 2846 frcnabam.
1905 2789 2092 2844 Frater

509 2893 688 2938 autem
705 2899 854 2938 meus
868 2883 1114 2952 quiddam
1134 2884 1342 2937 loculus
1357 2891 1458 2946 est,
1475 2897 1578 2949 quo
1593 2897 1710 2936 eam
1731 2897 1832 2936 non
1851 2897 2089 2950 peregre,

509 2975 602 3030 sed
636 2976 686 3028 in
727 2976 890 3044 patria
933 2975 1144 3044 defungi
1193 2987 1438 3045 tanquam
1485 2976 1689 3030 felicius
1719 2985 1944 3044 Optaret.
1976 2976 2093 3042 Quo

507 3067 710 3133 audito,
741 3067 828 3121 illa
857 3069 1002 3122 vultu
1041 3069 1196 3124 anxio
1229 3071 1577 3123 rever-berans
1607 3085 1728 3122 eum
1756 3069 1924 3124 oculis
1949 3069 2090 3138 quod

511 3161 632 3214 talia
673 3170 901 3230 saperet,
929 3171 1086 3232 atque
1117 3162 1238 3216 inde
1267 3177 1350 3216 me
1379 3163 1590 3216 intuens
1619 3179 1632 3215 :
1671 3162 1814 3227 Vide,
1843 3164 1940 3228 ait,
1971 3163 2092 3232 quid

507 3251 648 3306 dicit.
675 3253 740 3307 Et
765 3268 882 3306 mox
907 3253 1162 3308 ambobus
1186 3271 1198 3306 :
1225 3253 1425 3320 Ponite,
1455 3255 1641 3323 inquit,
1665 3253 1758 3308 hoc
1779 3271 1959 3325 corpus
1981 3254 2090 3308 ubi-

505 3357 749 3412 cumque;
777 3342 906 3396 nihil
946 3359 1030 3396 vos
1066 3344 1176 3411 (jus
1217 3361 1337 3398 cura
1377 3345 1674 3409 conturbet;
1723 3353 1918 3398 tantum
1959 3345 2090 3398 illud

504 3446 590 3486 vos
627 3449 748 3501 rogo
769 3475 782 3498 ,
833 3444 886 3486 ut
925 3434 993 3488 ad
1037 3433 1241 3488 Domini
1287 3435 1446 3488 altare
1495 3435 1817 3489 memineritis
1861 3437 1958 3488 mei
2005 3435 2090 3488 ubi

501 3527 718 3595 fueritis.
747 3527 988 3596 Cumque
1033 3527 1170 3580 hanc
1211 3527 1528 3581 sententiam
1567 3527 1742 3582 verbis
1771 3527 1962 3596 quibus
1992 3543 2087 3595 po-

503 3625 639 3672 terat
667 3619 984 3688 explicasset
1003 3661 1019 3686 ,
1047 3619 1334 3685 conticuit;
1371 3630 1426 3674 et
1465 3621 1870 3690 ingravescente
1897 3619 2086 3676 morbo

505 3708 874 3762 exercebatur.

570 3798 660 3853 28.
696 3799 806 3868 Ego
836 3815 962 3856 vero
998 3800 1234 3869 cogitans
1263 3800 1401 3856 dona
1439 3809 1525 3856 tua
1546 3843 1562 3866 ,
1597 3801 1738 3856 Deus
1767 3802 2043 3857 invisibilis
2065 3843 2080 3868 ,

499 3907 619 3959 qua:
649 3891 886 3946 immittis
915 3893 964 3944 in
995 3893 1154 3946 corda
1187 3893 1416 3949 fidelium
1441 3903 1670 3962 tuorum,
1693 3904 1748 3948 et
1769 3895 2084 3963 proveniunt

501 3983 624 4040 inde
653 3983 828 4052 fruges
853 3984 1224 4050 admirabiles;
1253 3987 1542 4056 gaudebam
1567 3997 1620 4042 et
1644 3989 1840 4056 gratias
1861 3989 2080 4056 agebam

499 4075 628 4140 tibi,
675 4075 913 4130 recolens
960 4077 1098 4144 quod
1144 4093 1425 4142 noveram,
1467 4087 1662 4144 quanta
1703 4093 1826 4132 cura
1871 4091 2083 4146 semper

498 4178 776 4220 :cslunsset
805 4167 870 4220 de
897 4170 1142 4236 sepulcro
1177 4171 1316 4238 quod
1347 4170 1447 4224 sibi
1475 4169 1780 4237 providerat
1799 4179 1854 4224 et
1873 4185 2080 4240 prmpa-

497 4265 708 4312 raverat
733 4258 879 4326 juxta
909 4275 1102 4328 corpus
1131 4261 1224 4313 viri
1268 4261 1370 4312 sui.
1405 4261 1536 4326 Quia
1569 4261 1709 4314 enim
1753 4263 1906 4316 valde
1947 4279 2078 4317 con-

495 4347 731 4402 corditer
777 4349 1046 4414 vixerant,
1091 4351 1138 4404 id
1177 4351 1336 4404 etiam
1383 4352 1618 4416 volebat,
1649 4361 1708 4406 ut
1747 4363 1830 4408 est
1869 4354 2079 4410 animus

497 4439 757 4494 humanus
797 4445 968 4498 minus
995 4459 1158 4512 capax
1197 4444 1535 4512 divinorum,
1575 4447 1786 4515 adjungi
1825 4448 1888 4502 ad
1935 4450 2074 4504 illam

493 4531 818 4600 felicitatem,
840 4544 891 4590 et
911 4537 1312 4590 cmnmcmorari
1333 4537 1402 4590 ab
1423 4537 1744 4604 hominibus,
1763 4555 2074 4594 concessum

493 4613 594 4678 sibi
625 4640 741 4678 esse
771 4635 887 4693 post
907 4627 1314 4680 transmarinam
1343 4631 1837 4698 peregrinationem,
1871 4643 1925 4684 ut
1950 4647 2076 4686 con-

490 4715 672 4784 juncta
732 4727 867 4770 terra
921 4717 1196 4772 amborum
1253 4719 1532 4790 conjngum
1589 4729 1724 4774 terra
1785 4731 2071 4790 tegeretur.

492 4805 711 4872 Quando
739 4817 922 4882 autem
953 4809 1048 4862 ista
1077 4809 1300 4863 inanitas
1329 4812 1650 4880 plenitudine
1687 4813 1936 4868 bonitatis
1973 4825 2073 4868 tua:

489 4907 724 4966 cmperat
755 4899 804 4952 in
837 4900 952 4968 rjus
980 4901 1142 4956 corde
1173 4919 1278 4958 non
1307 4919 1444 4968 esse,
1485 4905 1808 4972 nesciebam,
1837 4917 1892 4961 et
1923 4907 2072 4960 beta-

491 4988 586 5042 bar
612 4988 878 5046 admirans
913 4993 1050 5061 quod
1094 4994 1172 5048 sic
1209 4995 1334 5049 Inibi
1375 4997 1740 5064 aperuisset’:
1771 5014 2070 5068 quanquam

491 5087 544 5133 et
571 5080 620 5132 in
645 5080 732 5134 illo
753 5097 1000 5138 sermone
1026 5095 1210 5140 nostro
1229 5087 1292 5139 ad
1319 5089 1598 5142 fenestram
1619 5105 1740 5143 cum
1762 5090 1914 5155 dixit,
1951 5091 2071 5144 Jum

487 5169 610 5236 quid
637 5172 716 5224 hic
743 5174 914 5242 facio?
933 5189 1036 5228 non
1055 5177 1617 5244 apparuitdesiderare
1643 5180 1694 5232 in
1725 5182 1888 5249 patria
1913 5184 2066 5238 mori.

486 5260 678 5316 Audivi
707 5267 862 5318 etiam
891 5276 1072 5336 postea
1095 5309 1110 5332 ,
1142 5271 1279 5338 quod
1319 5271 1428 5338 jam
1456 5287 1574 5324 cum
1607 5273 1766 5328 Ostiis
1792 5291 2032 5330 essemus
2051 5321 2065 5344 ,
2123 5337 2134 5344 .

487 5365 607 5420 cum
634 5355 943 5424 quibusdam
965 5359 1145 5414 amicis
1166 5361 1302 5416 meis
1325 5371 1562 5418 materna
1591 5363 1777 5418 fiducia
1801 5367 2067 5438 colloque~

549 5509 567 5578 ξ
585 5515 712 5578 nam.
731 5523 838 5560 cum
857 5521 1058 5578 quatuor
1075 5524 1197 5576 vss,
1227 5517 1499 5570 dicebamus
1517 5529 1536 5572 t
1555 5522 1648 5572 :Iia.
1687 5533 1737 5573 at.

547 5569 656 5616 ἐἰς
673 5579 779 5618 Arn.
809 5583 860 5642 et
875 5569 1062 5639 aliquot
1086 5593 1146 5642 ex
1177 5569 1334 5642 praei.
1355 5585 1430 5632 nis
1459 5569 1599 5642 itam;-
1622 5569 1816 5636 Vat-lini.
1853 5599 1952 5638 Αιιι.
1987 5598 2060 5640 Er.

481 5631 943 5702 Lam,apymrttivvet.
965 5631 1039 5674 ’--
1064 5641 1135 5688 δίκε
1164 5631 1307 5692 titiam
1326 5631 1474 5694 Iliona.

483 5700 592 5738 cum
611 5694 807 5742 tutttltun
829 5705 926 5746 iss.
965 5709 1018 5749 ιι.

1683 283 2204 346 (ΣΟΝΙἚΒΞΙΟΝΕΜ
2241 285 2301 344 S.
2341 290 2706 350 AUGUSTINI

3691 311 3798 369 776

2211 402 2367 458 batur
2393 408 2618 476 quodam
2647 409 2732 464 die
2765 409 2834 466 de
2873 419 3180 484 contemptu
3219 417 3340 474 vitae
3371 419 3527 490 ’anjus
3561 431 3616 476 et
3653 423 3796 480 bono

2207 495 2414 557 mortis,
2439 496 2526 550 ubi
2549 497 2661 566 ipse
2683 515 2786 553 non
2815 501 3066 565 aderam;
3095 505 3304 575 illisque
3329 510 3664 578 stupentibus
3687 514 3798 568 vir-

2209 591 2374 638 tutem
2407 585 2645 654 feminae,
2673 605 2829 658 quam
2873 601 2925 646 tu
2965 593 3189 650 dederas
3217 598 3263 650 ei
3283 639 3296 662 ,
3331 603 3798 674 quaerentibusque

2207 685 2381 728 utrum
2413 691 2516 729 non
2545 677 2856 734 formidaret
2881 692 2984 736 tam
3017 684 3220 754 longea
3242 703 3336 740 sua
3365 690 3580 746 civitate
3599 707 3796 762 corpus

2207 767 2508 837 relinquere
2538 788 2550 822 :
2581 769 2751 834 Nihil,
2787 773 2974 842 inquit,
2999 776 3144 846 longe
3163 788 3238 832 est
3263 777 3406 843 Deo;
3433 797 3591 851 neque
3614 785 3798 840 timen-

2207 858 2328 912 dum
2351 869 2422 913 est
2444 878 2505 914 ne
2533 862 2620 915 ille
2643 881 2744 918 non
2772 877 3012 936 agnoscat
3039 869 3090 922 in
3115 869 3217 937 ﬁne
3239 874 3430 938 swculi,
3463 875 3596 930 unde
3619 893 3698 930 me
3717 895 3798 932 re-

2205 955 2425 1007 suscitat.
2459 956 2598 1025 Ergo
2635 955 2722 1010 die
2764 973 2904 1012 nono
2929 961 3258 1027 {egritudinis
3293 980 3436 1026 sum,
3465 967 3795 1038 quinquage-

2205 1044 2342 1098 simo
2377 1053 2430 1098 ct
2475 1055 2628 1100 sexto
2667 1063 2806 1100 anno
2849 1050 3022 1102 anatis
3063 1065 3201 1118 suae,
3237 1054 3506 1123 trigesimo
3549 1065 3604 1112 et
3639 1060 3796 1113 tertio

2205 1135 2378 1188 uitatis
2419 1151 2554 1190 mea:
2595 1136 2689 1209 (a),
2721 1138 2895 1192 anima
2939 1139 3030 1194 illa
3075 1142 3321 1212 religiosa
3361 1153 3416 1198 et
3453 1145 3536 1215 pia
3569 1162 3796 1217 corpore

2205 1226 2377 1280 soluta
2403 1237 2502 1281 est.

2803 1319 3027 1378 CAPUT
3067 1323 3185 1381 ΧΗ.

2243 1408 2506 1474 Quomodo
2559 1411 2742 1466 luxerit
2791 1426 3001 1470 mortem
3047 1419 3242 1472 matris.
3295 1419 3616 1492 Sacriﬁcium
3667 1441 3762 1495 pro

2861 1507 3132 1576 defunctis.

2273 1590 2364 1644 ἓξ).
2397 1591 2710 1648 Premebam
2751 1596 2936 1650 oculos
2973 1597 3116 1666 ejus,
3149 1607 3203 1652 et
3239 1601 3539 1657 conﬂuebat
3567 1604 3618 1658 in
3649 1619 3790 1674 pra:-

2203 1683 2380 1736 cortlia
2409 1700 2522 1738 mea
2547 1686 2852 1740 mmslitndo
2873 1688 3078 1757 ingens,
3106 1701 3158 1745 et
3183 1693 3524 1748 transﬂuebat
3545 1695 3596 1748 in
3621 1696 3792 1768 lacry-

2203 1789 2350 1835 mas;
2383 1775 2682 1846 ibidemque
2711 1779 2850 1832 oculi
2880 1779 2982 1834 mei
3011 1781 3242 1836 violento
3271 1783 3434 1837 animi
3463 1784 3684 1854 imperio
3708 1803 3794 1842 re-

2203 1865 2492 1920 sorbebant
2519 1867 2717 1922 fontem
2747 1883 2902 1922 suum
2926 1885 3096 1939 usque
3116 1872 3180 1924 ad
3211 1873 3522 1936 siccitatem,
3549 1884 3602 1930 et
3629 1876 3678 1928 in
3702 1877 3792 1932 tali

2203 1952 2490 2010 luctamine
2515 1957 2666 2012 valde
2695 1958 2833 2012 male
2859 1960 2986 2013 mihi
3013 1969 3146 2015 erat.
3171 1962 3304 2018 Tum
3325 1979 3452 2018 vero
3476 1965 3563 2019 ubi
3593 1965 3794 2021 efflavit

2203 2053 2496 2100 extremum
2537 2049 2780 2116 Spiritum
2806 2051 2842 2116 ί,
2877 2068 3004 2119 puer
3043 2053 3350 2110 Adeodatus
3377 2058 3694 2113 exclamavit
3735 2059 3788 2114 in

2201 2137 2468 2206 planctum
2491 2181 2506 2204 ,
2539 2150 2698 2210 atque
2737 2143 2805 2196 ab
2848 2145 3094 2200 erunibus
3133 2147 3286 2200 nobis
3313 2151 3576 2205 coercitus
3603 2153 3790 2206 tacuit.

2203 2229 2314 2282 Hoc
2343 2232 2500 2284 modo
2525 2234 2682 2286 etiam
2711 2251 2886 2288 meum
2909 2237 3154 2305 quiddam
3181 2240 3384 2308 puerile
3409 2241 3548 2311 quod
3575 2243 3792 2297 labeba-

2204 2329 2289 2374 tur
2313 2321 2362 2374 in
2393 2323 2546 2377 fletus
2567 2324 2790 2392 juvenili
2821 2341 2950 2380 voce
2973 2329 3171 2394 cordis,
3197 2332 3544 2386 eoercebatur
3569 2344 3620 2388 et
3649 2343 3792 2389 tace-

2201 2411 2310 2467 bat.
2355 2413 2538 2484 Neque
2583 2417 2727 2470 enim
2775 2417 2966 2474 decere
3013 2420 3408 2476 arbitrabamur
3453 2422 3608 2478 funus
3661 2424 3788 2480 illud

2200 2506 2474 2573 questibus
2518 2507 2832 2578 lacrymosis
2873 2512 3262 2581 gemitibusque
3289 2515 3558 2571 celebrare
3580 2518 3636 2580 ¹;
3667 2519 3788 2588 quia

2201 2593 2286 2650 bis
2329 2598 2640 2668 plerumque
2675 2601 2812 2653 solet
2853 2601 3114 2669 doplorari
3156 2604 3396 2672 quaedam
3427 2606 3638 2662 miseria
3669 2624 3788 2662 mo-

2199 2688 2466 2752 rientium,
2501 2697 2592 2743 aut
2619 2691 2764 2759 quasi
2795 2692 3102 2746 omnimodo
3131 2695 3431 2749 exstinctio.
3463 2697 3530 2750 At
3571 2697 3656 2752 illa
3690 2715 3790 2754 nec

2199 2777 2395 2832 misere
2441 2780 2796 2844 moriebatur,
2829 2797 2929 2837 nec
2957 2784 3170 2836 omnino
3213 2785 3556 2840 moriebatur.
3583 2787 3694 2843 lloc
3735 2797 3790 2842 et

2199 2867 2533 2924 documentis
2561 2886 2766 2924 morum
2799 2872 2932 2940 ejus,
2963 2883 3017 2926 et
3048 2873 3148 2926 fide
3171 2890 3274 2927 non
3300 2875 3442 2942 ficta,
3471 2877 3789 2932 rationibus—

2199 2973 2304 3028 que
2329 2960 2490 3014 certis
2519 2961 2845 3016 tenebamus.

2271 3051 2360 3106 50.
2385 3053 2519 3120 Quid
2545 3071 2672 3124 ergo
2696 3065 2810 3109 erat
2829 3056 2968 3125 quod
2997 3059 3136 3112 intus
3155 3059 3284 3113 mihi
3307 3064 3537 3130 graviter
3549 3061 3783 3138 dolebat,

2200 3140 2300 3195 nisi
2327 3157 2388 3196 ex
2415 3144 2799 3200 coasuetudine
2827 3147 2982 3202 simul
3007 3149 3216 3204 vivendi
3245 3151 3550 3206 dulcissima
3577 3162 3630 3208 et
3653 3156 3784 3208 elia-

2197 3229 2404 3284 rissima
2448 3243 2667 3302 repente
2706 3235 2940 3304 disrupta
2983 3239 3174 3293 vulnus
3220 3243 3444 3298 recens?
3471 3243 3786 3300 Gratulabar

2197 3321 2412 3390 quidem
2446 3327 2750 3382 testimonio
2772 3329 2908 3397 ejus,
2937 3331 3078 3400 quod
3105 3333 3158 3386 in
3189 3349 3250 3388 ea
3279 3335 3392 3403 ipsa
3419 3336 3598 3390 ultima
3625 3338 3782 3406 :cgri—

2197 3413 2398 3480 tudine,
2427 3415 2695 3486 obsequiis
2723 3419 2856 3473 meis
2899 3421 3338 3490 interblandiens,
3369 3426 3666 3496 appellabat
3697 3442 3783 3482 me

2199 3503 2376 3571 pium,
2422 3515 2472 3560 et
2523 3509 2978 3564 commemorabat
3021 3515 3208 3582 grandi
3246 3514 3548 3572 dilectionis
3589 3518 3780 3572 affectu

2193 3611 2460 3666 nunquam
2491 3614 2548 3654 se
2577 3601 2788 3658 audisse
2817 3621 2880 3658 ex
2905 3620 3000 3660 ore
3026 3623 3145 3662 meo
3169 3607 3456 3678 jaculatum
3489 3611 3540 3666 in
3581 3628 3638 3666 se
3675 3613 3778 3665 du-

2190 3703 2309 3742 rum
2335 3699 2424 3742 aut
2443 3693 2884 3748 contumeliosum
2911 3711 3098 3752 sonum
3120 3699 3160 3752 ³.
3183 3700 3286 3756 Sed
3309 3710 3484 3756 tamen
3507 3681 3628 3772 quid
3653 3707 3776 3769 tale.

2191 3777 2331 3833 Deus
2359 3796 2526 3848 meus,
2560 3784 2648 3852 qui
2677 3785 2843 3840 feciin
2875 3803 2993 3856 nos,
3021 3790 3146 3858 quid
3171 3793 3526 3860 comparabile
3555 3794 3780 3849 habebat

2188 3867 2360 3924 honor
2387 3887 2416 3925 a
2447 3887 2532 3928 me
2556 3873 2762 3930 delatus
2787 3877 2881 3944 illi,
2909 3887 2964 3934 et
2987 3880 3213 3934 servitus
3239 3883 3306 3936 ab
3331 3883 3416 3936 illa
3445 3884 3612 3938 mihi?
3638 3886 3781 3952 Quo-

2190 3963 2331 4014 niam
2381 3963 2554 4032 itaque
2591 3965 2876 4022 deserebar
2907 3979 3009 4022 tam
3049 3987 3241 4040 magno
3266 3972 3382 4040 cjus
3406 3975 3593 4028 solatio
3613 4017 3628 4038 ,
3657 3991 3782 4028 sau-

2187 4053 2425 4108 ciabatur
2463 4056 2638 4109 anima
2673 4073 2786 4112 mea
2809 4100 2823 4124 ,
2853 4069 2905 4112 et
2935 4063 3082 4128 quasi
3113 4062 3462 4118 dilaniabatur
3495 4066 3593 4120 vita
3613 4105 3632 4132 ,
3657 4081 3778 4134 Quae

2185 4161 2288 4198 una
2319 4145 2452 4200 facta
2479 4159 2594 4202 erat.
2612 4165 2673 4202 ex
2699 4166 2813 4204 mea
2835 4161 2889 4205 et
2911 4153 3066 4206 illius.

2255 4239 2340 4294 51.
2379 4239 2620 4296 Cobibito
2643 4257 2771 4312 ergo
2795 4259 2824 4296 a
2854 4245 2978 4297 ﬂetu
3007 4246 3096 4299 illo
3124 4261 3310 4316 puero,
3347 4247 3658 4301 Psalterium
3689 4264 3751 4302 ar

2184 4329 2343 4398 ripuit
2387 4331 2618 4384 Evodius
2641 4372 2653 4394 .
2693 4342 2746 4388 ct
2781 4345 2998 4390 cmuare
3035 4338 3196 4404 carpit
3233 4338 3532 4404 psalmum;
3564 4341 3648 4390 cui
3687 4353 3776 4392 re-

2184 4421 2579 4489 Spoudebamus
2596 4425 2770 4478 omnis
2795 4425 2984 4478 domus
3011 4445 3022 4478 :
3045 4425 3444 4480 Miscricordiam
3465 4439 3508 4480 ct
3519 4428 3778 4498 judicium

2183 4511 2392 4564 cantabo
2420 4511 2523 4576 tibi,
2565 4513 2780 4570 Domine
2812 4515 2978 4588 (Psal.
3012 4531 3060 4570 c.
3097 4515 3170 4588 l).
3209 4517 3402 4574 Audito
3435 4529 3610 4570 autem
3646 4519 3776 4587 quid

2181 4613 2446 4670 ageretur,
2488 4614 2851 4658 convenerunt
2896 4607 3044 4660 multi
3087 4607 3274 4660 fratres
3303 4623 3366 4661 ac
3400 4607 3660 4676 religiosa:
3691 4608 3774 4661 fe-

2183 4693 2369 4756 tuinaz;
2398 4705 2451 4749 et
2479 4695 2544 4749 de
2587 4713 2735 4752 more
2779 4698 2903 4764 illis,
2932 4714 3157 4768 quorum
3186 4699 3417 4753 officium
3448 4709 3580 4762 erat,
3615 4701 3774 4753 funus

2180 4787 2486 4842 curantibus
2507 4830 2520 4853 ,
2563 4805 2660 4858 ego
2691 4791 2741 4842 in
2775 4801 2922 4860 parte
2955 4791 3040 4844 ubi
3071 4791 3323 4846 decenter
3353 4804 3618 4862 poteram,
3649 4808 3769 4846 cum

2179 4877 2256 4929 eis
2277 4879 2363 4946 qui
2389 4895 2470 4932 me
2497 4895 2600 4932 non
2626 4879 2978 4936 deserendum
3005 4897 3122 4938 esse
3149 4885 3458 4950 censebant,
3491 4887 3630 4954 quod
3655 4895 3774 4940 m'at

2187 4969 2410 5038 tempori
2435 4985 2724 5040 congruum
2753 4973 3118 5042 disputabant;
3151 4990 3320 5045 aeque
3359 4975 3592 5030 fomento
3629 4978 3772 5030 veri-

2180 5060 2303 5112 tatis
2349 5061 2650 5131 mitigabam
2704 5059 2996 5119 cruciatum
3052 5067 3142 5120 tibi
3198 5077 3410 5144 notum,
3457 5069 3560 5124 illis
3613 5069 3768 5138 igno-

2177 5151 2419 5205 rantibus
2445 5163 2497 5205 et
2524 5153 2725 5208 intente
2755 5155 3090 5211 audientibus
3109 5200 3125 5224 ,
3157 5167 3212 5212 et
3239 5159 3353 5214 sine
3383 5173 3541 5213 sensu
3569 5159 3770 5214 doloris

2240 5331 2257 5398 ξ
2279 5337 2382 5398 Mss.
2395 5329 2625 5398 plerique
2653 5339 2878 5398 omittunt
2896 5335 3097 5398 verbum
3138 5332 3376 5398 spiritum.

2239 5391 2857 5458 fcelebrati,‘juxt:ﬁtond.
2879 5403 2930 5445 et
2944 5397 3040 5444 duo
3075 5391 3176 5446 vss:
3215 5399 3341 5458 apud
3369 5403 3497 5445 Μαι-ι.
3527 5403 3580 5443 Μ.

2240 5454 2260 5485 ³
2277 5459 2384 5504 Lov.
2406 5454 2610 5518 alia-(pte
2636 5457 2877 5508 editiones
2893 5493 2908 5518 ,
2935 5472 3214 5510 sermonem.

2237 5535 2308 5598 (ra)
2325 5543 2458 5598 Hunc
2475 5550 2728 5585 numerum
2745 5552 2916 5588 omnes
2933 5541 2987 5588 ad
3001 5555 3148 5588 unum
3165 5541 3371 5598 codices,
3385 5555 3492 5590 cum
3507 5539 3640 5598 editi,
3659 5544 3764 5587 tum

2172 5597 2334 5658 scripti
2352 5597 2628 5663 assignant:
2647 5599 2775 5648 unde.
2793 5601 3080 5663 intelligitur
3099 5604 3254 5652 locum
3272 5605 3468 5651 minime
3485 5597 3766 5663 corruptum

2175 5669 2287 5724 esse
2301 5693 2314 5716 ,
2333 5659 2460 5720 quod
2484 5661 2748 5724 suspicatus
2769 5669 2843 5710 est
2859 5659 3012 5712 aesar
3029 5667 3271 5724 ttaronius,
3301 5665 3358 5712 ad
3376 5677 3453 5712 an.
3473 5663 3582 5722 388,
3601 5659 3649 5711 ti.
3669 5660 3727 5710 7i
3745 5693 3764 5722 ,

2175 5723 2288 5768 etin
2313 5729 2412 5769 not.
2437 5721 2492 5766 ad
2520 5729 2661 5775 u.:rt.,
2684 5723 2762 5770 «lic
2781 5725 2810 5772 ὅ
2835 5737 2944 5772 uuln
