4078 6366
339 314 441 370 ’ΠΤ

316 449 436 488 .me
458 446 579 489 esse
606 432 1001 488 arbitrantibus.
1035 435 1102 485 At
1126 445 1224 501 ego
1246 432 1296 485 in
1324 430 1537 485 auribus
1560 428 1684 496 tuis,
1713 427 1798 482 ubi
1818 441 1913 483 eoo

338 538 456 578 rum
488 522 661 577 nullus
690 522 976 588 audiebat,
1017 522 1353 591 increpabam
1394 519 1666 574 mollitiem
1696 517 1916 573 aﬂ‘ectus

340 613 474 677 mei,
502 620 557 668 et
581 611 1003 683 constringebam
1034 612 1230 665 ﬂuxum
1268 611 1514 666 maeroris
1534 650 1550 675 ,
1588 608 1915 678 cedebatque

338 703 467 757 mihi
499 703 803 774 paululum;
832 716 1118 772 rursusque
1146 702 1342 770 impetu
1368 715 1464 755 suo
1493 699 1780 764 ferebatur,
1805 712 1912 753 non

336 806 504 862 usque
530 792 599 847 ad
626 791 955 861 eruptionem
983 790 1355 861 lacrymarum,
1384 804 1483 844 nec
1513 802 1678 858 usque
1699 787 1767 841 ad
1792 786 1910 841 vul-

335 891 421 939 tus
445 884 821 947 mutationem,
857 882 953 938 sed
977 897 1076 953 ego
1104 882 1331 936 sciebam
1359 881 1485 951 quid
1510 881 1671 935 corde
1697 894 1910 949 preme-

334 990 469 1029 rem.
498 974 567 1029 Et
596 974 719 1045 quia
748 974 877 1029 mihi
903 974 1249 1029 vehementer
1275 971 1587 1041 displicebat
1623 980 1827 1026 tantum
1855 971 1909 1025 in

333 1079 421 1121 me
455 1080 617 1136 posse
658 1065 773 1120 hzec
810 1063 1076 1131 humana,
1102 1078 1221 1135 quae
1259 1062 1446 1119 ordine
1486 1062 1663 1118 debito
1685 1072 1739 1118 et
1763 1072 1911 1119 sorte

333 1156 653 1211 conditionis
685 1165 883 1211 nostrae
924 1156 1164 1211 accidere
1205 1169 1424 1211 necesse
1462 1164 1569 1221 est,
1598 1155 1702 1210 alio
1726 1155 1909 1211 dolore

332 1247 578 1302 dolebam
600 1246 836 1301 dolorem
855 1262 1049 1306 meum.
1074 1254 1127 1300 et
1144 1245 1335 1314 duplici
1359 1245 1563 1299 tristitia
1581 1246 1907 1302 macerabar.
1942 1284 1945 1287 ‹

402 1337 491 1393 52.
533 1337 663 1403 Cum
698 1351 824 1391 ecce
861 1351 1055 1406 corpus
1079 1335 1275 1391 elatum
1305 1336 1449 1400 esti,
1479 1335 1615 1390 imus
1634 1377 1648 1399 ,
1675 1336 1908 1392 redimus

332 1426 450 1481 sine
485 1425 753 1497 lacrymis.
782 1425 913 1479 Nam
952 1440 1123 1495 neque
1159 1424 1211 1479 in
1250 1425 1328 1479 eis
1368 1426 1613 1494 precibus
1654 1440 1785 1495 quas
1814 1426 1907 1481 tibi

331 1519 582 1585 fudimus,
611 1534 731 1575 cum
757 1518 1035 1574 oﬂ‘errctur
1058 1533 1155 1590 pro
1180 1534 1242 1573 ea
1271 1520 1583 1574 sacrificium
1616 1522 1767 1591 pretii
1807 1537 1906 1577 no-

330 1611 451 1676 stri,
475 1612 583 1680 jam
604 1612 752 1681 juxta
779 1612 1078 1680 sepulcrum
1109 1612 1280 1681 posito
1302 1611 1577 1679 cadavere,
1602 1616 1905 1684 priusquam

330 1703 704 1775 deponeretur,
717 1704 852 1759 sicut
864 1704 969 1758 illic
985 1702 1096 1758 fieri
1112 1704 1264 1772 solet,
1280 1718 1377 1758 nec
1394 1704 1444 1757 in
1462 1705 1538 1759 eis
1553 1707 1794 1775 precibus
1808 1722 1907 1779 ego

330 1796 455 1850 ﬂevi
482 1814 496 1849 :
530 1795 623 1851 sed
649 1804 759 1850 toto
787 1795 872 1850 die
909 1796 1138 1866 graviter
1162 1796 1215 1850 in
1242 1796 1449 1851 occulto
1487 1808 1708 1853 moestus
1736 1815 1900 1868 eram,

328 1897 386 1940 et
412 1895 587 1942 mente
609 1888 813 1942 turbata
837 1887 1084 1957 rogabam
1108 1895 1176 1953 te,
1201 1896 1259 1942 ut
1282 1897 1540 1957 poteram,
1563 1906 1669 1960 quo
1690 1905 1906 1949 sanares

328 1976 569 2032 dolorem
613 1991 822 2045 meum,
862 1993 962 2033 nec
1003 1976 1264 2043 faciebas;
1305 1978 1499 2043 credo,
1530 1982 1909 2039 commendans

328 2069 600 2124 memoria:
630 2083 761 2123 mea:
780 2110 796 2136 ,
830 2070 916 2123 vel
944 2068 1042 2124 hoc
1070 2084 1176 2123 uno
1202 2068 1522 2125 documento
1539 2111 1556 2137 ,
1582 2072 1756 2126 omnis
1780 2087 1903 2128 cou-

327 2159 622 2215 suetudinis
643 2159 929 2225 vinculum,
953 2161 1113 2215 etiam
1136 2159 1388 2215 adversus
1410 2168 1638 2215 mentem
1660 2177 1777 2231 qua:
1794 2160 1906 2232 jam

328 2266 437 2304 non
466 2250 635 2306 fallaci
664 2252 828 2306 verbo
859 2251 1145 2322 pascitur'.
1177 2250 1360 2306 Visum
1388 2252 1546 2307 etiam
1576 2252 1705 2306 mihi
1731 2263 1815 2308 est
1847 2261 1907 2309 ut

328 2343 465 2398 irem
488 2342 739 2408 lavatum,
761 2342 901 2411 quod
931 2342 1201 2396 audieram
1228 2341 1349 2397 inde
1377 2342 1581 2398 balneis
1612 2358 1805 2399 nomen
1826 2344 1909 2399 iu-

326 2432 518 2496 ditum,
544 2432 664 2502 quia
684 2430 853 2488 Grmci
877 2441 1126 2503 βαλανεῖον
1150 2432 1395 2497 dixerint,
1424 2433 1565 2502 quod
1584 2434 1904 2490 anxietatem

326 2522 493 2592 pellat
516 2537 582 2576 ex
608 2521 806 2577 animo.
847 2521 988 2576 Ecce
1025 2533 1079 2577 et
1121 2522 1222 2576 hoc
1247 2522 1505 2577 conﬁteor
1529 2523 1906 2581 misericordiae

330 2625 434 2669 tua;
454 2655 467 2679 ,
494 2614 651 2668 Pater
685 2613 1042 2683 orphanorum
1064 2655 1079 2680 ,
1104 2615 1353 2684 quoniam
1382 2614 1515 2682 lavi,
1538 2624 1592 2671 et
1618 2617 1736 2671 talis
1760 2633 1903 2673 eram

326 2704 499 2773 qualis
524 2705 830 2775 priusquam
858 2704 1123 2759 lavissem.
1151 2704 1333 2774 Neque
1360 2706 1501 2759 enim
1531 2708 1811 2762 exsudavit
1838 2709 1905 2764 de

327 2793 490 2848 corde
532 2808 651 2848 meo
699 2794 943 2847 mteroris
985 2793 1302 2848 amaritudo.
1351 2794 1547 2849 Deinde
1588 2794 1811 2851 dormivi
1854 2809 1908 2853 et

328 2883 593 2954 evigilavi,
621 2877 677 2938 ef
703 2899 809 2937 non
837 2899 994 2952 parva
1024 2898 1089 2939 ex
1118 2892 1269 2954 parte
1292 2884 1587 2955 mitigatum
1614 2887 1789 2942 inveni
1813 2888 1909 2944 do-

330 2973 498 3028 lorem
537 2988 751 3037 meum;
780 2981 938 3042 atque
965 2981 1020 3026 ut
1043 2988 1187 3027 eram
1225 2974 1276 3027 in
1310 2974 1450 3029 lecto
1480 2989 1599 3029 meo
1618 2977 1790 3041 solus,
1816 2994 1907 3034 re-

330 3064 576 3121 cordatus
591 3078 708 3119 sum
727 3063 985 3119 veridicos
1005 3080 1189 3120 versus
1203 3064 1469 3121 Ambrosii
1486 3066 1589 3132 tui;
1613 3075 1668 3122 tu
1688 3084 1746 3125 es
1765 3070 1906 3127 enim

760 3202 915 3259 petis,
938 3203 1129 3246 creator
1147 3198 1377 3259 omnium,

698 3256 897 3320 Polique
917 3263 1096 3320 rector,
1120 3260 1338 3311 vestiens

698 3318 833 3367 Diem
851 3319 1028 3367 decoro
1047 3318 1247 3379 lumine,

698 3386 891 3428 Noctem
915 3392 1086 3442 scpora
1110 3382 1131 3412 ³
1147 3383 1335 3442 gratia:

762 3443 1099 3504 A_r_lus_solut_os
1117 3449 1172 3491 ut
1186 3443 1329 3504 quies

700 3500 878 3551 Reddat
900 3502 1077 3551 laboris
1091 3500 1217 3559 usui;

699 3568 980 3624 Montesque
1004 3563 1156 3625 fessas
1174 3563 1372 3625 allevet,

700 3623 970 3686 Luctusque
986 3623 1141 3674 solvat
1156 3627 1340 3675 anxios.

399 3771 492 3827 33.
534 3769 706 3839 Atque
743 3769 868 3825 inde
906 3771 1154 3840 paulatim
1199 3772 1515 3827 reducebam
1542 3773 1593 3827 in
1631 3774 1908 3845 pristinum

333 3875 552 3917 sensum
576 3859 821 3914 ancillam
854 3870 1015 3927 tuam,
1043 3862 1601 3932 conversationemque
1626 3864 1739 3933 ejus
1768 3865 1908 3933 piam

332 3954 386 4007 iu
415 3961 500 4020 te,
528 3962 583 4008 et
609 3952 828 4008 sancte"
870 3953 920 4007 in
959 3968 1056 4007 nos
1096 3953 1337 4008 blandam
1373 3963 1530 4025 atque
1558 3957 1906 4027 morigeram,

330 4057 433 4112 qua
463 4041 640 4097 subito
666 4042 945 4097 destitutus
971 4057 1087 4097 sum
1111 4060 1124 4107 ;
1149 4052 1201 4098 et
1222 4044 1373 4098 libuit
1394 4044 1520 4100 ﬂere
1546 4046 1598 4099 in
1623 4056 1907 4115 conspectu

332 4140 424 4187 tuo
454 4132 524 4187 de
556 4131 646 4187 illa
683 4141 737 4188 et
768 4147 867 4203 pro
899 4133 986 4187 illa
1007 4174 1023 4199 ,
1066 4133 1133 4187 de
1169 4149 1255 4189 me
1283 4143 1335 4189 et
1373 4150 1469 4204 pro
1495 4150 1599 4190 me.
1633 4137 1697 4190 Et
1734 4136 1909 4192 dimisi

329 4216 595 4294 lacrymas
616 4238 747 4293 quas
772 4223 1126 4291 continebam,
1150 4234 1211 4278 ut
1229 4224 1502 4279 cfﬂuerent
1530 4236 1781 4294 quantum
1804 4228 1911 4281 vel-

328 4311 461 4378 lent,
494 4311 840 4368 substernens
865 4328 955 4369 eas
978 4313 1127 4368 cordi
1153 4329 1303 4379 meo;
1327 4325 1380 4367 et
1404 4315 1663 4383 requievit
1691 4316 1743 4369 in
1770 4317 1849 4371 eis
1865 4317 1907 4383 ⁵,

328 4401 581 4470 quoniam
622 4402 693 4457 ibi
735 4412 886 4457 erant
912 4418 1066 4457 aures
1092 4413 1228 4471 tute,
1261 4420 1365 4458 non
1399 4406 1703 4475 cujusquam
1734 4407 1910 4463 homi-

329 4493 413 4546 nis
442 4491 669 4561 superbe
698 4494 1095 4563 interpretantis
1134 4495 1394 4564 ploratum
1424 4511 1620 4550 mcum.
1653 4498 1717 4552 Et
1746 4514 1905 4568 nunc,

330 4584 557 4638 Domine
576 4625 589 4648 ,
619 4586 874 4639 confiteor
900 4586 991 4641 tibi
1019 4587 1071 4640 in
1097 4586 1305 4642 litteris.
1347 4588 1513 4659 chat
1541 4591 1628 4659 qui
1656 4591 1825 4655 volet.
1855 4604 1911 4648 et

328 4675 708 4743 interpretetur
738 4683 795 4729 ut
818 4675 996 4743 volet,
1028 4685 1082 4730 et
1113 4677 1157 4731 si
1183 4688 1455 4747 peccatum
1490 4680 1777 4746 invenerit,
1812 4682 1909 4736 ﬂe-

328 4783 355 4817 v
368 4767 472 4821 isse
499 4782 586 4821 me
627 4774 850 4820 matrem
889 4764 1077 4837 exigua
1107 4776 1255 4836 parte
1284 4769 1427 4823 hora:
1446 4811 1461 4835 ,
1490 4781 1709 4825 matrem
1740 4772 1908 4827 oculis

326 4856 466 4909 meis
486 4855 699 4910 interim
726 4863 1010 4923 mortuam,
1034 4871 1152 4926 quae
1177 4873 1262 4913 me
1281 4859 1477 4913 mullos
1502 4875 1667 4915 annos
1691 4862 1910 4918 ﬂeverat

329 4955 389 4999 ut
412 4946 580 5000 oculis
606 4945 711 5001 tuis
734 4946 988 5012 viverem,
1020 4962 1124 5001 non
1154 4947 1403 5014 irrideat;
1431 4950 1523 5005 sed
1544 4951 1735 5020 potius,
1760 4953 1804 5007 si
1827 4964 1910 5009 est

393 5104 410 5133 ί
446 5102 520 5150 Sic
550 5099 819 5164 completur
850 5102 1148 5151 antecedens
1189 5101 1417 5163 periodus
1440 5102 1561 5164 apud
1597 5103 1741 5153 Rond.
1762 5113 1910 5156 :Ctmt

323 5174 439 5211 ecce
456 5173 628 5225 corpus
643 5160 822 5225 elatum
840 5167 927 5213 est.
961 5171 1016 5225 Μ.

373 5225 411 5297 ,ῗ
430 5221 551 5297 Τι’θέ
583 5230 686 5271 Μδεο
706 5221 865 5286 κλει-ι
890 5221 1122 5288 War»
1155 5221 1348 5288 άίθῖάιε
1379 5235 1512 5287 posse
1545 5222 1710 5274 vitare.
1748 5224 1911 5278 Visum

311 5294 491 5410 cum
520 5349 637 5393 ante
670 5346 891 5410 excusis,
925 5344 1124 5408 soporis.
1149 5352 1203 5395 At
1233 5348 1281 5395 in
1313 5342 1479 5396 multis
1506 5352 1634 5404 Mss,
1662 5356 1860 5410 sopora,
1880 5362 1911 5400 ι

323 5408 671 5479 verbosoporo
682 5418 701 5466 ,°
722 5409 917 5479 melius,
931 5419 1170 5479 siquidem
1188 5417 1346 5479 hocce
1358 5410 1536 5479 hymno
1553 5408 1901 5479 somnusquie-

326 5476 411 5531 tos
432 5469 491 5515 ad
508 5469 806 5531 recreandas
842 5470 1058 5531 corporis
1099 5474 1151 5515 et
1190 5469 1336 5531 animi
1363 5469 1492 5518 vires
1529 5469 1815 5531 postulatur.
1841 5500 1902 5511 -—

322 5527 478 5599 {exta
506 5528 793 5599 Flor-amart.
815 5527 965 5577 cum'i
991 5529 1124 5588 Mss,
1146 5535 1196 5577 et
1220 5528 1374 5579 Itond.
1397 5542 1506 5579 cum
1524 5527 1554 5582 6
1579 5532 1693 5582 Mss.
1723 5533 1901 5595 legen-

322 5588 464 5647 dum,
486 5590 689 5651 raperis.
719 5590 777 5636 M.

390 5648 552 5721 ξ
575 5649 943 5721 ᾼιη..Ει’..ι.ρι·..
963 5656 1188 5721 sanctam.

391 5712 416 5746 ⁸
434 5712 661 5775 acquievi
681 5712 729 5762 in
754 5712 840 5771 eis,
861 5713 994 5772 juxta
1017 5713 1152 5761 Mart.
1173 5726 1280 5761 cum
1300 5715 1327 5761 3
1352 5713 1460 5763 Mss.
1485 5724 1533 5765 et
1553 5715 1669 5767 Arn.
1701 5717 1761 5767 ιι.

650 5797 873 5858 Sum.
922 5799 1200 5856 AUGI‘ST.
1246 5797 1292 5855 Ι.

1725 307 1922 364 LIBER
1959 306 2197 365 NONUS.

3492 315 3598 373 778

2022 425 2204 493 grandi
2230 425 2327 480 cha
2337 425 2505 485 ritate.
2538 441 2635 495 pro
2658 429 2881 494 peccatis
2905 430 3035 485 meis
3056 428 3173 484 ﬂeat
3196 428 3308 501 ipse
3326 430 3391 487 ad
3417 442 3467 488 tc
3488 431 3562 489 Pa

2022 526 2154 572 trem
2176 518 2408 575 omnium
2431 518 2649 574 fratrum
2670 520 2862 575 Christi
2887 521 2977 574 tui.

2618 608 2841 665 CAPUT
2879 610 3016 665 XIII.

2442 678 2568 733 Orat
2596 697 2686 749 pro
2716 690 2871 734 matre
2902 682 3156 751 defuncta.

2090 768 2177 822 54.
2209 768 2321 839 Ego
2350 777 2546 835 autem,
2570 770 2678 838 jam
2705 779 2888 824 sanato
2914 771 3074 826 corde
3098 772 3167 827 ab
3191 772 3280 828 illo
3301 774 3516 830 vulnere
3539 777 3590 831 in

2016 872 2122 926 quo
2164 868 2370 927 poterat
2412 858 2654 929 redargui
2696 861 2921 915 carnalis
2964 861 3217 929 affectus,
3262 864 3421 919 fundo
3460 866 3591 931 tibi,

2018 948 2158 1003 Deus
2184 958 2385 1015 noster,
2419 966 2511 1018 pro
2540 950 2628 1004 illa
2659 950 2850 1005 famula
2876 960 2962 1005 tua
2988 951 3140 1023 longe
3165 955 3305 1010 aliud
3335 955 3592 1026 Iacryma-

2015 1054 2132 1092 rum
2162 1055 2356 1109 genus,
2384 1041 2520 1110 quod
2549 1052 2725 1095 manat
2751 1042 2816 1094 de
2842 1057 3100 1097 concusso
3133 1044 3318 1113 spiritu
3348 1046 3593 1100 conside-

2015 1128 2220 1183 ratione
2252 1130 2601 1198 periculorum
2640 1132 2815 1185 omnis
2842 1132 3030 1187 anima:
3054 1149 3173 1203 qua:
3198 1135 3250 1188 in
3277 1135 3443 1189 Adam
3473 1152 3593 1190 mn-

2014 1217 2167 1272 ritur.
2199 1218 2506 1288 Quanquam
2538 1221 2622 1274 illa
2652 1222 2701 1275 in
2729 1221 2939 1276 Christo
2975 1222 3234 1277 vivificata
3266 1224 3317 1295 (I
3344 1225 3459 1279 Cor.
3490 1241 3588 1290 xv,

2012 1307 2145 1379 22),
2175 1311 2334 1364 etiam
2369 1311 2603 1366 nondum
2647 1327 2678 1367 a
2712 1327 2871 1368 carne
2908 1316 3176 1383 resoluta,
3207 1318 3284 1372 sic
3318 1317 3504 1373 vixerit
3532 1329 3590 1374 ut

2011 1401 2255 1457 laudetur
2283 1419 2475 1458 nomen
2506 1412 2652 1459 tuum
2696 1405 2746 1458 in
2795 1404 2898 1460 ﬂde
2926 1406 3263 1478 moribusque
3301 1409 3451 1479 ejus;
3483 1425 3587 1465 non

2012 1499 2188 1548 tamen
2214 1491 2384 1547 audeo
2410 1492 2618 1559 dicere,
2647 1509 2712 1549 ex
2739 1511 2843 1565 quo
2869 1512 2985 1551 eam
3020 1512 3115 1566 per
3141 1498 3463 1568 Baptismum
3499 1516 3589 1555 re-

2013 1584 2277 1653 generasti
2299 1625 2313 1647 ,
2346 1583 2545 1638 nullum
2587 1585 2806 1639 verbum
2834 1587 3006 1642 exisse
3032 1588 3101 1643 ab
3126 1604 3219 1644 ore
3252 1589 3369 1659 ejus
3403 1602 3588 1647 contra

2014 1684 2333 1745 praeceptum
2366 1682 2532 1729 tuum.
2563 1674 2629 1729 Et
2654 1674 2851 1730 dictum
2877 1687 2956 1732 est
2984 1694 3014 1732 a
3042 1678 3273 1735 Veritate
3298 1680 3432 1737 Filio
3458 1691 3547 1738 tuo
3570 1701 3586 1737 ε

2014 1763 2075 1819 Si
2112 1764 2225 1835 quis
2266 1765 2446 1820 dixerit
2486 1766 2634 1837 fratri
2668 1782 2794 1832 suo,
2840 1766 3034 1834 Fatue,
3062 1786 3178 1824 reus
3219 1773 3311 1826 erit
3351 1773 3592 1844 gehenme

2011 1854 2143 1926 ignis
2169 1854 2379 1927 (Matth.
2407 1870 2464 1921 v,
2500 1854 2616 1926 22).
2650 1856 2711 1909 Et
2742 1872 2821 1911 va:
2849 1857 3006 1912 etiam
3046 1859 3293 1915 laudabili
3323 1863 3447 1917 vita:
3486 1862 3587 1918 bo-

2012 1945 2237 2012 minum,
2267 1945 2332 2008 si,
2372 1954 2576 2000 remota
2604 1946 2985 2014 misericordia,
3011 1947 3260 2004 discutias
3288 1965 3425 2005 eam.
3454 1952 3587 2020 Quia

2011 2052 2139 2092 vero
2161 2052 2264 2091 non
2286 2037 2518 2108 exquiris
2543 2036 2731 2093 delicta
2752 2038 3111 2107 vehementer,
3136 2040 3452 2098 ﬂducialiter
3469 2060 3592 2115 spe-

2011 2142 2190 2181 ramus
2227 2128 2457 2197 aliquem
2484 2128 2623 2198 apud
2652 2136 2703 2184 te
2733 2130 2906 2184 locum
2930 2130 3167 2187 invenire
3196 2132 3585 2205 indulgentize‘.

2012 2217 2260 2289 Quisquis
2297 2229 2474 2274 autem
2506 2218 2600 2275 tibi
2633 2230 2908 2276 enumerat
2939 2237 3061 2277 vera
3090 2211 3279 2278 merita
3304 2239 3430 2291 sua,
3461 2226 3589 2296 quid

2014 2310 2108 2364 tibi
2140 2321 2416 2365 enumerat
2458 2312 2558 2366 nisi
2603 2327 2819 2367 munera
2850 2312 2975 2366 tua?
3008 2313 3053 2368 Ο
3095 2313 3138 2368 si
3170 2325 3491 2384 cognoscant
3528 2331 3588 2371 se

2013 2399 2253 2455 homines
2279 2401 2548 2465 homines,
2577 2410 2633 2455 et
2657 2402 2745 2471 qui
2775 2402 3046 2471 gloriatur,
3077 2403 3126 2455 in
3153 2403 3373 2459 Domino
3396 2405 3590 2475 glorie-

2013 2492 2131 2544 tur!
2162 2492 2182 2521 ²
2214 2489 2289 2562 (11
2318 2490 2434 2544 Cor.
2468 2506 2524 2557 χ,
2557 2492 2670 2560 I7.)

2083 2580 2170 2635 55.
2207 2580 2316 2650 Ego
2348 2580 2550 2649 itaque,
2580 2580 2694 2634 laus
2736 2595 2850 2635 mea
2882 2589 2934 2635 et
2973 2581 3075 2635 vita
3116 2598 3265 2648 mea,
3301 2584 3436 2639 Deus
3477 2602 3589 2643 cor-

2010 2671 2092 2727 dis
2131 2672 2264 2736 mei,
2298 2672 2543 2741 sepositis
2581 2672 2845 2741 paulisper
2879 2672 3033 2728 bonis
3064 2674 3180 2743 ejus
3218 2677 3449 2743 actibus,
3493 2695 3588 2749 pro

2011 2764 2203 2833 quibus
2248 2765 2339 2819 tibi
2379 2764 2616 2834 gaudens
2653 2764 2847 2835 gratias
2878 2782 3010 2837 ago,
3050 2784 3187 2823 nunc
3212 2784 3325 2838 pro
3361 2772 3589 2840 peccatis

2013 2856 2197 2908 matris
2238 2870 2369 2911 meae
2403 2855 2661 2924 deprecor
2684 2865 2767 2922 te;
2794 2855 2982 2911 exaudi
3024 2873 3110 2913 me
3147 2874 3241 2928 per
3277 2859 3587 2917 Medicinam

2012 2946 2285 2999 vulnerum
2314 2956 2615 3002 nostrorum
2644 2963 2761 3018 qua:
2788 2948 3037 3018 pependit
3061 2950 3112 3004 in
3140 2951 3300 3020 ligno,
3325 2960 3378 3007 et
3396 2954 3589 3009 sedens

2012 3035 2079 3090 ad
2099 3023 2369 3090 dexteram
2396 3044 2560 3102 tuam,
2585 3045 2637 3091 te
2656 3037 2955 3107 interpellat
2981 3054 3076 3108 pro
3099 3041 3251 3095 nobis
3276 3041 3449 3113 (Rom.
3472 3059 3586 3111 vui,

2013 3124 2126 3195 54).
2155 3124 2276 3181 Scio
2304 3125 2720 3181 misericorditer
2749 3136 3052 3196 operatam,
3079 3139 3132 3184 et
3161 3145 3225 3184 ex
3250 3131 3410 3187 corde
3435 3132 3591 3188 dimi-

2012 3216 2148 3270 sisse
2176 3214 2350 3270 debita
2380 3215 2708 3271 debitoribus
2745 3217 2886 3281 suis;
2917 3215 3123 3273 dimitte
3152 3219 3226 3273 illi
3252 3228 3305 3274 et
3333 3230 3385 3275 tu
3412 3221 3587 3277 debita

2013 3321 2109 3361 sua
2149 3305 2357 3378 (Matth.
2399 3322 2471 3371 v1,
2514 3306 2625 3378 12).
2670 3306 2718 3362 si
2759 3322 2858 3377 qua
2896 3308 3053 3361 etiam
3085 3310 3347 3364 contraxit
3383 3326 3478 3381 per
3512 3321 3590 3367 tot

2014 3409 2181 3449 annos
2208 3404 2329 3466 post
2356 3410 2545 3465 aquam
2574 3395 2780 3450 salutis.
2824 3396 3037 3451 Dimitte
3056 3438 3069 3459 ,
3103 3398 3352 3465 Domine,
3380 3399 3587 3455 dimitte

2012 3485 2269 3552 obsecro,
2300 3500 2369 3540 ne
2404 3485 2570 3541 intres
2596 3500 2715 3540 cum
2739 3501 2804 3541 ea
2841 3486 2893 3540 in
2917 3486 3173 3555 judicium
3207 3486 3376 3560 (Ρεαι.
3410 3498 3585 3556 εχω,

2013 3575 2091 3648 2).
2116 3576 2483 3647 Superexaltet
2502 3576 2861 3632 misericordia
2882 3578 3135 3647 judicium
3167 3578 3367 3651 (Jacobi
3390 3596 3445 3645 ιι,
3471 3580 3584 3653 13),

2012 3667 2259 3736 quoniam
2286 3667 2492 3737 eloquia
2520 3677 2605 3722 tua
2634 3683 2758 3723 vera
2793 3678 2915 3722 sunt
2934 3710 2949 3735 ,
2979 3679 3035 3724 et
3062 3670 3349 3739 promisisti
3378 3673 3586 3727 miseri-

2013 3758 2245 3813 cordiam
2266 3758 2690 3814 misericordibus
2713 3758 2924 3832 (Matth.
2947 3776 3000 3822 ν,
3027 3760 3081 3832 7)
3108 3778 3121 3813 :
3148 3761 3287 3831 quod
3310 3771 3366 3816 ut
3388 3775 3585 3830 essent,

2014 3857 2070 3903 tu
2100 3848 2289 3904 dedisti
2331 3850 2438 3915 eis,
2483 3851 2569 3919 qui
2605 3850 2940 3905 misereberis
2978 3851 3063 3906 cui
3093 3852 3339 3907 misertus
3365 3854 3507 3920 eris,
3532 3864 3590 3911 et

2014 3942 2430 3996 misericordiam
2465 3943 2735 4011 praastabis
2764 3943 2848 3998 cui
2878 3944 3179 3999 misericors
3208 3943 3368 3998 fueris
3394 3945 3587 4017 (Exod.

2014 4046 2207 4097 χχχιιι,
2232 4031 2326 4095 l9;
2353 4030 2502 4085 Rom.
2536 4047 2613 4097 ιχ,
2647 4031 2757 4104 15).

2013 4146 2026 4178 ι
2086 4120 2175 4175 36.
2204 4120 2272 4174 Et
2293 4120 2452 4175 credo
2466 4120 2575 4190 jam
2599 4121 2787 4176 feceris
2816 4123 2953 4192 quod
2978 4131 3028 4178 te
3054 4138 3200 4194 rogo,
3232 4126 3324 4179 sed
3349 4126 3589 4182 volunta-

2014 4211 2091 4266 ria
2109 4212 2218 4265 oris
2237 4212 2338 4266 mei
2357 4211 2609 4282 approba,
2629 4213 2847 4268 Domine
2865 4213 3033 4286 (Psal.
3054 4230 3235 4281 cxvm,
3260 4216 3406 4289 108).
3426 4217 3589 4273 Nam~

2015 4319 2120 4374 que
2144 4303 2230 4358 illa
2256 4304 2563 4359 imminente.
2591 4305 2677 4360 die
2703 4307 3040 4361 resolutionis
3076 4323 3185 4362 sua:
3215 4326 3319 4363 non
3345 4311 3590 4380 cogitavit

2016 4409 2169 4449 suum
2196 4409 2387 4464 corpus
2414 4406 2721 4465 sumptuose
2745 4398 2973 4467 contegi,
3004 4410 3087 4451 aut
3116 4399 3321 4454 condiri
3341 4402 3591 4456 aromati-

2016 4484 2132 4551 bus,
2162 4494 2253 4540 aut
2283 4497 2679 4542 monumentum
2708 4488 2930 4542 electum
2962 4505 3005 4542 ct
3028 4490 3279 4558 ncupivit,
3312 4500 3404 4546 aut
3430 4508 3589 4548 cura-

2015 4577 2089 4630 vit
2115 4576 2414 4645 sepulcrum
2442 4577 2704 4646 patrium;
2730 4592 2833 4631 non
2863 4579 2958 4632 ista
2982 4580 3248 4634 mandavit
3276 4582 3428 4637 nobis
3458 4584 3588 4640 :sed

2015 4667 2381 4720 tantummodo
2407 4668 2713 4721 memoriam
2736 4669 2815 4722 sui
2846 4668 2910 4722 ad
2940 4670 3107 4724 altare
3137 4682 3283 4725 tuum
3315 4671 3425 4726 ﬂeri
3449 4674 3590 4728 desi-

2014 4755 2246 4823 deravit,
2298 4757 2382 4810 cui
2430 4757 2623 4811 nullius
2659 4757 2763 4812 diei
2811 4759 3254 4828 pnetermissionc
3298 4761 3585 4828 servierat;

2016 4845 2157 4901 unde
2193 4848 2351 4901 sciret
2376 4847 2669 4917 dispensari
2701 4849 2965 4904 victimam
3006 4861 3262 4918 sanctam,
3307 4867 3409 4921 qua
3438 4852 3588 4907 dele-

2016 4945 2125 4991 tum
2166 4946 2249 4991 est
2289 4936 2696 5008 chirographum
2728 4939 2869 5008 quod
2912 4948 3026 4994 erat
3066 4941 3387 4995 contrarium
3432 4942 3588 4998 nobis

2016 5026 2233 5098 (Colon.
2258 5043 2313 5093 ιι,
2344 5028 2455 5097 Η),
2484 5044 2585 5098 qua
2609 5029 2960 5097 triumphatus
2983 5040 3062 5083 est
3087 5030 3250 5084 hostis
3275 5041 3588 5101 computans

2012 5117 2203 5173 delicta
2230 5127 2428 5182 nostra,
2460 5125 2514 5173 et
2536 5134 2775 5189 qumrens
2795 5118 2918 5189 quid
2940 5118 3172 5187 objiciet,
3203 5128 3256 5172 et
3284 5119 3414 5174 nihil
3437 5121 3589 5178 inve.

2015 5208 2168 5263 nicns
2196 5223 2252 5261 in
2279 5207 2367 5261 illo
2398 5208 2448 5261 in
2479 5223 2582 5277 quo
2605 5209 2885 5263 vincimus.
2918 5208 3047 5273 Quis
3072 5209 3120 5262 ci
3157 5207 3400 5265 refundet
3431 5210 3589 5267 inno-

2014 5308 2221 5354 centem
2250 5297 2600 5369 sanguinem?
2619 5298 2748 5363 Quis
2767 5298 2817 5354 ei
2842 5298 3077 5353 restituet
3107 5299 3334 5369 pretium
3358 5317 3464 5372 quo
3490 5319 3590 5360 nos

2080 5425 2096 5456 ι
2120 5423 2308 5482 Absunt
2330 5434 2355 5469 a
2381 5420 2492 5471 Mss.
2524 5433 2675 5482 prOpe
2706 5420 2923 5473 omnibus
2949 5419 3116 5482 isthaac
3148 5420 3294 5468 verba
3317 5456 3331 5480 ,
3374 5419 3590 5482 imo

2014 5479 2345 5543 indulgentior.
2364 5510 2425 5519 ο-
2448 5479 2550 5530 Non
2572 5479 2750 5543 desunt
2770 5484 2816 5528 in
2842 5482 3058 5530 editione
3083 5479 3381 5543 Florentia}.
3408 5480 3473 5530 Il.

2080 5550 2097 5576 ²
2128 5536 2193 5592 Ita
2208 5544 2315 5592 Mss.
2339 5557 2445 5591 cum
2466 5543 2615 5604 Anu;
2639 5541 2817 5592 atLov.
2840 5555 2950 5591 cum
2962 5544 3307 5604 antiquioribus
3319 5542 3434 5604 Edd.
3453 5556 3463 5588 :
3484 5543 3525 5604 ο
3542 5540 3591 5594 εἰ

2014 5613 2296 5668 cognoscant
2319 5618 2368 5654 se
2387 5618 2547 5668 ornares
2570 5601 2815 5668 homines,
2840 5611 2885 5652 et
2906 5601 2988 5666 qui
3011 5601 3297 5668 gloriantur,
3316 5601 3587 5668 inﬂamato

2017 5664 2367 5727 glerientttr.-—
2387 5666 2606 5715 Ultimam
2633 5667 2819 5727 periodi
2846 5664 3032 5727 partem
3057 5665 3150 5727 fert
3180 5667 3326 5715 etiam
3345 5664 3583 5717 Ven.sic:

2017 5720 2076 5777 'Et
2100 5727 2180 5791 qui
2202 5726 2485 5791 glorimuuv,
2508 5726 2557 5777 in
2580 5720 2775 5778 Domino
2795 5720 3085 5792 glorientur.
3107 5726 3177 5785 ιι.

2870 5809 3307 5889 (I’ingt—cinq.)
