4078 6366
383 351 482 420 nn

381 477 619 538 diuntur,
658 476 891 531 excitant
919 491 1013 531 eor
1051 491 1117 530 ne
1152 475 1381 531 dormiat
1410 477 1460 531 in
1499 477 1867 548 desperatione
1911 488 1965 532 et

382 567 546 631 dicat,
586 567 702 622 Non
731 581 978 635 possum;
1010 567 1102 622 sed
1133 568 1345 636 evigilet
1370 569 1422 622 in
1450 584 1631 624 amore
1655 569 1960 623 misericor-

380 655 482 709 dia:
505 665 608 710 ture
635 665 688 710 et
707 655 984 711 dulcedine
1003 657 1184 727 gratia:
1206 666 1324 716 tum,
1353 673 1454 728 qua
1479 667 1663 728 potens
1684 669 1764 713 est
1789 659 1962 713 omnis

382 748 645 813 inlirmus,
677 749 766 817 qui
807 747 905 802 sibi
939 764 1036 818 per
1074 749 1240 818 ipsam
1277 748 1602 824 ﬁtgconscius
1641 750 1961 805 inﬁrmitatis

380 851 511 892 Sum.
561 837 625 892 Et
648 838 876 893 delectat
902 837 1070 893 bonos
1099 838 1280 893 audire
1307 840 1564 907 praeterita
1597 836 1735 893 mala
1773 855 1956 894 eorum

381 929 470 997 qui
495 927 607 998 jam
630 940 814 984 carent
840 929 947 994 cis;
981 946 1079 984 nec
1106 930 1224 984 ideo
1249 931 1474 986 delectat
1499 933 1618 1000 quia
1650 932 1786 986 mala
1813 939 1955 1000 sunt,

379 1020 475 1074 sed
504 1020 624 1090 quia
656 1020 865 1074 fuerunt
897 1029 952 1075 et
979 1036 1082 1075 non
1111 1031 1249 1089 sunt.
1287 1022 1401 1089 Quo
1425 1023 1602 1092 itaque
1631 1021 1824 1089 fructu,
1852 1024 1958 1078 Do.

378 1111 524 1166 mine
565 1128 714 1167 meus
757 1113 839 1166 cui
875 1113 1110 1182 quotidie
1139 1112 1420 1189 conﬁtetur
1456 1102 1774 1168 conscientia
1815 1130 1953 1181 mea,

379 1217 474 1271 Spe
509 1205 884 1260 misericordia:
912 1207 1282 1278 turesecurior
1317 1222 1472 1276 quam
1499 1203 1796 1262 innocentia
1824 1223 1952 1272 sua;

376 1309 484 1362 quo
510 1295 700 1361 fructu,
727 1308 932 1370 qurcso,
965 1294 1126 1350 etiam
1161 1296 1463 1351 hominibus
1491 1312 1668 1352 coram
1705 1307 1756 1351 te
1786 1297 1954 1351 conli-

377 1393 494 1438 teor
523 1401 616 1453 per
645 1385 740 1440 has
783 1385 982 1441 litteras
1016 1387 1188 1442 adhuc
1231 1387 1350 1458 quis
1388 1403 1487 1458 ego
1529 1388 1651 1455 sim,
1696 1403 1802 1443 non
1837 1389 1954 1458 quis

375 1475 606 1530 fuerim?
643 1476 773 1530 Nam
819 1478 964 1532 illum
1009 1477 1235 1550 fructum
1281 1478 1386 1533 vidi
1426 1487 1480 1534 et
1519 1482 1950 1556 commemoravi.

375 1565 479 1620 Sed
509 1568 628 1636 quis
661 1565 834 1622 adhuc
863 1568 984 1631 sim,
1014 1582 1140 1624 ecce
1170 1568 1223 1622 in
1260 1568 1374 1637 ipso
1402 1577 1636 1638 tempore
1661 1570 1951 1624 confessio-

373 1671 500 1710 num
527 1670 790 1720 mearum,
823 1665 877 1712 et
905 1659 1054 1713 multi
1083 1657 1185 1713 hoc
1211 1673 1366 1713 nosse
1391 1659 1607 1728 cupiunt
1635 1660 1723 1728 qui
1747 1675 1832 1716 me
1858 1676 1954 1714 no-

373 1755 560 1800 verunt
589 1754 642 1801 et
671 1763 774 1800 non
801 1762 886 1802 me
913 1756 1200 1812 noverunt,
1227 1748 1313 1817 qui
1342 1764 1406 1801 ex
1429 1763 1514 1801 me
1545 1747 1624 1802 vel
1650 1748 1716 1803 de
1745 1764 1830 1804 me
1849 1750 1949 1804 ali-

371 1835 496 1906 quid
540 1836 852 1902 audierunt;
905 1838 999 1892 sed
1045 1840 1187 1893 auris
1233 1855 1418 1894 eorum
1467 1855 1572 1894 non
1616 1849 1698 1895 est
1744 1840 1810 1895 ad
1857 1855 1951 1896 cor

370 1913 572 1996 incum,
607 1931 690 1983 ubi
722 1947 818 1994 ego
840 1945 956 1985 smn
979 1930 1298 2006 quicumque
1319 1946 1458 1985 sum.
1497 1931 1690 2008 Volunt
1708 1921 1836 2008 ergo
1855 1923 1948 2012 au-

370 2019 486 2074 dire
519 2023 855 2074 conlitcntem
906 2037 990 2075 me
1025 2021 1151 2090 quid
1200 2022 1313 2089 ipse
1355 2021 1494 2074 intus
1537 2018 1658 2085 sim,
1698 2039 1803 2092 quo
1851 2038 1948 2078 nec

368 2110 581 2164 oculum
627 2126 726 2165 nec
755 2126 933 2164 aurem
965 2127 1064 2167 nec
1101 2119 1333 2165 mentem
1379 2120 1598 2181 possunt
1639 2113 1942 2176 intendere;

367 2185 615 2254 credituri
636 2209 814 2255 tamen
836 2201 1034 2268 volunt,
1054 2199 1306 2270 numquid
1333 2199 1625 2274 cognituri?
1653 2203 1784 2254 Dicit
1803 2203 1942 2256 enim

366 2292 448 2345 eis
479 2291 707 2367 charitas
745 2308 846 2360 qua
888 2293 1010 2347 boni
1054 2300 1178 2346 sunt
1224 2283 1328 2345 non
1373 2293 1586 2347 mentiri
1631 2309 1718 2347 me
1751 2293 1820 2348 de
1860 2309 1944 2348 me

365 2376 731 2448 conﬁtentem,
763 2392 816 2438 et
840 2384 949 2454 ipsa
977 2384 1028 2437 in
1059 2384 1137 2438 eis
1162 2383 1329 2438 credit
1354 2382 1503 2437 mihi.

999 2474 1343 2550 CAPUTIV.
1791 2562 1796 2567 η

467 2584 614 2648 Quod
644 2585 810 2656 magni
834 2575 932 2640 sint
964 2577 1156 2658 fructus
1184 2586 1474 2656 Imjusmodi
1499 2571 1840 2656 confessionis.
1898 2642 1899 2645 η

433 2675 488 2730 5.
530 2674 632 2729 Sed
661 2691 766 2744 quo
795 2675 963 2729 fructu
998 2676 1046 2729 id
1081 2658 1301 2729 volunt?
1331 2677 1409 2730 An
1437 2677 1784 2746 congratulari
1812 2676 1938 2730 nuhi

361 2766 580 2834 cupiunt
608 2781 728 2820 cum
773 2766 1036 2820 audierint
1065 2779 1317 2836 quantum
1348 2768 1414 2821 ad
1452 2776 1505 2821 te
1533 2769 1776 2823 accedam
1819 2785 1938 2822 mu-

360 2871 490 2910 nere
516 2865 623 2921 tuo,
651 2865 703 2909 et
729 2871 882 2910 orare
907 2871 1004 2926 pro
1029 2871 1113 2910 me
1143 2872 1262 2910 cum
1290 2857 1550 2911 audierint
1575 2845 1822 2926 quantum
1849 2873 1936 2912 re-

358 2935 540 3001 lardcr
564 2948 798 3019 pondere
828 2949 982 3003 meo?
1020 2945 1266 3004 Indicabo
1296 2943 1381 3005 me
1411 2951 1621 3004 talibus.
1652 2950 1766 3006 Non
1796 2953 1934 3019 enim

358 3053 550 3107 parvus
593 3048 675 3094 est
702 3038 923 3105 fructus,
960 3040 1182 3094 Domine
1216 3041 1356 3095 Deus
1399 3055 1570 3107 meus,
1609 3049 1664 3095 ut
1698 3056 1726 3095 a
1761 3042 1937 3096 multis

359 3130 452 3184 tibi
485 3130 665 3200 gratim
701 3131 923 3205 agantur
957 3131 1022 3185 de
1051 3132 1224 3198 nobis,
1252 3140 1305 3186 et
1342 3122 1374 3186 τι
1404 3131 1582 3186 multis
1617 3123 1818 3202 rogeris
1841 3148 1936 3202 pro

358 3223 532 3279 nobis.
567 3224 720 3277 Amet
750 3225 800 3278 in
839 3207 925 3278 me
957 3224 1221 3278 fraternus
1247 3224 1456 3279 animus
1482 3223 1622 3294 quod
1651 3212 1932 3278 amandum

351 3316 534 3382 doces,
561 3325 612 3370 et
640 3316 815 3370 doleat
839 3317 891 3370 in
913 3332 999 3372 me
1025 3316 1165 3386 quod
1189 3315 1474 3371 dolendum
1501 3315 1684 3371 doces.
1715 3317 1935 3371 Animus

351 3387 443 3476 ille
473 3407 574 3461 hoc
602 3406 763 3462 faciat
790 3407 1073 3472 fraternus,
1104 3423 1209 3462 non
1239 3416 1541 3468 extraneos.
1577 3422 1680 3460 non
1707 3406 1931 3461 ﬁliorum

352 3500 666 3566 alienorum,
699 3515 922 3570 quorum
947 3515 1007 3553 os
1039 3499 1272 3553 locutum
1296 3506 1377 3552 est
1397 3498 1702 3563 vanitatem,
1726 3507 1778 3551 et
1804 3497 1933 3553 dex-

353 3598 467 3648 tera
506 3609 690 3647 eorum
720 3593 933 3647 dextera
970 3592 1260 3661 iniquitatis
1289 3590 1456 3660 (Psal.
1502 3605 1682 3652 cxuu.
1715 3588 1804 3662 8);
1838 3589 1929 3667 sed

349 3677 616 3739 fraternus
658 3683 745 3738 ille
770 3685 857 3754 qui
894 3700 1013 3758 cum
1049 3683 1305 3752 apprbbat
1345 3696 1448 3753 me,
1485 3681 1676 3751 gaudet
1703 3681 1767 3735 de
1810 3696 1926 3746 me;

349 3789 473 3828 cum
505 3784 681 3829 autem
719 3757 982 3843 improbat
1009 3787 1116 3837 me,
1156 3773 1498 3827 contristatur
1524 3786 1619 3840 pro
1660 3787 1743 3825 me
1770 3789 1782 3824 :
1808 3771 1927 3840 quia

350 3862 464 3918 Sive
503 3864 757 3933 approbet
783 3879 891 3927 me,
918 3862 1028 3918 sive
1050 3863 1327 3932 improbet,
1359 3861 1524 3932 diligit
1554 3877 1656 3916 me.
1681 3859 1930 3915 Indicabo

348 3969 435 4009 me
455 3955 678 4016 talibus;
710 3953 976 4024 respirent
1003 3954 1053 4008 in
1083 3953 1236 4027 bonis
1270 3953 1422 4028 meis,
1453 3953 1716 4021 suspirent
1736 3951 1787 4004 in
1815 3965 1928 4004 ma-

346 4043 416 4098 lis
445 4044 598 4098 meis.
637 4044 782 4117 Bona
826 4059 941 4099 mea
988 4043 1222 4098 instituta
1263 4051 1350 4096 tua
1389 4051 1512 4096 sunt
1553 4051 1606 4097 et
1639 4041 1773 4096 dona
1802 4049 1924 4106 tua;

344 4135 484 4189 mala
523 4150 639 4190 mea
667 4134 860 4190 delicta
890 4123 1007 4190 mea
1049 4141 1172 4189 sunt
1206 4143 1258 4189 et
1278 4135 1475 4204 judicia
1502 4146 1588 4203 tua
1647 4132 1928 4204 Respirent

343 4211 400 4279 in
426 4226 550 4291 illis,
579 4237 633 4281 et
659 4227 925 4296 suspirent
952 4225 1003 4280 in
1029 4225 1140 4292 his;
1173 4232 1227 4280 et
1247 4225 1470 4296 hymnus
1495 4233 1549 4280 et
1569 4225 1722 4281 ﬂetus
1743 4240 1927 4280 ascen-

342 4314 473 4369 dant
502 4316 554 4370 in
582 4326 924 4385 conspectum
955 4324 1102 4370 tuum
1125 4315 1191 4371 de
1231 4315 1478 4370 fraternis
1511 4315 1776 4382 cordibus,
1807 4315 1928 4370 thus

342 4405 536 4460 ribulis
565 4406 666 4461 tuis
697 4406 881 4477 (Apoc.
913 4406 1026 4471 vin,
1064 4405 1141 4478 5).
1172 4407 1248 4460 Tu
1281 4416 1480 4472 autem,
1510 4406 1748 4472 Domine,
1777 4406 1924 4462 dele-

342 4499 520 4548 elatus
551 4494 715 4549 odore
742 4496 909 4550 sancti
954 4496 1134 4566 templi
1176 4494 1272 4559 tui,
1305 4497 1558 4573 miserere
1586 4497 1691 4551 mei
1734 4512 1926 4552 secun-

341 4588 472 4641 dum
496 4603 735 4657 magnam
757 4588 1169 4643 misericordiam
1194 4597 1332 4644 tuam
1353 4583 1520 4658 (Psal.
1536 4606 1586 4656 ι,
1611 4588 1688 4661 l),
1715 4599 1927 4660 propter

343 4691 542 4730 nomen
585 4685 762 4743 tuum;
811 4686 865 4751 et
911 4668 1243 4748 nequaquam
1283 4677 1537 4735 deserens
1584 4673 1755 4753 empta
1801 4693 1921 4750 tua,

339 4782 655 4842 consumma
678 4766 983 4836 imperfeeta
1013 4783 1148 4823 mea.

415 4859 472 4913 6.
513 4858 611 4913 llic
631 4869 713 4914 est
736 4858 935 4914 fructus
959 4853 1354 4942 confessionum
1377 4876 1635 4939 mearum,
1669 4878 1772 4916 non
1795 4851 1925 4934 qua-

341 4947 413 5006 lis
435 4951 656 5017 fuerim,
689 4952 781 5007 sed
804 4953 972 5022 qualis
997 4953 1117 5016 sim,
1150 4959 1210 5008 ut
1234 4953 1334 5009 hoc
1354 4955 1610 5010 conﬁtear
1641 4957 1656 4988 ¹
1685 4955 1788 5011 non
1813 4967 1926 5012 tan-

342 5048 455 5096 tum
497 5057 677 5096 coram
707 5049 760 5096 te
791 5037 996 5096 secreta
1035 5043 1391 5099 exsultatione
1426 5060 1546 5099 cum
1597 5056 1825 5101 tremore
1871 5057 1927 5102 et

341 5145 556 5187 secreto
576 5121 806 5188 maerore
834 5148 954 5187 cum
985 5125 1079 5202 spe
1120 5132 1372 5206 (Philipp.
1401 5128 1459 5200 ιι,
1502 5135 1622 5207 1‘2)",
1652 5137 1742 5191 sed
1766 5139 1924 5192 etiam

341 5225 399 5277 in
423 5222 644 5288 auribus
687 5223 1018 5278 credentium
1055 5219 1280 5280 ﬁliorum
1317 5226 1620 5294 hominum,
1665 5212 1925 5282 sociorum

341 5307 524 5383 gaudii
565 5316 670 5371 mei
699 5324 754 5371 et
789 5315 1117 5372 consortium
1159 5318 1494 5374 mortalitatis
1532 5311 1667 5375 meae
1690 5361 1704 5385 ,
1734 5321 1924 5375 civium

342 5399 591 5461 ineorum
654 5413 709 5461 et
765 5420 972 5461 mecum
1022 5408 1454 5477 peregrinorum,
1516 5411 1924 5479 prmcedentium

342 5494 402 5549 et
449 5497 892 5566 consequentium
940 5507 995 5552 et
1045 5497 1296 5554 comitum
1346 5500 1447 5555 via:
1494 5517 1646 5557 meae.
1694 5503 1756 5558 lli
1805 5510 1929 5558 sunt

365 5627 397 5693 θ’
416 5633 514 5676 Non
551 5623 725 5693 ferunt
754 5631 802 5693 β.
830 5639 844 5675 :
871 5635 972 5676 Non
1001 5625 1156 5693 qualis
1185 5625 1392 5693 fuerin,
1427 5627 1698 5693 sed‘quqlzs
1722 5630 1844 5693 sim,
1878 5638 1930 5682 ut

344 5687 434 5758 ᾼοσ
450 5685 712 5750 cmﬁlear;
745 5687 923 5758 desim
948 5685 1222 5758 etiam
1238 5685 1399 5758 verba
1423 5692 1472 5741 in
1493 5685 1710 5754 pluribus
1735 5685 1846 5742 ald.
1873 5705 1932 5742 ac

346 5753 484 5812 lies;
511 5748 572 5800 ea
592 5761 712 5799 vero
741 5748 856 5799 dant
877 5751 1270 5810 pra‘stantissiml.
1295 5749 1355 5801 M’.‘

1729 358 1921 416 LIBER
1963 367 2266 425 DECIMUS.

3543 385 3648 443 782

2073 480 2210 534 servi
2261 481 2332 536 tui
2391 482 2582 539 fratres
2644 486 2788 552 u‘ei,
2844 504 2974 558 quos
3041 492 3174 548 ﬁlios
3229 502 3346 551 tuos
3387 512 3507 554 esse
3546 516 3641 556 vo-

2071 569 2250 637 luisti,
2297 572 2541 630 dominos
2588 591 2736 632 meos
2787 580 2975 647 quibus
3027 581 3226 650 iussisti
3277 595 3335 641 ut
3379 589 3638 658 serviam,

2069 660 2112 712 si
2163 663 2288 716 volo
2331 671 2503 718 tecum
2547 665 2611 720 de
2658 677 2708 722 te
2745 669 2949 725 vivere.
2975 671 3058 744 (Et
3101 666 3202 728 hoc
3239 675 3365 731 mihi
3411 677 3640 738 Verbum
3679 683 3688 702 '

2069 758 2214 806 tuum
2264 769 2446 823 parum
2495 766 2609 811 erat
2649 761 2693 813 si
2734 747 3002 830 loquendo
3051 765 3393 836 praeciperet,
3442 771 3543 826 nisi
3589 782 3644 829 et

2067 840 2308 899 faciendo
2351 847 2582 915 praeiret.
2626 850 2690 905 Et
2732 866 2830 922 ego
2873 853 2926 908 id
2969 869 3067 924 ago
3101 855 3251 912 factis
3276 868 3330 914 et
3352 859 3546 926 dictis,
3589 866 3641 921 id

2065 946 2164 1001 ago
2194 935 2291 989 sub
2312 937 2406 991 alis
2428 939 2530 994 tuis
2552 939 2707 1003 nimis
2725 956 2846 998 cum
2875 943 3071 1016 ingenti
3096 946 3366 1016 periculo;
3394 952 3492 1007 nisi
3519 956 3638 1024 quia

2066 1023 2167 1077 sub
2188 1023 2288 1078 alis
2314 1026 2418 1079 tuis
2444 1027 2535 1106 tibi
2560 1028 2766 1105 subdita
2793 1040 2874 1087 est
2897 1035 3072 1106 anima
3101 1051 3215 1091 mea
3233 1079 3248 1102 ,
3279 1049 3332 1092 et
3358 1023 3640 1100 inﬁrmitas

2065 1129 2184 1204 mea
2224 1116 2316 1170 tibi
2354 1129 2476 1173 nota
2505 1130 2604 1175 est.
2637 1121 2893 1179 Parvulus
2921 1140 3072 1192 sum,
3114 1128 3210 1184 sed
3259 1130 3386 1185 vivit
3425 1147 3640 1204 semper

2065 1201 2226 1259 Pater
2263 1221 2444 1272 meus,
2493 1219 2546 1264 et
2572 1210 2792 1267 idoneus
2831 1223 2913 1269 est
2941 1215 3068 1270 mihi
3097 1226 3241 1273 tutor
3266 1235 3448 1286 meus;
3490 1201 3630 1280 idem

2066 1293 2181 1362 ipse
2227 1305 2310 1350 est
2337 1297 2476 1351 enim
2505 1301 2593 1368 qui
2639 1302 2818 1371 genuit
2860 1319 2946 1358 me
2987 1316 3040 1360 et
3083 1313 3262 1374 tuetur
3307 1326 3438 1366 me:
3477 1321 3533 1368 et
3573 1324 3628 1370 tu

2062 1377 2175 1461 ipse
2202 1399 2260 1440 es
2285 1388 2460 1441 omnia
2501 1388 2635 1444 bona
2671 1407 2784 1446 mea
2807 1434 2821 1458 ,
2854 1402 2909 1448 tu
2947 1383 3282 1468 omnipotens
3306 1401 3394 1470 qui
3424 1418 3630 1460 mecum

2058 1470 2155 1557 es,
2192 1487 2247 1532 ct
2287 1480 2590 1551 priusquam
2639 1492 2809 1540 tecum
2841 1487 2960 1542 sim.
2990 1487 3237 1547 Indicabo
3276 1509 3404 1565 ergo
3442 1497 3634 1554 talibus

2057 1568 2479 1658 qualibusjubes
2504 1581 2560 1628 ut
2579 1565 2802 1630 serviam
2821 1619 2837 1649 ,
2869 1594 2975 1633 non
3003 1582 3121 1652 quis
3148 1583 3330 1638 fuerim
3355 1627 3370 1652 ,
3403 1585 3497 1642 sed
3517 1590 3634 1658 quis

2054 1656 2164 1746 iam
2190 1659 2290 1714 sim
2310 1700 2324 1723 ,
2353 1669 2405 1716 et
2433 1661 2552 1731 quis
2585 1662 2758 1720 adhuc
2786 1665 2920 1734 sim;
2947 1669 3039 1724 sed
3068 1687 3237 1742 neque
3263 1656 3630 1746 meipsnmdi-

2047 1743 2233 1812 judico
2262 1749 2282 1823 (
2298 1751 2317 1806 l
2340 1749 2455 1806 Cor.
2485 1769 2554 1817 tv,
2584 1754 2674 1824 5):
2699 1758 2774 1810 sic
2803 1758 2978 1828 itaque
3005 1763 3208 1819 audiar.

2487 1929 2490 1932 η
2556 1934 2560 1938 ἱ
2686 1863 2910 1923 CAPUT
2951 1870 3014 1925 v.

2135 1999 2138 2002 .
2241 2005 2244 2008 ,
2445 1948 2612 2010 Homo
2637 1969 2742 2012 sese
2767 1969 2924 2013 totum
2953 1979 3052 2016 non
3082 1967 3235 2019 novit.

2126 2039 2176 2094 7.
2216 2041 2295 2095 Tu
2345 2043 2522 2111 enim,
2580 2046 2832 2118 Domine,
2882 2050 3140 2120 dijudicas
3189 2071 3313 2120 me,
3363 2059 3482 2128 quia
3527 2066 3624 2118 etsi

2053 2145 2212 2208 nemo
2240 2132 2339 2186 scit
2368 2132 2636 2189 hominum
2679 2154 2795 2207 qum
2835 2151 2959 2194 sunt
2988 2141 3247 2210 hominis,
3280 2146 3381 2202 nisi
3409 2150 3626 2218 spiritus

2051 2217 2279 2277 hominis
2304 2225 2390 2293 qui
2423 2226 2474 2279 in
2523 2227 2637 2295 ipso
2663 2229 2827 2298 cst(l
2869 2230 2986 2285 Cor.
3035 2249 3092 2299 ll,
3116 2234 3222 2308 ll);
3246 2247 3418 2293 tamen
3434 2217 3629 2296 estali-

2048 2311 2171 2402 quid
2204 2312 2433 2369 hominis
2460 2317 2596 2387 quod
2620 2334 2719 2375 nec
2761 2320 2874 2390 ipse
2911 2323 3010 2378 scit
3031 2326 3247 2394 spiritus
3277 2329 3505 2384 hominis
3532 2335 3624 2402 qui

2049 2397 2104 2466 in
2149 2402 2263 2470 ipso
2293 2414 2408 2470 est;
2443 2416 2496 2461 tu
2523 2419 2695 2488 autem
2717 2451 2731 2473 ,
2767 2411 2984 2469 Domine
3008 2455 3022 2478 ,
3056 2417 3159 2470 scis
3183 2417 3297 2487 ejus
3332 2421 3506 2474 omnia
3534 2397 3625 2492 qui

2048 2487 2212 2544 fecisti
2244 2507 2385 2548 eum.
2431 2496 2539 2570 Ego
2561 2514 2687 2553 vero
2713 2498 2953 2570 quamvis
2977 2519 3084 2574 pra:
3111 2497 3199 2560 tuo
3225 2519 3509 2580 conspectu
3538 2487 3626 2568 me

2047 2580 2334 2656 (lespieiam
2357 2628 2372 2652 ,
2403 2595 2455 2641 et
2474 2589 2731 2644 :estimem
2755 2608 2839 2646 me
2862 2602 3054 2649 terram
3081 2607 3134 2651 et
3154 2599 3420 2666 cinerem;
3447 2611 3623 2659 tamen

2047 2669 2244 2742 aliquid
2271 2675 2337 2730 de
2365 2687 2416 2732 te
2443 2680 2552 2735 seio
2589 2681 2728 2751 quod
2767 2683 2835 2759 de
2869 2700 2956 2740 me
2995 2689 3193 2743 nescio.
3224 2688 3293 2745 Et
3315 2701 3458 2748 certe
3483 2710 3624 2751 nunc

2044 2764 2286 2822 videmus
2329 2783 2420 2842 per
2465 2773 2734 2848 speculum
2773 2773 2823 2828 in
2852 2776 3166 2852 aenigmate,
3211 2783 3440 2836 nondum
3490 2783 3621 2842 facie

2043 2855 2108 2911 ad
2133 2857 2316 2914 faciem
2343 2851 2498 2932 (Ibid.
2528 2879 2639 2928 xm,
2663 2863 2750 2936 ιε)
2776 2884 2788 2920 :
2811 2874 2865 2921 et
2886 2867 3004 2923 ideo
3032 2869 3280 2940 quamdiu
3311 2874 3621 2946 peregrinor

2041 2952 2136 3006 abs
2166 2962 2246 3020 te,
2277 2954 2404 3017 mihi
2439 2971 2554 3010 sum
2594 2959 2907 3026 prmsentior
2933 2976 3088 3032 quam
3117 2962 3209 3016 tibi
3234 3003 3250 3030 ,
3281 2973 3334 3018 et
3363 2974 3539 3022 tamen
3567 2976 3619 3024 te

2044 3042 2164 3094 novi
2196 3042 2339 3097 nullo
2369 3039 2528 3100 modo
2558 3062 2714 3116 posse
2742 3037 2959 3114 violari;
2999 3065 3098 3121 ego
3127 3068 3253 3107 vero
3291 3055 3479 3124 quibus
3506 3066 3621 3112 ten-

2045 3132 2326 3188 tatiouibus
2367 3125 2616 3191 resistere
2651 3138 2854 3193 valeam
2879 3177 2895 3205 ,
2939 3141 3195 3210 quibusve
3231 3160 3334 3198 non
3375 3147 3576 3202 valeam
3599 3192 3614 3216 ,

2043 3223 2239 3297 nescio.
2273 3223 2481 3294 Etspes
2504 3235 2604 3293 est,
2638 3228 2757 3297 quia
2791 3228 2958 3284 ﬁdelis
2984 3246 3072 3295 es,
3113 3233 3199 3302 qui
3233 3250 3328 3287 nos
3356 3250 3458 3289 non
3486 3238 3618 3292 sinis

2041 3314 2229 3367 tentari
2270 3331 2427 3390 supra
2474 3333 2628 3386 quam
2658 3333 2940 3388 possumus
2971 3319 3142 3388 ferre,
3189 3306 3280 3377 sed
3327 3325 3453 3380 facis
3494 3343 3615 3382 cum

2042 3404 2330 3471 teutalione
2358 3406 2516 3460 etiam
2543 3409 2737 3462 exitum
2762 3418 2816 3463 ut
2841 3411 3104 3480 possimus
3126 3413 3405 3470 sustinere.
3434 3416 3613 3472 Conﬁ-

2039 3499 2152 3546 tear
2180 3507 2305 3563 ergo
2331 3495 2454 3564 quid
2485 3496 2551 3551 de
2575 3513 2659 3551 me
2687 3498 2848 3553 sciam
2867 3541 2880 3560 .
2918 3502 3172 3556 conﬁtear
3199 3511 3252 3558 et
3277 3505 3400 3574 quid
3429 3506 3497 3562 de
3527 3524 3613 3564 me

2039 3583 2292 3659 nesciam.
2337 3576 2599 3651 Quoniam
2627 3596 2680 3642 et
2718 3588 2857 3662 quod
2893 3589 2959 3644 de
2992 3607 3078 3645 me
3118 3593 3263 3659 scio,
3297 3604 3347 3649 te
3374 3594 3501 3650 mihi
3527 3596 3610 3650 lu-

2036 3682 2192 3728 cente
2233 3675 2376 3738 scio;
2423 3685 2476 3729 et
2518 3676 2657 3746 quod
2697 3678 2762 3732 de
2785 3693 2871 3734 me
2895 3681 3108 3746 nescio,
3153 3684 3348 3738 tamdiu
3392 3688 3608 3751 nescio,

2034 3761 2204 3817 donec
2233 3763 2354 3818 ﬁant
2378 3765 2608 3821 tenebrm
2639 3782 2771 3823 mea:
2795 3769 2932 3824 sicut
2963 3771 3214 3827 meridies
3254 3773 3306 3828 in
3336 3775 3480 3830 vultu
3520 3785 3610 3833 tuo

2038 3850 2198 3924 (lsai.
2229 3869 2382 3920 Lvut,
2417 3855 2525 3925 l0).
2649 3925 2872 3983 CAPUT
2909 3927 2976 3982 Vl

2036 4012 2172 4078 Quid
2197 4022 2365 4078 amat,
2395 4030 2506 4067 cum
2536 4013 2699 4089 Deum
2726 4029 2894 4071 amat:
2927 4028 2974 4073 et
3001 4019 3251 4089 quomodo
3277 4039 3340 4076 ex
3365 4026 3609 4080 creaturis

2565 4085 2706 4142 Deus
2741 4085 3080 4160 cognoscitur.

2110 4166 2162 4227 8.
2203 4172 2318 4228 Non
2348 4173 2508 4229 dubia
2533 4176 2626 4231 sed
2655 4189 2795 4231 certa
2823 4180 3184 4248 conseientia',
3209 4181 3461 4249 Domine,
3487 4197 3609 4240 amo

2036 4268 2108 4316 te.
2163 4261 2476 4318 Percussiin
2528 4281 2621 4320 cor
2673 4283 2850 4323 meum
2913 4270 3076 4324 verbo
3132 4278 3222 4325 tuo
3253 4311 3270 4336 ,
3333 4281 3389 4327 et
3436 4274 3610 4329 amavi

2036 4358 2111 4409 te.
2150 4344 2257 4409 seu
2288 4365 2344 4410 et
2375 4346 2604 4424 coelum,
2648 4371 2702 4414 et
2740 4366 2914 4426 terra,
2960 4373 3014 4417 et
3053 4365 3228 4419 omnia
3267 4381 3387 4436 quae
3432 4367 3485 4422 in
3530 4369 3609 4424 eis

2033 4449 2190 4508 sunt,
2238 4458 2364 4500 ecce
2405 4446 2637 4517 undique
2675 4448 2802 4502 mihi
2847 4451 3030 4506 dicunt
3072 4462 3131 4507 ιιι
3173 4461 3224 4509 te
3259 4469 3468 4524 amem,
3508 4469 3610 4514 nec

2033 4543 2244 4610 cessant
2261 4535 2442 4591 dicere
2469 4537 2718 4611 omnibus
2742 4546 2798 4594 ut
2821 4540 2927 4594 sint
2955 4541 3341 4603 inexCusabiles
3359 4543 3532 4615 (Rom.
3565 4545 3606 4608 ι.

2030 4620 2145 4695 20).
2167 4625 2340 4680 Altius
2363 4635 2538 4700 autem
2560 4622 2620 4683 tu"
2642 4630 2978 4687 misereberis
2999 4635 3084 4688 cui
3107 4634 3353 4692 misertus
3381 4639 3489 4694 eris
3507 4679 3522 4704 ,
3553 4648 3611 4696 et

2034 4717 2451 4800 misericordiam
2487 4721 2774 4794 praestabis
2799 4725 2881 4779 cui
2921 4723 3223 4800 misericOrs
3247 4729 3409 4784 fueris
3432 4731 3612 4787 :.alio-

2033 4808 2161 4891 quin
2199 4798 2394 4866 ctelum
2437 4820 2492 4869 et
2532 4821 2671 4869 terra
2709 4815 2886 4871 surdis
2927 4798 3213 4888 loquuntur
3249 4813 3434 4877 laudes
3468 4825 3606 4879 tuast

2032 4899 2169 4966 Quid
2188 4910 2362 4976 autem
2382 4918 2525 4985 amo,
2548 4919 2669 4960 cum
2689 4912 2742 4962 te
2764 4908 2924 4963 amo?
2947 4909 3059 4964 Non
3079 4907 3310 4980 speciem
3336 4913 3576 4982 corporis
3589 4949 3606 4977 .

2033 5006 2134 5047 nec
2171 4992 2335 5048 decus
2374 4997 2628 5067 temporis
2648 5037 2664 5064 ,
2699 4997 2800 5053 nec
2834 4999 3116 5074 candorem
3145 5001 3277 5058 lucis
3301 5017 3428 5058 ecce
3450 5003 3466 5036 ¹
3492 5002 3610 5060 istis

2033 5083 2261 5138 amicum
2304 5087 2476 5141 oculis
2497 5129 2513 5155 ,
2558 5103 2664 5143 non
2709 5089 2891 5144 dulces
2932 5090 3187 5147 melodias
3229 5093 3608 5150 cantilenarum

2035 5175 2460 5231 Omnimodarum
2479 5218 2494 5241 ,
2517 5194 2622 5232 non
2642 5171 2829 5234 ﬂorum
2851 5186 2905 5234 et
2925 5189 3306 5250 unguentorum
3329 5191 3385 5240 et
3401 5198 3610 5240 aromaa

2039 5272 2147 5318 tum
2175 5267 2613 5336 suaveolentiam,
2632 5272 2738 5324 non
2756 5284 2944 5324 manna
2961 5281 3015 5324 et
3042 5272 3219 5338 mella,
3237 5287 3342 5328 non
3369 5274 3607 5331 membri

2035 5355 2377 5424 acceptabilia
2418 5357 2594 5412 carnis
2625 5344 2976 5430 amplexibus.
3009 5359 3124 5415 Non
3152 5360 3265 5418 haec
3287 5356 3445 5432 amo,
3483 5368 3607 5420 etim

2035 5445 2156 5496 amo
2206 5444 2368 5498 Deum
2411 5441 2584 5500 meum
2608 5461 2626 5512 ;
2653 5455 2708 5502 et
2738 5455 2914 5502 tamen
2940 5465 3060 5504 amo
3083 5451 3360 5519 quamdam
3398 5452 3607 5517 lucem;

2034 5538 2089 5586 et
2113 5533 2392 5602 quamdam
2419 5549 2603 5590 vocem
2625 5579 2638 5603 ,
2670 5545 2724 5593 ct
2750 5539 3032 5609 quemdam
3053 5529 3270 5598 odorem
3288 5552 3308 5610 ,'
3339 5550 3394 5599 et
3421 5549 3608 5612 quem-i

2034 5623 2154 5679 dam
2185 5625 2361 5679 cibum
2381 5667 2395 5692 ,
2426 5635 2481 5681 ct
2509 5630 3135 5702 quemdam'amplexum,
3155 5649 3276 5691 cum
3295 5641 3417 5691 amo
3435 5630 3603 5691 Deuni

2100 5756 2117 5787 ι
2140 5753 2318 5821 Etiam,
2339 5756 2484 5821 ju'xta'
2500 5757 2620 5811 Ven.
2638 5760 2701 5811 II.’
