4078 6366
444 327 542 383 78Σῖ

447 452 621 495 meum
643 479 657 502 ,
698 439 905 499 lucem,
939 448 1156 499 vocem,
1198 431 1443 495 odorem,
1473 428 1646 483 cibum
1667 469 1680 493 ,
1708 425 2012 495 amplexum

447 529 715 586 interioris
742 526 971 581 hominis
1004 526 1143 590 mei;
1183 523 1268 578 ubi
1303 522 1461 592 fulget
1495 522 1683 575 anima:
1712 534 1845 574 mea:
1874 516 2015 588 quod

446 642 551 681 non
578 624 718 695 capit
745 624 893 679 locus
912 661 928 688 ,
958 628 1013 676 et
1038 619 1125 673 ubi
1153 625 1307 672 sonat
1324 615 1463 686 quod
1494 629 1597 668 non
1624 613 1759 681 rapit
1784 620 2011 680 tempus,

449 728 503 773 et
523 718 611 773 ubi
634 717 740 771 olet
766 713 905 786 quod
935 728 1039 767 non
1069 710 1267 781 spargit
1298 709 1484 773 ﬂatus,
1518 716 1573 762 et
1597 706 1686 760 ubi
1714 704 1850 774 sapit
1873 702 2013 773 quod

453 824 561 865 non
586 808 775 864 minuit
798 805 1030 862 edacitas
1056 844 1070 870 ,
1109 813 1161 856 et
1186 801 1273 856 ubi
1304 800 1469 854 haeret
1500 798 1638 867 quod
1674 812 1777 850 non
1810 794 2016 850 divellit

451 900 685 955 satietas.
725 897 839 952 Hoc
866 904 947 950 est
974 893 1111 964 quod
1142 906 1261 945 amo
1284 932 1296 956 ,
1326 905 1444 944 cum
1477 889 1639 942 Deum
1666 902 1841 940 meum
1870 901 2011 939 amo.

518 992 575 1047 9.
618 991 685 1045 Et
707 988 829 1059 quid
866 996 945 1041 cst
973 985 1110 1040 hoc?
1154 980 1472 1052 Interrogavi
1512 990 1705 1034 terram
1729 1018 1745 1043 ,
1775 986 1829 1032 et
1851 977 2012 1043 dixit,

447 1080 564 1136 Non
584 1094 737 1144 sum;
776 1087 831 1133 et
865 1090 1205 1147 quiscumque
1230 1074 1282 1127 in
1312 1073 1499 1126 eadem
1530 1079 1685 1137 sunt,
1718 1070 1854 1125 idem
1884 1083 2014 1123 con-

450 1172 587 1227 fessa
622 1178 764 1224 sunt.
804 1165 1126 1236 Interrogavi
1168 1179 1313 1218 mare
1345 1172 1399 1217 et
1432 1162 1680 1232 abyssos,
1720 1168 1776 1214 et
1811 1158 2015 1228 reptilia

448 1264 741 1318 animarum
798 1259 1070 1321 vivarum,
1119 1266 1173 1310 et
1212 1250 1783 1324 respouderuut:Non
1832 1264 2015 1305 sumus

452 1352 588 1407 Deus
618 1360 771 1415 tuus;
799 1363 975 1417 qurere
1004 1360 1163 1417 super
1187 1359 1302 1398 nos.
1334 1342 1650 1411 Interrogavi
1682 1355 1837 1394 auras
1866 1338 2014 1393 ﬂabi-

452 1444 529 1498 les
547 1482 563 1508 ,
587 1441 825 1510 et-inquit
846 1439 1122 1494 universus
1150 1453 1242 1491 aer
1268 1452 1388 1489 cum
1415 1433 1599 1489 incolis
1618 1433 1728 1488 suis
1752 1450 1765 1486 :
1792 1432 2016 1487 Fallitur

451 1532 844 1595 Anaximenes;
901 1544 1007 1584 non
1050 1543 1167 1583 sum
1214 1527 1371 1581 Deus.
1411 1523 1737 1594 Interrogavi
1779 1523 2011 1588 coelum,

456 1626 657 1689 solem,
692 1623 865 1676 lunam
889 1661 904 1686 ,
933 1620 1139 1679 stellas;
1172 1632 1343 1687 neque
1362 1631 1458 1670 nos
1483 1631 1663 1669 sumus
1692 1616 1828 1669 Deus
1854 1628 2014 1684 quem

450 1713 664 1784 quaeris,
703 1712 961 1782 inquiunt.
990 1710 1059 1763 Et
1084 1707 1190 1763 dixi
1235 1707 1478 1760 omnibus
1523 1706 1587 1759 iis
1632 1720 1747 1774 quae
1788 1705 2015 1758 circum-

451 1812 593 1858 stant
616 1803 752 1857 fores
774 1802 948 1855 carnis
969 1815 1129 1853 mem:
1155 1797 1365 1851 Dixistis
1384 1796 1508 1849 mihi
1527 1795 1591 1848 dc
1612 1796 1719 1849 Deo
1736 1810 1852 1848 meo
1872 1793 2014 1864 quod

449 1909 543 1948 vos
564 1908 666 1947 non
686 1892 833 1957 estis,
858 1889 1013 1944 dicite
1031 1888 1157 1942 mihi
1177 1887 1243 1941 de
1261 1888 1347 1939 illo
1362 1884 1573 1954 aliquid.
1602 1884 1665 1937 Et
1681 1883 2015 1937 exclamave-

450 1992 573 2038 runt
601 1996 729 2036 voce
754 1994 970 2051 magna:
993 1979 1106 2049 Ipse
1126 1976 1247 2031 fecit
1268 1992 1362 2030 nos
1381 1974 1547 2045 (Psul.
1567 1990 1707 2039 xcrx,
1727 1973 1800 2043 '5).
1844 1973 2012 2028 Inter-

443 2072 653 2142 rogatio
672 2085 808 2136 mea,
829 2070 1048 2125 intentio
1065 2083 1180 2123 mea
1200 2084 1214 2133 ;
1234 2075 1286 2121 et
1303 2064 1575 2135 responsio
1592 2080 1793 2129 eorum,
1809 2065 2013 2134 species

445 2176 651 2217 eorum.
692 2161 758 2217 Et
796 2160 965 2214 direxi
1009 2172 1093 2212 me
1131 2156 1196 2210 ad
1237 2171 1350 2221 me,
1388 2164 1440 2209 ct
1475 2155 1582 2208 dixi
1610 2154 1734 2208 mihi
1759 2154 1875 2221 ,Tu
1895 2156 2014 2227 quis

450 2254 547 2309 es?
578 2253 641 2306 Et
668 2250 948 2320 respondi,
992 2250 1182 2304 Homo.
1214 2249 1275 2302 Et
1300 2262 1425 2302 ecce
1454 2261 1646 2317 corpus
1672 2255 1725 2301 et
1747 2248 1922 2301 anima
1958 2248 2010 2301 in

446 2357 532 2397 me
558 2340 685 2395 mihi
714 2348 905 2410 praesto
930 2347 1083 2404 sunt;
1117 2354 1276 2392 unum
1307 2338 1557 2403 exterius,
1585 2347 1639 2391 et
1665 2337 1885 2392 alterum
1926 2337 2009 2392 in-

446 2436 626 2491 terius.
670 2434 808 2502 Quid
853 2434 1038 2487 horum
1078 2440 1158 2487 est
1198 2430 1334 2485 unde
1372 2445 1610 2500 quaerere
1647 2430 1803 2485 debui
1844 2429 2009 2486 Deum

432 2543 640 2594 meum,
663 2541 826 2596 quem
839 2524 946 2595 jam
964 2523 1305 2594 qumsiveram
1328 2536 1421 2590 per
1440 2536 1630 2591 corpus
1644 2536 1674 2575 a
1693 2529 1829 2575 terra
1845 2535 2013 2591 usque

444 2611 508 2671 ail
555 2616 783 2681 cadum,
830 2628 1104 2686 quousque
1144 2611 1287 2682 potui
1331 2611 1541 2665 mittere
1570 2610 1809 2672 nuntios,
1837 2609 2014 2665 radios

445 2708 717 2764 oculorum
772 2705 1057 2761 meorum?
1098 2702 1200 2759 Sed
1240 2702 1428 2757 melius
1473 2701 1611 2772 quod
1659 2699 1898 2755 interius.
1950 2698 2013 2754 Ei

444 2799 639 2870 quippe
677 2795 1055 2853 renuntiabant
1091 2807 1276 2848 omnes
1302 2790 1465 2846 nuntii
1492 2790 1795 2859 corporales
1826 2789 2012 2859 przcsi-

445 2890 589 2943 denti
629 2898 682 2945 et
715 2886 971 2958 judicanti
1003 2884 1070 2940 de
1108 2883 1325 2955 singulis
1359 2880 1788 2953 responsionibus
1813 2879 1935 2938 οωιὶ
1961 2887 2015 2935 et

446 2990 602 3035 terra:
621 2989 675 3033 et
699 2978 936 3033 omnium
958 2992 1077 3047 qua:
1103 2977 1157 3031 in
1182 2976 1260 3031 eis
1285 2982 1409 3029 sunt
1426 2974 1711 3028 dicentium
1738 2989 1754 3028 :
1782 2972 1896 3027 Non
1925 2986 2013 3027 su-

444 3084 562 3124 mus
592 3067 730 3124 Deus
753 3108 769 3133 ,
809 3067 902 3122 sed
933 3068 1045 3137 ipse
1070 3065 1197 3122 fecit
1224 3079 1341 3120 nos.
1373 3064 1543 3118 Homo
1572 3063 1790 3119 interior
1814 3078 2011 3135 cogno-

444 3160 519 3214 vit
570 3158 683 3213 lucc
730 3172 824 3228 per
865 3157 1141 3213 exterioris
1188 3156 1581 3220 ministerium;
1644 3169 1742 3225 ego
1794 3155 2015 3209 interior

445 3246 667 3319 cognovi
714 3247 861 3315 lucc,
892 3261 989 3317 ego
1008 3286 1024 3312 ,
1065 3261 1163 3316 ego
1197 3245 1406 3299 animus
1426 3259 1530 3315 per
1558 3257 1743 3298 sensus
1774 3245 2011 3313 corporis

447 3340 569 3394 mei.
616 3338 936 3409 Interrogavi
979 3336 1162 3392 mundi
1206 3337 1397 3391 molem
1434 3336 1502 3390 de
1537 3336 1647 3390 Deo
1671 3351 1818 3402 meo,
1848 3346 1901 3391 et
1925 3352 2011 3391 re-

447 3430 661 3501 spondit
686 3430 812 3486 mihi
838 3446 850 3483 :
878 3429 991 3484 Non
1013 3444 1111 3499 ego
1142 3444 1256 3483 sum
1275 3470 1289 3494 ,
1320 3427 1413 3482 scd
1442 3428 1553 3497 ipse
1582 3441 1666 3480 me
1694 3427 1835 3481 fecit.

518 3522 605 3578 10.
644 3522 829 3577 Nonne
853 3520 1098 3575 omnibus
1122 3518 1311 3589 quibus
1337 3518 1537 3587 integer
1565 3531 1752 3572 sensus
1779 3526 1859 3572 est
1878 3559 1893 3583 ,
1922 3531 2013 3587 ap-

446 3625 597 3685 paret
618 3613 735 3670 haec
760 3613 998 3685 species?
1020 3610 1130 3666 Cur
1150 3626 1252 3666 non
1274 3611 1520 3665 omnibus
1540 3609 1724 3666 eadem
1750 3611 2013 3680 loquitur?

448 3706 709 3762 Animalia
739 3705 927 3776 pusilla
954 3714 1007 3759 et
1039 3719 1226 3773 magna
1257 3704 1435 3758 vident
1472 3719 1585 3758 eam
1606 3744 1620 3770 ,
1660 3704 1751 3759 sed
1790 3706 2012 3759 interro-

446 3815 571 3869 gare
610 3806 882 3869 nequeunt
909 3815 923 3851 :
950 3811 1057 3851 non
1094 3796 1233 3849 enim
1273 3795 1551 3866 praeposita
1578 3803 1659 3851 est
1687 3794 1738 3849 in
1770 3796 1850 3850 eis
1878 3812 2013 3849 nun~

450 3888 698 3944 tiautibus
734 3887 980 3943 sensibus
1013 3884 1175 3956 judex
1219 3888 1372 3940 ratio.
1419 3885 1671 3941 Homines
1696 3894 1872 3939 autem
1894 3902 2015 3956 pos-

449 3990 573 4035 sunt
593 3981 916 4049 interrogare
934 4019 950 4043 ,
978 3985 1036 4031 ut
1060 3976 1334 4032 invisibilia
1362 3977 1490 4044 Dei,
1516 3992 1614 4047 per
1640 3992 1703 4032 ea
1731 3992 1849 4045 qua:
1880 3976 2014 4031 facta

450 4080 603 4132 sunt.
655 4068 919 4124 intellecta
972 4067 1360 4136 conSpiciantur
1394 4068 1411 4099 ⁸
1446 4067 1627 4137 (Rom.
1668 4082 1720 4127 ι.
1752 4064 1880 4139 20);
1921 4067 2015 4123 sed

452 4176 634 4217 amore
655 4160 949 4216 subdantur
973 4161 1071 4223 eis,
1098 4166 1151 4213 et
1171 4157 1365 4213 subditi
1387 4157 1626 4226 judicare
1648 4172 1749 4211 non
1777 4168 2013 4227 possunt.

454 4253 564 4307 Nec
592 4249 914 4321 respondent
937 4249 1031 4303 ista
1055 4248 1497 4318 interrogantibus
1516 4248 1614 4301 nisi
1631 4246 2012 4317 judicantibus;

455 4360 554 4401 nec
592 4359 777 4400 vocem
818 4358 965 4397 suam
1008 4349 1245 4407 mutant,
1288 4339 1339 4393 id
1367 4347 1447 4393 cst
1475 4338 1702 4408 speciem
1744 4353 1929 4404 suam,
1970 4339 2016 4393 si

458 4436 591 4489 alius
634 4442 832 4489 tantum
882 4432 1088 4493 videat,
1120 4430 1253 4483 alius
1278 4437 1453 4482 autem
1490 4426 1676 4481 videns
1701 4427 2014 4496 interroget,

455 4534 513 4581 ut
537 4526 693 4581 aliter
726 4524 801 4579 illi
837 4530 1119 4595 appareat,
1158 4522 1308 4573 aliter
1335 4517 1493 4580 huic;
1525 4518 1616 4572 sed
1647 4518 1831 4572 eodem
1862 4517 2018 4571 modo

453 4616 662 4686 utrique
700 4626 994 4685 apparens,
1032 4612 1106 4665 illi
1147 4618 1289 4664 muta
1319 4619 1428 4671 est,
1462 4608 1581 4662 huic
1615 4608 1843 4678 loquitur
1871 4626 1883 4661 :
1912 4608 2017 4662 imo

451 4724 577 4765 vero
615 4706 863 4765 omnibus
903 4704 1169 4774 loquitur;
1212 4701 1306 4756 scd
1343 4701 1421 4755 illi
1463 4701 1760 4770 intelligunt
1791 4700 1881 4770 qui
1905 4700 2018 4767 ejus

450 4816 635 4860 vocem
678 4806 947 4869 acceptam
993 4794 1120 4851 fetis
1157 4794 1296 4847 intus
1330 4807 1448 4846 eum
1477 4792 1700 4845 veritate
1719 4790 2015 4845 conferunt.

451 4893 661 4948 Veritas
701 4889 845 4945 enim
882 4886 1012 4941 dicit
1046 4883 1174 4938 mihi
1199 4900 1212 4937 :
1240 4883 1353 4938 Non
1380 4892 1462 4937 est
1489 4883 1626 4936 Deus
1655 4892 1774 4936 tuus
1794 4881 2014 4946 coelum,

449 4990 506 5038 et
545 4990 723 5046 terra;
758 4991 941 5047 neque
978 4990 1137 5031 omne
1173 4988 1386 5044 corpus.
1417 4973 1528 5028 Hoc
1555 4973 1680 5027 dicit
1707 4988 1890 5028 eorum
1920 4987 2011 5026 na-

451 5081 565 5127 tura
610 5068 850 5125 videnti:
878 5066 1041 5122 Moles
1078 5072 1195 5130 est;
1233 5064 1404 5119 moles
1442 5063 1615 5118 minor
1654 5072 1737 5116 est
1776 5064 1827 5117 in
1868 5072 2016 5132 parte

447 5176 603 5233 quam
629 5161 684 5214 in
710 5134 840 5213 toto.
883 5155 1001 5217 Jam
1037 5163 1094 5210 tu
1137 5153 1325 5211 melior
1358 5168 1451 5214 es;
1496 5151 1592 5205 tibi
1623 5150 1776 5217 dico,
1803 5152 2011 5216 anima;

449 5252 695 5323 quoniam
725 5256 782 5303 tu
807 5254 1023 5317 vegetas
1048 5246 1244 5301 molem
1289 5242 1526 5309 corporis
1562 5241 1671 5306 tui,
1701 5241 1942 5309 pra-hens
1965 5242 2014 5296 ei

454 5345 609 5397 vitam
632 5383 646 5407 ,
695 5338 835 5410 quod
878 5337 1081 5392 nullum
1128 5349 1321 5404 corpus
1361 5341 1573 5401 pra-stat
1612 5333 1841 5401 corpori.
1879 5334 2014 5388 Dcus

458 5441 629 5488 autem
655 5440 775 5485 tuus
801 5428 959 5483 etiam
993 5425 1083 5479 tibi
1111 5425 1229 5478 vita:
1255 5425 1355 5476 vita
1379 5432 1461 5476 est
1482 5423 1522 5475 ¹.

510 5576 527 5606 ι
549 5571 1018 5636 (νοηδρίάωιενῇυιω
1041 5568 1072 5617 3
1096 5576 1197 5616 Mss.
1224 5574 1352 5616 Mart.
1377 5573 1433 5636 at.
1548 5630 1560 5636 Α
1765 5624 1777 5635 ,
1832 5625 1842 5635 ,

512 5636 533 5665 ⁸
557 5636 627 5681 sic
669 5623 777 5681 'Arn.
815 5623 1034 5687 et'Mss.;
1067 5638 1116 5678 at
1140 5638 1234 5677 Am.
1272 5636 1342 5678 Γπ.
1377 5630 1655 5683 l.ov.,cltrnn
1686 5623 1777 5676 tibi
1800 5625 1891 5676 rit:
1924 5636 2007 5679 est.

358 5684 365 5691 ³
449 5718 509 5735 ο-
530 5697 600 5743 sic
624 5697 768 5742 etiam
790 5700 904 5739 \‘en.
934 5700 985 5739 et
1008 5684 1150 5752 Lugd.
1178 5697 1228 5737 Μ.

1570 300 2079 362 ευλβέδδιυΝυκ
2117 301 2171 358 S.
2218 303 2576 362 AUGUSTINI

3588 321 3692 377 786

2723 448 2943 506 CAPUT
2989 451 3089 507 VII.

2204 557 2453 627 Corporea
2477 570 2563 613 aut
2588 562 2821 615 seusitiva
2847 563 3028 618 rirtute
3052 564 3191 620 Deus
3211 583 3309 621 non
3333 569 3603 625 inuenitur.

2194 674 2277 727 Η.
2318 673 2452 739 Quid
2478 690 2605 743 ergo
2632 690 2751 729 amo
2771 716 2785 739 ,
2816 691 2937 731 cum
2968 678 3131 733 Deum
3163 695 3337 735 meum
3367 684 3525 737 amo?
3556 683 3684 751 Quis

2120 772 2201 818 est
2231 764 2317 818 ille
2342 779 2501 833 super
2523 767 2887 834 caputanimte
2919 769 3091 824 mere?
3128 770 3229 825 Per
3265 771 3431 841 ipsam
3457 773 3684 828 animam

2122 871 2293 909 meam
2335 856 2616 910 ascendam
2644 857 2708 911 ad
2736 858 2902 911 illum.
2935 859 3192 915 Transibo
3218 861 3324 917 vim
3348 879 3520 918 meam
3541 904 3555 928 ,
3580 879 3684 934 qua

2124 945 2299 999 haereo
2339 947 2585 1016 corpori,
2629 957 2683 1002 et
2722 948 2950 1003 vitaliter
2989 964 3297 1021 compagem
3336 953 3450 1021 ejus
3483 956 3683 1024 repleo.

2120 1034 2234 1090 Non
2276 1051 2337 1103 ea
2377 1037 2427 1091 vi
2473 1039 2680 1106 reperio
2725 1039 2888 1093 Deum
2931 1055 3290 1096 meumzuam
3334 1043 3590 1112 reperiret
3632 1054 3689 1099 et

2119 1142 2319 1198 equus,
2351 1138 2404 1184 et
2441 1130 2647 1195 mulus,
2690 1131 2882 1200 quibus
2918 1147 3023 1187 non
3061 1140 3143 1187 est
3177 1133 3474 1189 intellectus
3515 1134 3682 1205 (Ρωι.

2125 1235 2284 1285 xxxi,
2308 1218 2400 1292 9);
2429 1222 2548 1291 quia
2574 1230 2654 1278 est
2674 1223 2861 1279 eadem
2886 1223 2965 1278 vis
2985 1239 3086 1294 qua
3114 1225 3297 1280 vivunt
3319 1227 3475 1281 etiam
3501 1242 3685 1283 eorum

2119 1324 2363 1381 corpora.
2404 1310 2501 1365 Est
2537 1312 2639 1366 alia
2682 1312 2763 1367 vis
2802 1328 2905 1366 non
2952 1313 3123 1368 solum
3165 1329 3265 1383 qua
3308 1316 3548 1382 vivifico,
3591 1316 3687 1372 sed

2119 1401 2278 1455 etiam
2299 1416 2399 1472 qua
2421 1402 2666 1458 sensifico
2690 1418 2905 1458 carnem
2932 1420 3103 1459 meam
3129 1420 3285 1475 quam
3308 1406 3433 1460 mihi
3461 1406 3685 1462 fabrica-

2118 1490 2193 1545 vit
2231 1492 2519 1559 Dominus;
2554 1493 2747 1562 jubeus
2779 1494 2931 1549 oculo
2958 1503 3011 1549 ut
3050 1510 3151 1548 non
3182 1495 3392 1561 audiat,
3419 1504 3473 1551 et
3494 1496 3607 1551 auri
3628 1507 3688 1552 ut

2119 1596 2222 1636 non
2252 1581 2455 1648 videat;
2486 1583 2578 1638 sed
2602 1584 2674 1638 illi
2700 1599 2795 1653 per
2813 1600 2969 1655 quem
2990 1584 3194 1640 videam
3219 1603 3234 1651 ;
3266 1585 3388 1640 huic
3412 1601 3506 1655 per
3527 1602 3685 1656 quam

2117 1672 2325 1729 audiam
2350 1692 2363 1726 :
2396 1683 2448 1729 et
2468 1674 2677 1745 propria
2706 1677 3007 1747 singillatim
3039 1679 3247 1733 caeteris
3275 1679 3516 1735 sensibus
3542 1678 3684 1734 sedi-

2116 1763 2214 1819 bus
2239 1764 2350 1820 suis
2373 1774 2427 1821 et
2448 1767 2635 1822 ofﬁciis
2656 1768 2798 1834 suis;
2821 1784 2937 1838 qua:
2958 1767 3162 1823 diversa
3190 1785 3284 1839 per
3307 1785 3402 1825 eos
3427 1785 3526 1841 ago
3550 1785 3685 1825 unus

2118 1869 2216 1925 ego
2240 1856 2446 1911 animus
2474 1858 2514 1910 ι.
2547 1858 2806 1914 Transibo
2834 1870 2888 1915 et
2916 1861 3071 1915 istam
3103 1862 3211 1915 vim
3246 1877 3418 1917 meam
3443 1880 3456 1916 :
3481 1877 3603 1917 nam
3631 1871 3686 1918 et

2118 1945 2253 2001 hanc
2279 1946 2440 2002 habet
2482 1964 2649 2019 equus
2673 1990 2689 2017 ,
2731 1960 2784 2005 et
2825 1951 3032 2017 mulus;
3074 1950 3308 2008 sentiunt
3346 1952 3487 2009 enim
3524 1952 3682 2009 etiam

2118 2036 2215 2105 ipsi
2245 2052 2340 2107 per
2362 2052 2574 2108 corpus.

2706 2129 2931 2188 CAPUT
2967 2131 3101 2188 VIII.

2710 2230 2974 2288 Memoria:
2996 2233 3089 2290 vis.

2189 2341 2277 2396 12.
2318 2341 2575 2399 Transibo
2603 2359 2728 2415 ergo
2754 2353 2809 2400 et
2834 2346 2987 2401 istam
3011 2347 3117 2403 vim
3144 2357 3344 2404 natura:
3375 2366 3505 2406 mea:
3524 2394 3541 2419 ,
3567 2369 3685 2423 gra-

2116 2431 2270 2488 dibus
2305 2434 2596 2490 ascendens
2635 2435 2701 2489 ad
2741 2451 2861 2491 cum
2899 2439 2986 2507 qui
3025 2439 3149 2493 fecit
3173 2456 3290 2505 me;
3334 2449 3386 2496 et
3430 2444 3584 2498 venio
3629 2445 3684 2500 in

2116 2540 2331 2595 campos
2360 2534 2413 2580 et
2441 2526 2543 2580 lata
2572 2528 2819 2596 praetoria
2846 2532 3115 2585 memoriae
3138 2573 3150 2595 ,
3177 2533 3265 2587 ubi
3294 2544 3416 2588 sunt
3450 2536 3680 2592 thesauri

2118 2615 2577 2671 innumerabilium
2617 2618 2901 2689 imaginum
2950 2620 3019 2677 de
3064 2622 3424 2692 cujuscernodi
3466 2629 3487 2660 ⁸
3524 2628 3680 2684 rebus

2117 2707 2287 2760 scnsis
2314 2706 2657 2762 invectarum.
2690 2708 2762 2763 Ibi
2790 2712 3117 2769 reconditqu
3144 2724 3226 2771 est
3252 2719 3500 2787 quidquid
3525 2720 3680 2775 etiam

2116 2796 2438 2865 cogitamus,
2471 2797 2554 2853 vel
2579 2800 2817 2869 augendo
2838 2802 2917 2857 vel
2943 2804 3229 2862 minuendo
3248 2849 3263 2874 ,
3292 2811 3371 2863 vel
3404 2823 3683 2881 utcumque

2118 2886 2369 2940 variando
2411 2903 2473 2944 ea
2519 2905 2637 2958 quae
2675 2906 2864 2947 sensus
2902 2895 3164 2965 attigerit;
3210 2908 3264 2953 et
3300 2901 3343 2953 si
3381 2900 3504 2969 quid
3543 2902 3681 2956 aliud

2116 2975 2537 3030 commendatum
2578 2988 2631 3032 et
2672 2981 2960 3049 repositum
3000 2994 3114 3052 est,
3150 2987 3287 3055 quod
3328 2989 3559 3043 nondum
3585 2990 3679 3045 ab-

2116 3063 2318 3118 sorbuit
2346 3074 2398 3119 et
2427 3068 2674 3136 sepelivit
2701 3071 2915 3128 oblivio.
2939 3073 3010 3128 lbi
3038 3076 3245 3144 quando
3265 3093 3381 3133 sum
3398 3122 3411 3143 ,
3447 3097 3605 3150 posco
3627 3092 3682 3138 ut

2117 3152 2416 3221 proferatur
2460 3156 2711 3227 quidquid
2754 3161 2909 3227 volo,
2955 3173 3011 3218 et
3053 3166 3290 3235 qumdam
3343 3171 3518 3224 statim
3562 3187 3684 3240 pro-

2115 3243 2312 3308 deunt;
2353 3247 2590 3316 qumdam
2635 3252 2971 3320 requiruntur
3007 3254 3230 3323 diutius,
3262 3267 3316 3311 et
3340 3270 3583 3330 tanquam
3615 3263 3682 3318 de

2118 3334 2527 3391 abstrusioribus
2547 3339 2858 3407 quibusdam
2882 3347 3222 3413 receptaculis
3243 3360 3526 3415 eruuntur;
3546 3368 3682 3423 qum-

2116 3423 2236 3478 dam
2257 3427 2563 3481 catervatim
2585 3443 2643 3482 se
2670 3442 2923 3499 proruunt
2949 3434 2988 3498 ⁸,
3015 3443 3069 3490 et
3095 3434 3219 3490 dum
3248 3441 3387 3494 aliud
3416 3443 3607 3511 petitur
3629 3454 3682 3501 et

2116 3517 2407 3581 quaeritur,
2454 3518 2733 3586 prosiliunt
2772 3521 2823 3574 in
2864 3523 3093 3580 medium
3133 3529 3281 3596 quasi
3321 3530 3582 3602 dicentia,
3607 3535 3682 3590 Ne

2119 3603 2255 3660 forte
2298 3620 2395 3660 nos
2433 3609 2653 3663 sumus?
2696 3610 2762 3665 Et
2797 3612 2951 3684 abigo
2991 3630 3051 3668 ea
3099 3632 3254 3673 manu
3295 3621 3470 3675 cordis
3497 3638 3525 3675 a
3550 3624 3682 3679 facie

2120 3698 2500 3769 recordationis
2541 3717 2707 3767 mem,
2755 3704 2925 3759 donec
2966 3708 3264 3763 enuhiletur
3290 3713 3429 3781 quod
3469 3713 3489 3745 ⁸
3522 3716 3677 3783 volo,

2121 3797 2279 3860 alque
2303 3792 2355 3847 in
2383 3804 2719 3863 conspectum
2746 3794 2962 3865 prodeat
2985 3814 3046 3853 ex
3078 3799 3286 3856 abditis.
3321 3804 3433 3858 Alia
3460 3805 3683 3862 faciliter

2121 3891 2277 3951 atque
2307 3884 2682 3955 imperturbata
2712 3890 2849 3941 serie
2869 3931 2883 3952 ,
2921 3891 3051 3944 sicut
3088 3904 3373 3960 poscuntur
3396 3910 3682 3968 suggerun-

2122 3982 2235 4038 tur;
2268 3984 2322 4028 et
2360 3976 2553 4029 cedunt
2593 3979 2938 4045 prmccdcutia
2981 3984 3454 4052 consequentibus;
3502 3996 3557 4043 et
3593 4002 3683 4044 ce-

2121 4063 2296 4120 dendo
2338 4067 2665 4128 conduntur.
2710 4069 2897 4123 iterum
2938 4085 3055 4124 cum
3095 4073 3310 4127 voluero
3348 4090 3680 4143 processura.

2120 4153 2267 4220 Quod
2296 4164 2461 4210 totum
2496 4157 2580 4221 fit,
2609 4173 2726 4211 cum
2757 4160 2949 4228 aliquid
2973 4175 3128 4215 uarro
3150 4164 3472 4218 memoriter.

2193 4248 2278 4301 15.
2308 4246 2381 4301 Ibi
2410 4257 2531 4301 sunt
2556 4249 2729 4303 omnia
2755 4249 2999 4305 distincte
3024 4254 3419 4325 generatimque
3441 4266 3645 4311 servata
3666 4299 3680 4323 ,

2120 4351 2235 4406 quae
2273 4352 2368 4391 suo
2394 4353 2615 4408 qumque
2657 4338 2798 4393 aditu
2835 4340 3033 4409 ingesta
3072 4352 3226 4406 sunt,
3254 4343 3388 4398 sicut
3417 4344 3504 4400 lux
3530 4356 3684 4418 atque

2120 4442 2305 4481 omnes
2334 4428 2541 4483 colores
2578 4430 2865 4502 formmque
2891 4446 3169 4502 corporum
3209 4448 3303 4502 per
3338 4436 3551 4501 oculos;
3592 4453 3685 4506 per

2120 4531 2276 4572 aures
2299 4529 2472 4573 autem
2490 4520 2665 4573 omnia
2678 4536 2872 4591 genera
2889 4536 3137 4577 sonorum
3159 4541 3173 4587 ;
3190 4539 3475 4595 omnesque
3492 4526 3684 4581 odores

2123 4623 2216 4678 per
2238 4608 2437 4663 aditum
2462 4611 2665 4663 narium
2685 4627 2698 4677 ;
2732 4626 2917 4666 omnes
2933 4627 3149 4682 sapores
3166 4629 3260 4682 per
3273 4616 3383 4670 oris
3406 4615 3633 4679 aditum;
3654 4632 3684 4672 a

2121 4713 2282 4754 sensu
2303 4708 2478 4753 autem
2501 4699 2662 4754 totius
2683 4703 2919 4771 corporis
2936 4742 2953 4768 ,
2973 4704 3097 4774 quid
3118 4705 3325 4772 durum,
3347 4706 3469 4777 quid
3492 4707 3647 4762 molle
3672 4751 3687 4773 ,

2123 4792 2249 4862 quid
2279 4793 2503 4848 calidum
2544 4792 2891 4865 frigidumve,
2936 4795 3055 4852 leue
3094 4806 3184 4851 aut
3220 4812 3496 4868 asperum,
3524 4816 3690 4871 grave

2121 4898 2212 4937 seu
2228 4884 2361 4948 leve,
2378 4884 2489 4938 sive
2504 4885 2831 4941 extrinsecus
2861 4885 2974 4942 sive
2990 4887 3302 4944 intrinsecus
3316 4892 3545 4960 corpori.
3566 4892 3689 4946 Ila‘c

2121 4975 2295 5029 omnia
2337 4976 2523 5046 recipit
2548 4977 2826 5032 recolenda
2851 4994 2970 5034 eum
3006 4995 3137 5048 opus
3165 4992 3247 5036 est
3276 4990 3329 5036 ct
3352 4982 3687 5037 retractanda

2119 5065 2331 5134 grandis
2356 5066 2622 5121 memoria:
2642 5082 2902 5136 recessus,
2924 5077 2979 5123 et
2995 5070 3175 5125 nescio
3192 5070 3280 5140 qui
3308 5072 3497 5126 secreti
3526 5082 3688 5142 atque

2120 5158 2408 5212 ineffabiles
2435 5159 2581 5213 sinus
2609 5158 2754 5229 ejus;
2782 5176 2900 5230 quae
2920 5162 3093 5216 omnia
3113 5163 3221 5217 suis
3240 5179 3460 5233 qumque
3485 5162 3689 5219 foribus

2118 5246 2314 5301 intrant
2337 5247 2402 5301 ad
2431 5263 2545 5301 eam
2569 5289 2583 5313 ,
2615 5259 2667 5304 et
2694 5260 3021 5319 reponuntur
3048 5251 3100 5305 in
3124 5266 3208 5307 ea.
3236 5251 3342 5307 Nec
3370 5253 3481 5322 ipsa
3508 5262 3689 5308 tamen

2120 5339 2347 5405 intrant,
2392 5339 2485 5393 sed
2525 5356 2699 5393 rerum
2741 5356 3014 5397 sensarum
3055 5342 3308 5412 imagines
3346 5342 3453 5399 illic
3490 5350 3689 5413 praesto

2181 5507 2197 5570 ε
2231 5512 2359 5570 Unus
2380 5516 2469 5570 ago
2488 5503 2698 5570 animus,
2718 5506 2854 5565 juxta
2884 5514 3002 5555 ven.
3028 5512 3082 5554 Μ.

2183 5569 2201 5598 ’
2231 5566 2589 5627 Hujuscemodi,
2610 5567 2745 5622 juxta
2771 5574 2843 5615 t-‘.r.
2872 5575 2984 5614 \‘eu.
3010 5575 3065 5617 et
3083 5568 3230 5629 lngd.
3278 5576 3331 5618 Μ.

2182 5628 2201 5658 ³
2224 5629 2289 5691 se
2314 5638 2550 5690 promum,
2569 5631 2704 5691 juxta
2736 5632 2854 5681 Ven.
2881 5632 2945 5682 ll.

2232 5690 2363 5739 Illud
2387 5693 2531 5753 quod,
2552 5696 2693 5753 juxta
2721 5693 2801 5743 Er.
2832 5694 2951 5745 Ven.
2983 5695 3137 5749 Lugd.
3162 5698 3201 5748 ll
