4078 6366
365 350 467 409 785

367 474 491 527 sunt
521 461 824 537 cogitationi
867 453 1226 516 reminiscenti
1267 466 1377 511 eas.
1407 448 1534 519 Qua:
1562 443 1827 519 quomodo
1864 442 1940 497 fa-

369 561 584 617 bricata:
603 560 709 613 sint
733 556 849 628 quis
877 552 1034 618 dicit,
1066 566 1185 607 eum
1210 555 1458 617 appareat
1484 543 1673 614 quibus
1700 538 1941 596 sensibus

371 663 536 724 raptae
557 651 663 707 sint
682 649 1005 717 interiusque
1042 641 1364 701 reconditae?
1391 640 1521 694 Nam
1546 644 1604 692 ’et
1630 636 1680 689 in
1712 630 1944 689 tenebris

373 741 601 814 atquein
630 740 841 796 silentio
866 738 988 791 dum
1015 734 1221 799 habito,
1256 732 1307 787 in
1346 729 1600 785 memoria
1625 740 1739 783 mea
1772 726 1788 756 ¹
1821 737 1944 793 pro-

375 835 520 900 fero,
566 832 610 887 si
659 832 811 893 volo,
851 828 1086 892 colores;
1134 834 1187 881 et
1227 824 1471 877 discerno
1515 820 1649 872 inter
1690 816 1865 870 album
1895 820 1949 867 et

377 926 614 996 nigrum,
642 929 695 976 et
732 921 870 974 inter
904 932 1035 987 quos
1064 915 1197 970 alios
1223 912 1342 967 volo
1370 929 1381 963 :
1414 925 1510 964 uec
1535 908 1807 962 incurrunt
1832 902 1948 957 soni

379 994 535 1086 atque
564 1010 890 1083 perturbant,
908 1007 1047 1079 quod
1071 1022 1163 1077 per
1183 1004 1364 1060 oculos
1380 1002 1623 1055 haustum
1648 994 1947 1060 considero,

379 1122 498 1163 cum
526 1115 579 1161 et
606 1104 707 1175 ipsi
751 1102 885 1167 sint,
918 1109 971 1155 et
1013 1096 1161 1169 quasi
1201 1108 1439 1150 seorsum
1469 1087 1683 1159 repositi
1729 1086 1949 1140 lateant.

380 1197 511 1253 Nam
546 1205 600 1251 et
622 1194 764 1264 ipsos
790 1205 951 1262 posco
975 1190 1017 1245 si
1045 1188 1213 1260 placet
1231 1228 1245 1254 ,
1273 1194 1429 1254 atque
1464 1181 1656 1236 adsunt
1696 1177 1856 1232 illico.
1887 1175 1955 1229 Et

381 1286 684 1357 quiescente
713 1284 889 1353 lingua
932 1296 994 1336 ac
1037 1279 1223 1334 silente
1264 1283 1474 1346 gutture
1503 1278 1659 1325 canto
1702 1275 1954 1357 quantum

382 1356 534 1442 volo;
565 1375 922 1445 imaginesque
951 1371 1053 1425 illte
1092 1369 1325 1425 colorum
1367 1380 1485 1435 qum
1516 1360 1854 1417 nihilominus
1884 1356 1954 1412 ibi

382 1476 539 1533 sunt,
577 1480 685 1520 non
718 1480 777 1519 se
812 1463 1155 1531 interponunt
1181 1471 1353 1528 neque
1378 1455 1797 1522 interrumpunt,
1836 1464 1957 1505 cum

382 1558 665 1614 thesaurus
690 1556 825 1611 alius
848 1561 1162 1610 retractatur
1181 1552 1268 1621 qui
1298 1546 1503 1603 inﬂuxit
1532 1547 1596 1599 ab
1622 1543 1853 1598 auribus.
1882 1540 1957 1595 lta

383 1657 575 1705 cetera
605 1662 722 1717 qua:
743 1661 836 1715 per
855 1658 1041 1699 sensus
1063 1649 1284 1695 caeteros
1307 1639 1505 1707 ingesta
1535 1643 1692 1704 atque
1710 1639 1957 1702 congeSta

385 1750 548 1808 sunt,
592 1738 848 1795 recordor
891 1744 1042 1808 prout
1066 1734 1237 1788 libet:
1276 1739 1331 1787 et
1355 1745 1540 1786 auram
1584 1729 1809 1782 liliorum
1850 1725 1961 1779 dis-

385 1848 550 1888 cerno
591 1846 619 1884 a
649 1830 834 1895 violis,
881 1827 1009 1882 nihil
1042 1824 1322 1889 olfaeicus;
1360 1830 1414 1876 et
1436 1820 1538 1875 mel
1567 1818 1813 1883 defruto,
1846 1816 1963 1870 lene

386 1939 577 1994 aspero
595 1968 609 1991 ,
636 1924 766 1979 nihil
798 1932 922 1977 tunc
947 1919 1205 1992 gustando
1231 1931 1402 1987 neque
1429 1909 1807 1971 contrectando
1826 1950 1842 1975 ,
1871 1908 1963 1963 sed

387 2016 775 2076 reminiscendo
799 2024 1084 2086 antepono.
1244 2022 1248 2026 ‘

460 2110 549 2164 M.
579 2109 725 2163 lntus
753 2108 867 2161 haec
892 2121 1021 2176 ago,
1053 2103 1103 2159 in
1134 2104 1250 2157 aula
1289 2099 1483 2172 ingenti
1513 2095 1784 2153 memoriae
1811 2109 1963 2148 meae.

390 2199 466 2254 lbi
496 2199 636 2254 enim
662 2196 792 2252 mihi
818 2196 1012 2252 omium
1042 2203 1096 2250 et
1134 2202 1272 2248 terra
1307 2200 1361 2246 et
1402 2204 1547 2244 mare
1588 2194 1783 2257 prmsto
1812 2191 1965 2250 sunt,

389 2305 510 2345 cum
533 2288 776 2343 omnibus
802 2302 919 2363 quae
942 2286 992 2340 in
1013 2285 1090 2341 eis
1112 2283 1308 2339 sentire
1337 2281 1508 2350 potui,
1532 2287 1725 2349 przeter
1746 2275 1829 2330 illa
1852 2291 1969 2345 quas

390 2379 587 2434 oblitus
614 2393 751 2433 sum.
784 2367 931 2450 lbijet
960 2377 1072 2445 ipse
1096 2374 1225 2429 mihi
1256 2386 1507 2435 occurro,
1534 2384 1726 2440 meque
1752 2367 1931 2423 recolo
1951 2408 1965 2433 ,

389 2470 547 2540 quid,
601 2468 842 2539 quando,
897 2476 951 2522 et
996 2466 1085 2521 ubi
1129 2465 1359 2535 egerim,
1390 2476 1600 2532 quoque
1646 2458 1805 2514 modo
1846 2473 1968 2512 cum

390 2574 601 2629 agerem
632 2559 849 2614 affectus
879 2558 1089 2613 fuerim.
1127 2555 1201 2611 lbi
1233 2563 1356 2609 sunt
1383 2553 1557 2608 omnia
1582 2566 1700 2622 qua:
1729 2550 1841 2605 sive
1879 2564 1972 2603 ex-

389 2660 539 2722 perta
564 2666 590 2703 a
621 2665 707 2705 me
727 2651 837 2705 sive
861 2650 1057 2706 credita
1082 2648 1317 2703 memini.
1340 2647 1415 2700 Ex
1438 2644 1619 2700 eadem
1642 2640 1789 2711 copia
1813 2640 1969 2696 etiam

390 2744 765 2799 similitudines
789 2758 967 2798 rerum
1006 2743 1091 2797 vel
1134 2750 1468 2810 expertarum
1489 2779 1504 2805 ,
1532 2737 1615 2791 vel
1645 2752 1709 2790 ex
1739 2735 1817 2790 eis
1842 2748 1972 2804 quas

390 2846 642 2906 expertus
679 2852 795 2891 sum
835 2836 1187 2899 creditarum,
1229 2832 1358 2887 alias
1399 2840 1556 2900 atque
1595 2829 1727 2883 alias
1766 2834 1820 2883 et
1861 2827 1973 2897 ipse
2046 2874 2047 2877 η

393 2936 622 2984 contexo
646 2928 958 2997 praeteritis,
985 2934 1142 2996 atque
1167 2940 1231 2979 ex
1259 2924 1343 2978 his
1380 2923 1535 2978 etiam
1578 2922 1779 2974 futuras
1809 2918 1974 2973 aetio-

393 3034 493 3075 nes
540 3028 595 3074 et
634 3028 823 3075 eventa
862 3027 918 3074 et
957 3033 1109 3089 spes,
1150 3026 1205 3072 et
1243 3015 1358 3069 haec
1394 3013 1568 3069 omnia
1608 3025 1791 3066 rursus
1827 3008 1974 3078 quasi

395 3111 675 3179 praesentia
717 3109 964 3165 meditor.
1002 3109 1213 3163 Faciam
1258 3105 1359 3160 hoc
1386 3112 1477 3159 aut
1501 3102 1627 3157 illud
1649 3141 1664 3167 ,
1694 3101 1811 3155 dico
1836 3099 1973 3168 apud

394 3217 483 3257 me
508 3202 562 3256 in
588 3202 701 3273 ipso
731 3202 925 3271 ingenti
957 3199 1073 3254 sinu
1111 3198 1271 3253 animi
1298 3196 1402 3251 mei
1441 3194 1599 3265 pleno
1621 3201 1698 3247 tot
1720 3201 1774 3247 et
1800 3198 1974 3245 tanta-

396 3306 517 3347 rum
546 3307 722 3347 rerum
752 3291 1098 3361 imaginibus;
1131 3299 1184 3343 et
1208 3288 1308 3341 hoc
1346 3294 1437 3341 aut
1479 3284 1605 3339 illud
1632 3294 1901 3353 sequetur.
1933 3282 1978 3337 Ο

397 3387 443 3441 si
465 3394 610 3441 esset
632 3385 733 3440 hoc
754 3395 844 3440 aut
861 3385 988 3440 illud
1008 3386 1021 3438 ε
1048 3385 1263 3439 Avertat
1285 3383 1427 3437 Deus
1452 3380 1552 3436 hoc
1576 3387 1665 3434 aut
1686 3376 1833 3434 illud.
1848 3377 1978 3432 Dico

399 3475 539 3544 apud
564 3491 649 3531 me
669 3476 767 3531 ista
797 3494 809 3529 :
838 3483 893 3530 et
917 3490 1033 3529 cum
1059 3474 1197 3535 dico,
1228 3481 1421 3541 praesto
1437 3480 1558 3526 sunt
1596 3469 1851 3537 imagines
1866 3482 1980 3521 om-

400 3568 548 3623 nium
592 3584 711 3639 qua:
753 3568 873 3623 dico
917 3583 982 3623 ex
1025 3566 1210 3622 eodem
1255 3564 1503 3619 thesauro
1537 3562 1837 3627 memoriae,
1881 3574 1979 3615 nec

401 3660 619 3713 omnino
646 3659 843 3729 aliquid
868 3673 1053 3713 eorum
1080 3657 1312 3712 dicerem
1342 3654 1386 3710 si
1417 3652 1728 3709 defuissent.

473 3750 561 3805 15.
600 3749 782 3819 Magna
826 3749 924 3803 ista
968 3749 1048 3804 vis
1090 3756 1171 3803 est
1214 3745 1515 3811 memoriae,
1561 3758 1749 3813 magna
1790 3743 1978 3811 nimis,

402 3841 545 3895 Deus
579 3855 728 3895 meus
747 3882 762 3905 ,
791 3840 1063 3910 penetrale
1091 3838 1322 3908 amplum
1352 3846 1401 3892 et
1448 3836 1732 3891 inﬁnitum.
1761 3836 1887 3905 Quis
1913 3836 1981 3892 ad

403 3933 623 3988 fundum
653 3933 768 4002 ejus
793 3931 1066 4003 pervenit?
1091 3931 1158 3985 Et
1186 3933 1263 3984 vis
1291 3939 1373 3984 est
1401 3930 1514 3984 lucc
1541 3928 1698 3983 animi
1729 3929 1861 3995 inci,
1897 3937 1980 3983 at-

403 4038 507 4094 quc
540 4022 607 4077 ad
648 4038 819 4078 meam
856 4033 1095 4077 naturam
1139 4021 1398 4092 pertinet;
1433 4036 1531 4075 nec
1566 4035 1666 4089 ego
1693 4022 1803 4089 ipse
1830 4020 1982 4090 capio

402 4120 574 4167 totum
596 4113 737 4183 quod
765 4128 902 4167 sum.
937 4112 1073 4182 Ergo
1098 4111 1302 4165 animus
1325 4110 1389 4164 ad
1420 4109 1719 4165 habendum
1748 4110 1982 4180 seipsum

401 4210 660 4273 angustus
688 4212 786 4258 est.
815 4204 879 4257 Et
904 4203 989 4256 ubi
1026 4204 1128 4269 sit,
1160 4201 1300 4271 quod
1329 4201 1408 4255 sui
1434 4215 1542 4254 non
1567 4200 1703 4270 capit
1733 4199 1788 4253 '?
1816 4199 1983 4255 Num~

403 4292 530 4362 quid
557 4303 705 4347 extra
731 4292 900 4361 ipsum
930 4307 993 4346 ac
1020 4306 1123 4346 non
1152 4292 1202 4344 in
1235 4289 1387 4361 ipso?
1411 4288 1690 4355 Quomodo
1716 4304 1840 4359 ergo
1876 4305 1981 4344 non

404 4382 582 4452 capit?
609 4381 772 4436 Multa
802 4382 929 4435 mihi
960 4397 1120 4451 super
1144 4381 1243 4435 hoc
1270 4379 1508 4435 oboritur
1530 4378 1808 4433 admiratio
1827 4419 1841 4443 ,
1866 4388 1981 4434 stu-

330 4522 339 4547 s.
404 4489 507 4543 por
542 4472 892 4543 apprehendit
930 4488 1035 4528 me.
1075 4471 1142 4527 Et
1180 4480 1306 4527 eunt
1335 4470 1575 4527 homines
1603 4470 1849 4525 admirari
1878 4471 1982 4525 alta

322 4564 335 4627 π’
405 4565 705 4633 montium,
737 4575 790 4620 et
814 4566 1053 4636 ingentes
1081 4564 1267 4619 ﬂuetus
1295 4564 1456 4618 maris
1474 4606 1488 4630 ,
1516 4572 1570 4618 et
1593 4563 1875 4617 latissimos
1908 4563 1984 4616 la-

316 4640 321 4717 ἶ
405 4668 537 4723 psus
559 4652 830 4709 [luminum
847 4695 863 4721 ,
885 4662 939 4710 et
961 4653 1153 4709 Oceani
1173 4652 1446 4717 ambitum,
1473 4660 1526 4707 et
1550 4666 1708 4723 gyros
1728 4651 1982 4719 siderum,

306 4762 307 4769 η
406 4753 463 4798 et
505 4744 808 4815 relinquunt
850 4744 1087 4814 seipsos;
1116 4758 1216 4798 nec
1243 4743 1519 4809 mirantur,
1548 4742 1687 4812 quod
1729 4742 1842 4797 hrce
1866 4757 1983 4797 om-

407 4836 497 4889 nia
523 4850 644 4890 cum
674 4835 903 4890 dicerem
924 4876 941 4902 ,
968 4849 1075 4889 non
1101 4848 1164 4890 ea
1188 4833 1432 4888 videbam
1462 4833 1628 4887 oculis
1647 4875 1661 4898 ,
1685 4847 1783 4888 nec
1810 4842 1983 4886 tamen

407 4926 645 4981 dicerem
691 4926 788 4980 nisi
833 4933 1041 4981 montes
1082 4932 1138 4981 et
1179 4924 1367 4978 ﬂuetus
1394 4931 1448 4978 et
1473 4923 1687 4978 ﬂumina
1717 4932 1771 4979 et
1812 4923 1985 4978 sidera

406 5032 531 5087 quae
562 5018 699 5083 vidi,
732 5026 784 5072 et
803 5017 1067 5075 Oceanum
1095 5033 1252 5089 quem
1275 5017 1472 5071 credidi
1495 5059 1510 5083 ,
1535 5018 1673 5072 intus
1702 5017 1753 5071 in
1785 5032 1990 5071 memo-

404 5111 490 5164 ria
515 5124 634 5164 mea
658 5110 890 5165 viderem
918 5110 1101 5180 spatiis
1127 5118 1230 5162 tam
1262 5108 1560 5178 ingentibus
1587 5109 1732 5177 quasi
1765 5108 1890 5161 foris
1911 5109 1989 5161 vi-

404 5201 595 5256 derem
621 5216 636 5253 :
668 5215 764 5256 nec
787 5215 849 5256 ea
878 5209 1049 5255 tamen
1079 5199 1307 5254 videndo
1343 5198 1589 5254 obsorbui
1635 5198 1845 5269 quando
1879 5198 1985 5253 vidi

408 5290 614 5355 oculis;
651 5306 751 5346 nec
798 5292 910 5361 ipsa
953 5300 1075 5346 sunt
1117 5289 1254 5361 apud
1294 5303 1410 5355 me,
1456 5289 1551 5345 sed
1600 5290 1852 5365 imagines
1891 5308 1983 5346 eo-

480 5489 497 5520 ¹
531 5497 583 5537 m
600 5488 874 5539 memoriam
898 5500 1075 5543 meum,
1096 5487 1235 5543 juxta
1257 5485 1588 5534 Bertinensem
1614 5492 1715 5534 Mss.
1744 5491 1869 5534 Mart.
1897 5492 1953 5533 at.

479 5551 501 5581 ⁸
526 5557 633 5599 Lov.
662 5564 674 5599 :
708 5560 725 5598 t
747 5557 765 5600 t
790 5549 871 5600 ubi
891 5549 976 5609 sit,
1000 5546 1117 5611 quid
1139 5548 1217 5605 sit,
1235 5558 1330 5596 non
1350 5546 1580 5609 capiat.—
1602 5553 1796 5611 Prien.
1818 5546 1983 5611 [.udg.:

422 5611 573 5677 utubi
582 5611 659 5671 sit,
677 5611 793 5677 quid
809 5611 885 5677 sui
894 5605 987 5660 non
997 5605 1169 5677 cupiat.
1184 5617 1310 5659 Mart.
1316 5622 1332 5677 _:
1349 5605 1568 5677 ζιηζμιδιιιτης
1577 5612 1646 5657 est
1657 5605 1850 5677 utibisit
1862 5605 1988 5677 quod

412 5672 495 5737 sui
512 5685 602 5723 non
631 5667 795 5737 capit?
816 5676 886 5737 sic
907 5667 1097 5733 pergit:
1128 5670 1360 5737 .}'umqm'd
1376 5667 1516 5719 ei‘tra
1538 5668 1695 5737 ipsum
1712 5667 1737 5719 Ῡ
1759 5667 1913 5719 annon
1939 5669 1987 5720 in

414 5733 525 5797 ipso
542 5741 612 5788 est
636 5736 656 5768 ν
673 5733 912 5786 (mittitur
935 5738 1003 5785 cst
1026 5733 1146 5795 apud
1171 5740 1341 5782 50mm.
1372 5737 1421 5781 et
1445 5733 1585 5780 Rond.
1635 5738 1688 5781 tu.

1706 316 1906 378 LIBER
1942 314 2253 375 DECIMUS.

3518 320 3618 378 786

2044 447 2181 485 rum.
2212 431 2276 486 Et
2320 432 2437 488 novi
2464 433 2587 505 quid
2613 448 2677 490 ex
2703 448 2808 506 quo
2837 449 2996 491 sensu
3030 434 3264 505 corporis
3295 435 3615 507 impressum

2047 522 2115 577 sit
2136 522 2281 578 mihi.

2642 615 2864 673 CAPUT
2903 618 2991 673 IX.

2507 705 2752 761 Memoria
2780 708 3178 779 disciplinarum.

2125 818 2207 873 16.
2237 817 2339 874 Sed
2376 835 2477 875 nou
2518 836 2578 875 ea
2606 820 2716 875 sola
2740 830 2911 891 gestat
2940 822 3193 877 immensa
3233 822 3330 877 ista
3360 821 3625 892 capacita’s

2054 911 2321 965 memoriae
2346 926 2496 966 mere.
2528 910 2621 967 Hic
2647 923 2767 967 sunt
2795 922 2846 968 et
2876 913 2962 967 illa
2992 914 3168 968 omnia
3196 929 3314 983 qu:e
3338 913 3404 968 de
3429 913 3627 969 doctri-

2055 1002 2138 1056 nis
2183 1002 2485 1059 liberalibus
2534 1013 2775 1075 percepta
2822 1004 3055 1060 nondum
3099 1004 3439 1073 exciderunt,
3482 1007 3630 1076 quasi

2056 1102 2255 1147 remota
2283 1094 2531 1149 interiore
2558 1094 2704 1161 loco,
2734 1111 2837 1149 nou
2874 1095 2989 1150 loco
3015 1096 3064 1157 ‘;
3101 1110 3198 1151 nec
3230 1110 3413 1150 eorum
3448 1095 3635 1167 imagi-

2058 1197 2187 1247 nes,
2224 1182 2316 1237 sed
2362 1198 2448 1239 res
2487 1184 2627 1253 ipsas
2667 1201 2813 1255 gero.
2860 1185 2989 1240 Nam
3033 1185 3157 1257 quid
3194 1187 3264 1240 sit
3304 1186 3631 1252 litteratura,

2060 1272 2184 1342 quid
2232 1272 2415 1342 peritia
2456 1272 2790 1344 disputandi,
2835 1284 2963 1345 quot
3012 1289 3205 1344 genera
3246 1276 3631 1345 quaestionum,

2063 1362 2319 1432 quidquid
2345 1362 2532 1417 borum
2554 1364 2666 1418 scio
2694 1364 2769 1419 sic
2792 1374 2873 1419 est
2896 1365 2946 1418 in
2980 1366 3233 1419 memoria
3262 1379 3379 1420 mea
3398 1406 3414 1433 ,
3446 1373 3502 1420 ut
3529 1379 3636 1421 non

2064 1462 2264 1509 retenta
2302 1455 2526 1525 imagine
2545 1471 2655 1510 rem
2694 1454 2821 1510 foris
2857 1457 3156 1526 reliquerim
3177 1497 3192 1523 ,
3220 1466 3308 1512 aut
3326 1458 3563 1514 sonucrit
3584 1468 3638 1515 et

2065 1550 2404 1617 praeterierit,
2428 1550 2564 1605 sicut
2585 1564 2684 1605 vox
2710 1551 2965 1620 impressa
2994 1568 3087 1622 per
3104 1568 3260 1608 aures
3286 1555 3507 1626 vestigio
3532 1571 3638 1627 quo

2065 1640 2386 1695 recoleretur
2410 1642 2453 1707 ί,
2481 1641 2633 1711 quasi
2675 1651 2888 1697 sonaret
2930 1658 3049 1699 cum
3089 1643 3198 1712 jam
3244 1660 3346 1699 non
3391 1655 3637 1712 sonaret;
3726 1710 3729 1711 ν

2065 1741 2156 1787 aut
2182 1732 2317 1787 sicut
2351 1731 2484 1786 odor
2529 1731 2652 1787 dum
2696 1733 2881 1787 transit
2924 1742 2978 1788 et
3014 1735 3280 1789 evanescit
3326 1735 3376 1789 in
3422 1744 3637 1802 ventos,

2067 1825 2314 1878 olfactum
2341 1823 2501 1878 allicit
2519 1866 2534 1893 ,
2568 1822 2706 1878 unde
2731 1823 2921 1894 trajicit
2947 1825 2997 1879 in
3025 1825 3331 1879 memoriam
3361 1825 3641 1895 imaginem

2069 1917 2149 1973 sui
2173 1932 2329 1986 quam
2349 1916 2736 1972 reminiscendo
2755 1925 3090 1986 repetamus;
3122 1916 3360 1971 autsieut
3379 1917 3528 1973 cibus
3554 1918 3643 1987 qui

2067 2020 2210 2065 certe
2235 2011 2283 2064 iu
2312 2019 2495 2065 ventre
2532 2009 2644 2080 jam
2669 2025 2773 2064 non
2810 2010 2979 2079 sapit,
3022 2017 3077 2064 ct
3106 2017 3280 2064 tamen
3308 2010 3358 2063 in
3390 2010 3645 2064 memoria

2069 2102 2218 2170 quasi
2243 2100 2410 2170 sapit;
2439 2110 2529 2155 aut
2564 2101 2699 2155 sicut
2736 2100 2935 2170 aliquid
2964 2099 3104 2170 quod
3137 2114 3359 2169 corpore
3387 2099 3647 2167 tangendo

2070 2194 2314 2259 sentitur,
2344 2192 2484 2263 quod
2526 2193 2684 2247 etiam
2732 2201 3030 2263 separatum
3070 2208 3099 2247 a
3144 2192 3296 2247 nobis
3336 2192 3648 2262 imaginatur

2073 2283 2347 2339 memoria.
2372 2282 2490 2338 Ista:
2510 2283 2704 2353 quippe
2729 2298 2815 2339 res
2838 2299 2942 2338 non
2972 2283 3391 2337 intromittuntur
3416 2281 3483 2337 ad
3507 2298 3646 2346 eam,

2072 2377 2165 2432 sed
2193 2392 2375 2431 earum
2402 2376 2528 2431 sola:
2558 2377 2811 2447 imagines
2831 2377 2962 2431 mira
2983 2377 3251 2431 celeritate
3278 2377 3574 2447 capiuntur,
3596 2386 3651 2431 et

2074 2468 2223 2523 miris
2250 2475 2497 2537 tanquam
2538 2467 2685 2523 cellis
2732 2476 3079 2538 reponuntur,
3124 2479 3179 2523 et
3217 2468 3529 2523 mirabiliter
3567 2484 3651 2523 re-

2073 2556 2340 2614 cordando
2368 2555 2720 2628 proferuntur.

2694 2670 2920 2729 CAPUT
2957 2670 3026 2727 X.

2077 2759 2373 2832 Disciplina:
2396 2762 2447 2815 in
2478 2762 2765 2815 memoriam
2801 2778 2902 2816 non
2931 2761 3311 2816 introducantur
3337 2777 3423 2831 per
3444 2775 3617 2816 sensus
3635 2802 3650 2827 ,

2357 2853 2444 2905 sed
2471 2868 2530 2906 ea:
2558 2853 2667 2923 ejus
2695 2851 2937 2906 abditiore
2964 2853 3079 2907 sinu
3098 2860 3361 2906 eruuntur.

2152 2964 2238 3017 l7.
2287 2964 2356 3017 At
2397 2978 2523 3017 vero
2563 2977 2681 3017 cum
2711 2962 2869 3018 audio
2908 2961 3005 3018 tria
3036 2976 3229 3032 genera
3260 2975 3380 3017 esse
3405 2960 3653 3030 quastio-

2077 3070 2234 3120 num,
2273 3071 2339 3108 an
2377 3056 2477 3119 sit,
2516 3054 2643 3125 quid
2671 3054 2773 3121 sit,
2819 3055 2973 3123 quale
3008 3055 3104 3120 sit;
3150 3069 3400 3109 sonorqu
3442 3052 3655 3131 quidem

2078 3143 2269 3213 quibus
2292 3143 2406 3200 ham
2427 3144 2588 3199 verba
2607 3142 2844 3199 coniecta
2865 3152 2987 3198 sunt
3008 3143 3261 3215 imagines
3282 3152 3467 3205 teneo;
3493 3151 3547 3198 et
3564 3157 3657 3196 eos

2079 3247 2176 3304 per
2199 3248 2355 3289 auras
2384 3232 2406 3265 ³
2433 3247 2553 3288 cum
2577 3233 2802 3302 strepitu
2846 3233 3096 3287 transisse
3141 3248 3204 3287 ac
3240 3233 3349 3303 jam
3391 3246 3496 3285 nou
3539 3245 3658 3286 esse

2080 3323 2210 3377 scio.
2242 3324 2349 3379 lies
2376 3338 2505 3379 vero
2545 3324 2685 3392 ipsas
2713 3338 2831 3393 qua:
2870 3323 2972 3378 illis
2999 3322 3360 3393 signiﬁcantur
3394 3323 3539 3376 sonis
3564 3337 3656 3376 ne-

2080 3431 2185 3486 que
2206 3415 2312 3470 ullo
2337 3431 2496 3471 sensu
2525 3417 2761 3486 corporis
2790 3416 2970 3486 attigi,
2990 3430 3088 3471 nec
3113 3416 3317 3487 uspiam
3338 3415 3441 3469 vidi
3466 3425 3658 3485 prmter

2081 3507 2316 3562 animum
2341 3522 2543 3575 memn,
2560 3515 2613 3562 et
2634 3507 2687 3561 in
2711 3507 2964 3561 memoria
2982 3505 3254 3561 recondidi
3275 3520 3379 3559 non
3406 3506 3658 3575 imagines

2081 3614 2300 3667 earum,
2328 3599 2421 3655 sed
2458 3600 2629 3669 ipsas;
2657 3614 2776 3669 quae
2804 3598 2947 3654 unde
2984 3597 3053 3653 ad
3088 3612 3173 3652 me
3197 3596 3537 3661 intraverint,
3570 3597 3660 3650 di-

2082 3701 2205 3747 cant
2232 3693 2277 3748 si
2302 3701 2522 3762 possunt
2548 3690 2592 3747 ‘.
2616 3691 2748 3746 Nam
2780 3705 3033 3761 percurro
3056 3692 3246 3760 januas
3270 3704 3456 3744 omnes
3484 3691 3660 3744 carnis

2083 3800 2250 3852 mete,
2277 3799 2379 3839 nec
2406 3783 2615 3841 invenio
2652 3790 2754 3853 qua
2795 3797 2978 3838 earum
3022 3781 3277 3852 ingressa:
3300 3781 3424 3834 sint.
3453 3780 3659 3850 Quippe

2084 3877 2224 3932 oeuli
2246 3876 2428 3931 dicunt
2457 3894 2470 3931 :
2497 3876 2552 3931 Si
2579 3875 2825 3929 colorata:
2850 3882 3008 3938 sunt,
3036 3888 3133 3927 nos
3159 3888 3248 3927 eas
3277 3873 3654 3927 nuntiavimus.

2085 3969 2259 4021 Aures
2282 3966 2464 4023 dicunt
2496 3984 2509 4021 :
2538 3965 2591 4023 Si
2634 3973 2960 4031 sonuerunt,
3000 3979 3032 4018 a
3068 3963 3222 4018 nobis
3246 3963 3486 4018 indicata:
3515 3970 3658 4017 sunt».

2086 4057 2250 4112 Nares
2271 4057 2453 4113 dicunt.
2479 4074 2491 4110 :
2522 4055 2577 4115 Si
2598 4057 2846 4111 oluerunt
2867 4097 2884 4119 ,
2913 4071 3006 4124 per
3031 4070 3127 4110 nos
3156 4055 3496 4109 transierunt.
3526 4054 3663 4109 Dicit

2086 4150 2244 4206 etiam
2273 4163 2462 4205 sensus
2486 4148 2728 4218 gustandi
2760 4166 2772 4200 :
2796 4148 2851 4203 Si
2876 4162 3035 4217 sapor
3057 4162 3162 4202 non
3190 4155 3299 4215 est,
3321 4147 3449 4202 nihil
3478 4163 3562 4203 me
3582 4148 3663 4202 iu-

2091 4249 2342 4309 terroges.
2375 4239 2568 4292 Tactus
2596 4238 2761 4295 dicit:
2796 4237 2849 4292 Si
2877 4239 3243 4307 corpulentum
3283 4253 3386 4291 non
3420 4245 3532 4301 est,
3555 4252 3658 4292 non

2087 4329 2411 4385 contreetavi
2436 4345 2451 4394 ;
2482 4330 2526 4383 si
2567 4346 2677 4387 non
2718 4328 3078 4392 contrectavi,
3107 4344 3211 4382 non
3239 4327 3481 4382 iudicavi.
3512 4327 3662 4382 Unde

2089 4431 2143 4475 et
2169 4436 2272 4490 qua
2308 4420 2423 4479 hmo
2466 4420 2795 4474 intraverunt
2820 4418 2875 4471 in
2900 4418 3209 4472 memoriam
3236 4417 3446 4471 meam?
3473 4415 3662 4470 Nescio

2088 4511 2383 4579 quomodo;
2415 4525 2536 4569 nam
2582 4525 2702 4564 cum
2748 4523 2809 4562 ea
2863 4507 3190 4571 didici,‘uon
3234 4508 3435 4565 credidi
3485 4508 3662 4562 alieno

2090 4601 2259 4668 cordi,
2292 4601 2383 4656 sed
2425 4603 2477 4655 in
2496 4614 2625 4655 meo
2647 4599 2952 4668 recognovi,
2982 4606 3036 4652 ct
3061 4613 3183 4652 vera
3212 4613 3332 4653 esse
3350 4599 3657 4667 approbavi,

2089 4702 2143 4751 et
2162 4690 2523 4746 commendavi
2543 4691 2590 4745 ei
2606 4731 2622 4757 ,
2648 4701 2893 4759 tanquam
2916 4703 3179 4759 reponens
3205 4689 3343 4744 unde
3360 4689 3660 4758 proferrem
3743 4732 3749 4739 .

2089 4796 2208 4839 cum
2240 4780 2452 4837 vellem.
2499 4779 2573 4833 Ibi
2613 4794 2740 4848 ergo
2774 4788 2925 4835 erant
2958 4787 3011 4833 et
3034 4787 3312 4847 antequam
3350 4792 3418 4832 ea
3450 4776 3660 4831 didiciso

2090 4887 2200 4927 sem
2224 4912 2241 4937 ,
2263 4871 2355 4926 sed
2383 4870 2433 4924 in
2465 4872 2718 4925 memoria
2749 4884 2852 4924 non
2881 4875 3055 4926 erant.
3078 4868 3173 4923 Ubi
3200 4881 3325 4936 ergo
3343 4907 3360 4933 ,
3389 4875 3662 4935 antiquare

2089 4979 2210 5022 cum
2236 4964 2536 5019 dicerentur
2559 4963 2786 5032 agnovi,
2829 4971 2883 5017 et
2922 4960 3066 5015 dixi:
3098 4958 3170 5012 lta
3199 4966 3309 5024 est,
3336 4973 3518 5013 verum
3544 4967 3657 5023 est;

2090 5056 2189 5109 nisi
2216 5057 2337 5126 quia
2361 5055 2469 5124 jam
2507 5063 2658 5108 erant
2685 5053 2738 5107 in
2781 5051 3069 5116 memoria,
3103 5048 3197 5103 sed
3235 5057 3357 5102 tam.
3380 5056 3581 5103 remota
3608 5058 3659 5103 et

2090 5155 2296 5203 retrusa
2320 5147 2467 5217 quasi
2508 5147 2558 5199 in
2602 5146 2781 5199 caveis
2822 5141 3199 5205 abditioribus,
3242 5149 3299 5194 ut
3335 5140 3434 5193 nisi
3479 5137 3660 5194 admo-

2090 5246 2251 5292 nente
2296 5238 2473 5306 aliquo
2514 5242 2847 5301 eruerentur,
2891 5246 2978 5288 ea.
3001 5230 3223 5287 fortasse
3265 5230 3500 5301 cogitare
3526 5252 3529 5257 ε
3552 5245 3663 5286 non

2089 5326 2337 5399 possent?

2158 5485 2173 5515 ί
2199 5489 2328 5538 Lov.,
2354 5479 2473 5528 loca.
2498 5503 2559 5513 —
2578 5477 2758 5534 Quibus
2778 5474 3123 5539 adstipulantur
3146 5482 3262 5524 Ven.
3290 5481 3341 5526 et
3369 5475 3515 5539 Lugd.
3541 5484 3597 5525 Μ.

2155 5546 2175 5575 ³
2201 5537 2449 5597 ιςετοιίιιιν,
2469 5540 2604 5601 juxta
2629 5550 2716 5585 sex
2743 5545 2845 5585 Mss.
2870 5537 2993 5601 apud
3026 5543 3151 5586 atart.
3178 5544 3232 5585 Μ.

2152 5605 2175 5637 ³
2196 5604 2268 5652 sic
2289 5610 2397 5651 Arn.
2423 5598 2483 5649 et'
2497 5608 2601 5661 MSS.
2620 5613 2634 5660 ;
2658 5605 2709 5647 at
2729 5598 2949 5647 An1.Bad.
2974 5603 3047 5646 Er.
3072 5603 3202 5658 Lov.,
3224 5610 3310 5661 per
3329 5610 3485 5649 aures.
3510 5620 3570 5635 --
3589 5602 3663 5653 sic

2094 5667 2239 5718 etiam
2262 5671 2378 5712 ven.
2406 5669 2457 5711 et
2478 5659 2621 5721 Lugd.
2650 5667 2702 5708 at.

2156 5728 2176 5759 δ
2201 5724 2368 5776 Dicam
2386 5721 2428 5773 si
2448 5719 2661 5785 pass—um,
2683 5722 2818 5784 juxta
2839 5726 2913 5768 Er.
2938 5726 3054 5769 ven.
3078 5719 3225 5783 Lugd.
3251 5726 3302 5769 Μ.
