4078 6366
467 283 570 343 787

1104 399 1331 467 CAPUT
1366 399 1457 456 XI.

1042 489 1178 557 Quid
1199 492 1262 544 sit
1289 491 1494 544 discere.

545 580 640 636 ηε
688 579 949 649 Quocirca
998 579 1294 636 invenimus
1332 582 1462 636 nihil
1505 595 1623 636 esse
1663 580 1804 634 aliud
1848 580 2054 635 discere

472 671 596 739 ista,
617 688 843 743 quorum
874 689 976 728 non
1007 689 1100 742 per
1127 689 1312 729 sensus
1342 674 1612 728 haurimus
1641 675 1897 753 imagines
1916 715 1930 736 ,
1959 673 2053 727 sed

470 765 589 820 sine
611 764 928 836 imaginibus
951 766 1103 823 sicuti
1126 777 1245 820 sunt
1273 782 1367 835 per
1389 766 1559 840 seipsa
1587 768 1726 820 intus
1751 767 2048 830 cernimus;

472 856 574 912 nisi
603 871 664 913 ea
703 872 820 927 qua:
848 857 1041 927 passim
1069 865 1226 927 atque
1265 857 1572 927 indisposite
1598 855 1849 912 memoria
1881 857 2052 911 conti-

461 949 667 1015 nebat,
695 947 980 1020 cogitando
1004 949 1153 1019 quasi
1193 949 1476 1020 colligere,
1518 958 1674 1020 atque
1715 948 2049 1038 animadver-

473 1037 636 1093 tendo
674 1052 891 1104 curare,
921 1045 979 1093 ut
1005 1046 1250 1110 tanquam
1295 1038 1360 1093 ad
1401 1054 1616 1094 manum
1660 1037 1827 1108 poSita
1856 1041 1906 1094 in
1940 1042 2050 1108 ipsa

455 1126 730 1184 memoria
749 1168 767 1195 ,
796 1126 881 1182 ubi
907 1141 1088 1197 Sparsa
1115 1128 1258 1198 prius
1287 1113 1341 1183 et
1363 1129 1601 1198 neglecta
1622 1130 1921 1211 latitabant,
1939 1133 2049 1201 jam

476 1217 722 1273 familiari
768 1217 1046 1273 intentioni
1087 1218 1238 1274 facile
1263 1228 1560 1274 occurrant.
1605 1221 1669 1275 Et
1700 1237 1854 1294 quam
1887 1224 2050 1277 multa

471 1307 771 1378 huiusmodi
795 1316 963 1378 gestat
983 1308 1238 1363 memoria
1260 1325 1376 1364 mea
1399 1311 1637 1380 qumjam
1670 1311 1878 1367 inventa
1907 1323 2047 1379 sunt,

471 1406 526 1455 et
549 1399 684 1454 sicut
713 1398 846 1463 dixi,
874 1391 1121 1469 quasiad
1167 1415 1380 1477 manum
1427 1403 1624 1471 posita,
1658 1420 1774 1474 qum
1803 1406 2051 1461 didicisse

391 1539 398 1543 _
470 1499 525 1545 et
550 1503 707 1546 nosse
735 1490 988 1547 dicimur!
1021 1491 1149 1569 Quae
1191 1494 1234 1548 si
1268 1495 1521 1550 modestis
1549 1506 1842 1565 temporum
1890 1499 2050 1552 inter-

465 1580 614 1635 vallis
643 1582 878 1638 recolere
914 1581 1196 1651 desivero,
1240 1586 1308 1639 ita
1351 1601 1531 1645 rursus
1571 1589 1964 1668 demerguntur,
1997 1601 2050 1660 et

464 1672 616 1741 quasi
664 1672 716 1726 in
764 1675 1048 1729 remotiora
1080 1677 1366 1744 penetralia
1410 1677 1747 1745 dilabuntur,
1778 1691 1834 1734 ut
1876 1683 2049 1736 denuo

466 1750 613 1819 velut
641 1779 776 1819 nova
805 1766 1146 1835 excogitanda
1190 1769 1298 1822 sint
1327 1768 1558 1824 indidem
1590 1771 1777 1824 iterum
1807 1773 1819 1802 ¹
1852 1773 2048 1842 (neque

467 1854 608 1908 enim
645 1862 725 1909 est
764 1853 864 1909 alia
904 1856 1050 1926 regio
1087 1857 1330 1928 eorum),
1373 1867 1427 1913 et
1468 1861 1699 1934 cogenda
1763 1851 1944 1915 rursus
1996 1875 2050 1918 nt

468 1948 594 2002 sciri
621 1948 852 2018 possint,
887 1949 935 2003 id
964 1959 1044 2004 est
1071 1945 1221 2005 velut
1238 1966 1300 2006 ex
1330 1951 1554 2021 quadam
1581 1945 1908 2022 diSpersione
1937 1958 2048 2012 eol-

475 2037 685 2107 ligenda
705 2079 720 2102 ,
753 2038 890 2094 unde
916 2039 1112 2094 dictum
1152 2051 1233 2097 est
1274 2043 1524 2114 cogitare.
1560 2043 1688 2098 Nam
1721 2061 1850 2115 cogo
1875 2058 1925 2101 et
1955 2065 2048 2102 co-

480 2129 623 2197 gito,
651 2129 728 2184 sic
752 2140 832 2184 est
861 2139 913 2185 ut
943 2119 1123 2201 ago‘et
1148 2117 1323 2202 agito,
1355 2134 1484 2190 facio
1507 2144 1560 2190 et
1599 2136 1795 2192 factito.
1831 2139 2050 2194 Verum-

477 2227 653 2273 tamen
680 2219 779 2274 sibi
809 2220 1015 2276 animus
1043 2222 1140 2278 hoc
1164 2224 1380 2278 verbum
1413 2227 1622 2296 proprie
1651 2228 1963 2295 vindicavit,
1996 2240 2049 2285 ut

470 2325 578 2364 non
607 2310 747 2379 quod
791 2310 946 2378 alibi,
981 2312 1074 2368 sed
1117 2314 1254 2383 quod
1284 2315 1334 2369 in
1375 2317 1553 2372 animo
1577 2319 1861 2393 colligitur,
1894 2322 1944 2377 id
1969 2331 2051 2378 est

467 2399 689 2470 cogitur,
713 2400 930 2471 cogitari
956 2405 1167 2474 proprie
1191 2405 1300 2476 jam
1331 2395 1555 2464 dicatur.
1591 2395 1594 2398 ί
1677 2396 1684 2400 ’

1070 2516 1295 2574 CAPUT
1334 2517 1451 2574 Xll.

770 2604 959 2661 Rerum
983 2601 1455 2669 Malhemalicarum
1481 2616 1739 2691 memoria.

539 2691 784 2751 {9.1mm
821 2697 1058 2753 continet
1097 2701 1348 2754 memoria
1379 2716 1720 2781 numerorum
1760 2705 2050 2764 dimensio-

474 2797 710 2854 numque
755 2787 988 2841 rationes
1019 2781 1086 2843 ἐι
1145 2789 1289 2860 leges
1337 2792 1777 2872 innumerabiles,
1824 2814 2046 2872 quarum

469 2873 666 2930 nullam
695 2876 934 2946 corporis
965 2893 1154 2934 sensus
1193 2868 1488 2960 impressit;
1515 2885 1634 2953 quia
1666 2901 1764 2940 nec
1804 2868 1931 2955 ipsze
1958 2903 2050 2942 eo-

474 2964 658 3021 loratze
681 2976 835 3031 sunt,
876 2961 968 3024 aut
991 2980 1208 3037 sonant,
1236 2971 1326 3027 aut
1351 2975 1493 3030 olent
1513 3017 1526 3037 .
1559 2988 1649 3054 aut
1677 2987 1896 3054 gustata!
1914 3023 1929 3048 ,
1959 2989 2052 3036 aut

463 3062 806 3111 contrectatae
821 3066 964 3112 sunt.
982 3060 1168 3115 Audivi
1181 3075 1342 3116 sonos
1360 3053 1636 3120 verborum
1667 3069 1856 3138 quibus
1881 3059 2051 3144 signi--

471 3143 699 3199 ficantur
725 3160 846 3202 cum
866 3147 934 3203 de
965 3149 1048 3203 his
1066 3146 1363 3218 disseritur;
1394 3155 1486 3209 sed
1508 3156 1580 3210 illi
1609 3159 1719 3226 alii,
1736 3160 1850 3215 istm
1872 3143 2048 3234 autem

463 3236 582 3289 alia:
595 3245 748 3293 sunt:
769 3254 889 3293 nam
909 3240 978 3295 illi
993 3241 1144 3298 aliter
1154 3260 1344 3314 graece,
1359 3247 1514 3302 aliter
1526 3248 1686 3306 latine
1697 3264 1885 3308 sonant
1901 3273 1913 3317 ;
1933 3256 2049 3312 ista:

465 3339 598 3379 vero
615 3341 716 3382 nec
742 3343 929 3405 grteca:
955 3322 1245 3388 neclatime
1270 3346 1412 3404 sunt,
1433 3353 1531 3394 nec
1555 3341 1695 3396 aliud
1717 3343 2047 3414 eloquiorum

463 3429 648 3481 genus.
679 3417 798 3493 Vidi
846 3421 1010 3477 lineas
1053 3422 1317 3480 fabrorum
1339 3469 1354 3488 ,
1385 3428 1465 3482 vel
1494 3431 1652 3486 etiam
1679 3435 2044 3506 tenuissimas,

468 3507 604 3570 sicut
631 3497 774 3567 filum
804 3528 1046 3579 araneae;
1071 3517 1164 3571 sed
1201 3518 1302 3589 illm
1332 3521 1447 3573 alia:
1473 3532 1614 3591 sunt,
1638 3541 1741 3580 non
1768 3537 1890 3582 sunt
1915 3530 2048 3584 ima-
2092 3511 2098 3520 ’

469 3599 620 3678 gines
647 3615 827 3655 earum
858 3618 991 3678 quas
1035 3607 1161 3659 mihi
1205 3610 1464 3664 nuntiavit
1493 3613 1666 3669 carnis
1693 3617 1877 3671 oculus
1906 3636 1921 3674 :
1951 3635 2048 3676 no-

461 3675 545 3742 vit:
576 3704 672 3772 eas
707 3675 946 3761 quisquis
988 3691 1103 3748 sine
1151 3697 1254 3763 ulla
1293 3685 1614 3768 cogitatione
1649 3689 2047 3780 qualiscumque

461 3770 704 3858 corporis
730 3780 872 3837 intus
907 3786 1119 3854 agnovit
1144 3803 1253 3843 eas.
1294 3789 1446 3847 Sensi
1475 3795 1633 3849 etiam
1661 3814 1909 3857 numeros
1931 3818 2045 3858 om-

459 3857 619 3953 nibus
652 3857 902 3942 corporis
946 3875 1192 3930 sensibus
1236 3895 1370 3954 quos
1416 3897 1786 3955 numeramus;
1835 3892 1926 3947 sed
1971 3894 2045 3952 illi

459 3960 549 4046 alii
593 3946 717 4017 sunt
763 3964 956 4034 quibus
997 3946 1365 4036 numeramus,
1397 3964 1496 4030 nec
1520 3973 1780 4046 imagines
1823 3971 2050 4040 istorum.

459 4038 623 4134 sunt,
649 4059 708 4108 et
746 4053 867 4110 ideo
893 4056 1044 4112 valde
1085 4069 1228 4138 sunt.
1275 4061 1463 4118 Rideat
1510 4083 1595 4122 me
1630 4038 1732 4123 ista
1781 4072 2040 4132 dicentem

459 4131 550 4217 qui
580 4156 675 4230 eos
700 4139 809 4200 non
836 4143 1010 4226 videt,
1038 4157 1093 4204 et
1114 4136 1215 4221 ego
1236 4150 1443 4210 doleam
1475 4157 1730 4216 ridentem
1759 4178 1863 4220 me.

1062 4261 1294 4322 CAPUT
1333 4266 1470 4322 xm.
1869 4256 1873 4258 ’

735 4324 987 4384 Memoria
1010 4334 1293 4390 numinis”
1318 4354 1408 4392 nos
1432 4343 1765 4401 meminimus.

529 4413 620 4502 2t).
653 4416 777 4503 "rec
800 4421 984 4505 omnia.
1005 4427 1256 4482 memoria
1285 4437 1468 4498 teneo,
1500 4443 1554 4488 et
1576 4439 1841 4505 quomodo
1869 4457 1928 4496 ea
1956 4443 2039 4497 di-

458 4497 676 4588 dicerim
707 4497 1171 4571 memoria'teneo.
1217 4517 1375 4574 Multa
1414 4523 1572 4578 etiam
1615 4533 1737 4596 qua:
1782 4530 2039 4589 adversus

459 4597 575 4652 haec
597 4596 879 4658 falsissime
901 4603 1235 4674 diSputantur
1251 4597 1423 4667 audivi
1444 4653 1458 4677 ,
1481 4596 1533 4669 et
1561 4599 1815 4675 memoria
1848 4608 2034 4680 teneo:

456 4699 576 4768 quae
604 4690 816 4770 tametsi
849 4691 976 4748 falsa
1005 4704 1158 4764 sunt,
1191 4695 1366 4755 tamen
1396 4717 1457 4756 ea
1491 4695 1792 4764 meminisse
1817 4728 1903 4767 me
1933 4731 2036 4770 non

459 4783 544 4850 est
583 4769 812 4854 falsum;
841 4791 895 4835 et
919 4773 1238 4842 diserevisse
1281 4803 1368 4845 me
1404 4792 1543 4849 inter
1579 4785 1667 4852 illa
1694 4815 1815 4857 vera
1847 4813 1898 4858 et
1925 4804 2036 4861 lucc

457 4863 590 4966 'f'alsa
770 4873 1223 4966 contradicuntur,
1259 4887 1313 4934 et
1352 4880 1454 4937 hoc
1483 4875 1733 4954 memini;
1779 4893 2036 4966 aliterque

478 4931 480 4934 τ
632 4930 646 4937 _
1267 4930 1311 4934 --
1352 4930 1453 4937 --η
1973 4930 2032 4954 ..υ

451 4930 601 5011 ἆηώε
623 4957 781 5042 video
817 4948 1124 5021 discernere
1150 4982 1236 5022 me
1259 4967 1389 5049 isla,
1431 4973 1585 5030 aliter
1611 4988 1784 5034 autem
1818 4930 2032 5042 memini

454 5056 600 5114 saepe
622 5061 710 5103 me
733 5047 1048 5109 discrevisse
1074 5069 1196 5111 cum
1223 5047 1287 5112 ea
1312 5073 1456 5132 saepe
1482 5059 1787 5136 cogitarem.
1817 5074 1956 5144 Ergo
1981 5071 2034 5132 ct

456 5131 787 5224 ὶιιιειιεκίεεε
814 5155 901 5197 me
915 5142 1109 5213 smpius
1125 5146 1224 5200 ista
1254 5131 1729 5227 memini;et'quod
1760 5131 2033 5220 nunt‘vdis;

454 5239 622 5282 cerno
656 5237 711 5285 et
753 5219 1026 5304 intelligo,
1071 5239 1308 5294 recondo
1357 5242 1408 5298 in
1439 5219 1726 5323 meme-ria,
1765 5236 1821 5306 in
1851 5266 2029 5323 postea

455 5323 543 5362 me
582 5326 722 5366 nunc
749 5313 1074 5374 intellexisse
1103 5323 1456 5381 meminerim.
1489 5313 2032 5401 Ergo‘et'meniinisse

517 5439 1013 5526 ξλξξὶηίῗΗἝΞεὲἓ
1027 5451 1229 5526 [εειμξίο
1257 5452 1521 5525 “ﬂendum
1558 5473 1670 5515 esse
1706 5468 1876 5526 trobat
1902 5471 2029 5526 quod

1234 5507 1685 5590 νςθῖοςρήιθηζῖιῐι
1708 5507 2030 5590 ’.ίιῖῖέεπῆἱῖ

453 5569 1312 5656 magistre.
1330 5581 1447 5634 etne
1482 5569 1685 5638 οωὶοὲξ
1700 5569 2027 5656 ᾠῖιιξῑὶἕιῖἴζ

455 5627 505 5668 et
529 5634 576 5669 tu
602 5625 764 5687 utrm;
789 5627 893 5690 vel,
917 5636 961 5680 et
983 5629 1180 5685 ibidem.

1621 276 2133 340 CONFESSIO'NUM
2174 277 2227 333 S.
2270 279 2634 339 AUGUSTINI

3637 303 3738 361 788

2162 409 2248 447 me
2285 399 2534 464 memini;
2575 403 2711 455 sicut
2749 413 2928 474 postea
2971 407 3109 476 quod
3143 409 3256 466 lucc
3292 412 3564 472 reminisci
3600 435 3742 476 nunc

2165 489 2308 551 potui
2340 487 2380 539 si
2409 489 2749 560 reeordabor,
2779 493 2957 564 utique
2984 513 3076 566 per
3103 500 3205 553 vim
3246 507 3515 560 memoria:
3555 524 3737 564 recor-

2159 576 2341 632 dabar.
3690 587 3698 594 ’

2311 663 2314 667 ’
2762 675 2989 734 CAPUT
3028 680 3168 736 XIV.

2163 755 2425 822 Quomodo
2461 765 2702 818 memoria
2740 769 2956 836 continet
2995 769 3206 838 affectus
3243 777 3416 832 animi.
3463 778 3601 836 Lecta
3637 801 3737 840 non

2585 855 2688 909 ια)ιί
2709 862 2955 926 quomodo
2984 865 3324 921 recordamur.
3516 855 3520 858 h
3701 848 3708 857 '

2225 937 2318 1009 2|.
2346 941 2662 1000 Afl'ectiones
2686 963 2896 1029 quoque
2928 949 3090 1007 animi
3125 947 3239 1011 mei
3268 959 3453 1029 eadem
3481 967 3736 1022 memoria

2155 1025 2392 1100 continet
2419 1053 2432 1089 :
2465 1052 2571 1091 non
2604 1038 2692 1092 illo
2717 1025 2878 1121 modo
2904 1059 3010 1113 quo
3035 1061 3127 1100 eas
3173 1025 3331 1104 habet
3375 1052 3486 1121 ipse
3525 1057 3737 1112 animus

2156 1141 2278 1181 cum
2304 1128 2500 1197 patitur
2528 1144 2653 1196 eas;
2682 1132 2775 1186 sed
2800 1117 2906 1188 alio
2931 1136 3151 1191 multum
3179 1139 3420 1208 diverso,
3455 1146 3591 1200 sicut
3616 1163 3736 1203 sese

2155 1217 2315 1286 habet
2341 1221 2422 1274 vis
2449 1207 2738 1278 memoriae.
2765 1223 2894 1279 Nam
2925 1236 2978 1282 et
2999 1228 3230 1284 laetatum
3275 1249 3360 1288 me
3390 1235 3549 1292 fuisse
3574 1242 3733 1292 remi-

2156 1310 2332 1366 niscor
2347 1328 2452 1366 non
2475 1313 2648 1384 laetus,
2671 1324 2725 1371 et
2747 1318 3011 1397 tristitiam
3036 1337 3205 1377 meam
3227 1327 3549 1394 praeteritam
3567 1345 3736 1397 recor-

2155 1401 2255 1456 dor
2275 1419 2380 1457 non
2401 1405 2567 1459 tristis
2587 1448 2600 1470 ,
2629 1416 2684 1462 et
2724 1424 2809 1464 me
2839 1395 3118 1481 aliquando
3150 1416 3386 1473 timuisse
3413 1422 3590 1474 recolo
3619 1423 3736 1479 sine

2155 1494 2373 1566 timore,
2404 1505 2458 1551 et
2505 1487 2739 1566 pristina:
2793 1502 3097 1575 cupiditatis
3135 1507 3251 1563 sine
3296 1511 3580 1580 cupiditate
3615 1529 3734 1571 sum

2155 1598 2390 1649 memor;
2419 1585 2701 1656 aliquando
2725 1605 2755 1644 e
2780 1595 3046 1648 contrario
3070 1598 3340 1672 tristitiam
3363 1618 3533 1656 meam
3559 1586 3737 1659 trans?

2152 1685 2321 1728 actam
2361 1677 2510 1731 hctus
2552 1680 2883 1750 reminiscor,
2917 1695 2969 1740 et
2991 1687 3153 1741 tristis
3184 1680 3437 1746 laetitiam.
3461 1692 3614 1762 Quod
3635 1697 3736 1762 mi-g

2152 1767 2376 1844 randum
2425 1784 2527 1824 non
2575 1782 2658 1826 est
2698 1773 2765 1828 de
2811 1790 3034 1845 corpore
3077 1781 3259 1836 :aliud
3305 1785 3444 1838 enim
3488 1769 3731 1854 animus,

2154 1857 2293 1910 aliud
2324 1873 2535 1929 corpus.
2567 1862 2744 1933 Itaque
2783 1867 2825 1920 si
2861 1870 3183 1947 praeteritum
3221 1873 3457 1928 dolorem
3495 1871 3735 1947 corporis

2153 1949 2388 2019 gaudens
2424 1943 2674 2022 memini,
2711 1972 2813 2010 non
2859 1959 2928 2013 ita
2969 1945 3160 2015 mirum
3189 1973 3289 2018 est.
3331 1966 3429 2020 llic
3458 1983 3582 2022 vero
3609 1984 3732 2024 cum

2151 2043 2359 2096 animus
2383 2045 2451 2100 sit
2475 2047 2633 2101 etiam
2671 2049 2782 2118 ipsa
2817 2054 3069 2107 memoria
3101 2073 3112 2108 :
3138 2071 3256 2109 nam
3279 2067 3333 2112 et
3359 2074 3480 2112 eum
3510 2062 3732 2115 manda-

2156 2148 2272 2187 mus
2291 2135 2490 2205 aliquid
2522 2147 2578 2191 ut
2605 2141 2913 2196 memoriter
2943 2142 3218 2214 habeatur,
3246 2148 3503 2216 dicimus,
3523 2151 3653 2206 Vide
3673 2162 3734 2207 ut

2155 2223 2278 2278 illud
2313 2225 2565 2305 inanimo
2594 2228 2826 2296 habeas;
2859 2242 2912 2286 ct
2937 2249 3056 2290 cum
3079 2236 3457 2310 obliviscimur,
3479 2239 3728 2310 dicimus,

2814 2291 2824 2296 -
3486 2291 3728 2310 την---απ

2153 2315 2268 2370 Non
2296 2304 2389 2371 fuit
2419 2319 2471 2372 in
2517 2321 2726 2386 animo;
2757 2333 2844 2392 et,
2888 2325 3137 2396 Elapsum
3181 2291 3264 2434 e\t
3303 2332 3515 2398 animo;
3561 2327 3732 2404 ipsam

2153 2412 2462 2464 memoriam
2482 2421 2730 2468 vocantes
2754 2417 2988 2472 animum
3016 2437 3026 2471 :
3059 2435 3180 2474 cum
3211 2412 3339 2496 ergo
3368 2424 3436 2478 ita
3473 2426 3571 2490 sit,
3603 2427 3736 2495 quid

2153 2511 2234 2555 est
2264 2502 2363 2558 hoc
2387 2503 2527 2574 quod
2555 2522 2674 2560 eum
2703 2508 2966 2575 tristitiam
2995 2527 3166 2576 meam
3217 2517 3535 2582 praeteritam
3577 2517 3734 2571 laetus

2152 2582 2400 2660 memini,
2427 2596 2634 2651 animus
2681 2597 2839 2653 habet
2880 2601 3111 2656 lmtitiam
3134 2642 3150 2669 ,
3185 2614 3238 2657 et
3267 2597 3527 2661 memoria
3567 2607 3733 2662 tristi-

2155 2684 2313 2751 tiam;
2345 2686 2600 2757 laetusque
2625 2699 2704 2744 est
2724 2689 2933 2745 animus
2953 2706 3020 2746 ex
3042 2707 3107 2748 eo
3131 2694 3270 2762 quod
3296 2695 3436 2750 inest
3455 2697 3503 2752 ei
3529 2696 3729 2766 laetitia,

2153 2779 2407 2832 memoria
2436 2794 2565 2835 vero
2589 2795 2656 2836 ex
2680 2796 2744 2836 eo
2767 2783 2910 2858 quod
2945 2784 3084 2838 inest
3115 2786 3162 2840 ei
3191 2786 3402 2842 tristitia
3436 2788 3597 2843 tristis
3625 2791 3730 2843 non

2153 2869 2272 2943 est?
2299 2868 2431 2922 Num
2477 2871 2610 2926 forte
2658 2887 2764 2926 non
2807 2875 3032 2944 pertinet
3064 2876 3128 2930 ad
3157 2877 3434 2932 animum?
3475 2878 3603 2947 Quis
3631 2879 3732 2933 hoc

2152 2959 2376 3015 dixerit?
2427 2961 2685 3016 Nimirum
2742 2979 2870 3035 ergo
2920 2967 3175 3022 memoria
3218 2969 3369 3039 quasi
3416 2978 3602 3025 venter
3647 2981 3732 3027 est

2152 3051 2351 3117 animi,
2396 3053 2573 3130 laetitia
2605 3070 2732 3110 vero
2771 3067 2929 3132 atque
2968 3051 3176 3113 tristitia
3205 3062 3355 3129 quasi
3383 3061 3534 3119 cibus
3561 3062 3731 3118 dulcis
3815 3085 3821 3090 η

2153 3153 2205 3198 ει
2233 3159 2444 3202 amarus
2473 3163 2486 3200 :
2513 3162 2632 3201 cum
2678 3149 2948 3203 memoria:
2976 3150 3414 3205 commendantur
3441 3142 3590 3222 quasi
3617 3151 3727 3206 tra-

2147 3234 2286 3305 jecta
2332 3237 2386 3292 in
2427 3247 2664 3293 ventrem
2695 3241 2914 3295 recondi
2954 3242 3060 3296 illic
3106 3253 3358 3312 possunt,
3388 3259 3575 3314 sapere
3622 3259 3729 3300 non

2155 3337 2394 3396 possunt.
2420 3329 2712 3384 Ridiculum
2743 3334 2825 3386 est
2861 3331 2975 3388 h:ee
3004 3333 3106 3387 illis
3144 3334 3336 3392 similia
3374 3343 3594 3405 putare,
3629 3349 3734 3397 nec,

2153 3427 2332 3483 tamen
2359 3429 2483 3475 sunt
2511 3422 2815 3493 omnimodo
2833 3424 3127 3491 dissimilia.
3643 3417 3648 3420 ⁷

2221 3509 2313 3565 22.
2341 3509 2445 3565 Sed
2472 3527 2595 3567 ecce
2617 3513 2685 3570 de
2712 3517 2964 3569 memoria
2996 3519 3203 3584 profero
3226 3557 3242 3583 ,
3282 3532 3400 3571 cum
3441 3517 3558 3572 dico
3598 3533 3729 3589 qua-

2152 3607 2271 3654 tuor
2290 3615 2408 3655 esse
2433 3603 2854 3670 perturbationes
2872 3605 3067 3671 animi;
3095 3607 3454 3674 cupiditatem,
3471 3608 3724 3674 lzetitiam,

2151 3683 2347 3744 metum
2366 3731 2382 3756 ,
2419 3679 2727 3747 tristitiam:
2769 3702 2824 3748 et
2861 3695 3112 3764 quidquid
3140 3695 3205 3773 de
3231 3697 3311 3750 his
3333 3696 3600 3766 disputare
3629 3714 3727 3764 po-

2153 3789 2332 3844 tuero,
2363 3781 2649 3859 dividendo
2677 3785 2884 3854 singula
2909 3801 3005 3856 per
3033 3788 3236 3857 species
3256 3789 3334 3841 sui
3361 3790 3614 3859 cujusque
3635 3805 3729 3859 ge~

2151 3859 2294 3926 neris
2336 3881 2389 3926 et
2422 3852 2871 3940 definiendopibi
2909 3852 3133 3943 invenio
3172 3879 3296 3949 quid
3335 3879 3537 3945 dicam,
3568 3889 3728 3948 atque

2149 3961 2270 4016 inde
2318 3963 2527 4030 profero
2567 3980 2582 4018 :
2623 3980 2720 4020 nec
2769 3975 2946 4022 tamen
2987 3968 3091 4023 ulla
3119 3984 3302 4024 earum
3333 3970 3728 4039 perturbatione

2149 4053 2447 4122 perturbor,
2469 4069 2588 4109 cum
2615 4070 2707 4111 eas
2730 4057 3118 4113 reminiscendo
3143 4074 3502 4115 commemoro
3524 4077 3540 4125 ;
3562 4071 3616 4116 et
3638 4077 3727 4115 an-

2149 4152 2356 4214 tequam
2381 4146 2741 4202 recolerentur
2759 4164 2790 4202 a
2814 4165 2900 4204 me
2919 4160 2974 4204 et
2997 4159 3427 4222 retractarentur,
3450 4153 3518 4208 ibi
3539 4161 3726 4226 erant;

2147 4244 2423 4306 [ropterea
2471 4238 2592 4318 inde
2633 4255 2727 4309 per
2769 4236 3193 4298 recordationem
3215 4255 3436 4327 potuere
3459 4245 3722 4315 depromi.

2147 4315 2304 4381 Forte
2323 4341 2449 4397 ergo
2469 4367 2484 4392 ,
2507 4315 2651 4384 “sicut
2679 4327 2745 4386 de
2770 4341 2958 4396 ventre
2979 4333 3128 4388 cibus
3152 4315 3498 4403 ruminando,
3527 4337 3603 4392 sic
3624 4337 3721 4392 ista

2144 4415 2210 4470 de
2240 4405 2493 4472 memoria
2519 4420 2848 4500 recordando
2870 4423 3227 4501 proferuntur.
3254 4427 3361 4481 Cur
3379 4427 3536 4497 igitur
3554 4429 3606 4481 in
3626 4444 3723 4484 ore

2145 4510 2477 4579 cogitationis
2512 4527 2620 4567 non
2654 4515 2880 4568 sentitur
2904 4530 2936 4570 a
2965 4509 3298 4587 disputante,
3330 4518 3431 4573 hoc
3459 4529 3540 4574 cst
3567 4535 3594 4572 a
3637 4535 3721 4574 re-

2143 4589 2454 4658 miniscente
2472 4645 2487 4670 ,
2509 4604 2706 4660 laetitia:
2733 4605 2960 4663 dulcedo
2983 4609 3065 4664 vel
3099 4611 3394 4665 amaritudo
3420 4615 3720 4669 maestitiae?

2142 4695 2222 4781 A_n
2245 4693 2296 4746 in
2323 4687 2423 4750 hoc
2446 4696 2702 4754 dissimile
2728 4711 2830 4767 est,
2854 4701 2994 4777 quod
3024 4719 3126 4759 non
3153 4705 3383 4781 undique
3409 4708 3581 4763 simile
3603 4711 3719 4763 est?

2142 4775 2271 4851 Q'ui's
2295 4787 2435 4840 enim
2470 4789 2589 4843 talia
2615 4785 2805 4847 volens
2839 4775 3173 4865 loqueretur,
3210 4798 3256 4852 si
3297 4775 3507 4868 quoties
3557 4801 3720 4856 tristi-

2143 4875 2266 4931 tiam
2289 4889 2555 4936 metumve
2581 4884 2916 4958 nominamus
2932 4927 2948 4955 ,
2988 4887 3144 4944 toties
3165 4904 3394 4948 maerere
3417 4891 3502 4947 vel
3532 4892 3720 4948 timere

2139 4971 2488 5039 cogeremur?
2511 4973 2576 5028 Et
2603 4981 2774 5030 tamen
2802 4991 2906 5032 non
2928 4993 2990 5033 ea
3015 4978 3366 5050 loqueremur,
3395 4981 3497 5038 nisi
3525 4984 3576 5038 in
3604 4999 3718 5039 me-

2139 5060 2307 5114 moria
2333 5049 2511 5116 nostra
2543 5053 2878 5122 non‘tantum
2921 5049 3379 5128 sonosnominum
3421 5073 3714 5128 secundum

2141 5149 2395 5220 imagines
2438 5152 2726 5237 impressas
2762 5159 3004 5215 sensibus
3049 5163 3287 5233 corporis
3332 5165 3382 5229 ’ς
3425 5164 3518 5218 sed
3553 5165 3714 5219 etiam

2139 5235 2315 5326 rerum
2366 5244 2597 5314 ipsarum
2663 5235 2904 5309 notiones
2951 5252 3340 5322 inveniremus,
3393 5271 3528 5326 quas
3570 5256 3714 5315 nulla

2131 5317 2292 5401 ja‘n'ua
2319 5327 2816 5408 carnis'aeeepimus
2834 5379 2851 5406 ,
2881 5341 2974 5396 sed
3003 5357 3093 5398 eas
3122 5344 3236 5418 ipse
3261 5347 3470 5403 animus
3495 5361 3590 5416 per
3613 5361 3711 5402 ex-

2138 5424 2449 5493 perientiam
2512 5429 2816 5506 passionum
2879 5449 3094 5492 suarum
3156 5439 3391 5496 sentiens
3441 5438 3712 5496 memoria

2313 5604 2884 5680 Ρτίυεηξλωειῦπρξεεεαε
3145 5615 3387 5680 corporis;
3402 5627 3451 5671 at
3470 5616 3518 5667 in
3534 5624 3662 5680 MSS».
3677 5629 3711 5671 α

2133 5665 2360 5717 seruiens.
2381 5692 2441 5702 —
2457 5669 2528 5718 sic
2553 5665 2981 5731 etiam't-‘lorentina
2999 5665 3160 5732 editio.
3182 5665 3237 5731 ΜΣ
