  <div class='ocr_page' id='page_1' title='image "/cluster/home/n/w/nwhite01/storage/ocr_20150623/32/hvd.32044015706328/414.png"; bbox 0 0 4078 6366; ppageno 0'>
   <div class='ocr_carea' id='block_1_1' title="bbox 369 318 472 375">
    <p class='ocr_par' dir='ltr' id='par_1_1' title="bbox 369 318 472 375">
     <span class='ocr_line' id='line_1_1' title="bbox 369 318 472 375; baseline 0.039 -3"><span class='ocrx_word' id='word_1_1' title='bbox 369 318 472 375; x_wconf 86' lang='grc'><strong>’189</strong></span> 
     </span>
    </p>
   </div>
   <div class='ocr_carea' id='block_1_2' title="bbox 368 430 1940 502">
    <p class='ocr_par' dir='ltr' id='par_1_2' title="bbox 368 430 1940 502">
     <span class='ocr_line' id='line_1_2' title="bbox 368 430 1940 502; baseline -0.01 -12"><span class='ocrx_word' id='word_1_2' title='bbox 368 437 786 496; x_wconf 85' lang='lat' dir='ltr'><strong>commendavit,</strong></span> <span class='ocrx_word' id='word_1_3' title='bbox 819 444 910 489; x_wconf 90' lang='lat' dir='ltr'><strong>aut</strong></span> <span class='ocrx_word' id='word_1_4' title='bbox 936 434 1044 502; x_wconf 90' lang='lat' dir='ltr'><strong>ipsa</strong></span> <span class='ocrx_word' id='word_1_5' title='bbox 1075 432 1174 489; x_wconf 88' lang='lat' dir='ltr'><strong>sibi</strong></span> <span class='ocrx_word' id='word_1_6' title='bbox 1201 430 1315 487; x_wconf 79' lang='lat' dir='ltr'><strong>Inec</strong></span> <span class='ocrx_word' id='word_1_7' title='bbox 1345 432 1501 488; x_wconf 89' lang='lat' dir='ltr'><strong>etiam</strong></span> <span class='ocrx_word' id='word_1_8' title='bbox 1539 444 1641 482; x_wconf 92' lang='lat' dir='ltr'><strong>non</strong></span> <span class='ocrx_word' id='word_1_9' title='bbox 1673 437 1940 481; x_wconf 86' lang='lat' dir='ltr'><strong>commcn-</strong></span> 
     </span>
    </p>
   </div>
   <div class='ocr_carea' id='block_1_3' title="bbox 368 528 1346 584">
    <p class='ocr_par' dir='ltr' id='par_1_3' title="bbox 368 528 1346 584">
     <span class='ocr_line' id='line_1_3' title="bbox 368 528 1346 584; baseline -0.008 -1"><span class='ocrx_word' id='word_1_10' title='bbox 368 530 486 584; x_wconf 85' lang='lat' dir='ltr'><strong>data</strong></span> <span class='ocrx_word' id='word_1_11' title='bbox 514 528 746 584; x_wconf 76' lang='lat' dir='ltr'><strong>retinnit.</strong></span> <span class='ocrx_word' id='word_1_12' title='bbox 1344 559 1346 562; x_wconf 58' lang='grc' dir='ltr'><strong><em>τ</em></strong></span> 
     </span>
    </p>
   </div>
   <div class='ocr_carea' id='block_1_4' title="bbox 961 618 1340 676">
    <p class='ocr_par' dir='ltr' id='par_1_4' title="bbox 961 618 1340 676">
     <span class='ocr_line' id='line_1_4' title="bbox 961 618 1340 676; baseline -0.005 -2"><span class='ocrx_word' id='word_1_13' title='bbox 961 618 1188 676; x_wconf 83' lang='lat' dir='ltr'><strong>CAPUT</strong></span> <span class='ocrx_word' id='word_1_14' title='bbox 1226 619 1340 673; x_wconf 80' lang='lat' dir='ltr'><strong>XV.</strong></span> 
     </span>
    </p>
   </div>
   <div class='ocr_carea' id='block_1_5' title="bbox 725 710 1577 781">
    <p class='ocr_par' dir='ltr' id='par_1_5' title="bbox 725 710 1577 781">
     <span class='ocr_line' id='line_1_5' title="bbox 725 710 1577 781; baseline -0.002 -17"><span class='ocrx_word' id='word_1_15' title='bbox 725 711 892 765; x_wconf 83' lang='lat' dir='ltr'><strong>Etiam</strong></span> <span class='ocrx_word' id='word_1_16' title='bbox 918 727 1031 781; x_wconf 66' lang='lat' dir='ltr'><strong>qua:</strong></span> <span class='ocrx_word' id='word_1_17' title='bbox 1052 712 1228 764; x_wconf 78' lang='lat' dir='ltr'><strong>absunt</strong></span> <span class='ocrx_word' id='word_1_18' title='bbox 1252 710 1577 763; x_wconf 74' lang='lat' dir='ltr'><strong>meminimus.</strong></span> 
     </span>
    </p>
   </div>
   <div class='ocr_carea' id='block_1_6' title="bbox 437 797 1937 870">
    <p class='ocr_par' dir='ltr' id='par_1_6' title="bbox 437 797 1937 870">
     <span class='ocr_line' id='line_1_6' title="bbox 437 797 1937 870; baseline -0.001 -15"><span class='ocrx_word' id='word_1_19' title='bbox 437 800 526 856; x_wconf 75' lang='lat'><strong>25.</strong></span> <span class='ocrx_word' id='word_1_20' title='bbox 562 801 666 857; x_wconf 86' lang='lat' dir='ltr'><strong>Sed</strong></span> <span class='ocrx_word' id='word_1_21' title='bbox 695 810 869 856; x_wconf 92' lang='lat' dir='ltr'><strong>utrum</strong></span> <span class='ocrx_word' id='word_1_22' title='bbox 901 816 992 868; x_wconf 88' lang='lat' dir='ltr'><strong>per</strong></span> <span class='ocrx_word' id='word_1_23' title='bbox 1028 800 1317 870; x_wconf 93' lang='lat' dir='ltr'><strong>imagines,</strong></span> <span class='ocrx_word' id='word_1_24' title='bbox 1362 815 1428 854; x_wconf 91' lang='lat' dir='ltr'><strong>an</strong></span> <span class='ocrx_word' id='word_1_25' title='bbox 1470 815 1604 864; x_wconf 89' lang='lat' dir='ltr'><strong>non,</strong></span> <span class='ocrx_word' id='word_1_26' title='bbox 1640 800 1758 868; x_wconf 86' lang='lat' dir='ltr'><strong>quis</strong></span> <span class='ocrx_word' id='word_1_27' title='bbox 1787 797 1937 854; x_wconf 79' lang='lat' dir='ltr'><strong>facile</strong></span> 
     </span>
    </p>
   </div>
   <div class='ocr_carea' id='block_1_7' title="bbox 368 887 1935 960">
    <p class='ocr_par' dir='ltr' id='par_1_7' title="bbox 368 887 1935 960">
     <span class='ocr_line' id='line_1_7' title="bbox 368 887 1935 960; baseline -0.004 -14"><span class='ocrx_word' id='word_1_28' title='bbox 368 891 596 946; x_wconf 75' lang='lat' dir='ltr'><strong>dixerit?</strong></span> <span class='ocrx_word' id='word_1_29' title='bbox 620 891 845 945; x_wconf 87' lang='lat' dir='ltr'><strong>Nomine</strong></span> <span class='ocrx_word' id='word_1_30' title='bbox 869 891 1061 960; x_wconf 86' lang='lat' dir='ltr'><strong>quippe</strong></span> <span class='ocrx_word' id='word_1_31' title='bbox 1082 889 1328 959; x_wconf 89' lang='lat' dir='ltr'><strong>lapidem,</strong></span> <span class='ocrx_word' id='word_1_32' title='bbox 1359 890 1572 943; x_wconf 91' lang='lat' dir='ltr'><strong>nomine</strong></span> <span class='ocrx_word' id='word_1_33' title='bbox 1601 887 1787 953; x_wconf 92' lang='lat' dir='ltr'><strong>solem,</strong></span> <span class='ocrx_word' id='word_1_34' title='bbox 1819 903 1935 941; x_wconf 91' lang='lat' dir='ltr'><strong>cum</strong></span> 
     </span>
    </p>
   </div>
   <div class='ocr_carea' id='block_1_8' title="bbox 369 979 1937 1052">
    <p class='ocr_par' dir='ltr' id='par_1_8' title="bbox 369 979 1937 1052">
     <span class='ocr_line' id='line_1_8' title="bbox 369 979 1937 1052; baseline -0.002 -16"><span class='ocrx_word' id='word_1_35' title='bbox 369 998 456 1036; x_wconf 90' lang='lat' dir='ltr'><strong>res</strong></span> <span class='ocrx_word' id='word_1_36' title='bbox 487 983 613 1052; x_wconf 66' lang='lat' dir='ltr'><strong>ipsae</strong></span> <span class='ocrx_word' id='word_1_37' title='bbox 639 996 742 1036; x_wconf 91' lang='lat' dir='ltr'><strong>non</strong></span> <span class='ocrx_word' id='word_1_38' title='bbox 767 981 957 1036; x_wconf 81' lang='lat' dir='ltr'><strong>adsunt</strong></span> <span class='ocrx_word' id='word_1_39' title='bbox 979 981 1221 1035; x_wconf 90' lang='lat' dir='ltr'><strong>sensibus</strong></span> <span class='ocrx_word' id='word_1_40' title='bbox 1251 979 1418 1044; x_wconf 87' lang='lat' dir='ltr'><strong>meis;</strong></span> <span class='ocrx_word' id='word_1_41' title='bbox 1452 980 1502 1032; x_wconf 91' lang='lat' dir='ltr'><strong>in</strong></span> <span class='ocrx_word' id='word_1_42' title='bbox 1530 979 1781 1032; x_wconf 83' lang='lat' dir='ltr'><strong>memoria</strong></span> <span class='ocrx_word' id='word_1_43' title='bbox 1811 992 1937 1033; x_wconf 89' lang='lat' dir='ltr'><strong>sane</strong></span> 
     </span>
    </p>
   </div>
   <div class='ocr_carea' id='block_1_9' title="bbox 371 1070 1934 1142">
    <p class='ocr_par' dir='ltr' id='par_1_9' title="bbox 371 1070 1934 1142">
     <span class='ocr_line' id='line_1_9' title="bbox 371 1070 1934 1142; baseline -0.002 -14"><span class='ocrx_word' id='word_1_44' title='bbox 371 1089 486 1128; x_wconf 87' lang='lat' dir='ltr'><strong>mea</strong></span> <span class='ocrx_word' id='word_1_45' title='bbox 531 1081 725 1142; x_wconf 59' lang='lat' dir='ltr'><strong>praesto</strong></span> <span class='ocrx_word' id='word_1_46' title='bbox 767 1081 890 1127; x_wconf 88' lang='lat' dir='ltr'><strong>sunt</strong></span> <span class='ocrx_word' id='word_1_47' title='bbox 938 1072 1188 1142; x_wconf 78' lang='lat' dir='ltr'><strong>imagines</strong></span> <span class='ocrx_word' id='word_1_48' title='bbox 1213 1086 1414 1126; x_wconf 88' lang='lat' dir='ltr'><strong>earum.</strong></span> <span class='ocrx_word' id='word_1_49' title='bbox 1447 1070 1670 1126; x_wconf 92' lang='lat' dir='ltr'><strong>Nomine</strong></span> <span class='ocrx_word' id='word_1_50' title='bbox 1699 1071 1934 1125; x_wconf 85' lang='lat' dir='ltr'><strong>dolorem</strong></span> 
     </span>
    </p>
   </div>
   <div class='ocr_carea' id='block_1_10' title="bbox 366 1163 1934 1234">
    <p class='ocr_par' dir='ltr' id='par_1_10' title="bbox 366 1163 1934 1234">
     <span class='ocr_line' id='line_1_10' title="bbox 366 1163 1934 1234; baseline -0.001 -16"><span class='ocrx_word' id='word_1_51' title='bbox 366 1164 638 1234; x_wconf 88' lang='lat' dir='ltr'><strong>corporis,</strong></span> <span class='ocrx_word' id='word_1_52' title='bbox 668 1178 765 1218; x_wconf 91' lang='lat' dir='ltr'><strong>nec</strong></span> <span class='ocrx_word' id='word_1_53' title='bbox 793 1163 920 1216; x_wconf 85' lang='lat' dir='ltr'><strong>mihi</strong></span> <span class='ocrx_word' id='word_1_54' title='bbox 946 1163 1094 1218; x_wconf 91' lang='lat' dir='ltr'><strong>adest</strong></span> <span class='ocrx_word' id='word_1_55' title='bbox 1117 1163 1241 1218; x_wconf 92' lang='lat' dir='ltr'><strong>dum</strong></span> <span class='ocrx_word' id='word_1_56' title='bbox 1268 1163 1397 1217; x_wconf 87' lang='lat' dir='ltr'><strong>nihil</strong></span> <span class='ocrx_word' id='word_1_57' title='bbox 1421 1163 1598 1227; x_wconf 89' lang='lat' dir='ltr'><strong>dolet;</strong></span> <span class='ocrx_word' id='word_1_58' title='bbox 1634 1163 1730 1215; x_wconf 88' lang='lat' dir='ltr'><strong>nisi</strong></span> <span class='ocrx_word' id='word_1_59' title='bbox 1763 1171 1934 1216; x_wconf 89' lang='lat' dir='ltr'><strong>tamen</strong></span> 
     </span>
    </p>
   </div>
   <div class='ocr_carea' id='block_1_11' title="bbox 367 1251 1936 1323">
    <p class='ocr_par' dir='ltr' id='par_1_11' title="bbox 367 1251 1936 1323">
     <span class='ocr_line' id='line_1_11' title="bbox 367 1251 1936 1323; baseline -0.002 -15"><span class='ocrx_word' id='word_1_60' title='bbox 367 1255 578 1309; x_wconf 88' lang='lat' dir='ltr'><strong>adesset</strong></span> <span class='ocrx_word' id='word_1_61' title='bbox 621 1255 794 1323; x_wconf 90' lang='lat' dir='ltr'><strong>imago</strong></span> <span class='ocrx_word' id='word_1_62' title='bbox 831 1253 946 1322; x_wconf 86' lang='lat' dir='ltr'><strong>ejus</strong></span> <span class='ocrx_word' id='word_1_63' title='bbox 987 1253 1040 1306; x_wconf 90' lang='lat' dir='ltr'><strong>in</strong></span> <span class='ocrx_word' id='word_1_64' title='bbox 1081 1253 1332 1307; x_wconf 83' lang='lat' dir='ltr'><strong>memoria</strong></span> <span class='ocrx_word' id='word_1_65' title='bbox 1368 1267 1483 1306; x_wconf 91' lang='lat' dir='ltr'><strong>mea</strong></span> <span class='ocrx_word' id='word_1_66' title='bbox 1523 1251 1780 1306; x_wconf 88' lang='lat' dir='ltr'><strong>nescirem</strong></span> <span class='ocrx_word' id='word_1_67' title='bbox 1811 1251 1936 1320; x_wconf 92' lang='lat' dir='ltr'><strong>quid</strong></span> 
     </span>
    </p>
   </div>
   <div class='ocr_carea' id='block_1_12' title="bbox 364 1342 1936 1412">
    <p class='ocr_par' dir='ltr' id='par_1_12' title="bbox 364 1342 1936 1412">
     <span class='ocr_line' id='line_1_12' title="bbox 364 1342 1936 1412; baseline -0.001 -14"><span class='ocrx_word' id='word_1_68' title='bbox 364 1345 628 1408; x_wconf 84' lang='lat' dir='ltr'><strong>dicerem,</strong></span> <span class='ocrx_word' id='word_1_69' title='bbox 660 1359 757 1398; x_wconf 91' lang='lat' dir='ltr'><strong>nec</strong></span> <span class='ocrx_word' id='word_1_70' title='bbox 785 1359 903 1398; x_wconf 89' lang='lat' dir='ltr'><strong>eum</strong></span> <span class='ocrx_word' id='word_1_71' title='bbox 930 1343 984 1398; x_wconf 88' lang='lat' dir='ltr'><strong>in</strong></span> <span class='ocrx_word' id='word_1_72' title='bbox 1006 1343 1321 1412; x_wconf 88' lang='lat' dir='ltr'><strong>disputando</strong></span> <span class='ocrx_word' id='word_1_73' title='bbox 1344 1359 1372 1396; x_wconf 91' lang='lat' dir='ltr'><strong>a</strong></span> <span class='ocrx_word' id='word_1_74' title='bbox 1397 1343 1658 1411; x_wconf 79' lang='lat' dir='ltr'><strong>voluptate</strong></span> <span class='ocrx_word' id='word_1_75' title='bbox 1679 1342 1936 1396; x_wconf 89' lang='lat' dir='ltr'><strong>discerne-</strong></span> 
     </span>
    </p>
   </div>
   <div class='ocr_carea' id='block_1_13' title="bbox 363 1435 1938 1504">
    <p class='ocr_par' dir='ltr' id='par_1_13' title="bbox 363 1435 1938 1504">
     <span class='ocr_line' id='line_1_13' title="bbox 363 1435 1938 1504; baseline -0.001 -15"><span class='ocrx_word' id='word_1_76' title='bbox 363 1451 497 1491; x_wconf 92' lang='lat' dir='ltr'><strong>rem.</strong></span> <span class='ocrx_word' id='word_1_77' title='bbox 529 1435 752 1491; x_wconf 90' lang='lat' dir='ltr'><strong>Nomine</strong></span> <span class='ocrx_word' id='word_1_78' title='bbox 778 1435 1000 1491; x_wconf 83' lang='lat' dir='ltr'><strong>salutem</strong></span> <span class='ocrx_word' id='word_1_79' title='bbox 1040 1436 1280 1504; x_wconf 90' lang='lat' dir='ltr'><strong>corporis</strong></span> <span class='ocrx_word' id='word_1_80' title='bbox 1321 1450 1441 1489; x_wconf 91' lang='lat' dir='ltr'><strong>cum</strong></span> <span class='ocrx_word' id='word_1_81' title='bbox 1474 1436 1650 1489; x_wconf 87' lang='lat' dir='ltr'><strong>salvus</strong></span> <span class='ocrx_word' id='word_1_82' title='bbox 1673 1449 1789 1490; x_wconf 91' lang='lat' dir='ltr'><strong>sum</strong></span> <span class='ocrx_word' id='word_1_83' title='bbox 1820 1449 1938 1488; x_wconf 92' lang='lat' dir='ltr'><strong>cor-</strong></span> 
     </span>
    </p>
   </div>
   <div class='ocr_carea' id='block_1_14' title="bbox 364 1524 1933 1595">
    <p class='ocr_par' dir='ltr' id='par_1_14' title="bbox 364 1524 1933 1595">
     <span class='ocr_line' id='line_1_14' title="bbox 364 1524 1933 1595; baseline -0.003 -15"><span class='ocrx_word' id='word_1_84' title='bbox 364 1541 496 1595; x_wconf 84' lang='lat' dir='ltr'><strong>pore</strong></span> <span class='ocrx_word' id='word_1_85' title='bbox 521 1544 532 1578; x_wconf 88' lang='lat'>:</span> <span class='ocrx_word' id='word_1_86' title='bbox 560 1525 710 1582; x_wconf 91' lang='lat' dir='ltr'><strong>adest</strong></span> <span class='ocrx_word' id='word_1_87' title='bbox 744 1524 872 1580; x_wconf 89' lang='lat' dir='ltr'><strong>mihi</strong></span> <span class='ocrx_word' id='word_1_88' title='bbox 900 1525 1110 1595; x_wconf 83' lang='lat' dir='ltr'><strong>quidem</strong></span> <span class='ocrx_word' id='word_1_89' title='bbox 1141 1540 1226 1579; x_wconf 88' lang='lat' dir='ltr'><strong>res</strong></span> <span class='ocrx_word' id='word_1_90' title='bbox 1253 1525 1403 1594; x_wconf 90' lang='lat' dir='ltr'><strong>ipsa;</strong></span> <span class='ocrx_word' id='word_1_91' title='bbox 1434 1533 1796 1579; x_wconf 85' lang='lat' dir='ltr'><strong>verumtamen</strong></span> <span class='ocrx_word' id='word_1_92' title='bbox 1837 1524 1933 1578; x_wconf 87' lang='lat' dir='ltr'><strong>nisi</strong></span> 
     </span>
    </p>
   </div>
   <div class='ocr_carea' id='block_1_15' title="bbox 361 1613 1937 1687">
    <p class='ocr_par' dir='ltr' id='par_1_15' title="bbox 361 1613 1937 1687">
     <span class='ocr_line' id='line_1_15' title="bbox 361 1613 1937 1687; baseline -0.003 -16"><span class='ocrx_word' id='word_1_93' title='bbox 361 1627 416 1671; x_wconf 91' lang='lat' dir='ltr'><strong>et</strong></span> <span class='ocrx_word' id='word_1_94' title='bbox 453 1617 625 1687; x_wconf 84' lang='lat' dir='ltr'><strong>imago</strong></span> <span class='ocrx_word' id='word_1_95' title='bbox 669 1617 784 1686; x_wconf 90' lang='lat' dir='ltr'><strong>ejus</strong></span> <span class='ocrx_word' id='word_1_96' title='bbox 825 1617 1024 1670; x_wconf 88' lang='lat' dir='ltr'><strong>inesset</strong></span> <span class='ocrx_word' id='word_1_97' title='bbox 1050 1616 1100 1669; x_wconf 90' lang='lat' dir='ltr'><strong>in</strong></span> <span class='ocrx_word' id='word_1_98' title='bbox 1133 1616 1384 1669; x_wconf 88' lang='lat' dir='ltr'><strong>memoria</strong></span> <span class='ocrx_word' id='word_1_99' title='bbox 1414 1629 1529 1669; x_wconf 89' lang='lat' dir='ltr'><strong>mea</strong></span> <span class='ocrx_word' id='word_1_100' title='bbox 1550 1655 1564 1680; x_wconf 92' lang='lat'><strong>,</strong></span> <span class='ocrx_word' id='word_1_101' title='bbox 1597 1614 1741 1668; x_wconf 89' lang='lat' dir='ltr'><strong>nullo</strong></span> <span class='ocrx_word' id='word_1_102' title='bbox 1779 1613 1937 1667; x_wconf 92' lang='lat' dir='ltr'><strong>modo</strong></span> 
     </span>
    </p>
   </div>
   <div class='ocr_carea' id='block_1_16' title="bbox 359 1704 1937 1776">
    <p class='ocr_par' dir='ltr' id='par_1_16' title="bbox 359 1704 1937 1776">
     <span class='ocr_line' id='line_1_16' title="bbox 359 1704 1937 1776; baseline -0.001 -17"><span class='ocrx_word' id='word_1_103' title='bbox 359 1706 671 1762; x_wconf 90' lang='lat' dir='ltr'><strong>recordarer</strong></span> <span class='ocrx_word' id='word_1_104' title='bbox 699 1705 823 1776; x_wconf 92' lang='lat' dir='ltr'><strong>quid</strong></span> <span class='ocrx_word' id='word_1_105' title='bbox 852 1706 1006 1776; x_wconf 88' lang='lat' dir='ltr'><strong>hujus</strong></span> <span class='ocrx_word' id='word_1_106' title='bbox 1035 1706 1261 1760; x_wconf 82' lang='lat' dir='ltr'><strong>nominis</strong></span> <span class='ocrx_word' id='word_1_107' title='bbox 1282 1705 1598 1774; x_wconf 79' lang='lat' dir='ltr'><strong>significaret</strong></span> <span class='ocrx_word' id='word_1_108' title='bbox 1621 1720 1800 1758; x_wconf 87' lang='lat' dir='ltr'><strong>sonus.</strong></span> <span class='ocrx_word' id='word_1_109' title='bbox 1829 1704 1937 1758; x_wconf 88' lang='lat' dir='ltr'><strong>Nec</strong></span> 
     </span>
    </p>
   </div>
   <div class='ocr_carea' id='block_1_17' title="bbox 358 1784 1936 1866">
    <p class='ocr_par' dir='ltr' id='par_1_17' title="bbox 358 1784 1936 1866">
     <span class='ocr_line' id='line_1_17' title="bbox 358 1784 1936 1866; baseline -0.002 -16"><span class='ocrx_word' id='word_1_110' title='bbox 358 1803 677 1866; x_wconf 65' lang='lat' dir='ltr'><strong>aegrotantes</strong></span> <span class='ocrx_word' id='word_1_111' title='bbox 717 1805 1064 1864; x_wconf 80' lang='lat' dir='ltr'><strong>agnoscerent</strong></span> <span class='ocrx_word' id='word_1_112' title='bbox 1103 1795 1273 1848; x_wconf 91' lang='lat' dir='ltr'><strong>salute</strong></span> <span class='ocrx_word' id='word_1_113' title='bbox 1317 1793 1580 1847; x_wconf 91' lang='lat' dir='ltr'><strong>nominata</strong></span> <span class='ocrx_word' id='word_1_114' title='bbox 1624 1794 1747 1863; x_wconf 89' lang='lat' dir='ltr'><strong>quid</strong></span> <span class='ocrx_word' id='word_1_115' title='bbox 1795 1784 1936 1847; x_wconf 81' lang='lat' dir='ltr'><strong>esset</strong></span> 
     </span>
    </p>
   </div>
   <div class='ocr_carea' id='block_1_18' title="bbox 357 1885 1932 1954">
    <p class='ocr_par' dir='ltr' id='par_1_18' title="bbox 357 1885 1932 1954">
     <span class='ocr_line' id='line_1_18' title="bbox 357 1885 1932 1954; baseline -0.001 -15"><span class='ocrx_word' id='word_1_116' title='bbox 357 1887 592 1949; x_wconf 82' lang='lat' dir='ltr'><strong>dictum;</strong></span> <span class='ocrx_word' id='word_1_117' title='bbox 640 1886 742 1940; x_wconf 89' lang='lat' dir='ltr'><strong>nisi</strong></span> <span class='ocrx_word' id='word_1_118' title='bbox 784 1885 970 1940; x_wconf 90' lang='lat' dir='ltr'><strong>eadem</strong></span> <span class='ocrx_word' id='word_1_119' title='bbox 1021 1886 1191 1954; x_wconf 82' lang='lat' dir='ltr'><strong>imago</strong></span> <span class='ocrx_word' id='word_1_120' title='bbox 1234 1885 1283 1938; x_wconf 92' lang='lat' dir='ltr'><strong>vi</strong></span> <span class='ocrx_word' id='word_1_121' title='bbox 1331 1885 1598 1939; x_wconf 64' lang='lat' dir='ltr'><strong>memoriae</strong></span> <span class='ocrx_word' id='word_1_122' title='bbox 1647 1893 1932 1951; x_wconf 88' lang='lat' dir='ltr'><strong>teneretur,</strong></span> 
     </span>
    </p>
   </div>
   <div class='ocr_carea' id='block_1_19' title="bbox 356 1973 1934 2048">
    <p class='ocr_par' dir='ltr' id='par_1_19' title="bbox 356 1973 1934 2048">
     <span class='ocr_line' id='line_1_19' title="bbox 356 1973 1934 2048; baseline -0.002 -17"><span class='ocrx_word' id='word_1_123' title='bbox 356 1977 596 2048; x_wconf 78' lang='lat' dir='ltr'><strong>quamvis</strong></span> <span class='ocrx_word' id='word_1_124' title='bbox 627 1977 736 2047; x_wconf 89' lang='lat' dir='ltr'><strong>ipsa</strong></span> <span class='ocrx_word' id='word_1_125' title='bbox 764 1991 848 2029; x_wconf 91' lang='lat' dir='ltr'><strong>res</strong></span> <span class='ocrx_word' id='word_1_126' title='bbox 877 1975 1084 2031; x_wconf 74' lang='lat' dir='ltr'><strong>abeSset</strong></span> <span class='ocrx_word' id='word_1_127' title='bbox 1111 1990 1139 2027; x_wconf 91' lang='lat' dir='ltr'><strong>a</strong></span> <span class='ocrx_word' id='word_1_128' title='bbox 1161 1989 1404 2042; x_wconf 83' lang='lat' dir='ltr'><strong>corpore.</strong></span> <span class='ocrx_word' id='word_1_129' title='bbox 1435 1973 1660 2028; x_wconf 92' lang='lat' dir='ltr'><strong>Nomine</strong></span> <span class='ocrx_word' id='word_1_130' title='bbox 1685 1989 1934 2028; x_wconf 89' lang='lat' dir='ltr'><strong>numeros</strong></span> 
     </span>
    </p>
   </div>
   <div class='ocr_carea' id='block_1_20' title="bbox 353 2066 1931 2137">
    <p class='ocr_par' dir='ltr' id='par_1_20' title="bbox 353 2066 1931 2137">
     <span class='ocr_line' id='line_1_20' title="bbox 353 2066 1931 2137; baseline -0.001 -16"><span class='ocrx_word' id='word_1_131' title='bbox 353 2069 552 2137; x_wconf 82' lang='lat' dir='ltr'><strong>quibus</strong></span> <span class='ocrx_word' id='word_1_132' title='bbox 580 2081 916 2120; x_wconf 89' lang='lat' dir='ltr'><strong>numeramus</strong></span> <span class='ocrx_word' id='word_1_133' title='bbox 937 2107 950 2127; x_wconf 90' lang='lat'><strong>,</strong></span> <span class='ocrx_word' id='word_1_134' title='bbox 991 2076 1040 2118; x_wconf 87' lang='lat' dir='ltr'><strong>et</strong></span> <span class='ocrx_word' id='word_1_135' title='bbox 1081 2066 1272 2120; x_wconf 87' lang='lat' dir='ltr'><strong>adsunt</strong></span> <span class='ocrx_word' id='word_1_136' title='bbox 1311 2066 1361 2118; x_wconf 91' lang='lat' dir='ltr'><strong>in</strong></span> <span class='ocrx_word' id='word_1_137' title='bbox 1402 2066 1654 2120; x_wconf 88' lang='lat' dir='ltr'><strong>memoria</strong></span> <span class='ocrx_word' id='word_1_138' title='bbox 1683 2081 1798 2121; x_wconf 89' lang='lat' dir='ltr'><strong>mea</strong></span> <span class='ocrx_word' id='word_1_139' title='bbox 1828 2082 1931 2120; x_wconf 93' lang='lat' dir='ltr'><strong>non</strong></span> 
     </span>
    </p>
   </div>
   <div class='ocr_carea' id='block_1_21' title="bbox 357 2156 1930 2229">
    <p class='ocr_par' dir='ltr' id='par_1_21' title="bbox 357 2156 1930 2229">
     <span class='ocr_line' id='line_1_21' title="bbox 357 2156 1930 2229; baseline -0.002 -15"><span class='ocrx_word' id='word_1_140' title='bbox 357 2159 611 2229; x_wconf 81' lang='lat' dir='ltr'><strong>imagines</strong></span> <span class='ocrx_word' id='word_1_141' title='bbox 639 2173 849 2222; x_wconf 90' lang='lat' dir='ltr'><strong>eorum,</strong></span> <span class='ocrx_word' id='word_1_142' title='bbox 895 2157 988 2212; x_wconf 90' lang='lat' dir='ltr'><strong>sed</strong></span> <span class='ocrx_word' id='word_1_143' title='bbox 1032 2157 1154 2227; x_wconf 88' lang='lat' dir='ltr'><strong>ipsi.</strong></span> <span class='ocrx_word' id='word_1_144' title='bbox 1195 2156 1420 2211; x_wconf 91' lang='lat' dir='ltr'><strong>Nomine</strong></span> <span class='ocrx_word' id='word_1_145' title='bbox 1447 2157 1726 2226; x_wconf 82' lang='lat' dir='ltr'><strong>imaginem</strong></span> <span class='ocrx_word' id='word_1_146' title='bbox 1767 2158 1930 2221; x_wconf 89' lang='lat' dir='ltr'><strong>solis,</strong></span> 
     </span>
    </p>
   </div>
   <div class='ocr_carea' id='block_1_22' title="bbox 354 2248 1932 2317">
    <p class='ocr_par' dir='ltr' id='par_1_22' title="bbox 354 2248 1932 2317">
     <span class='ocr_line' id='line_1_22' title="bbox 354 2248 1932 2317; baseline -0.001 -14"><span class='ocrx_word' id='word_1_147' title='bbox 354 2259 411 2303; x_wconf 90' lang='lat' dir='ltr'><strong>ct</strong></span> <span class='ocrx_word' id='word_1_148' title='bbox 437 2251 549 2303; x_wconf 65' lang='lat' dir='ltr'><strong>haec</strong></span> <span class='ocrx_word' id='word_1_149' title='bbox 577 2249 725 2304; x_wconf 85' lang='lat' dir='ltr'><strong>adest</strong></span> <span class='ocrx_word' id='word_1_150' title='bbox 750 2249 800 2301; x_wconf 91' lang='lat' dir='ltr'><strong>in</strong></span> <span class='ocrx_word' id='word_1_151' title='bbox 835 2248 1088 2302; x_wconf 91' lang='lat' dir='ltr'><strong>memoria</strong></span> <span class='ocrx_word' id='word_1_152' title='bbox 1115 2262 1234 2302; x_wconf 88' lang='lat' dir='ltr'><strong>mea</strong></span> <span class='ocrx_word' id='word_1_153' title='bbox 1258 2265 1271 2300; x_wconf 92' lang='lat'>:</span> <span class='ocrx_word' id='word_1_154' title='bbox 1295 2262 1467 2317; x_wconf 90' lang='lat' dir='ltr'><strong>neque</strong></span> <span class='ocrx_word' id='word_1_155' title='bbox 1490 2249 1629 2302; x_wconf 90' lang='lat' dir='ltr'><strong>enim</strong></span> <span class='ocrx_word' id='word_1_156' title='bbox 1654 2248 1932 2317; x_wconf 81' lang='lat' dir='ltr'><strong>imaginem</strong></span> 
     </span>
    </p>
   </div>
   <div class='ocr_carea' id='block_1_23' title="bbox 353 2339 1932 2414">
    <p class='ocr_par' dir='ltr' id='par_1_23' title="bbox 353 2339 1932 2414">
     <span class='ocr_line' id='line_1_23' title="bbox 353 2339 1932 2414; baseline -0.003 -18"><span class='ocrx_word' id='word_1_157' title='bbox 353 2343 600 2410; x_wconf 78' lang='lat' dir='ltr'><strong>imaginis</strong></span> <span class='ocrx_word' id='word_1_158' title='bbox 633 2342 780 2414; x_wconf 81' lang='lat' dir='ltr'><strong>ejus,</strong></span> <span class='ocrx_word' id='word_1_159' title='bbox 811 2340 904 2396; x_wconf 87' lang='lat' dir='ltr'><strong>sed</strong></span> <span class='ocrx_word' id='word_1_160' title='bbox 948 2340 1113 2410; x_wconf 89' lang='lat' dir='ltr'><strong>ipsam</strong></span> <span class='ocrx_word' id='word_1_161' title='bbox 1141 2339 1350 2405; x_wconf 87' lang='lat' dir='ltr'><strong>recolo;</strong></span> <span class='ocrx_word' id='word_1_162' title='bbox 1383 2339 1491 2408; x_wconf 89' lang='lat' dir='ltr'><strong>ipsa</strong></span> <span class='ocrx_word' id='word_1_163' title='bbox 1531 2339 1660 2393; x_wconf 88' lang='lat' dir='ltr'><strong>mihi</strong></span> <span class='ocrx_word' id='word_1_164' title='bbox 1712 2340 1932 2393; x_wconf 91' lang='lat' dir='ltr'><strong>remini-</strong></span> 
     </span>
    </p>
   </div>
   <div class='ocr_carea' id='block_1_24' title="bbox 351 2432 1930 2504">
    <p class='ocr_par' dir='ltr' id='par_1_24' title="bbox 351 2432 1930 2504">
     <span class='ocr_line' id='line_1_24' title="bbox 351 2432 1930 2504; baseline -0.003 -15"><span class='ocrx_word' id='word_1_165' title='bbox 351 2435 525 2490; x_wconf 86' lang='lat' dir='ltr'><strong>scenti</strong></span> <span class='ocrx_word' id='word_1_166' title='bbox 545 2443 736 2504; x_wconf 78' lang='lat' dir='ltr'><strong>przesto</strong></span> <span class='ocrx_word' id='word_1_167' title='bbox 749 2442 850 2489; x_wconf 90' lang='lat' dir='ltr'><strong>est.</strong></span> <span class='ocrx_word' id='word_1_168' title='bbox 874 2432 1099 2488; x_wconf 89' lang='lat' dir='ltr'><strong>Nomine</strong></span> <span class='ocrx_word' id='word_1_169' title='bbox 1126 2432 1524 2496; x_wconf 90' lang='lat' dir='ltr'><strong>memeriam,et</strong></span> <span class='ocrx_word' id='word_1_170' title='bbox 1543 2447 1772 2502; x_wconf 88' lang='lat' dir='ltr'><strong>agnosco</strong></span> <span class='ocrx_word' id='word_1_171' title='bbox 1793 2433 1930 2501; x_wconf 90' lang='lat' dir='ltr'><strong>quod</strong></span> 
     </span>
    </p>
   </div>
   <div class='ocr_carea' id='block_1_25' title="bbox 351 2523 1932 2593">
    <p class='ocr_par' dir='ltr' id='par_1_25' title="bbox 351 2523 1932 2593">
     <span class='ocr_line' id='line_1_25' title="bbox 351 2523 1932 2593; baseline -0.001 -15"><span class='ocrx_word' id='word_1_172' title='bbox 351 2525 588 2579; x_wconf 88' lang='lat' dir='ltr'><strong>nomine.</strong></span> <span class='ocrx_word' id='word_1_173' title='bbox 643 2525 712 2578; x_wconf 90' lang='lat' dir='ltr'><strong>Et</strong></span> <span class='ocrx_word' id='word_1_174' title='bbox 757 2525 842 2579; x_wconf 93' lang='lat' dir='ltr'><strong>ubi</strong></span> <span class='ocrx_word' id='word_1_175' title='bbox 890 2538 1151 2593; x_wconf 88' lang='lat' dir='ltr'><strong>agnosce,</strong></span> <span class='ocrx_word' id='word_1_176' title='bbox 1204 2523 1305 2580; x_wconf 90' lang='lat' dir='ltr'><strong>nisi</strong></span> <span class='ocrx_word' id='word_1_177' title='bbox 1371 2523 1422 2576; x_wconf 91' lang='lat' dir='ltr'><strong>in</strong></span> <span class='ocrx_word' id='word_1_178' title='bbox 1474 2523 1583 2592; x_wconf 89' lang='lat' dir='ltr'><strong>ipsa</strong></span> <span class='ocrx_word' id='word_1_179' title='bbox 1639 2525 1932 2577; x_wconf 87' lang='lat' dir='ltr'><strong>memoria?</strong></span> 
     </span>
    </p>
   </div>
   <div class='ocr_carea' id='block_1_26' title="bbox 349 2613 1930 2685">
    <p class='ocr_par' dir='ltr' id='par_1_26' title="bbox 349 2613 1930 2685">
     <span class='ocr_line' id='line_1_26' title="bbox 349 2613 1930 2685; baseline -0.003 -15"><span class='ocrx_word' id='word_1_180' title='bbox 349 2616 487 2670; x_wconf 81' lang='lat' dir='ltr'><strong>Num</strong></span> <span class='ocrx_word' id='word_1_181' title='bbox 525 2626 578 2671; x_wconf 90' lang='lat' dir='ltr'><strong>et</strong></span> <span class='ocrx_word' id='word_1_182' title='bbox 607 2616 718 2685; x_wconf 88' lang='lat' dir='ltr'><strong>ipsa</strong></span> <span class='ocrx_word' id='word_1_183' title='bbox 747 2631 842 2685; x_wconf 90' lang='lat' dir='ltr'><strong>per</strong></span> <span class='ocrx_word' id='word_1_184' title='bbox 867 2615 1148 2684; x_wconf 80' lang='lat' dir='ltr'><strong>imaginem</strong></span> <span class='ocrx_word' id='word_1_185' title='bbox 1189 2629 1336 2668; x_wconf 91' lang='lat' dir='ltr'><strong>suam</strong></span> <span class='ocrx_word' id='word_1_186' title='bbox 1380 2613 1481 2668; x_wconf 87' lang='lat' dir='ltr'><strong>sibi</strong></span> <span class='ocrx_word' id='word_1_187' title='bbox 1520 2613 1698 2680; x_wconf 86' lang='lat' dir='ltr'><strong>adest,</strong></span> <span class='ocrx_word' id='word_1_188' title='bbox 1728 2628 1787 2666; x_wconf 91' lang='lat' dir='ltr'><strong>ac</strong></span> <span class='ocrx_word' id='word_1_189' title='bbox 1827 2629 1930 2666; x_wconf 92' lang='lat' dir='ltr'><strong>non</strong></span> 
     </span>
    </p>
   </div>
   <div class='ocr_carea' id='block_1_27' title="bbox 352 2706 742 2776">
    <p class='ocr_par' dir='ltr' id='par_1_27' title="bbox 352 2706 742 2776">
     <span class='ocr_line' id='line_1_27' title="bbox 352 2706 742 2776; baseline -0.005 -16"><span class='ocrx_word' id='word_1_190' title='bbox 352 2723 448 2776; x_wconf 89' lang='lat' dir='ltr'><strong>per</strong></span> <span class='ocrx_word' id='word_1_191' title='bbox 476 2706 742 2776; x_wconf 78' lang='lat' dir='ltr'><strong>seipsam?</strong></span> 
     </span>
    </p>
   </div>
   <div class='ocr_carea' id='block_1_28' title="bbox 970 2796 1366 2854">
    <p class='ocr_par' dir='ltr' id='par_1_28' title="bbox 970 2796 1366 2854">
     <span class='ocr_line' id='line_1_28' title="bbox 970 2796 1366 2854; baseline -0.005 -2"><span class='ocrx_word' id='word_1_192' title='bbox 970 2796 1194 2854; x_wconf 86' lang='lat' dir='ltr'><strong>CAPUT</strong></span> <span class='ocrx_word' id='word_1_193' title='bbox 1230 2796 1366 2851; x_wconf 78' lang='lat' dir='ltr'><strong>XVI.</strong></span> 
     </span>
    </p>
   </div>
   <div class='ocr_carea' id='block_1_29' title="bbox 776 2887 1519 2942">
    <p class='ocr_par' dir='ltr' id='par_1_29' title="bbox 776 2887 1519 2942">
     <span class='ocr_line' id='line_1_29' title="bbox 776 2887 1519 2942; baseline -0.005 -1"><span class='ocrx_word' id='word_1_194' title='bbox 776 2887 842 2941; x_wconf 84' lang='lat' dir='ltr'><strong>Et</strong></span> <span class='ocrx_word' id='word_1_195' title='bbox 881 2887 1141 2942; x_wconf 78' lang='lat' dir='ltr'><strong>oblivionis</strong></span> <span class='ocrx_word' id='word_1_196' title='bbox 1170 2887 1408 2941; x_wconf 87' lang='lat' dir='ltr'><strong>memoria</strong></span> <span class='ocrx_word' id='word_1_197' title='bbox 1432 2896 1519 2940; x_wconf 82' lang='lat' dir='ltr'><strong>est.</strong></span> 
     </span>
    </p>
   </div>
   <div class='ocr_carea' id='block_1_30' title="bbox 419 2975 1928 3046">
    <p class='ocr_par' dir='ltr' id='par_1_30' title="bbox 419 2975 1928 3046">
     <span class='ocr_line' id='line_1_30' title="bbox 419 2975 1928 3046; baseline -0.004 -12"><span class='ocrx_word' id='word_1_198' title='bbox 419 2980 511 3034; x_wconf 75' lang='grc'><strong>24.</strong></span> <span class='ocrx_word' id='word_1_199' title='bbox 555 2978 722 3046; x_wconf 85' lang='lat' dir='ltr'><strong>Quid,</strong></span> <span class='ocrx_word' id='word_1_200' title='bbox 768 2995 888 3035; x_wconf 90' lang='lat' dir='ltr'><strong>cum</strong></span> <span class='ocrx_word' id='word_1_201' title='bbox 929 2979 1247 3032; x_wconf 87' lang='lat' dir='ltr'><strong>oblivionem</strong></span> <span class='ocrx_word' id='word_1_202' title='bbox 1292 2977 1537 3042; x_wconf 91' lang='lat' dir='ltr'><strong>nomine,</strong></span> <span class='ocrx_word' id='word_1_203' title='bbox 1567 2985 1724 3046; x_wconf 91' lang='lat' dir='ltr'><strong>atque</strong></span> <span class='ocrx_word' id='word_1_204' title='bbox 1752 2975 1928 3030; x_wconf 89' lang='lat' dir='ltr'><strong>itidem</strong></span> 
     </span>
    </p>
   </div>
   <div class='ocr_carea' id='block_1_31' title="bbox 349 3067 1929 3141">
    <p class='ocr_par' dir='ltr' id='par_1_31' title="bbox 349 3067 1929 3141">
     <span class='ocr_line' id='line_1_31' title="bbox 349 3067 1929 3141; baseline -0.002 -18"><span class='ocrx_word' id='word_1_205' title='bbox 349 3084 583 3141; x_wconf 82' lang='lat' dir='ltr'><strong>agnosco</strong></span> <span class='ocrx_word' id='word_1_206' title='bbox 610 3069 751 3139; x_wconf 92' lang='lat' dir='ltr'><strong>quod</strong></span> <span class='ocrx_word' id='word_1_207' title='bbox 793 3069 1043 3135; x_wconf 91' lang='lat' dir='ltr'><strong>nomine,</strong></span> <span class='ocrx_word' id='word_1_208' title='bbox 1076 3068 1216 3122; x_wconf 92' lang='lat' dir='ltr'><strong>unde</strong></span> <span class='ocrx_word' id='word_1_209' title='bbox 1241 3082 1585 3137; x_wconf 76' lang='lat' dir='ltr'><strong>agnoscerem</strong></span> <span class='ocrx_word' id='word_1_210' title='bbox 1615 3067 1713 3120; x_wconf 85' lang='lat' dir='ltr'><strong>nisi</strong></span> <span class='ocrx_word' id='word_1_211' title='bbox 1746 3067 1929 3120; x_wconf 86' lang='lat' dir='ltr'><strong>memi-</strong></span> 
     </span>
    </p>
   </div>
   <div class='ocr_carea' id='block_1_32' title="bbox 349 3157 1928 3224">
    <p class='ocr_par' dir='ltr' id='par_1_32' title="bbox 349 3157 1928 3224">
     <span class='ocr_line' id='line_1_32' title="bbox 349 3157 1928 3224; baseline -0.005 -7"><span class='ocrx_word' id='word_1_212' title='bbox 349 3161 590 3218; x_wconf 89' lang='lat' dir='ltr'><strong>nissem?</strong></span> <span class='ocrx_word' id='word_1_213' title='bbox 615 3160 733 3216; x_wconf 92' lang='lat' dir='ltr'><strong>Non</strong></span> <span class='ocrx_word' id='word_1_214' title='bbox 763 3159 1011 3218; x_wconf 90' lang='lat' dir='ltr'><strong>eumdem</strong></span> <span class='ocrx_word' id='word_1_215' title='bbox 1049 3175 1236 3214; x_wconf 90' lang='lat' dir='ltr'><strong>sonum</strong></span> <span class='ocrx_word' id='word_1_216' title='bbox 1263 3158 1493 3215; x_wconf 89' lang='lat' dir='ltr'><strong>nominis</strong></span> <span class='ocrx_word' id='word_1_217' title='bbox 1516 3157 1662 3224; x_wconf 91' lang='lat' dir='ltr'><strong>dico,</strong></span> <span class='ocrx_word' id='word_1_218' title='bbox 1693 3157 1785 3211; x_wconf 90' lang='lat' dir='ltr'><strong>sed</strong></span> <span class='ocrx_word' id='word_1_219' title='bbox 1821 3173 1928 3210; x_wconf 91' lang='lat' dir='ltr'><strong>rem</strong></span> 
     </span>
    </p>
   </div>
   <div class='ocr_carea' id='block_1_33' title="bbox 348 3247 1932 3324">
    <p class='ocr_par' dir='ltr' id='par_1_33' title="bbox 348 3247 1932 3324">
     <span class='ocr_line' id='line_1_33' title="bbox 348 3247 1932 3324; baseline -0.004 -17"><span class='ocrx_word' id='word_1_220' title='bbox 348 3269 507 3324; x_wconf 88' lang='lat' dir='ltr'><strong>quam</strong></span> <span class='ocrx_word' id='word_1_221' title='bbox 534 3252 823 3323; x_wconf 87' lang='lat' dir='ltr'><strong>significat;</strong></span> <span class='ocrx_word' id='word_1_222' title='bbox 850 3267 1007 3322; x_wconf 89' lang='lat' dir='ltr'><strong>quam</strong></span> <span class='ocrx_word' id='word_1_223' title='bbox 1042 3251 1089 3306; x_wconf 97' lang='lat' dir='ltr'><strong>si</strong></span> <span class='ocrx_word' id='word_1_224' title='bbox 1119 3250 1309 3305; x_wconf 91' lang='lat' dir='ltr'><strong>oblitus</strong></span> <span class='ocrx_word' id='word_1_225' title='bbox 1336 3264 1537 3311; x_wconf 88' lang='lat' dir='ltr'><strong>essem;</strong></span> <span class='ocrx_word' id='word_1_226' title='bbox 1569 3247 1693 3318; x_wconf 91' lang='lat' dir='ltr'><strong>quid</strong></span> <span class='ocrx_word' id='word_1_227' title='bbox 1733 3247 1822 3302; x_wconf 90' lang='lat' dir='ltr'><strong>ille</strong></span> <span class='ocrx_word' id='word_1_228' title='bbox 1843 3262 1932 3300; x_wconf 85' lang='lat' dir='ltr'><strong>va-</strong></span> 
     </span>
    </p>
   </div>
   <div class='ocr_carea' id='block_1_34' title="bbox 349 3336 1930 3412">
    <p class='ocr_par' dir='ltr' id='par_1_34' title="bbox 349 3336 1930 3412">
     <span class='ocr_line' id='line_1_34' title="bbox 349 3336 1930 3412; baseline -0.006 -13"><span class='ocrx_word' id='word_1_229' title='bbox 349 3344 487 3400; x_wconf 89' lang='lat' dir='ltr'><strong>leret</strong></span> <span class='ocrx_word' id='word_1_230' title='bbox 515 3357 678 3397; x_wconf 90' lang='lat' dir='ltr'><strong>sonus</strong></span> <span class='ocrx_word' id='word_1_231' title='bbox 695 3384 708 3407; x_wconf 93' lang='lat'><strong>,</strong></span> <span class='ocrx_word' id='word_1_232' title='bbox 737 3356 1022 3412; x_wconf 89' lang='lat' dir='ltr'><strong>agnoscere</strong></span> <span class='ocrx_word' id='word_1_233' title='bbox 1044 3341 1224 3410; x_wconf 88' lang='lat' dir='ltr'><strong>utique</strong></span> <span class='ocrx_word' id='word_1_234' title='bbox 1245 3354 1348 3393; x_wconf 93' lang='lat' dir='ltr'><strong>non</strong></span> <span class='ocrx_word' id='word_1_235' title='bbox 1369 3339 1620 3392; x_wconf 88' lang='lat' dir='ltr'><strong>valerem.</strong></span> <span class='ocrx_word' id='word_1_236' title='bbox 1648 3336 1790 3405; x_wconf 85' lang='lat' dir='ltr'><strong>Ergo</strong></span> <span class='ocrx_word' id='word_1_237' title='bbox 1812 3351 1930 3390; x_wconf 78' lang='lat' dir='ltr'><strong>cum</strong></span> 
     </span>
    </p>
   </div>
   <div class='ocr_carea' id='block_1_35' title="bbox 348 3426 1932 3500">
    <p class='ocr_par' dir='ltr' id='par_1_35' title="bbox 348 3426 1932 3500">
     <span class='ocr_line' id='line_1_35' title="bbox 348 3426 1932 3500; baseline -0.006 -12"><span class='ocrx_word' id='word_1_238' title='bbox 348 3433 663 3488; x_wconf 84' lang='lat' dir='ltr'><strong>memoriam</strong></span> <span class='ocrx_word' id='word_1_239' title='bbox 695 3431 942 3499; x_wconf 92' lang='lat' dir='ltr'><strong>memini,</strong></span> <span class='ocrx_word' id='word_1_240' title='bbox 975 3445 1072 3499; x_wconf 91' lang='lat' dir='ltr'><strong>per</strong></span> <span class='ocrx_word' id='word_1_241' title='bbox 1100 3429 1330 3500; x_wconf 90' lang='lat' dir='ltr'><strong>seipsam</strong></span> <span class='ocrx_word' id='word_1_242' title='bbox 1359 3428 1458 3482; x_wconf 89' lang='lat' dir='ltr'><strong>sibi</strong></span> <span class='ocrx_word' id='word_1_243' title='bbox 1496 3435 1686 3498; x_wconf 64' lang='lat' dir='ltr'><strong>praesto</strong></span> <span class='ocrx_word' id='word_1_244' title='bbox 1717 3435 1798 3480; x_wconf 89' lang='lat' dir='ltr'><strong>est</strong></span> <span class='ocrx_word' id='word_1_245' title='bbox 1821 3426 1932 3494; x_wconf 85' lang='lat' dir='ltr'><strong>ipsa</strong></span> 
     </span>
    </p>
   </div>
   <div class='ocr_carea' id='block_1_36' title="bbox 349 3517 1932 3583">
    <p class='ocr_par' dir='ltr' id='par_1_36' title="bbox 349 3517 1932 3583">
     <span class='ocr_line' id='line_1_36' title="bbox 349 3517 1932 3583; baseline -0.004 -4"><span class='ocrx_word' id='word_1_246' title='bbox 349 3523 608 3579; x_wconf 86' lang='lat' dir='ltr'><strong>memoria</strong></span> <span class='ocrx_word' id='word_1_247' title='bbox 639 3541 654 3576; x_wconf 89' lang='lat'><strong>:</strong></span> <span class='ocrx_word' id='word_1_248' title='bbox 682 3537 804 3576; x_wconf 89' lang='lat' dir='ltr'><strong>eum</strong></span> <span class='ocrx_word' id='word_1_249' title='bbox 829 3535 957 3576; x_wconf 90' lang='lat' dir='ltr'><strong>vero</strong></span> <span class='ocrx_word' id='word_1_250' title='bbox 985 3520 1204 3576; x_wconf 89' lang='lat' dir='ltr'><strong>memini</strong></span> <span class='ocrx_word' id='word_1_251' title='bbox 1229 3519 1545 3574; x_wconf 87' lang='lat' dir='ltr'><strong>oblivionem</strong></span> <span class='ocrx_word' id='word_1_252' title='bbox 1561 3558 1576 3583; x_wconf 94' lang='lat'><strong>,</strong></span> <span class='ocrx_word' id='word_1_253' title='bbox 1599 3529 1652 3572; x_wconf 87' lang='lat' dir='ltr'><strong>et</strong></span> <span class='ocrx_word' id='word_1_254' title='bbox 1679 3517 1932 3572; x_wconf 90' lang='lat' dir='ltr'><strong>memoria</strong></span> 
     </span>
    </p>
   </div>
   <div class='ocr_carea' id='block_1_37' title="bbox 350 3609 1936 3684">
    <p class='ocr_par' dir='ltr' id='par_1_37' title="bbox 350 3609 1936 3684">
     <span class='ocr_line' id='line_1_37' title="bbox 350 3609 1936 3684; baseline -0.003 -16"><span class='ocrx_word' id='word_1_255' title='bbox 350 3621 548 3684; x_wconf 68' lang='lat' dir='ltr'><strong>praesto</strong></span> <span class='ocrx_word' id='word_1_256' title='bbox 566 3622 645 3669; x_wconf 90' lang='lat' dir='ltr'><strong>est</strong></span> <span class='ocrx_word' id='word_1_257' title='bbox 683 3623 736 3668; x_wconf 91' lang='lat' dir='ltr'><strong>et</strong></span> <span class='ocrx_word' id='word_1_258' title='bbox 760 3613 984 3676; x_wconf 88' lang='lat' dir='ltr'><strong>oblivio;</strong></span> <span class='ocrx_word' id='word_1_259' title='bbox 1022 3612 1278 3666; x_wconf 88' lang='lat' dir='ltr'><strong>memoria</strong></span> <span class='ocrx_word' id='word_1_260' title='bbox 1299 3627 1402 3682; x_wconf 92' lang='lat' dir='ltr'><strong>qua</strong></span> <span class='ocrx_word' id='word_1_261' title='bbox 1430 3611 1782 3676; x_wconf 87' lang='lat' dir='ltr'><strong>meminerim,</strong></span> <span class='ocrx_word' id='word_1_262' title='bbox 1809 3609 1936 3664; x_wconf 85' lang='lat' dir='ltr'><strong>obli-</strong></span> 
     </span>
    </p>
   </div>
   <div class='ocr_carea' id='block_1_38' title="bbox 351 3700 1931 3774">
    <p class='ocr_par' dir='ltr' id='par_1_38' title="bbox 351 3700 1931 3774">
     <span class='ocr_line' id='line_1_38' title="bbox 351 3700 1931 3774; baseline -0.001 -18"><span class='ocrx_word' id='word_1_263' title='bbox 351 3704 440 3758; x_wconf 87' lang='lat' dir='ltr'><strong>vio</strong></span> <span class='ocrx_word' id='word_1_264' title='bbox 461 3718 619 3774; x_wconf 89' lang='lat' dir='ltr'><strong>quam</strong></span> <span class='ocrx_word' id='word_1_265' title='bbox 645 3703 994 3757; x_wconf 89' lang='lat' dir='ltr'><strong>meminerim.</strong></span> <span class='ocrx_word' id='word_1_266' title='bbox 1021 3700 1127 3757; x_wconf 91' lang='lat' dir='ltr'><strong>Sed</strong></span> <span class='ocrx_word' id='word_1_267' title='bbox 1153 3701 1278 3771; x_wconf 89' lang='lat' dir='ltr'><strong>quid</strong></span> <span class='ocrx_word' id='word_1_268' title='bbox 1304 3710 1385 3756; x_wconf 91' lang='lat' dir='ltr'><strong>est</strong></span> <span class='ocrx_word' id='word_1_269' title='bbox 1427 3701 1650 3767; x_wconf 90' lang='lat' dir='ltr'><strong>oblivio,</strong></span> <span class='ocrx_word' id='word_1_270' title='bbox 1680 3700 1782 3755; x_wconf 88' lang='lat' dir='ltr'><strong>nisi</strong></span> <span class='ocrx_word' id='word_1_271' title='bbox 1825 3700 1931 3770; x_wconf 88' lang='lat' dir='ltr'><strong>pri-</strong></span> 
     </span>
    </p>
   </div>
   <div class='ocr_carea' id='block_1_39' title="bbox 351 3791 1933 3862">
    <p class='ocr_par' dir='ltr' id='par_1_39' title="bbox 351 3791 1933 3862">
     <span class='ocr_line' id='line_1_39' title="bbox 351 3791 1933 3862; baseline -0.003 -14"><span class='ocrx_word' id='word_1_272' title='bbox 351 3795 494 3848; x_wconf 88' lang='lat' dir='ltr'><strong>vatio</strong></span> <span class='ocrx_word' id='word_1_273' title='bbox 537 3793 845 3848; x_wconf 84' lang='lat' dir='ltr'><strong>memoriae‘l</strong></span> <span class='ocrx_word' id='word_1_274' title='bbox 870 3792 1146 3858; x_wconf 85' lang='lat' dir='ltr'><strong>Quomodo</strong></span> <span class='ocrx_word' id='word_1_275' title='bbox 1168 3807 1294 3862; x_wconf 90' lang='lat' dir='ltr'><strong>ergo</strong></span> <span class='ocrx_word' id='word_1_276' title='bbox 1327 3791 1476 3846; x_wconf 86' lang='lat' dir='ltr'><strong>adest</strong></span> <span class='ocrx_word' id='word_1_277' title='bbox 1512 3801 1569 3845; x_wconf 89' lang='lat' dir='ltr'><strong>ut</strong></span> <span class='ocrx_word' id='word_1_278' title='bbox 1595 3806 1711 3846; x_wconf 90' lang='lat' dir='ltr'><strong>eam</strong></span> <span class='ocrx_word' id='word_1_279' title='bbox 1743 3791 1933 3846; x_wconf 86' lang='lat' dir='ltr'><strong>memi-</strong></span> 
     </span>
    </p>
   </div>
   <div class='ocr_carea' id='block_1_40' title="bbox 351 3881 1935 3955">
    <p class='ocr_par' dir='ltr' id='par_1_40' title="bbox 351 3881 1935 3955">
     <span class='ocr_line' id='line_1_40' title="bbox 351 3881 1935 3955; baseline -0.004 -13"><span class='ocrx_word' id='word_1_280' title='bbox 351 3885 545 3952; x_wconf 85' lang='lat' dir='ltr'><strong>nerim,</strong></span> <span class='ocrx_word' id='word_1_281' title='bbox 572 3884 783 3955; x_wconf 86' lang='lat' dir='ltr'><strong>quando</strong></span> <span class='ocrx_word' id='word_1_282' title='bbox 810 3898 932 3939; x_wconf 90' lang='lat' dir='ltr'><strong>cum</strong></span> <span class='ocrx_word' id='word_1_283' title='bbox 957 3883 1106 3936; x_wconf 87' lang='lat' dir='ltr'><strong>adest</strong></span> <span class='ocrx_word' id='word_1_284' title='bbox 1126 3882 1427 3936; x_wconf 88' lang='lat' dir='ltr'><strong>meminisse</strong></span> <span class='ocrx_word' id='word_1_285' title='bbox 1455 3897 1558 3935; x_wconf 91' lang='lat' dir='ltr'><strong>non</strong></span> <span class='ocrx_word' id='word_1_286' title='bbox 1586 3881 1832 3951; x_wconf 80' lang='lat' dir='ltr'><strong>possum?</strong></span> <span class='ocrx_word' id='word_1_287' title='bbox 1867 3885 1935 3935; x_wconf 83' lang='lat' dir='ltr'><strong>At</strong></span> 
     </span>
    </p>
   </div>
   <div class='ocr_carea' id='block_1_41' title="bbox 350 3973 1932 4045">
    <p class='ocr_par' dir='ltr' id='par_1_41' title="bbox 350 3973 1932 4045">
     <span class='ocr_line' id='line_1_41' title="bbox 350 3973 1932 4045; baseline -0.003 -15"><span class='ocrx_word' id='word_1_288' title='bbox 350 3976 398 4030; x_wconf 83' lang='lat' dir='ltr'><strong>si</strong></span> <span class='ocrx_word' id='word_1_289' title='bbox 424 3975 564 4045; x_wconf 93' lang='lat' dir='ltr'><strong>quod</strong></span> <span class='ocrx_word' id='word_1_290' title='bbox 602 3975 939 4030; x_wconf 90' lang='lat' dir='ltr'><strong>meminimus</strong></span> <span class='ocrx_word' id='word_1_291' title='bbox 964 3973 1219 4028; x_wconf 89' lang='lat' dir='ltr'><strong>memoria</strong></span> <span class='ocrx_word' id='word_1_292' title='bbox 1248 3973 1569 4038; x_wconf 88' lang='lat' dir='ltr'><strong>retinemus;</strong></span> <span class='ocrx_word' id='word_1_293' title='bbox 1615 3973 1932 4027; x_wconf 90' lang='lat' dir='ltr'><strong>oblivionem</strong></span> 
     </span>
    </p>
   </div>
   <div class='ocr_carea' id='block_1_42' title="bbox 354 4065 1934 4134">
    <p class='ocr_par' dir='ltr' id='par_1_42' title="bbox 354 4065 1934 4134">
     <span class='ocr_line' id='line_1_42' title="bbox 354 4065 1934 4134; baseline -0.001 -14"><span class='ocrx_word' id='word_1_294' title='bbox 354 4073 530 4120; x_wconf 85' lang='lat' dir='ltr'><strong>autem</strong></span> <span class='ocrx_word' id='word_1_295' title='bbox 560 4066 662 4119; x_wconf 90' lang='lat' dir='ltr'><strong>nisi</strong></span> <span class='ocrx_word' id='word_1_296' title='bbox 690 4065 1117 4120; x_wconf 85' lang='lat' dir='ltr'><strong>meminissemus</strong></span> <span class='ocrx_word' id='word_1_297' title='bbox 1138 4105 1153 4130; x_wconf 95' lang='lat'><strong>,</strong></span> <span class='ocrx_word' id='word_1_298' title='bbox 1184 4078 1514 4134; x_wconf 86' lang='lat' dir='ltr'><strong>nequaquam</strong></span> <span class='ocrx_word' id='word_1_299' title='bbox 1541 4077 1816 4132; x_wconf 87' lang='lat' dir='ltr'><strong>possemus</strong></span> <span class='ocrx_word' id='word_1_300' title='bbox 1841 4079 1934 4118; x_wconf 87' lang='lat' dir='ltr'><strong>au-</strong></span> 
     </span>
    </p>
   </div>
   <div class='ocr_carea' id='block_1_43' title="bbox 352 4153 1931 4224">
    <p class='ocr_par' dir='ltr' id='par_1_43' title="bbox 352 4153 1931 4224">
     <span class='ocr_line' id='line_1_43' title="bbox 352 4153 1931 4224; baseline -0.002 -13"><span class='ocrx_word' id='word_1_301' title='bbox 352 4153 465 4212; x_wconf 89' lang='lat' dir='ltr'><strong>dito</strong></span> <span class='ocrx_word' id='word_1_302' title='bbox 480 4154 582 4209; x_wconf 88' lang='lat' dir='ltr'><strong>iste</strong></span> <span class='ocrx_word' id='word_1_303' title='bbox 597 4156 829 4220; x_wconf 89' lang='lat' dir='ltr'><strong>nomine,</strong></span> <span class='ocrx_word' id='word_1_304' title='bbox 851 4170 962 4210; x_wconf 90' lang='lat' dir='ltr'><strong>rem</strong></span> <span class='ocrx_word' id='word_1_305' title='bbox 989 4169 1108 4224; x_wconf 72' lang='lat' dir='ltr'><strong>qua:</strong></span> <span class='ocrx_word' id='word_1_306' title='bbox 1144 4153 1236 4208; x_wconf 92' lang='lat' dir='ltr'><strong>ille</strong></span> <span class='ocrx_word' id='word_1_307' title='bbox 1260 4153 1585 4224; x_wconf 80' lang='lat' dir='ltr'><strong>signiﬁcatur</strong></span> <span class='ocrx_word' id='word_1_308' title='bbox 1608 4167 1931 4223; x_wconf 88' lang='lat' dir='ltr'><strong>agnoscere;</strong></span> 
     </span>
    </p>
   </div>
   <div class='ocr_carea' id='block_1_44' title="bbox 353 4242 1930 4314">
    <p class='ocr_par' dir='ltr' id='par_1_44' title="bbox 353 4242 1930 4314">
     <span class='ocr_line' id='line_1_44' title="bbox 353 4242 1930 4314; baseline -0.001 -17"><span class='ocrx_word' id='word_1_309' title='bbox 353 4244 612 4299; x_wconf 90' lang='lat' dir='ltr'><strong>memoria</strong></span> <span class='ocrx_word' id='word_1_310' title='bbox 625 4245 884 4299; x_wconf 88' lang='lat' dir='ltr'><strong>retinetur</strong></span> <span class='ocrx_word' id='word_1_311' title='bbox 901 4245 1116 4299; x_wconf 89' lang='lat' dir='ltr'><strong>oblivio.</strong></span> <span class='ocrx_word' id='word_1_312' title='bbox 1137 4242 1302 4300; x_wconf 88' lang='lat' dir='ltr'><strong>Adest</strong></span> <span class='ocrx_word' id='word_1_313' title='bbox 1315 4257 1441 4314; x_wconf 87' lang='lat' dir='ltr'><strong>ergo</strong></span> <span class='ocrx_word' id='word_1_314' title='bbox 1454 4258 1520 4297; x_wconf 89' lang='lat' dir='ltr'><strong>ne</strong></span> <span class='ocrx_word' id='word_1_315' title='bbox 1539 4242 1930 4310; x_wconf 85' lang='lat' dir='ltr'><strong>obliviscamur,</strong></span> 
     </span>
    </p>
   </div>
   <div class='ocr_carea' id='block_1_45' title="bbox 354 4333 1934 4404">
    <p class='ocr_par' dir='ltr' id='par_1_45' title="bbox 354 4333 1934 4404">
     <span class='ocr_line' id='line_1_45' title="bbox 354 4333 1934 4404; baseline -0.001 -16"><span class='ocrx_word' id='word_1_316' title='bbox 354 4347 474 4404; x_wconf 67' lang='lat' dir='ltr'><strong>quae</strong></span> <span class='ocrx_word' id='word_1_317' title='bbox 514 4348 636 4390; x_wconf 86' lang='lat' dir='ltr'><strong>cum</strong></span> <span class='ocrx_word' id='word_1_318' title='bbox 679 4335 828 4389; x_wconf 89' lang='lat' dir='ltr'><strong>adest</strong></span> <span class='ocrx_word' id='word_1_319' title='bbox 849 4334 1227 4390; x_wconf 91' lang='lat' dir='ltr'><strong>obliviscimur.</strong></span> <span class='ocrx_word' id='word_1_320' title='bbox 1257 4335 1338 4387; x_wconf 87' lang='lat' dir='ltr'><strong>An</strong></span> <span class='ocrx_word' id='word_1_321' title='bbox 1381 4348 1448 4388; x_wconf 82' lang='lat' dir='ltr'><strong>ex</strong></span> <span class='ocrx_word' id='word_1_322' title='bbox 1488 4333 1590 4387; x_wconf 90' lang='lat' dir='ltr'><strong>hoc</strong></span> <span class='ocrx_word' id='word_1_323' title='bbox 1626 4333 1934 4403; x_wconf 87' lang='lat' dir='ltr'><strong>intelligitur</strong></span> 
     </span>
    </p>
   </div>
   <div class='ocr_carea' id='block_1_46' title="bbox 355 4423 1932 4494">
    <p class='ocr_par' dir='ltr' id='par_1_46' title="bbox 355 4423 1932 4494">
     <span class='ocr_line' id='line_1_46' title="bbox 355 4423 1932 4494; baseline 0 -18"><span class='ocrx_word' id='word_1_324' title='bbox 355 4438 462 4478; x_wconf 89' lang='lat' dir='ltr'><strong>non</strong></span> <span class='ocrx_word' id='word_1_325' title='bbox 502 4438 599 4493; x_wconf 89' lang='lat' dir='ltr'><strong>per</strong></span> <span class='ocrx_word' id='word_1_326' title='bbox 627 4425 852 4494; x_wconf 87' lang='lat' dir='ltr'><strong>seipsam</strong></span> <span class='ocrx_word' id='word_1_327' title='bbox 893 4426 1063 4478; x_wconf 90' lang='lat' dir='ltr'><strong>inesse</strong></span> <span class='ocrx_word' id='word_1_328' title='bbox 1105 4423 1378 4479; x_wconf 66' lang='lat' dir='ltr'><strong>memoriae</strong></span> <span class='ocrx_word' id='word_1_329' title='bbox 1419 4438 1536 4476; x_wconf 92' lang='lat' dir='ltr'><strong>cum</strong></span> <span class='ocrx_word' id='word_1_330' title='bbox 1581 4438 1696 4477; x_wconf 86' lang='lat' dir='ltr'><strong>eam</strong></span> <span class='ocrx_word' id='word_1_331' title='bbox 1744 4424 1932 4478; x_wconf 88' lang='lat' dir='ltr'><strong>memi-</strong></span> 
     </span>
    </p>
   </div>
   <div class='ocr_carea' id='block_1_47' title="bbox 355 4513 1932 4586">
    <p class='ocr_par' dir='ltr' id='par_1_47' title="bbox 355 4513 1932 4586">
     <span class='ocr_line' id='line_1_47' title="bbox 355 4513 1932 4586; baseline -0.001 -16"><span class='ocrx_word' id='word_1_332' title='bbox 355 4515 560 4582; x_wconf 87' lang='lat' dir='ltr'><strong>nimus,</strong></span> <span class='ocrx_word' id='word_1_333' title='bbox 584 4517 675 4571; x_wconf 91' lang='lat' dir='ltr'><strong>sed</strong></span> <span class='ocrx_word' id='word_1_334' title='bbox 705 4533 798 4586; x_wconf 88' lang='lat' dir='ltr'><strong>per</strong></span> <span class='ocrx_word' id='word_1_335' title='bbox 824 4517 1104 4586; x_wconf 82' lang='lat' dir='ltr'><strong>imaginem</strong></span> <span class='ocrx_word' id='word_1_336' title='bbox 1129 4516 1314 4570; x_wconf 88' lang='lat' dir='ltr'><strong>suam?</strong></span> <span class='ocrx_word' id='word_1_337' title='bbox 1340 4515 1461 4585; x_wconf 88' lang='lat' dir='ltr'><strong>quia</strong></span> <span class='ocrx_word' id='word_1_338' title='bbox 1503 4515 1546 4569; x_wconf 91' lang='lat' dir='ltr'><strong>si</strong></span> <span class='ocrx_word' id='word_1_339' title='bbox 1589 4531 1682 4584; x_wconf 91' lang='lat' dir='ltr'><strong>per</strong></span> <span class='ocrx_word' id='word_1_340' title='bbox 1705 4513 1932 4585; x_wconf 87' lang='lat' dir='ltr'><strong>seipsam</strong></span> 
     </span>
    </p>
   </div>
   <div class='ocr_carea' id='block_1_48' title="bbox 353 4604 1935 4677">
    <p class='ocr_par' dir='ltr' id='par_1_48' title="bbox 353 4604 1935 4677">
     <span class='ocr_line' id='line_1_48' title="bbox 353 4604 1935 4677; baseline -0.001 -17"><span class='ocrx_word' id='word_1_341' title='bbox 353 4615 552 4677; x_wconf 62' lang='grc' dir='ltr'><strong>ιιι-ωειο</strong></span> <span class='ocrx_word' id='word_1_342' title='bbox 576 4615 717 4662; x_wconf 86' lang='lat' dir='ltr'><strong>esset</strong></span> <span class='ocrx_word' id='word_1_343' title='bbox 743 4605 972 4670; x_wconf 88' lang='lat' dir='ltr'><strong>oblivio,</strong></span> <span class='ocrx_word' id='word_1_344' title='bbox 1018 4621 1123 4659; x_wconf 91' lang='lat' dir='ltr'><strong>non</strong></span> <span class='ocrx_word' id='word_1_345' title='bbox 1160 4614 1217 4659; x_wconf 89' lang='lat' dir='ltr'><strong>ut</strong></span> <span class='ocrx_word' id='word_1_346' title='bbox 1253 4605 1708 4667; x_wconf 83' lang='lat' dir='ltr'><strong>meminissemus,</strong></span> <span class='ocrx_word' id='word_1_347' title='bbox 1741 4604 1832 4657; x_wconf 90' lang='lat' dir='ltr'><strong>sed</strong></span> <span class='ocrx_word' id='word_1_348' title='bbox 1877 4611 1935 4658; x_wconf 89' lang='lat' dir='ltr'><strong>ut</strong></span> 
     </span>
    </p>
   </div>
   <div class='ocr_carea' id='block_1_49' title="bbox 355 4692 1935 4763">
    <p class='ocr_par' dir='ltr' id='par_1_49' title="bbox 355 4692 1935 4763">
     <span class='ocr_line' id='line_1_49' title="bbox 355 4692 1935 4763; baseline -0.001 -15"><span class='ocrx_word' id='word_1_349' title='bbox 355 4695 790 4750; x_wconf 87' lang='lat' dir='ltr'><strong>oblivisceremur</strong></span> <span class='ocrx_word' id='word_1_350' title='bbox 832 4694 1085 4748; x_wconf 82' lang='lat' dir='ltr'><strong>efficeret.</strong></span> <span class='ocrx_word' id='word_1_351' title='bbox 1120 4695 1186 4747; x_wconf 88' lang='lat' dir='ltr'><strong>Et</strong></span> <span class='ocrx_word' id='word_1_352' title='bbox 1221 4695 1321 4748; x_wconf 87' lang='lat' dir='ltr'><strong>hoc</strong></span> <span class='ocrx_word' id='word_1_353' title='bbox 1360 4695 1479 4763; x_wconf 90' lang='lat' dir='ltr'><strong>quis</strong></span> <span class='ocrx_word' id='word_1_354' title='bbox 1527 4694 1738 4749; x_wconf 90' lang='lat' dir='ltr'><strong>tandem</strong></span> <span class='ocrx_word' id='word_1_355' title='bbox 1786 4692 1935 4747; x_wconf 89' lang='lat' dir='ltr'><strong>inda-</strong></span> 
     </span>
    </p>
   </div>
   <div class='ocr_carea' id='block_1_50' title="bbox 353 4783 1541 4854">
    <p class='ocr_par' dir='ltr' id='par_1_50' title="bbox 353 4783 1541 4854">
     <span class='ocr_line' id='line_1_50' title="bbox 353 4783 1541 4854; baseline -0.002 -16"><span class='ocrx_word' id='word_1_356' title='bbox 353 4784 534 4854; x_wconf 86' lang='lat' dir='ltr'><strong>gabit?</strong></span> <span class='ocrx_word' id='word_1_357' title='bbox 562 4786 679 4854; x_wconf 88' lang='lat' dir='ltr'><strong>quis</strong></span> <span class='ocrx_word' id='word_1_358' title='bbox 705 4783 1118 4854; x_wconf 84' lang='lat' dir='ltr'><strong>comprehendet</strong></span> <span class='ocrx_word' id='word_1_359' title='bbox 1140 4784 1408 4852; x_wconf 91' lang='lat' dir='ltr'><strong>quomodo</strong></span> <span class='ocrx_word' id='word_1_360' title='bbox 1436 4783 1541 4837; x_wconf 86' lang='lat' dir='ltr'><strong>sit?</strong></span> 
     </span>
    </p>
   </div>
   <div class='ocr_carea' id='block_1_51' title="bbox 302 4873 1931 4955">
    <p class='ocr_par' dir='ltr' id='par_1_51' title="bbox 302 4873 1931 4955">
     <span class='ocr_line' id='line_1_51' title="bbox 302 4873 1931 4955; baseline -0.001 -25"><span class='ocrx_word' id='word_1_361' title='bbox 302 4933 310 4955; x_wconf 34' lang='grc' dir='ltr'>ι</span> <span class='ocrx_word' id='word_1_362' title='bbox 423 4873 514 4930; x_wconf 70' lang='grc'><strong>25.</strong></span> <span class='ocrx_word' id='word_1_363' title='bbox 563 4874 676 4944; x_wconf 88' lang='lat' dir='ltr'><strong>Ege</strong></span> <span class='ocrx_word' id='word_1_364' title='bbox 718 4883 896 4938; x_wconf 90' lang='lat' dir='ltr'><strong>certe,</strong></span> <span class='ocrx_word' id='word_1_365' title='bbox 926 4873 1144 4928; x_wconf 89' lang='lat' dir='ltr'><strong>Domine</strong></span> <span class='ocrx_word' id='word_1_366' title='bbox 1165 4915 1179 4939; x_wconf 97' lang='lat'><strong>,</strong></span> <span class='ocrx_word' id='word_1_367' title='bbox 1212 4873 1396 4927; x_wconf 90' lang='lat' dir='ltr'><strong>laboro</strong></span> <span class='ocrx_word' id='word_1_368' title='bbox 1426 4873 1539 4939; x_wconf 90' lang='lat' dir='ltr'><strong>hic,</strong></span> <span class='ocrx_word' id='word_1_369' title='bbox 1573 4882 1625 4928; x_wconf 90' lang='lat' dir='ltr'><strong>et</strong></span> <span class='ocrx_word' id='word_1_370' title='bbox 1666 4874 1850 4930; x_wconf 89' lang='lat' dir='ltr'><strong>Iabere</strong></span> <span class='ocrx_word' id='word_1_371' title='bbox 1880 4875 1931 4928; x_wconf 90' lang='lat' dir='ltr'><strong>in</strong></span> 
     </span>
    </p>
   </div>
   <div class='ocr_carea' id='block_1_52' title="bbox 303 4961 1931 5036">
    <p class='ocr_par' dir='ltr' id='par_1_52' title="bbox 303 4961 1931 5036">
     <span class='ocr_line' id='line_1_52' title="bbox 303 4961 1931 5036; baseline -0.001 -14"><span class='ocrx_word' id='word_1_372' title='bbox 303 4961 309 4970; x_wconf 78' lang='grc'><em>’</em></span> <span class='ocrx_word' id='word_1_373' title='bbox 355 4968 559 5036; x_wconf 87' lang='lat' dir='ltr'><strong>meipso</strong></span> <span class='ocrx_word' id='word_1_374' title='bbox 589 4984 601 5019; x_wconf 90' lang='lat'><strong>:</strong></span> <span class='ocrx_word' id='word_1_375' title='bbox 630 4966 798 5021; x_wconf 89' lang='lat' dir='ltr'><strong>factus</strong></span> <span class='ocrx_word' id='word_1_376' title='bbox 823 4981 938 5020; x_wconf 91' lang='lat' dir='ltr'><strong>sum</strong></span> <span class='ocrx_word' id='word_1_377' title='bbox 967 4966 1096 5020; x_wconf 91' lang='lat' dir='ltr'><strong>mihi</strong></span> <span class='ocrx_word' id='word_1_378' title='bbox 1123 4973 1264 5022; x_wconf 88' lang='lat' dir='ltr'><strong>terra</strong></span> <span class='ocrx_word' id='word_1_379' title='bbox 1289 4965 1642 5031; x_wconf 78' lang='lat' dir='ltr'><strong>difficultatis,</strong></span> <span class='ocrx_word' id='word_1_380' title='bbox 1675 4977 1729 5022; x_wconf 91' lang='lat' dir='ltr'><strong>et</strong></span> <span class='ocrx_word' id='word_1_381' title='bbox 1769 4967 1931 5022; x_wconf 91' lang='lat' dir='ltr'><strong>sude-</strong></span> 
     </span>
    </p>
   </div>
   <div class='ocr_carea' id='block_1_53' title="bbox 353 5056 1928 5126">
    <p class='ocr_par' dir='ltr' id='par_1_53' title="bbox 353 5056 1928 5126">
     <span class='ocr_line' id='line_1_53' title="bbox 353 5056 1928 5126; baseline -0.001 -15"><span class='ocrx_word' id='word_1_382' title='bbox 353 5058 427 5112; x_wconf 90' lang='lat' dir='ltr'><strong>ris</strong></span> <span class='ocrx_word' id='word_1_383' title='bbox 466 5057 635 5110; x_wconf 91' lang='lat' dir='ltr'><strong>nimii.</strong></span> <span class='ocrx_word' id='word_1_384' title='bbox 672 5056 851 5126; x_wconf 85' lang='lat' dir='ltr'><strong>Neque</strong></span> <span class='ocrx_word' id='word_1_385' title='bbox 877 5056 1020 5111; x_wconf 91' lang='lat' dir='ltr'><strong>enim</strong></span> <span class='ocrx_word' id='word_1_386' title='bbox 1066 5070 1205 5111; x_wconf 90' lang='lat' dir='ltr'><strong>nunc</strong></span> <span class='ocrx_word' id='word_1_387' title='bbox 1243 5064 1544 5110; x_wconf 88' lang='lat' dir='ltr'><strong>scrutamur</strong></span> <span class='ocrx_word' id='word_1_388' title='bbox 1575 5057 1752 5126; x_wconf 82' lang='lat' dir='ltr'><strong>plagas</strong></span> <span class='ocrx_word' id='word_1_389' title='bbox 1779 5058 1928 5122; x_wconf 81' lang='lat' dir='ltr'><strong>eceli,</strong></span> 
     </span>
    </p>
   </div>
   <div class='ocr_carea' id='block_1_54' title="bbox 353 5147 1933 5214">
    <p class='ocr_par' dir='ltr' id='par_1_54' title="bbox 353 5147 1933 5214">
     <span class='ocr_line' id='line_1_54' title="bbox 353 5147 1933 5214; baseline 0.002 -13"><span class='ocrx_word' id='word_1_390' title='bbox 353 5157 444 5202; x_wconf 91' lang='lat' dir='ltr'><strong>aut</strong></span> <span class='ocrx_word' id='word_1_391' title='bbox 488 5147 720 5203; x_wconf 88' lang='lat' dir='ltr'><strong>siderum</strong></span> <span class='ocrx_word' id='word_1_392' title='bbox 770 5147 1038 5204; x_wconf 87' lang='lat' dir='ltr'><strong>intervalla</strong></span> <span class='ocrx_word' id='word_1_393' title='bbox 1065 5148 1402 5214; x_wconf 62' lang='lat' dir='ltr'><strong>dimetimur,</strong></span> <span class='ocrx_word' id='word_1_394' title='bbox 1447 5149 1531 5204; x_wconf 87' lang='lat' dir='ltr'><strong>vel</strong></span> <span class='ocrx_word' id='word_1_395' title='bbox 1574 5157 1730 5203; x_wconf 76' lang='lat' dir='ltr'><strong>terrze</strong></span> <span class='ocrx_word' id='word_1_396' title='bbox 1776 5151 1933 5204; x_wconf 90' lang='lat' dir='ltr'><strong>libra-</strong></span> 
     </span>
    </p>
   </div>
   <div class='ocr_carea' id='block_1_55' title="bbox 354 5238 1928 5310">
    <p class='ocr_par' dir='ltr' id='par_1_55' title="bbox 354 5238 1928 5310">
     <span class='ocr_line' id='line_1_55' title="bbox 354 5238 1928 5310; baseline 0.004 -18"><span class='ocrx_word' id='word_1_397' title='bbox 354 5246 531 5294; x_wconf 81' lang='lat' dir='ltr'><strong>menta</strong></span> <span class='ocrx_word' id='word_1_398' title='bbox 571 5239 855 5308; x_wconf 84' lang='lat' dir='ltr'><strong>quaerimus</strong></span> <span class='ocrx_word' id='word_1_399' title='bbox 884 5256 897 5292; x_wconf 91' lang='lat'><strong>:</strong></span> <span class='ocrx_word' id='word_1_400' title='bbox 927 5253 1027 5308; x_wconf 88' lang='lat' dir='ltr'><strong>ego</strong></span> <span class='ocrx_word' id='word_1_401' title='bbox 1054 5253 1170 5293; x_wconf 91' lang='lat' dir='ltr'><strong>sum</strong></span> <span class='ocrx_word' id='word_1_402' title='bbox 1197 5238 1287 5308; x_wconf 89' lang='lat' dir='ltr'><strong>qui</strong></span> <span class='ocrx_word' id='word_1_403' title='bbox 1307 5239 1521 5293; x_wconf 91' lang='lat' dir='ltr'><strong>memini</strong></span> <span class='ocrx_word' id='word_1_404' title='bbox 1544 5282 1559 5306; x_wconf 93' lang='lat'><strong>,</strong></span> <span class='ocrx_word' id='word_1_405' title='bbox 1588 5255 1685 5310; x_wconf 88' lang='lat' dir='ltr'><strong>ego</strong></span> <span class='ocrx_word' id='word_1_406' title='bbox 1701 5241 1928 5298; x_wconf 89' lang='lat' dir='ltr'><strong>animus.</strong></span> 
     </span>
    </p>
   </div>
   <div class='ocr_carea' id='block_1_56' title="bbox 352 5327 1931 5402">
    <p class='ocr_par' dir='ltr' id='par_1_56' title="bbox 352 5327 1931 5402">
     <span class='ocr_line' id='line_1_56' title="bbox 352 5327 1931 5402; baseline 0.004 -20"><span class='ocrx_word' id='word_1_407' title='bbox 352 5327 470 5384; x_wconf 89' lang='lat' dir='ltr'><strong>Non</strong></span> <span class='ocrx_word' id='word_1_408' title='bbox 500 5331 572 5384; x_wconf 87' lang='lat' dir='ltr'><strong>ita</strong></span> <span class='ocrx_word' id='word_1_409' title='bbox 605 5329 826 5395; x_wconf 87' lang='lat' dir='ltr'><strong>mirum,</strong></span> <span class='ocrx_word' id='word_1_410' title='bbox 863 5328 909 5383; x_wconf 90' lang='lat' dir='ltr'><strong>si</strong></span> <span class='ocrx_word' id='word_1_411' title='bbox 943 5342 974 5383; x_wconf 87' lang='lat' dir='ltr'><strong>a</strong></span> <span class='ocrx_word' id='word_1_412' title='bbox 1008 5343 1094 5383; x_wconf 88' lang='lat' dir='ltr'><strong>me</strong></span> <span class='ocrx_word' id='word_1_413' title='bbox 1131 5327 1286 5399; x_wconf 91' lang='lat' dir='ltr'><strong>longe</strong></span> <span class='ocrx_word' id='word_1_414' title='bbox 1315 5337 1396 5384; x_wconf 89' lang='lat' dir='ltr'><strong>est</strong></span> <span class='ocrx_word' id='word_1_415' title='bbox 1419 5330 1667 5400; x_wconf 89' lang='lat' dir='ltr'><strong>quidquid</strong></span> <span class='ocrx_word' id='word_1_416' title='bbox 1697 5347 1796 5402; x_wconf 86' lang='lat' dir='ltr'><strong>ego</strong></span> <span class='ocrx_word' id='word_1_417' title='bbox 1827 5349 1931 5388; x_wconf 91' lang='lat' dir='ltr'><strong>non</strong></span> 
     </span>
    </p>
   </div>
   <div class='ocr_carea' id='block_1_57' title="bbox 352 5419 1933 5491">
    <p class='ocr_par' dir='ltr' id='par_1_57' title="bbox 352 5419 1933 5491">
     <span class='ocr_line' id='line_1_57' title="bbox 352 5419 1933 5491; baseline 0.004 -18"><span class='ocrx_word' id='word_1_418' title='bbox 352 5434 496 5473; x_wconf 90' lang='lat' dir='ltr'><strong>sum.</strong></span> <span class='ocrx_word' id='word_1_419' title='bbox 526 5419 662 5486; x_wconf 85' lang='lat' dir='ltr'><strong>Quid</strong></span> <span class='ocrx_word' id='word_1_420' title='bbox 691 5431 867 5476; x_wconf 85' lang='lat' dir='ltr'><strong>autem</strong></span> <span class='ocrx_word' id='word_1_421' title='bbox 897 5419 1242 5491; x_wconf 87' lang='lat' dir='ltr'><strong>propinquius</strong></span> <span class='ocrx_word' id='word_1_422' title='bbox 1272 5423 1472 5491; x_wconf 89' lang='lat' dir='ltr'><strong>meipso</strong></span> <span class='ocrx_word' id='word_1_423' title='bbox 1497 5421 1658 5476; x_wconf 90' lang='lat' dir='ltr'><strong>mihi?</strong></span> <span class='ocrx_word' id='word_1_424' title='bbox 1702 5425 1769 5478; x_wconf 86' lang='lat' dir='ltr'><strong>Et</strong></span> <span class='ocrx_word' id='word_1_425' title='bbox 1809 5441 1933 5480; x_wconf 89' lang='lat' dir='ltr'><strong>ecce</strong></span> 
     </span>
    </p>
   </div>
   <div class='ocr_carea' id='block_1_58' title="bbox 354 5511 1931 5582">
    <p class='ocr_par' dir='ltr' id='par_1_58' title="bbox 354 5511 1931 5582">
     <span class='ocr_line' id='line_1_58' title="bbox 354 5511 1931 5582; baseline 0.004 -18"><span class='ocrx_word' id='word_1_426' title='bbox 354 5513 631 5566; x_wconf 68' lang='lat' dir='ltr'><strong>memoriae</strong></span> <span class='ocrx_word' id='word_1_427' title='bbox 657 5526 791 5567; x_wconf 71' lang='lat' dir='ltr'><strong>mea:</strong></span> <span class='ocrx_word' id='word_1_428' title='bbox 818 5512 900 5566; x_wconf 90' lang='lat' dir='ltr'><strong>vis</strong></span> <span class='ocrx_word' id='word_1_429' title='bbox 942 5527 1048 5567; x_wconf 92' lang='lat' dir='ltr'><strong>non</strong></span> <span class='ocrx_word' id='word_1_430' title='bbox 1091 5511 1555 5582; x_wconf 87' lang='lat' dir='ltr'><strong>comprehenditur</strong></span> <span class='ocrx_word' id='word_1_431' title='bbox 1590 5530 1620 5566; x_wconf 89' lang='lat' dir='ltr'><strong>a</strong></span> <span class='ocrx_word' id='word_1_432' title='bbox 1659 5530 1745 5568; x_wconf 89' lang='lat' dir='ltr'><strong>me</strong></span> <span class='ocrx_word' id='word_1_433' title='bbox 1765 5557 1779 5581; x_wconf 92' lang='lat'><strong>,</strong></span> <span class='ocrx_word' id='word_1_434' title='bbox 1812 5530 1931 5570; x_wconf 90' lang='lat' dir='ltr'><strong>cum</strong></span> 
     </span>
    </p>
   </div>
   <div class='ocr_carea' id='block_1_59' title="bbox 355 5600 1930 5675">
    <p class='ocr_par' dir='ltr' id='par_1_59' title="bbox 355 5600 1930 5675">
     <span class='ocr_line' id='line_1_59' title="bbox 355 5600 1930 5675; baseline 0.005 -21"><span class='ocrx_word' id='word_1_435' title='bbox 355 5600 529 5671; x_wconf 85' lang='lat' dir='ltr'><strong>ipsum</strong></span> <span class='ocrx_word' id='word_1_436' title='bbox 554 5617 642 5658; x_wconf 89' lang='lat' dir='ltr'><strong>me</strong></span> <span class='ocrx_word' id='word_1_437' title='bbox 666 5618 771 5659; x_wconf 92' lang='lat' dir='ltr'><strong>non</strong></span> <span class='ocrx_word' id='word_1_438' title='bbox 804 5603 976 5660; x_wconf 90' lang='lat' dir='ltr'><strong>dicam</strong></span> <span class='ocrx_word' id='word_1_439' title='bbox 1002 5612 1194 5675; x_wconf 69' lang='lat' dir='ltr'><strong>praeter</strong></span> <span class='ocrx_word' id='word_1_440' title='bbox 1222 5604 1385 5659; x_wconf 89' lang='lat' dir='ltr'><strong>illam.</strong></span> <span class='ocrx_word' id='word_1_441' title='bbox 1416 5604 1550 5673; x_wconf 86' lang='lat' dir='ltr'><strong>Quid</strong></span> <span class='ocrx_word' id='word_1_442' title='bbox 1579 5607 1720 5660; x_wconf 90' lang='lat' dir='ltr'><strong>enim</strong></span> <span class='ocrx_word' id='word_1_443' title='bbox 1759 5607 1930 5662; x_wconf 87' lang='lat' dir='ltr'><strong>dictu-</strong></span> 
     </span>
    </p>
   </div>
   <div class='ocr_carea' id='block_1_60' title="bbox 357 5696 1914 5768">
    <p class='ocr_par' dir='ltr' id='par_1_60' title="bbox 357 5696 1914 5768">
     <span class='ocr_line' id='line_1_60' title="bbox 357 5696 1914 5768; baseline 0.006 -20"><span class='ocrx_word' id='word_1_444' title='bbox 357 5708 448 5762; x_wconf 72' lang='lat' dir='ltr'><strong>rus</strong></span> <span class='ocrx_word' id='word_1_445' title='bbox 472 5709 588 5750; x_wconf 88' lang='lat' dir='ltr'><strong>sum</strong></span> <span class='ocrx_word' id='word_1_446' title='bbox 619 5696 831 5768; x_wconf 88' lang='lat' dir='ltr'><strong>quando</strong></span> <span class='ocrx_word' id='word_1_447' title='bbox 859 5697 989 5753; x_wconf 90' lang='lat' dir='ltr'><strong>mihi</strong></span> <span class='ocrx_word' id='word_1_448' title='bbox 1018 5707 1219 5753; x_wconf 88' lang='lat' dir='ltr'><strong>certum</strong></span> <span class='ocrx_word' id='word_1_449' title='bbox 1245 5707 1324 5753; x_wconf 89' lang='lat' dir='ltr'><strong>est</strong></span> <span class='ocrx_word' id='word_1_450' title='bbox 1353 5699 1653 5755; x_wconf 86' lang='lat' dir='ltr'><strong>meminisse</strong></span> <span class='ocrx_word' id='word_1_451' title='bbox 1681 5715 1766 5758; x_wconf 89' lang='lat' dir='ltr'><strong>me</strong></span> <span class='ocrx_word' id='word_1_452' title='bbox 1793 5702 1914 5758; x_wconf 91' lang='lat' dir='ltr'><strong>obli-</strong></span> 
     </span>
    </p>
   </div>
   <div class='ocr_carea' id='block_1_61' title="bbox 1706 305 2246 366">
    <p class='ocr_par' dir='ltr' id='par_1_61' title="bbox 1706 305 2246 366">
     <span class='ocr_line' id='line_1_61' title="bbox 1706 305 2246 366; baseline -0.002 -3"><span class='ocrx_word' id='word_1_453' title='bbox 1706 307 1902 363; x_wconf 75' lang='lat' dir='ltr'><strong>LIBEII</strong></span> <span class='ocrx_word' id='word_1_454' title='bbox 1943 305 2246 366; x_wconf 76' lang='lat' dir='ltr'><strong>DECIMUS.</strong></span> 
     </span>
    </p>
   </div>
   <div class='ocr_carea' id='block_1_62' title="bbox 3515 332 3614 388">
    <p class='ocr_par' dir='ltr' id='par_1_62' title="bbox 3515 332 3614 388">
     <span class='ocr_line' id='line_1_62' title="bbox 3515 332 3614 388; baseline 0.02 -2"><span class='ocrx_word' id='word_1_455' title='bbox 3515 332 3614 388; x_wconf 83' lang='lat'><strong>790</strong></span> 
     </span>
    </p>
   </div>
   <div class='ocr_carea' id='block_1_63' title="bbox 2043 423 3611 504">
    <p class='ocr_par' dir='ltr' id='par_1_63' title="bbox 2043 423 3611 504">
     <span class='ocr_line' id='line_1_63' title="bbox 2043 423 3611 504; baseline 0.018 -29"><span class='ocrx_word' id='word_1_456' title='bbox 2043 423 2288 478; x_wconf 86' lang='lat' dir='ltr'><strong>vienem?</strong></span> <span class='ocrx_word' id='word_1_457' title='bbox 2314 427 2393 480; x_wconf 84' lang='lat' dir='ltr'><strong>An</strong></span> <span class='ocrx_word' id='word_1_458' title='bbox 2428 429 2661 486; x_wconf 84' lang='lat' dir='ltr'><strong>dicturus</strong></span> <span class='ocrx_word' id='word_1_459' title='bbox 2693 450 2808 488; x_wconf 88' lang='lat' dir='ltr'><strong>sum</strong></span> <span class='ocrx_word' id='word_1_460' title='bbox 2850 453 2951 490; x_wconf 84' lang='lat' dir='ltr'><strong>non</strong></span> <span class='ocrx_word' id='word_1_461' title='bbox 2983 454 3099 493; x_wconf 87' lang='lat' dir='ltr'><strong>esse</strong></span> <span class='ocrx_word' id='word_1_462' title='bbox 3138 441 3188 494; x_wconf 87' lang='lat' dir='ltr'><strong>in</strong></span> <span class='ocrx_word' id='word_1_463' title='bbox 3220 447 3467 500; x_wconf 86' lang='lat' dir='ltr'><strong>memoria</strong></span> <span class='ocrx_word' id='word_1_464' title='bbox 3496 466 3611 504; x_wconf 84' lang='lat' dir='ltr'><strong>mea</strong></span> 
     </span>
    </p>
   </div>
   <div class='ocr_carea' id='block_1_64' title="bbox 2042 515 3606 592">
    <p class='ocr_par' dir='ltr' id='par_1_64' title="bbox 2042 515 3606 592">
     <span class='ocr_line' id='line_1_64' title="bbox 2042 515 3606 592; baseline 0.018 -27"><span class='ocrx_word' id='word_1_465' title='bbox 2042 515 2180 581; x_wconf 92' lang='lat' dir='ltr'><strong>quod</strong></span> <span class='ocrx_word' id='word_1_466' title='bbox 2226 519 2475 573; x_wconf 87' lang='lat' dir='ltr'><strong>memini?</strong></span> <span class='ocrx_word' id='word_1_467' title='bbox 2503 538 2567 575; x_wconf 91' lang='lat' dir='ltr'><strong>an</strong></span> <span class='ocrx_word' id='word_1_468' title='bbox 2598 523 2830 578; x_wconf 89' lang='lat' dir='ltr'><strong>dicturus</strong></span> <span class='ocrx_word' id='word_1_469' title='bbox 2860 542 2976 580; x_wconf 90' lang='lat' dir='ltr'><strong>sum</strong></span> <span class='ocrx_word' id='word_1_470' title='bbox 3015 529 3079 582; x_wconf 89' lang='lat' dir='ltr'><strong>ad</strong></span> <span class='ocrx_word' id='word_1_471' title='bbox 3121 530 3218 584; x_wconf 87' lang='lat' dir='ltr'><strong>hoc</strong></span> <span class='ocrx_word' id='word_1_472' title='bbox 3263 534 3432 590; x_wconf 86' lang='lat' dir='ltr'><strong>inesse</strong></span> <span class='ocrx_word' id='word_1_473' title='bbox 3471 539 3606 592; x_wconf 91' lang='lat' dir='ltr'><strong>obli-</strong></span> 
     </span>
    </p>
   </div>
   <div class='ocr_carea' id='block_1_65' title="bbox 2042 607 3607 684">
    <p class='ocr_par' dir='ltr' id='par_1_65' title="bbox 2042 607 3607 684">
     <span class='ocr_line' id='line_1_65' title="bbox 2042 607 3607 684; baseline 0.017 -25"><span class='ocrx_word' id='word_1_474' title='bbox 2042 607 2248 661; x_wconf 87' lang='lat' dir='ltr'><strong>vionem</strong></span> <span class='ocrx_word' id='word_1_475' title='bbox 2282 610 2330 663; x_wconf 91' lang='lat' dir='ltr'><strong>in</strong></span> <span class='ocrx_word' id='word_1_476' title='bbox 2363 617 2610 668; x_wconf 89' lang='lat' dir='ltr'><strong>memoria</strong></span> <span class='ocrx_word' id='word_1_477' title='bbox 2642 632 2754 670; x_wconf 89' lang='lat' dir='ltr'><strong>mea</strong></span> <span class='ocrx_word' id='word_1_478' title='bbox 2780 660 2791 681; x_wconf 93' lang='lat'><strong>,</strong></span> <span class='ocrx_word' id='word_1_479' title='bbox 2825 629 2879 672; x_wconf 90' lang='lat' dir='ltr'><strong>ut</strong></span> <span class='ocrx_word' id='word_1_480' title='bbox 2919 635 3020 674; x_wconf 92' lang='lat' dir='ltr'><strong>non</strong></span> <span class='ocrx_word' id='word_1_481' title='bbox 3048 622 3362 679; x_wconf 79' lang='lat' dir='ltr'><strong>obliviscar?</strong></span> <span class='ocrx_word' id='word_1_482' title='bbox 3394 626 3607 684; x_wconf 83' lang='lat' dir='ltr'><strong>Utrum-</strong></span> 
     </span>
    </p>
   </div>
   <div class='ocr_carea' id='block_1_66' title="bbox 2041 701 3608 787">
    <p class='ocr_par' dir='ltr' id='par_1_66' title="bbox 2041 701 3608 787">
     <span class='ocr_line' id='line_1_66' title="bbox 2041 701 3608 787; baseline 0.013 -35"><span class='ocrx_word' id='word_1_483' title='bbox 2041 715 2143 769; x_wconf 90' lang='lat' dir='ltr'><strong>que</strong></span> <span class='ocrx_word' id='word_1_484' title='bbox 2171 701 2602 760; x_wconf 77' lang='lat' dir='ltr'><strong>absurdISsimum</strong></span> <span class='ocrx_word' id='word_1_485' title='bbox 2626 717 2725 762; x_wconf 92' lang='lat' dir='ltr'><strong>est.</strong></span> <span class='ocrx_word' id='word_1_486' title='bbox 2749 709 2881 776; x_wconf 86' lang='lat' dir='ltr'><strong>Quid</strong></span> <span class='ocrx_word' id='word_1_487' title='bbox 2909 711 3036 767; x_wconf 90' lang='lat' dir='ltr'><strong>illud</strong></span> <span class='ocrx_word' id='word_1_488' title='bbox 3063 715 3310 768; x_wconf 86' lang='lat' dir='ltr'><strong>tertium?</strong></span> <span class='ocrx_word' id='word_1_489' title='bbox 3330 734 3433 786; x_wconf 93' lang='lat' dir='ltr'><strong>quo</strong></span> <span class='ocrx_word' id='word_1_490' title='bbox 3457 731 3608 787; x_wconf 87' lang='lat' dir='ltr'><strong>pacto</strong></span> 
     </span>
    </p>
   </div>
   <div class='ocr_carea' id='block_1_67' title="bbox 2041 788 3607 870">
    <p class='ocr_par' dir='ltr' id='par_1_67' title="bbox 2041 788 3607 870">
     <span class='ocr_line' id='line_1_67' title="bbox 2041 788 3607 870; baseline 0.013 -28"><span class='ocrx_word' id='word_1_491' title='bbox 2041 788 2208 844; x_wconf 90' lang='lat' dir='ltr'><strong>dicam</strong></span> <span class='ocrx_word' id='word_1_492' title='bbox 2239 790 2518 862; x_wconf 82' lang='lat' dir='ltr'><strong>imaginem</strong></span> <span class='ocrx_word' id='word_1_493' title='bbox 2547 796 2830 854; x_wconf 82' lang='lat' dir='ltr'><strong>oblivionis</strong></span> <span class='ocrx_word' id='word_1_494' title='bbox 2856 802 3018 856; x_wconf 90' lang='lat' dir='ltr'><strong>teneri</strong></span> <span class='ocrx_word' id='word_1_495' title='bbox 3048 806 3302 859; x_wconf 90' lang='lat' dir='ltr'><strong>memoria</strong></span> <span class='ocrx_word' id='word_1_496' title='bbox 3331 822 3444 861; x_wconf 91' lang='lat' dir='ltr'><strong>mea</strong></span> <span class='ocrx_word' id='word_1_497' title='bbox 3463 850 3475 870; x_wconf 91' lang='lat'><strong>,</strong></span> <span class='ocrx_word' id='word_1_498' title='bbox 3505 825 3607 862; x_wconf 91' lang='lat' dir='ltr'><strong>non</strong></span> 
     </span>
    </p>
   </div>
   <div class='ocr_carea' id='block_1_68' title="bbox 2040 880 3607 968">
    <p class='ocr_par' dir='ltr' id='par_1_68' title="bbox 2040 880 3607 968">
     <span class='ocr_line' id='line_1_68' title="bbox 2040 880 3607 968; baseline 0.013 -34"><span class='ocrx_word' id='word_1_499' title='bbox 2040 880 2204 949; x_wconf 88' lang='lat' dir='ltr'><strong>ipsam</strong></span> <span class='ocrx_word' id='word_1_500' title='bbox 2236 881 2583 952; x_wconf 91' lang='lat' dir='ltr'><strong>oblivionem,</strong></span> <span class='ocrx_word' id='word_1_501' title='bbox 2625 903 2744 942; x_wconf 92' lang='lat' dir='ltr'><strong>cum</strong></span> <span class='ocrx_word' id='word_1_502' title='bbox 2787 906 2903 945; x_wconf 90' lang='lat' dir='ltr'><strong>eam</strong></span> <span class='ocrx_word' id='word_1_503' title='bbox 2947 895 3193 950; x_wconf 89' lang='lat' dir='ltr'><strong>memini?</strong></span> <span class='ocrx_word' id='word_1_504' title='bbox 3223 897 3336 962; x_wconf 92' lang='lat' dir='ltr'><strong>Qno</strong></span> <span class='ocrx_word' id='word_1_505' title='bbox 3367 909 3517 968; x_wconf 76' lang='lat' dir='ltr'><strong>parte</strong></span> <span class='ocrx_word' id='word_1_506' title='bbox 3557 911 3607 955; x_wconf 89' lang='lat' dir='ltr'><strong>et</strong></span> 
     </span>
    </p>
   </div>
   <div class='ocr_carea' id='block_1_69' title="bbox 2041 975 3605 1062">
    <p class='ocr_par' dir='ltr' id='par_1_69' title="bbox 2041 975 3605 1062">
     <span class='ocr_line' id='line_1_69' title="bbox 2041 975 3605 1062; baseline 0.013 -35"><span class='ocrx_word' id='word_1_507' title='bbox 2041 975 2140 1030; x_wconf 90' lang='lat' dir='ltr'><strong>hoc</strong></span> <span class='ocrx_word' id='word_1_508' title='bbox 2164 977 2332 1031; x_wconf 86' lang='lat' dir='ltr'><strong>dicam</strong></span> <span class='ocrx_word' id='word_1_509' title='bbox 2354 1019 2370 1045; x_wconf 94' lang='lat'><strong>,</strong></span> <span class='ocrx_word' id='word_1_510' title='bbox 2397 979 2821 1050; x_wconf 78' lang='lat' dir='ltr'><strong>quandoquidem</strong></span> <span class='ocrx_word' id='word_1_511' title='bbox 2851 1000 2970 1040; x_wconf 90' lang='lat' dir='ltr'><strong>cum</strong></span> <span class='ocrx_word' id='word_1_512' title='bbox 3003 987 3316 1056; x_wconf 88' lang='lat' dir='ltr'><strong>imprimitur</strong></span> <span class='ocrx_word' id='word_1_513' title='bbox 3337 993 3409 1045; x_wconf 90' lang='lat' dir='ltr'><strong>rei</strong></span> <span class='ocrx_word' id='word_1_514' title='bbox 3432 994 3605 1062; x_wconf 91' lang='lat' dir='ltr'><strong>cujus-</strong></span> 
     </span>
    </p>
   </div>
   <div class='ocr_carea' id='block_1_70' title="bbox 2039 1069 3605 1144">
    <p class='ocr_par' dir='ltr' id='par_1_70' title="bbox 2039 1069 3605 1144">
     <span class='ocr_line' id='line_1_70' title="bbox 2039 1069 3605 1144; baseline 0.012 -23"><span class='ocrx_word' id='word_1_515' title='bbox 2039 1085 2141 1138; x_wconf 89' lang='lat' dir='ltr'><strong>que</strong></span> <span class='ocrx_word' id='word_1_516' title='bbox 2171 1069 2338 1140; x_wconf 88' lang='lat' dir='ltr'><strong>imago</strong></span> <span class='ocrx_word' id='word_1_517' title='bbox 2366 1072 2416 1125; x_wconf 93' lang='lat' dir='ltr'><strong>in</strong></span> <span class='ocrx_word' id='word_1_518' title='bbox 2440 1075 2689 1128; x_wconf 89' lang='lat' dir='ltr'><strong>memoria</strong></span> <span class='ocrx_word' id='word_1_519' title='bbox 2711 1117 2723 1140; x_wconf 97' lang='lat'><strong>,</strong></span> <span class='ocrx_word' id='word_1_520' title='bbox 2759 1077 2904 1144; x_wconf 89' lang='lat' dir='ltr'><strong>prius</strong></span> <span class='ocrx_word' id='word_1_521' title='bbox 2933 1094 3145 1133; x_wconf 85' lang='lat' dir='ltr'><strong>necesse</strong></span> <span class='ocrx_word' id='word_1_522' title='bbox 3171 1091 3249 1134; x_wconf 85' lang='lat' dir='ltr'><strong>est</strong></span> <span class='ocrx_word' id='word_1_523' title='bbox 3280 1092 3334 1136; x_wconf 90' lang='lat' dir='ltr'><strong>ut</strong></span> <span class='ocrx_word' id='word_1_524' title='bbox 3358 1083 3494 1137; x_wconf 88' lang='lat' dir='ltr'><strong>adsit</strong></span> <span class='ocrx_word' id='word_1_525' title='bbox 3524 1099 3605 1142; x_wconf 77' lang='lat' dir='ltr'><strong>res</strong></span> 
     </span>
    </p>
   </div>
   <div class='ocr_carea' id='block_1_71' title="bbox 2039 1161 3605 1239">
    <p class='ocr_par' dir='ltr' id='par_1_71' title="bbox 2039 1161 3605 1239">
     <span class='ocr_line' id='line_1_71' title="bbox 2039 1161 3605 1239; baseline 0.01 -26"><span class='ocrx_word' id='word_1_526' title='bbox 2039 1161 2148 1230; x_wconf 87' lang='lat' dir='ltr'><strong>ipsa</strong></span> <span class='ocrx_word' id='word_1_527' title='bbox 2179 1163 2314 1216; x_wconf 89' lang='lat' dir='ltr'><strong>unde</strong></span> <span class='ocrx_word' id='word_1_528' title='bbox 2339 1163 2422 1217; x_wconf 86' lang='lat' dir='ltr'><strong>illa</strong></span> <span class='ocrx_word' id='word_1_529' title='bbox 2443 1165 2612 1235; x_wconf 89' lang='lat' dir='ltr'><strong>imago</strong></span> <span class='ocrx_word' id='word_1_530' title='bbox 2640 1167 2802 1236; x_wconf 90' lang='lat' dir='ltr'><strong>possit</strong></span> <span class='ocrx_word' id='word_1_531' title='bbox 2827 1169 3088 1239; x_wconf 90' lang='lat' dir='ltr'><strong>imprimi?</strong></span> <span class='ocrx_word' id='word_1_532' title='bbox 3112 1170 3200 1226; x_wconf 90' lang='lat' dir='ltr'><strong>Sic</strong></span> <span class='ocrx_word' id='word_1_533' title='bbox 3221 1173 3360 1227; x_wconf 89' lang='lat' dir='ltr'><strong>enim</strong></span> <span class='ocrx_word' id='word_1_534' title='bbox 3382 1174 3605 1230; x_wconf 78' lang='lat' dir='ltr'><strong>Cartha-</strong></span> 
     </span>
    </p>
   </div>
   <div class='ocr_carea' id='block_1_72' title="bbox 2039 1250 3605 1332">
    <p class='ocr_par' dir='ltr' id='par_1_72' title="bbox 2039 1250 3605 1332">
     <span class='ocr_line' id='line_1_72' title="bbox 2039 1250 3605 1332; baseline 0.011 -30"><span class='ocrx_word' id='word_1_535' title='bbox 2039 1250 2172 1318; x_wconf 86' lang='lat' dir='ltr'><strong>ginis</strong></span> <span class='ocrx_word' id='word_1_536' title='bbox 2203 1253 2446 1317; x_wconf 88' lang='lat' dir='ltr'><strong>mcmini,</strong></span> <span class='ocrx_word' id='word_1_537' title='bbox 2495 1255 2570 1309; x_wconf 90' lang='lat' dir='ltr'><strong>sic</strong></span> <span class='ocrx_word' id='word_1_538' title='bbox 2597 1257 2831 1311; x_wconf 92' lang='lat' dir='ltr'><strong>omnium</strong></span> <span class='ocrx_word' id='word_1_539' title='bbox 2865 1260 3098 1314; x_wconf 92' lang='lat' dir='ltr'><strong>locorum</strong></span> <span class='ocrx_word' id='word_1_540' title='bbox 3140 1263 3328 1332; x_wconf 88' lang='lat' dir='ltr'><strong>quibus</strong></span> <span class='ocrx_word' id='word_1_541' title='bbox 3358 1263 3605 1330; x_wconf 88' lang='lat' dir='ltr'><strong>interfui,</strong></span> 
     </span>
    </p>
   </div>
   <div class='ocr_carea' id='block_1_73' title="bbox 2039 1340 3604 1417">
    <p class='ocr_par' dir='ltr' id='par_1_73' title="bbox 2039 1340 3604 1417">
     <span class='ocr_line' id='line_1_73' title="bbox 2039 1340 3604 1417; baseline 0.012 -25"><span class='ocrx_word' id='word_1_542' title='bbox 2039 1343 2114 1393; x_wconf 89' lang='lat' dir='ltr'><strong>sic</strong></span> <span class='ocrx_word' id='word_1_543' title='bbox 2146 1340 2301 1394; x_wconf 83' lang='lat' dir='ltr'><strong>facies</strong></span> <span class='ocrx_word' id='word_1_544' title='bbox 2332 1342 2602 1399; x_wconf 87' lang='lat' dir='ltr'><strong>hominum</strong></span> <span class='ocrx_word' id='word_1_545' title='bbox 2629 1363 2760 1417; x_wconf 91' lang='lat' dir='ltr'><strong>quas</strong></span> <span class='ocrx_word' id='word_1_546' title='bbox 2789 1350 2914 1417; x_wconf 82' lang='lat' dir='ltr'><strong>vidi,</strong></span> <span class='ocrx_word' id='word_1_547' title='bbox 2945 1360 2997 1406; x_wconf 91' lang='lat' dir='ltr'><strong>et</strong></span> <span class='ocrx_word' id='word_1_548' title='bbox 3022 1361 3332 1409; x_wconf 63' lang='lat' dir='ltr'><strong>cancrorum</strong></span> <span class='ocrx_word' id='word_1_549' title='bbox 3355 1371 3604 1411; x_wconf 91' lang='lat' dir='ltr'><strong>sensuum</strong></span> 
     </span>
    </p>
   </div>
   <div class='ocr_carea' id='block_1_74' title="bbox 2039 1432 3604 1508">
    <p class='ocr_par' dir='ltr' id='par_1_74' title="bbox 2039 1432 3604 1508">
     <span class='ocr_line' id='line_1_74' title="bbox 2039 1432 3604 1508; baseline 0.012 -24"><span class='ocrx_word' id='word_1_550' title='bbox 2039 1433 2270 1488; x_wconf 90' lang='lat' dir='ltr'><strong>nuntiata</strong></span> <span class='ocrx_word' id='word_1_551' title='bbox 2293 1474 2306 1496; x_wconf 90' lang='lat'><strong>,</strong></span> <span class='ocrx_word' id='word_1_552' title='bbox 2350 1432 2428 1490; x_wconf 91' lang='lat' dir='ltr'><strong>sic</strong></span> <span class='ocrx_word' id='word_1_553' title='bbox 2470 1435 2633 1504; x_wconf 89' lang='lat' dir='ltr'><strong>ipsius</strong></span> <span class='ocrx_word' id='word_1_554' title='bbox 2668 1441 2906 1508; x_wconf 87' lang='lat' dir='ltr'><strong>corporis</strong></span> <span class='ocrx_word' id='word_1_555' title='bbox 2943 1442 3163 1497; x_wconf 85' lang='lat' dir='ltr'><strong>salutem</strong></span> <span class='ocrx_word' id='word_1_556' title='bbox 3201 1446 3309 1499; x_wconf 89' lang='lat' dir='ltr'><strong>sive</strong></span> <span class='ocrx_word' id='word_1_557' title='bbox 3346 1445 3604 1502; x_wconf 88' lang='lat' dir='ltr'><strong>dolerem.</strong></span> 
     </span>
    </p>
   </div>
   <div class='ocr_carea' id='block_1_75' title="bbox 2038 1519 3608 1604">
    <p class='ocr_par' dir='ltr' id='par_1_75' title="bbox 2038 1519 3608 1604">
     <span class='ocr_line' id='line_1_75' title="bbox 2038 1519 3608 1604; baseline 0.015 -35"><span class='ocrx_word' id='word_1_558' title='bbox 2038 1519 2167 1571; x_wconf 85' lang='lat' dir='ltr'><strong>Cum</strong></span> <span class='ocrx_word' id='word_1_559' title='bbox 2202 1533 2390 1587; x_wconf 72' lang='lat' dir='ltr'><strong>prmsto</strong></span> <span class='ocrx_word' id='word_1_560' title='bbox 2412 1535 2590 1579; x_wconf 79' lang='lat' dir='ltr'><strong>essent</strong></span> <span class='ocrx_word' id='word_1_561' title='bbox 2611 1525 2706 1579; x_wconf 87' lang='lat' dir='ltr'><strong>ista</strong></span> <span class='ocrx_word' id='word_1_562' title='bbox 2729 1570 2742 1592; x_wconf 89' lang='lat'><strong>,</strong></span> <span class='ocrx_word' id='word_1_563' title='bbox 2771 1531 2909 1598; x_wconf 84' lang='lat' dir='ltr'><strong>cepit</strong></span> <span class='ocrx_word' id='word_1_564' title='bbox 2937 1532 3004 1585; x_wconf 90' lang='lat' dir='ltr'><strong>ab</strong></span> <span class='ocrx_word' id='word_1_565' title='bbox 3031 1533 3107 1587; x_wconf 91' lang='lat' dir='ltr'><strong>eis</strong></span> <span class='ocrx_word' id='word_1_566' title='bbox 3136 1533 3388 1604; x_wconf 83' lang='lat' dir='ltr'><strong>imagines</strong></span> <span class='ocrx_word' id='word_1_567' title='bbox 3407 1552 3608 1592; x_wconf 91' lang='lat' dir='ltr'><strong>meme-</strong></span> 
     </span>
    </p>
   </div>
   <div class='ocr_carea' id='block_1_76' title="bbox 2039 1624 3604 1686">
    <p class='ocr_par' dir='ltr' id='par_1_76' title="bbox 2039 1624 3604 1686">
     <span class='ocr_line' id='line_1_76' title="bbox 2039 1624 3604 1686; baseline 0.013 -22"><span class='ocrx_word' id='word_1_568' title='bbox 2039 1628 2112 1664; x_wconf 82' lang='lat' dir='ltr'><strong>ria</strong></span> <span class='ocrx_word' id='word_1_569' title='bbox 2154 1629 2282 1679; x_wconf 90' lang='lat' dir='ltr'><strong>quas</strong></span> <span class='ocrx_word' id='word_1_570' title='bbox 2320 1624 2551 1669; x_wconf 87' lang='lat' dir='ltr'><strong>mtuerer</strong></span> <span class='ocrx_word' id='word_1_571' title='bbox 2581 1627 2905 1686; x_wconf 48' lang='lat' dir='ltr'><strong>praesentes,</strong></span> <span class='ocrx_word' id='word_1_572' title='bbox 2951 1631 3004 1676; x_wconf 90' lang='lat' dir='ltr'><strong>et</strong></span> <span class='ocrx_word' id='word_1_573' title='bbox 3045 1633 3382 1681; x_wconf 85' lang='lat' dir='ltr'><strong>retractarem</strong></span> <span class='ocrx_word' id='word_1_574' title='bbox 3426 1629 3604 1684; x_wconf 90' lang='lat' dir='ltr'><strong>animo</strong></span> 
     </span>
    </p>
   </div>
   <div class='ocr_carea' id='block_1_77' title="bbox 2038 1703 3598 1786">
    <p class='ocr_par' dir='ltr' id='par_1_77' title="bbox 2038 1703 3598 1786">
     <span class='ocr_line' id='line_1_77' title="bbox 2038 1703 3598 1786; baseline 0.012 -31"><span class='ocrx_word' id='word_1_575' title='bbox 2038 1714 2154 1755; x_wconf 87' lang='lat' dir='ltr'><strong>cum</strong></span> <span class='ocrx_word' id='word_1_576' title='bbox 2172 1703 2252 1755; x_wconf 90' lang='lat' dir='ltr'><strong>illa</strong></span> <span class='ocrx_word' id='word_1_577' title='bbox 2269 1706 2567 1759; x_wconf 87' lang='lat' dir='ltr'><strong>ctabsentia</strong></span> <span class='ocrx_word' id='word_1_578' title='bbox 2585 1707 2973 1764; x_wconf 83' lang='lat' dir='ltr'><strong>reminiscerer.</strong></span> <span class='ocrx_word' id='word_1_579' title='bbox 2990 1711 3045 1765; x_wconf 88' lang='lat' dir='ltr'><strong>Si</strong></span> <span class='ocrx_word' id='word_1_580' title='bbox 3063 1729 3187 1782; x_wconf 88' lang='lat' dir='ltr'><strong>ergo</strong></span> <span class='ocrx_word' id='word_1_581' title='bbox 3203 1730 3298 1782; x_wconf 89' lang='lat' dir='ltr'><strong>per</strong></span> <span class='ocrx_word' id='word_1_582' title='bbox 3319 1715 3598 1786; x_wconf 87' lang='lat' dir='ltr'><strong>imaginem</strong></span> 
     </span>
    </p>
   </div>
   <div class='ocr_carea' id='block_1_78' title="bbox 2038 1795 3602 1876">
    <p class='ocr_par' dir='ltr' id='par_1_78' title="bbox 2038 1795 3602 1876">
     <span class='ocr_line' id='line_1_78' title="bbox 2038 1795 3602 1876; baseline 0.012 -31"><span class='ocrx_word' id='word_1_583' title='bbox 2038 1807 2182 1845; x_wconf 88' lang='lat' dir='ltr'><strong>suam</strong></span> <span class='ocrx_word' id='word_1_584' title='bbox 2217 1809 2318 1846; x_wconf 91' lang='lat' dir='ltr'><strong>non</strong></span> <span class='ocrx_word' id='word_1_585' title='bbox 2353 1811 2442 1864; x_wconf 88' lang='lat' dir='ltr'><strong>per</strong></span> <span class='ocrx_word' id='word_1_586' title='bbox 2471 1795 2696 1866; x_wconf 88' lang='lat' dir='ltr'><strong>seipsam</strong></span> <span class='ocrx_word' id='word_1_587' title='bbox 2746 1800 2795 1853; x_wconf 90' lang='lat' dir='ltr'><strong>in</strong></span> <span class='ocrx_word' id='word_1_588' title='bbox 2841 1802 3091 1856; x_wconf 89' lang='lat' dir='ltr'><strong>memoria</strong></span> <span class='ocrx_word' id='word_1_589' title='bbox 3133 1814 3338 1860; x_wconf 89' lang='lat' dir='ltr'><strong>tenetur</strong></span> <span class='ocrx_word' id='word_1_590' title='bbox 3366 1807 3562 1863; x_wconf 87' lang='lat' dir='ltr'><strong>oblivio</strong></span> <span class='ocrx_word' id='word_1_591' title='bbox 3588 1851 3602 1876; x_wconf 86' lang='lat'><strong>,</strong></span> 
     </span>
    </p>
   </div>
   <div class='ocr_carea' id='block_1_79' title="bbox 2039 1881 3604 1960">
    <p class='ocr_par' dir='ltr' id='par_1_79' title="bbox 2039 1881 3604 1960">
     <span class='ocr_line' id='line_1_79' title="bbox 2039 1881 3604 1960; baseline 0.011 -26"><span class='ocrx_word' id='word_1_592' title='bbox 2039 1881 2147 1949; x_wconf 86' lang='lat' dir='ltr'><strong>ipsa</strong></span> <span class='ocrx_word' id='word_1_593' title='bbox 2179 1883 2355 1952; x_wconf 85' lang='lat' dir='ltr'><strong>utique</strong></span> <span class='ocrx_word' id='word_1_594' title='bbox 2395 1885 2574 1941; x_wconf 87' lang='lat' dir='ltr'><strong>aderat</strong></span> <span class='ocrx_word' id='word_1_595' title='bbox 2610 1895 2666 1941; x_wconf 90' lang='lat' dir='ltr'><strong>ut</strong></span> <span class='ocrx_word' id='word_1_596' title='bbox 2694 1888 2807 1958; x_wconf 91' lang='lat' dir='ltr'><strong>ejus</strong></span> <span class='ocrx_word' id='word_1_597' title='bbox 2834 1891 3005 1960; x_wconf 88' lang='lat' dir='ltr'><strong>imago</strong></span> <span class='ocrx_word' id='word_1_598' title='bbox 3026 1904 3317 1960; x_wconf 88' lang='lat' dir='ltr'><strong>caperetur.</strong></span> <span class='ocrx_word' id='word_1_599' title='bbox 3345 1896 3476 1951; x_wconf 89' lang='lat' dir='ltr'><strong>Cum</strong></span> <span class='ocrx_word' id='word_1_600' title='bbox 3506 1915 3604 1952; x_wconf 84' lang='lat' dir='ltr'><strong>au-</strong></span> 
     </span>
    </p>
   </div>
   <div class='ocr_carea' id='block_1_80' title="bbox 2039 1973 3604 2052">
    <p class='ocr_par' dir='ltr' id='par_1_80' title="bbox 2039 1973 3604 2052">
     <span class='ocr_line' id='line_1_80' title="bbox 2039 1973 3604 2052; baseline 0.012 -28"><span class='ocrx_word' id='word_1_601' title='bbox 2039 1979 2140 2026; x_wconf 88' lang='lat' dir='ltr'><strong>tem</strong></span> <span class='ocrx_word' id='word_1_602' title='bbox 2184 1973 2416 2037; x_wconf 78' lang='lat' dir='ltr'><strong>adesset,</strong></span> <span class='ocrx_word' id='word_1_603' title='bbox 2463 1978 2726 2045; x_wconf 90' lang='lat' dir='ltr'><strong>quomodo</strong></span> <span class='ocrx_word' id='word_1_604' title='bbox 2763 1980 3041 2050; x_wconf 89' lang='lat' dir='ltr'><strong>imaginem</strong></span> <span class='ocrx_word' id='word_1_605' title='bbox 3080 1998 3228 2052; x_wconf 87' lang='lat' dir='ltr'><strong>suam</strong></span> <span class='ocrx_word' id='word_1_606' title='bbox 3274 1985 3324 2038; x_wconf 93' lang='lat' dir='ltr'><strong>in</strong></span> <span class='ocrx_word' id='word_1_607' title='bbox 3352 1989 3604 2043; x_wconf 89' lang='lat' dir='ltr'><strong>memoria</strong></span> 
     </span>
    </p>
   </div>
   <div class='ocr_carea' id='block_1_81' title="bbox 2037 2065 3604 2141">
    <p class='ocr_par' dir='ltr' id='par_1_81' title="bbox 2037 2065 3604 2141">
     <span class='ocr_line' id='line_1_81' title="bbox 2037 2065 3604 2141; baseline 0.011 -27"><span class='ocrx_word' id='word_1_608' title='bbox 2037 2065 2433 2132; x_wconf 88' lang='lat' dir='ltr'><strong>conscribebat,</strong></span> <span class='ocrx_word' id='word_1_609' title='bbox 2465 2068 2672 2135; x_wconf 91' lang='lat' dir='ltr'><strong>quando</strong></span> <span class='ocrx_word' id='word_1_610' title='bbox 2701 2069 2750 2122; x_wconf 92' lang='lat' dir='ltr'><strong>id</strong></span> <span class='ocrx_word' id='word_1_611' title='bbox 2773 2071 2928 2124; x_wconf 86' lang='lat' dir='ltr'><strong>etiam</strong></span> <span class='ocrx_word' id='word_1_612' title='bbox 2956 2073 3092 2141; x_wconf 88' lang='lat' dir='ltr'><strong>quod</strong></span> <span class='ocrx_word' id='word_1_613' title='bbox 3116 2073 3224 2140; x_wconf 89' lang='lat' dir='ltr'><strong>jam</strong></span> <span class='ocrx_word' id='word_1_614' title='bbox 3259 2085 3493 2130; x_wconf 90' lang='lat' dir='ltr'><strong>notatum</strong></span> <span class='ocrx_word' id='word_1_615' title='bbox 3523 2079 3604 2131; x_wconf 85' lang='lat' dir='ltr'><strong>in—</strong></span> 
     </span>
    </p>
   </div>
   <div class='ocr_carea' id='block_1_82' title="bbox 2036 2155 3606 2236">
    <p class='ocr_par' dir='ltr' id='par_1_82' title="bbox 2036 2155 3606 2236">
     <span class='ocr_line' id='line_1_82' title="bbox 2036 2155 3606 2236; baseline 0.013 -34"><span class='ocrx_word' id='word_1_616' title='bbox 2036 2155 2210 2219; x_wconf 86' lang='lat' dir='ltr'><strong>venit,</strong></span> <span class='ocrx_word' id='word_1_617' title='bbox 2266 2159 2544 2224; x_wconf 74' lang='lat' dir='ltr'><strong>prmsentia</strong></span> <span class='ocrx_word' id='word_1_618' title='bbox 2581 2174 2675 2212; x_wconf 86' lang='lat' dir='ltr'><strong>sua</strong></span> <span class='ocrx_word' id='word_1_619' title='bbox 2717 2161 2862 2226; x_wconf 80' lang='lat' dir='ltr'><strong>delet.</strong></span> <span class='ocrx_word' id='word_1_620' title='bbox 2899 2163 3124 2216; x_wconf 84' lang='lat' dir='ltr'><strong>oblivio?</strong></span> <span class='ocrx_word' id='word_1_621' title='bbox 3166 2165 3228 2217; x_wconf 82' lang='lat' dir='ltr'><strong>Et</strong></span> <span class='ocrx_word' id='word_1_622' title='bbox 3260 2173 3430 2220; x_wconf 89' lang='lat' dir='ltr'><strong>tamen</strong></span> <span class='ocrx_word' id='word_1_623' title='bbox 3471 2182 3606 2236; x_wconf 85' lang='lat' dir='ltr'><strong>quo-</strong></span> 
     </span>
    </p>
   </div>
   <div class='ocr_carea' id='block_1_83' title="bbox 2035 2247 3608 2324">
    <p class='ocr_par' dir='ltr' id='par_1_83' title="bbox 2035 2247 3608 2324">
     <span class='ocr_line' id='line_1_83' title="bbox 2035 2247 3608 2324; baseline 0.01 -28"><span class='ocrx_word' id='word_1_624' title='bbox 2035 2260 2258 2314; x_wconf 89' lang='lat' dir='ltr'><strong>cumque</strong></span> <span class='ocrx_word' id='word_1_625' title='bbox 2301 2247 2486 2311; x_wconf 89' lang='lat' dir='ltr'><strong>mede,</strong></span> <span class='ocrx_word' id='word_1_626' title='bbox 2526 2249 2648 2304; x_wconf 89' lang='lat' dir='ltr'><strong>licet</strong></span> <span class='ocrx_word' id='word_1_627' title='bbox 2688 2250 2755 2304; x_wconf 87' lang='lat' dir='ltr'><strong>sit</strong></span> <span class='ocrx_word' id='word_1_628' title='bbox 2791 2252 2979 2307; x_wconf 91' lang='lat' dir='ltr'><strong>modus</strong></span> <span class='ocrx_word' id='word_1_629' title='bbox 3019 2254 3116 2308; x_wconf 89' lang='lat' dir='ltr'><strong>iste</strong></span> <span class='ocrx_word' id='word_1_630' title='bbox 3159 2255 3608 2324; x_wconf 81' lang='lat' dir='ltr'><strong>incomprehensi-</strong></span> 
     </span>
    </p>
   </div>
   <div class='ocr_carea' id='block_1_84' title="bbox 2036 2333 3604 2411">
    <p class='ocr_par' dir='ltr' id='par_1_84' title="bbox 2036 2333 3604 2411">
     <span class='ocr_line' id='line_1_84' title="bbox 2036 2333 3604 2411; baseline 0.013 -28"><span class='ocrx_word' id='word_1_631' title='bbox 2036 2333 2152 2386; x_wconf 85' lang='lat' dir='ltr'><strong>bilis</strong></span> <span class='ocrx_word' id='word_1_632' title='bbox 2189 2343 2242 2388; x_wconf 89' lang='lat' dir='ltr'><strong>et</strong></span> <span class='ocrx_word' id='word_1_633' title='bbox 2271 2335 2681 2406; x_wconf 64' lang='lat' dir='ltr'><strong>IIICXIIIICJIJIIIS,</strong></span> <span class='ocrx_word' id='word_1_634' title='bbox 2724 2342 2879 2394; x_wconf 90' lang='lat' dir='ltr'><strong>etiam</strong></span> <span class='ocrx_word' id='word_1_635' title='bbox 2922 2343 3087 2411; x_wconf 74' lang='lat' dir='ltr'><strong>ipsam</strong></span> <span class='ocrx_word' id='word_1_636' title='bbox 3127 2345 3446 2401; x_wconf 82' lang='lat' dir='ltr'><strong>oblivionem</strong></span> <span class='ocrx_word' id='word_1_637' title='bbox 3488 2364 3604 2403; x_wconf 87' lang='lat' dir='ltr'><strong>me—</strong></span> 
     </span>
    </p>
   </div>
   <div class='ocr_carea' id='block_1_85' title="bbox 2036 2425 3604 2503">
    <p class='ocr_par' dir='ltr' id='par_1_85' title="bbox 2036 2425 3604 2503">
     <span class='ocr_line' id='line_1_85' title="bbox 2036 2425 3604 2503; baseline 0.011 -27"><span class='ocrx_word' id='word_1_638' title='bbox 2036 2425 2252 2479; x_wconf 87' lang='lat' dir='ltr'><strong>minisse</strong></span> <span class='ocrx_word' id='word_1_639' title='bbox 2281 2443 2364 2480; x_wconf 83' lang='lat' dir='ltr'><strong>tne</strong></span> <span class='ocrx_word' id='word_1_640' title='bbox 2393 2440 2566 2484; x_wconf 88' lang='lat' dir='ltr'><strong>certus</strong></span> <span class='ocrx_word' id='word_1_641' title='bbox 2595 2445 2708 2484; x_wconf 87' lang='lat' dir='ltr'><strong>sum</strong></span> <span class='ocrx_word' id='word_1_642' title='bbox 2735 2472 2748 2494; x_wconf 95' lang='lat'><strong>,</strong></span> <span class='ocrx_word' id='word_1_643' title='bbox 2789 2448 2891 2500; x_wconf 82' lang='lat' dir='ltr'><strong>qua</strong></span> <span class='ocrx_word' id='word_1_644' title='bbox 2939 2433 2990 2487; x_wconf 90' lang='lat' dir='ltr'><strong>id</strong></span> <span class='ocrx_word' id='word_1_645' title='bbox 3029 2435 3167 2503; x_wconf 89' lang='lat' dir='ltr'><strong>quod</strong></span> <span class='ocrx_word' id='word_1_646' title='bbox 3210 2437 3604 2494; x_wconf 85' lang='lat' dir='ltr'><strong>meminerimus</strong></span> 
     </span>
    </p>
   </div>
   <div class='ocr_carea' id='block_1_86' title="bbox 2035 2515 2289 2570">
    <p class='ocr_par' dir='ltr' id='par_1_86' title="bbox 2035 2515 2289 2570">
     <span class='ocr_line' id='line_1_86' title="bbox 2035 2515 2289 2570; baseline 0 -2"><span class='ocrx_word' id='word_1_647' title='bbox 2035 2515 2289 2570; x_wconf 90' lang='lat' dir='ltr'><strong>obruitur.</strong></span> 
     </span>
    </p>
   </div>
   <div class='ocr_carea' id='block_1_87' title="bbox 2616 2630 3039 2689">
    <p class='ocr_par' dir='ltr' id='par_1_87' title="bbox 2616 2630 3039 2689">
     <span class='ocr_line' id='line_1_87' title="bbox 2616 2630 3039 2689; baseline 0.009 -7"><span class='ocrx_word' id='word_1_648' title='bbox 2616 2630 2838 2685; x_wconf 81' lang='lat' dir='ltr'><strong>CAPUT</strong></span> <span class='ocrx_word' id='word_1_649' title='bbox 2880 2632 3039 2689; x_wconf 76' lang='lat' dir='ltr'><strong>XVII.</strong></span> 
     </span>
    </p>
   </div>
   <div class='ocr_carea' id='block_1_88' title="bbox 2038 2727 3694 2814">
    <p class='ocr_par' dir='ltr' id='par_1_88' title="bbox 2038 2727 3694 2814">
     <span class='ocr_line' id='line_1_88' title="bbox 2038 2727 3694 2814; baseline 0.01 -29"><span class='ocrx_word' id='word_1_650' title='bbox 2038 2733 2227 2805; x_wconf 81' lang='lat' dir='ltr'><strong>Magna</strong></span> <span class='ocrx_word' id='word_1_651' title='bbox 2250 2739 2497 2791; x_wconf 79' lang='lat' dir='ltr'><strong>memoriw</strong></span> <span class='ocrx_word' id='word_1_652' title='bbox 2521 2739 2616 2801; x_wconf 80' lang='lat' dir='ltr'><strong>vis,</strong></span> <span class='ocrx_word' id='word_1_653' title='bbox 2639 2743 2726 2792; x_wconf 79' lang='lat' dir='ltr'><strong>sed</strong></span> <span class='ocrx_word' id='word_1_654' title='bbox 2751 2743 2881 2793; x_wconf 78' lang='lat' dir='ltr'><strong>ultra</strong></span> <span class='ocrx_word' id='word_1_655' title='bbox 2917 2746 3332 2814; x_wconf 82' lang='lat' dir='ltr'><strong>progredicndmn</strong></span> <span class='ocrx_word' id='word_1_656' title='bbox 3365 2756 3418 2799; x_wconf 83' lang='lat' dir='ltr'><strong>ut</strong></span> <span class='ocrx_word' id='word_1_657' title='bbox 3448 2749 3603 2801; x_wconf 81' lang='lat' dir='ltr'><strong>atlin-</strong></span> 
     </span>
    </p>
   </div>
   <div class='ocr_carea' id='block_1_89' title="bbox 2652 2831 2983 2900">
    <p class='ocr_par' dir='ltr' id='par_1_89' title="bbox 2652 2831 2983 2900">
     <span class='ocr_line' id='line_1_89' title="bbox 2652 2831 2983 2900; baseline 0.006 -18"><span class='ocrx_word' id='word_1_658' title='bbox 2652 2840 2799 2900; x_wconf 82' lang='lat' dir='ltr'><strong>gutur</strong></span> <span class='ocrx_word' id='word_1_659' title='bbox 2830 2831 2983 2886; x_wconf 82' lang='lat' dir='ltr'><strong>Deus.</strong></span> 
     </span>
    </p>
   </div>
   <div class='ocr_carea' id='block_1_90' title="bbox 2104 2953 3678 3037">
    <p class='ocr_par' dir='ltr' id='par_1_90' title="bbox 2104 2953 3678 3037">
     <span class='ocr_line' id='line_1_90' title="bbox 2104 2953 3678 3037; baseline 0.01 -25"><span class='ocrx_word' id='word_1_660' title='bbox 2104 2959 2190 3013; x_wconf 70' lang='lat'><strong>26.</strong></span> <span class='ocrx_word' id='word_1_661' title='bbox 2235 2960 2418 3029; x_wconf 84' lang='lat' dir='ltr'><strong>Magna</strong></span> <span class='ocrx_word' id='word_1_662' title='bbox 2448 2963 2522 3015; x_wconf 82' lang='lat' dir='ltr'><strong>vis</strong></span> <span class='ocrx_word' id='word_1_663' title='bbox 2551 2973 2630 3016; x_wconf 90' lang='lat' dir='ltr'><strong>est</strong></span> <span class='ocrx_word' id='word_1_664' title='bbox 2657 2966 2959 3031; x_wconf 74' lang='lat' dir='ltr'><strong>memoriae,</strong></span> <span class='ocrx_word' id='word_1_665' title='bbox 3005 2969 3181 3022; x_wconf 86' lang='lat' dir='ltr'><strong>nescio</strong></span> <span class='ocrx_word' id='word_1_666' title='bbox 3220 2968 3342 3037; x_wconf 92' lang='lat' dir='ltr'><strong>quid</strong></span> <span class='ocrx_word' id='word_1_667' title='bbox 3383 2966 3607 3026; x_wconf 80' lang='lat' dir='ltr'><strong>lierren-</strong></span> <span class='ocrx_word' id='word_1_668' title='bbox 3657 2953 3678 3034; x_wconf 52' lang='grc' dir='ltr'><strong>ς’</strong></span> 
     </span>
    </p>
   </div>
   <div class='ocr_carea' id='block_1_91' title="bbox 2035 3048 3668 3128">
    <p class='ocr_par' dir='ltr' id='par_1_91' title="bbox 2035 3048 3668 3128">
     <span class='ocr_line' id='line_1_91' title="bbox 2035 3048 3668 3128; baseline 0.009 -26"><span class='ocrx_word' id='word_1_669' title='bbox 2035 3048 2158 3102; x_wconf 89' lang='lat' dir='ltr'><strong>dnm</strong></span> <span class='ocrx_word' id='word_1_670' title='bbox 2184 3090 2198 3115; x_wconf 91' lang='lat'><strong>,</strong></span> <span class='ocrx_word' id='word_1_671' title='bbox 2246 3050 2383 3104; x_wconf 88' lang='lat' dir='ltr'><strong>Deus</strong></span> <span class='ocrx_word' id='word_1_672' title='bbox 2417 3068 2564 3106; x_wconf 89' lang='lat' dir='ltr'><strong>meus</strong></span> <span class='ocrx_word' id='word_1_673' title='bbox 2585 3093 2598 3116; x_wconf 89' lang='lat'><strong>,</strong></span> <span class='ocrx_word' id='word_1_674' title='bbox 2630 3054 2880 3121; x_wconf 87' lang='lat' dir='ltr'><strong>profunda</strong></span> <span class='ocrx_word' id='word_1_675' title='bbox 2909 3067 2962 3110; x_wconf 90' lang='lat' dir='ltr'><strong>et</strong></span> <span class='ocrx_word' id='word_1_676' title='bbox 2990 3057 3188 3112; x_wconf 84' lang='lat' dir='ltr'><strong>infinita</strong></span> <span class='ocrx_word' id='word_1_677' title='bbox 3217 3060 3602 3128; x_wconf 81' lang='lat' dir='ltr'><strong>multiplicitas;</strong></span> <span class='ocrx_word' id='word_1_678' title='bbox 3661 3069 3668 3108; x_wconf 83' lang='grc'><strong>’-</strong></span> 
     </span>
    </p>
   </div>
   <div class='ocr_carea' id='block_1_92' title="bbox 2035 3143 3686 3222">
    <p class='ocr_par' dir='ltr' id='par_1_92' title="bbox 2035 3143 3686 3222">
     <span class='ocr_line' id='line_1_92' title="bbox 2035 3143 3686 3222; baseline 0.006 -28"><span class='ocrx_word' id='word_1_679' title='bbox 2035 3151 2088 3196; x_wconf 90' lang='lat' dir='ltr'><strong>et</strong></span> <span class='ocrx_word' id='word_1_680' title='bbox 2131 3145 2230 3194; x_wconf 86' lang='lat' dir='ltr'><strong>hoc</strong></span> <span class='ocrx_word' id='word_1_681' title='bbox 2263 3143 2467 3198; x_wconf 86' lang='lat' dir='ltr'><strong>animus</strong></span> <span class='ocrx_word' id='word_1_682' title='bbox 2496 3153 2610 3209; x_wconf 84' lang='lat' dir='ltr'><strong>est,</strong></span> <span class='ocrx_word' id='word_1_683' title='bbox 2651 3156 2702 3198; x_wconf 89' lang='lat' dir='ltr'><strong>et</strong></span> <span class='ocrx_word' id='word_1_684' title='bbox 2735 3145 2834 3200; x_wconf 84' lang='lat' dir='ltr'><strong>hoc</strong></span> <span class='ocrx_word' id='word_1_685' title='bbox 2865 3162 2964 3215; x_wconf 88' lang='lat' dir='ltr'><strong>ego</strong></span> <span class='ocrx_word' id='word_1_686' title='bbox 2993 3148 3102 3216; x_wconf 88' lang='lat' dir='ltr'><strong>ipse</strong></span> <span class='ocrx_word' id='word_1_687' title='bbox 3130 3162 3266 3202; x_wconf 91' lang='lat' dir='ltr'><strong>sum.</strong></span> <span class='ocrx_word' id='word_1_688' title='bbox 3303 3150 3437 3215; x_wconf 90' lang='lat' dir='ltr'><strong>Quid</strong></span> <span class='ocrx_word' id='word_1_689' title='bbox 3479 3166 3606 3222; x_wconf 92' lang='lat' dir='ltr'><strong>ergo</strong></span> <span class='ocrx_word' id='word_1_690' title='bbox 3670 3145 3686 3218; x_wconf 48' lang='grc' dir='ltr'><strong><em>Γ</em></strong></span> 
     </span>
    </p>
   </div>
   <div class='ocr_carea' id='block_1_93' title="bbox 2035 3234 3607 3306">
    <p class='ocr_par' dir='ltr' id='par_1_93' title="bbox 2035 3234 3607 3306">
     <span class='ocr_line' id='line_1_93' title="bbox 2035 3234 3607 3306; baseline 0.008 -20"><span class='ocrx_word' id='word_1_691' title='bbox 2035 3248 2176 3295; x_wconf 91' lang='lat' dir='ltr'><strong>sum,</strong></span> <span class='ocrx_word' id='word_1_692' title='bbox 2202 3234 2336 3288; x_wconf 83' lang='lat' dir='ltr'><strong>Deus</strong></span> <span class='ocrx_word' id='word_1_693' title='bbox 2361 3235 2539 3289; x_wconf 81' lang='lat' dir='ltr'><strong>incus?</strong></span> <span class='ocrx_word' id='word_1_694' title='bbox 2563 3251 2679 3304; x_wconf 73' lang='lat' dir='ltr'><strong>qua:</strong></span> <span class='ocrx_word' id='word_1_695' title='bbox 2707 3247 2888 3291; x_wconf 89' lang='lat' dir='ltr'><strong>natura</strong></span> <span class='ocrx_word' id='word_1_696' title='bbox 2917 3240 3072 3293; x_wconf 86' lang='lat' dir='ltr'><strong>sum?</strong></span> <span class='ocrx_word' id='word_1_697' title='bbox 3101 3239 3270 3306; x_wconf 73' lang='lat' dir='ltr'><strong>Varia,</strong></span> <span class='ocrx_word' id='word_1_698' title='bbox 3297 3242 3607 3300; x_wconf 87' lang='lat' dir='ltr'><strong>multimoda</strong></span> 
     </span>
    </p>
   </div>
   <div class='ocr_carea' id='block_1_94' title="bbox 2037 3324 3606 3390">
    <p class='ocr_par' dir='ltr' id='par_1_94' title="bbox 2037 3324 3606 3390">
     <span class='ocr_line' id='line_1_94' title="bbox 2037 3324 3606 3390; baseline 0.01 -17"><span class='ocrx_word' id='word_1_699' title='bbox 2037 3324 2160 3390; x_wconf 81' lang='lat' dir='ltr'><strong>vita,</strong></span> <span class='ocrx_word' id='word_1_700' title='bbox 2180 3331 2233 3378; x_wconf 91' lang='lat' dir='ltr'><strong>et</strong></span> <span class='ocrx_word' id='word_1_701' title='bbox 2258 3325 2510 3379; x_wconf 87' lang='lat' dir='ltr'><strong>innnensa</strong></span> <span class='ocrx_word' id='word_1_702' title='bbox 2543 3328 2898 3383; x_wconf 87' lang='lat' dir='ltr'><strong>vehementer.</strong></span> <span class='ocrx_word' id='word_1_703' title='bbox 2931 3330 3064 3384; x_wconf 81' lang='lat' dir='ltr'><strong>Ecce</strong></span> <span class='ocrx_word' id='word_1_704' title='bbox 3091 3330 3142 3383; x_wconf 92' lang='lat' dir='ltr'><strong>in</strong></span> <span class='ocrx_word' id='word_1_705' title='bbox 3171 3333 3441 3387; x_wconf 67' lang='lat' dir='ltr'><strong>memoriae</strong></span> <span class='ocrx_word' id='word_1_706' title='bbox 3471 3350 3606 3390; x_wconf 77' lang='lat' dir='ltr'><strong>mea:</strong></span> 
     </span>
    </p>
   </div>
   <div class='ocr_carea' id='block_1_95' title="bbox 2035 3417 3604 3496">
    <p class='ocr_par' dir='ltr' id='par_1_95' title="bbox 2035 3417 3604 3496">
     <span class='ocr_line' id='line_1_95' title="bbox 2035 3417 3604 3496; baseline 0.008 -28"><span class='ocrx_word' id='word_1_707' title='bbox 2035 3417 2236 3484; x_wconf 90' lang='lat' dir='ltr'><strong>campis</strong></span> <span class='ocrx_word' id='word_1_708' title='bbox 2279 3425 2333 3471; x_wconf 91' lang='lat' dir='ltr'><strong>et</strong></span> <span class='ocrx_word' id='word_1_709' title='bbox 2366 3419 2532 3473; x_wconf 86' lang='lat' dir='ltr'><strong>antris</strong></span> <span class='ocrx_word' id='word_1_710' title='bbox 2557 3428 2610 3472; x_wconf 90' lang='lat' dir='ltr'><strong>et</strong></span> <span class='ocrx_word' id='word_1_711' title='bbox 2636 3421 2876 3476; x_wconf 87' lang='lat' dir='ltr'><strong>cavernis</strong></span> <span class='ocrx_word' id='word_1_712' title='bbox 2913 3421 3414 3490; x_wconf 84' lang='lat' dir='ltr'><strong>innumerabilibus,</strong></span> <span class='ocrx_word' id='word_1_713' title='bbox 3447 3437 3604 3496; x_wconf 82' lang='lat' dir='ltr'><strong>atque</strong></span> 
     </span>
    </p>
   </div>
   <div class='ocr_carea' id='block_1_96' title="bbox 2038 3504 3604 3585">
    <p class='ocr_par' dir='ltr' id='par_1_96' title="bbox 2038 3504 3604 3585">
     <span class='ocr_line' id='line_1_96' title="bbox 2038 3504 3604 3585; baseline 0.009 -27"><span class='ocrx_word' id='word_1_714' title='bbox 2038 3504 2488 3563; x_wconf 73' lang='lat' dir='ltr'><strong>innumerabiliter</strong></span> <span class='ocrx_word' id='word_1_715' title='bbox 2527 3510 2697 3578; x_wconf 88' lang='lat' dir='ltr'><strong>plenis</strong></span> <span class='ocrx_word' id='word_1_716' title='bbox 2734 3511 3189 3568; x_wconf 86' lang='lat' dir='ltr'><strong>innumerabilium</strong></span> <span class='ocrx_word' id='word_1_717' title='bbox 3220 3531 3398 3570; x_wconf 89' lang='lat' dir='ltr'><strong>rerum</strong></span> <span class='ocrx_word' id='word_1_718' title='bbox 3438 3532 3604 3585; x_wconf 53' lang='lat' dir='ltr'><strong>gone.</strong></span> 
     </span>
    </p>
   </div>
   <div class='ocr_carea' id='block_1_97' title="bbox 2037 3597 3600 3678">
    <p class='ocr_par' dir='ltr' id='par_1_97' title="bbox 2037 3597 3600 3678">
     <span class='ocr_line' id='line_1_97' title="bbox 2037 3597 3600 3678; baseline 0.008 -28"><span class='ocrx_word' id='word_1_719' title='bbox 2037 3597 2183 3660; x_wconf 79' lang='lat' dir='ltr'><strong>ribus</strong></span> <span class='ocrx_word' id='word_1_720' title='bbox 2203 3638 2220 3664; x_wconf 94' lang='lat'><strong>,</strong></span> <span class='ocrx_word' id='word_1_721' title='bbox 2264 3600 2376 3654; x_wconf 85' lang='lat' dir='ltr'><strong>sive</strong></span> <span class='ocrx_word' id='word_1_722' title='bbox 2417 3615 2512 3670; x_wconf 90' lang='lat' dir='ltr'><strong>per</strong></span> <span class='ocrx_word' id='word_1_723' title='bbox 2549 3602 2831 3672; x_wconf 88' lang='lat' dir='ltr'><strong>imagines,</strong></span> <span class='ocrx_word' id='word_1_724' title='bbox 2857 3606 2993 3660; x_wconf 90' lang='lat' dir='ltr'><strong>sicut</strong></span> <span class='ocrx_word' id='word_1_725' title='bbox 3020 3607 3255 3662; x_wconf 91' lang='lat' dir='ltr'><strong>omnium</strong></span> <span class='ocrx_word' id='word_1_726' title='bbox 3284 3622 3600 3678; x_wconf 88' lang='lat' dir='ltr'><strong>corporum;</strong></span> 
     </span>
    </p>
   </div>
   <div class='ocr_carea' id='block_1_98' title="bbox 2038 3689 3602 3768">
    <p class='ocr_par' dir='ltr' id='par_1_98' title="bbox 2038 3689 3602 3768">
     <span class='ocr_line' id='line_1_98' title="bbox 2038 3689 3602 3768; baseline 0.008 -26"><span class='ocrx_word' id='word_1_727' title='bbox 2038 3689 2150 3745; x_wconf 86' lang='lat' dir='ltr'><strong>sive</strong></span> <span class='ocrx_word' id='word_1_728' title='bbox 2182 3704 2277 3762; x_wconf 88' lang='lat' dir='ltr'><strong>per</strong></span> <span class='ocrx_word' id='word_1_729' title='bbox 2316 3693 2646 3760; x_wconf 67' lang='lat' dir='ltr'><strong>praesentiam</strong></span> <span class='ocrx_word' id='word_1_730' title='bbox 2667 3735 2681 3757; x_wconf 97' lang='lat'><strong>,</strong></span> <span class='ocrx_word' id='word_1_731' title='bbox 2723 3699 2857 3750; x_wconf 88' lang='lat' dir='ltr'><strong>sicut</strong></span> <span class='ocrx_word' id='word_1_732' title='bbox 2897 3697 3124 3763; x_wconf 89' lang='lat' dir='ltr'><strong>artium;</strong></span> <span class='ocrx_word' id='word_1_733' title='bbox 3159 3699 3270 3752; x_wconf 87' lang='lat' dir='ltr'><strong>sive</strong></span> <span class='ocrx_word' id='word_1_734' title='bbox 3306 3715 3398 3768; x_wconf 92' lang='lat' dir='ltr'><strong>per</strong></span> <span class='ocrx_word' id='word_1_735' title='bbox 3422 3701 3602 3755; x_wconf 79' lang='lat' dir='ltr'><strong>nescio</strong></span> 
     </span>
    </p>
   </div>
   <div class='ocr_carea' id='block_1_99' title="bbox 2035 3783 3606 3853">
    <p class='ocr_par' dir='ltr' id='par_1_99' title="bbox 2035 3783 3606 3853">
     <span class='ocr_line' id='line_1_99' title="bbox 2035 3783 3606 3853; baseline 0.008 -19"><span class='ocrx_word' id='word_1_736' title='bbox 2035 3796 2168 3851; x_wconf 91' lang='lat' dir='ltr'><strong>quas</strong></span> <span class='ocrx_word' id='word_1_737' title='bbox 2197 3783 2442 3838; x_wconf 91' lang='lat' dir='ltr'><strong>notiones</strong></span> <span class='ocrx_word' id='word_1_738' title='bbox 2469 3784 2550 3839; x_wconf 89' lang='lat' dir='ltr'><strong>vel</strong></span> <span class='ocrx_word' id='word_1_739' title='bbox 2590 3787 2914 3853; x_wconf 83' lang='lat' dir='ltr'><strong>natationes,</strong></span> <span class='ocrx_word' id='word_1_740' title='bbox 2955 3789 3093 3844; x_wconf 92' lang='lat' dir='ltr'><strong>sicut</strong></span> <span class='ocrx_word' id='word_1_741' title='bbox 3126 3789 3461 3845; x_wconf 74' lang='lat' dir='ltr'><strong>affectionem</strong></span> <span class='ocrx_word' id='word_1_742' title='bbox 3487 3792 3606 3846; x_wconf 83' lang='lat' dir='ltr'><strong>ani-</strong></span> 
     </span>
    </p>
   </div>
   <div class='ocr_carea' id='block_1_100' title="bbox 2038 3873 3604 3948">
    <p class='ocr_par' dir='ltr' id='par_1_100' title="bbox 2038 3873 3604 3948">
     <span class='ocr_line' id='line_1_100' title="bbox 2038 3873 3604 3948; baseline 0.006 -22"><span class='ocrx_word' id='word_1_743' title='bbox 2038 3873 2143 3938; x_wconf 90' lang='lat' dir='ltr'><strong>mi;</strong></span> <span class='ocrx_word' id='word_1_744' title='bbox 2173 3889 2302 3944; x_wconf 91' lang='lat' dir='ltr'><strong>quas</strong></span> <span class='ocrx_word' id='word_1_745' title='bbox 2325 3882 2517 3930; x_wconf 89' lang='lat' dir='ltr'><strong>etcum</strong></span> <span class='ocrx_word' id='word_1_746' title='bbox 2541 3876 2744 3932; x_wconf 90' lang='lat' dir='ltr'><strong>animus</strong></span> <span class='ocrx_word' id='word_1_747' title='bbox 2774 3893 2877 3933; x_wconf 92' lang='lat' dir='ltr'><strong>non</strong></span> <span class='ocrx_word' id='word_1_748' title='bbox 2909 3879 3121 3948; x_wconf 87' lang='lat' dir='ltr'><strong>patitur,</strong></span> <span class='ocrx_word' id='word_1_749' title='bbox 3148 3882 3401 3935; x_wconf 90' lang='lat' dir='ltr'><strong>memoria</strong></span> <span class='ocrx_word' id='word_1_750' title='bbox 3425 3889 3567 3936; x_wconf 90' lang='lat' dir='ltr'><strong>tenet</strong></span> <span class='ocrx_word' id='word_1_751' title='bbox 3589 3924 3604 3948; x_wconf 91' lang='lat'><strong>,</strong></span> 
     </span>
    </p>
   </div>
   <div class='ocr_carea' id='block_1_101' title="bbox 2036 3968 3609 4043">
    <p class='ocr_par' dir='ltr' id='par_1_101' title="bbox 2036 3968 3609 4043">
     <span class='ocr_line' id='line_1_101' title="bbox 2036 3968 3609 4043; baseline 0.005 -21"><span class='ocrx_word' id='word_1_752' title='bbox 2036 3983 2159 4023; x_wconf 90' lang='lat' dir='ltr'><strong>cum</strong></span> <span class='ocrx_word' id='word_1_753' title='bbox 2195 3968 2250 4023; x_wconf 91' lang='lat' dir='ltr'><strong>in</strong></span> <span class='ocrx_word' id='word_1_754' title='bbox 2287 3969 2464 4024; x_wconf 91' lang='lat' dir='ltr'><strong>animo</strong></span> <span class='ocrx_word' id='word_1_755' title='bbox 2492 3971 2558 4023; x_wconf 89' lang='lat' dir='ltr'><strong>sit</strong></span> <span class='ocrx_word' id='word_1_756' title='bbox 2583 3971 2832 4040; x_wconf 88' lang='lat' dir='ltr'><strong>quidquid</strong></span> <span class='ocrx_word' id='word_1_757' title='bbox 2857 3981 2938 4027; x_wconf 88' lang='lat' dir='ltr'><strong>est</strong></span> <span class='ocrx_word' id='word_1_758' title='bbox 2966 3973 3018 4026; x_wconf 92' lang='lat' dir='ltr'><strong>in</strong></span> <span class='ocrx_word' id='word_1_759' title='bbox 3044 3975 3295 4028; x_wconf 88' lang='lat' dir='ltr'><strong>memoria</strong></span> <span class='ocrx_word' id='word_1_760' title='bbox 3320 3989 3334 4026; x_wconf 93' lang='lat'><strong>:</strong></span> <span class='ocrx_word' id='word_1_761' title='bbox 3367 3988 3458 4043; x_wconf 91' lang='lat' dir='ltr'><strong>per</strong></span> <span class='ocrx_word' id='word_1_762' title='bbox 3497 3974 3609 4030; x_wconf 75' lang='lat' dir='ltr'><strong>lucc</strong></span> 
     </span>
    </p>
   </div>
   <div class='ocr_carea' id='block_1_102' title="bbox 2039 4059 3607 4133">
    <p class='ocr_par' dir='ltr' id='par_1_102' title="bbox 2039 4059 3607 4133">
     <span class='ocr_line' id='line_1_102' title="bbox 2039 4059 3607 4133; baseline 0.003 -20"><span class='ocrx_word' id='word_1_763' title='bbox 2039 4061 2215 4113; x_wconf 91' lang='lat' dir='ltr'><strong>omnia</strong></span> <span class='ocrx_word' id='word_1_764' title='bbox 2233 4059 2470 4114; x_wconf 91' lang='lat' dir='ltr'><strong>discurre</strong></span> <span class='ocrx_word' id='word_1_765' title='bbox 2490 4070 2543 4115; x_wconf 91' lang='lat' dir='ltr'><strong>et</strong></span> <span class='ocrx_word' id='word_1_766' title='bbox 2562 4061 2723 4114; x_wconf 89' lang='lat' dir='ltr'><strong>volito</strong></span> <span class='ocrx_word' id='word_1_767' title='bbox 2744 4077 2758 4125; x_wconf 93' lang='lat'><strong>;</strong></span> <span class='ocrx_word' id='word_1_768' title='bbox 2785 4061 2882 4115; x_wconf 91' lang='lat' dir='ltr'><strong>hac</strong></span> <span class='ocrx_word' id='word_1_769' title='bbox 2905 4062 3022 4116; x_wconf 91' lang='lat' dir='ltr'><strong>illac</strong></span> <span class='ocrx_word' id='word_1_770' title='bbox 3043 4067 3261 4132; x_wconf 86' lang='lat' dir='ltr'><strong>penetro</strong></span> <span class='ocrx_word' id='word_1_771' title='bbox 3276 4064 3431 4118; x_wconf 91' lang='lat' dir='ltr'><strong>etiam</strong></span> <span class='ocrx_word' id='word_1_772' title='bbox 3449 4079 3607 4133; x_wconf 88' lang='lat' dir='ltr'><strong>quan-</strong></span> 
     </span>
    </p>
   </div>
   <div class='ocr_carea' id='block_1_103' title="bbox 2041 4151 3604 4222">
    <p class='ocr_par' dir='ltr' id='par_1_103' title="bbox 2041 4151 3604 4222">
     <span class='ocr_line' id='line_1_103' title="bbox 2041 4151 3604 4222; baseline 0.006 -20"><span class='ocrx_word' id='word_1_773' title='bbox 2041 4161 2152 4203; x_wconf 91' lang='lat' dir='ltr'><strong>tum</strong></span> <span class='ocrx_word' id='word_1_774' title='bbox 2185 4164 2419 4219; x_wconf 88' lang='lat' dir='ltr'><strong>possum,</strong></span> <span class='ocrx_word' id='word_1_775' title='bbox 2448 4160 2501 4204; x_wconf 89' lang='lat' dir='ltr'><strong>et</strong></span> <span class='ocrx_word' id='word_1_776' title='bbox 2525 4151 2938 4222; x_wconf 86' lang='lat' dir='ltr'><strong>finisnusquam;</strong></span> <span class='ocrx_word' id='word_1_777' title='bbox 2962 4163 3102 4209; x_wconf 85' lang='lat' dir='ltr'><strong>tanta</strong></span> <span class='ocrx_word' id='word_1_778' title='bbox 3118 4155 3198 4210; x_wconf 88' lang='lat' dir='ltr'><strong>vis</strong></span> <span class='ocrx_word' id='word_1_779' title='bbox 3211 4165 3292 4210; x_wconf 87' lang='lat' dir='ltr'><strong>est</strong></span> <span class='ocrx_word' id='word_1_780' title='bbox 3316 4157 3604 4221; x_wconf 60' lang='lat' dir='ltr'><strong>memoriae,</strong></span> 
     </span>
    </p>
   </div>
   <div class='ocr_carea' id='block_1_104' title="bbox 2045 4241 3606 4313">
    <p class='ocr_par' dir='ltr' id='par_1_104' title="bbox 2045 4241 3606 4313">
     <span class='ocr_line' id='line_1_104' title="bbox 2045 4241 3606 4313; baseline 0.004 -20"><span class='ocrx_word' id='word_1_781' title='bbox 2045 4247 2184 4293; x_wconf 87' lang='lat' dir='ltr'><strong>tanta</strong></span> <span class='ocrx_word' id='word_1_782' title='bbox 2211 4241 2333 4294; x_wconf 69' lang='lat' dir='ltr'><strong>vitae</strong></span> <span class='ocrx_word' id='word_1_783' title='bbox 2357 4243 2435 4295; x_wconf 90' lang='lat' dir='ltr'><strong>vis</strong></span> <span class='ocrx_word' id='word_1_784' title='bbox 2460 4250 2542 4295; x_wconf 90' lang='lat' dir='ltr'><strong>est</strong></span> <span class='ocrx_word' id='word_1_785' title='bbox 2565 4243 2616 4295; x_wconf 92' lang='lat' dir='ltr'><strong>in</strong></span> <span class='ocrx_word' id='word_1_786' title='bbox 2646 4241 2862 4298; x_wconf 90' lang='lat' dir='ltr'><strong>homine</strong></span> <span class='ocrx_word' id='word_1_787' title='bbox 2884 4244 3094 4300; x_wconf 85' lang='lat' dir='ltr'><strong>vivente</strong></span> <span class='ocrx_word' id='word_1_788' title='bbox 3113 4246 3406 4300; x_wconf 87' lang='lat' dir='ltr'><strong>mortaliter</strong></span> <span class='ocrx_word' id='word_1_789' title='bbox 3430 4248 3442 4300; x_wconf 89' lang='lat'><strong>!</strong></span> <span class='ocrx_word' id='word_1_790' title='bbox 3471 4246 3606 4313; x_wconf 89' lang='lat' dir='ltr'><strong>Quid</strong></span> 
     </span>
    </p>
   </div>
   <div class='ocr_carea' id='block_1_105' title="bbox 2040 4332 3608 4402">
    <p class='ocr_par' dir='ltr' id='par_1_105' title="bbox 2040 4332 3608 4402">
     <span class='ocr_line' id='line_1_105' title="bbox 2040 4332 3608 4402; baseline 0.004 -18"><span class='ocrx_word' id='word_1_791' title='bbox 2040 4332 2196 4401; x_wconf 89' lang='lat' dir='ltr'><strong>igitur</strong></span> <span class='ocrx_word' id='word_1_792' title='bbox 2221 4347 2400 4402; x_wconf 87' lang='lat' dir='ltr'><strong>agam,</strong></span> <span class='ocrx_word' id='word_1_793' title='bbox 2431 4343 2484 4387; x_wconf 93' lang='lat' dir='ltr'><strong>tu</strong></span> <span class='ocrx_word' id='word_1_794' title='bbox 2520 4349 2642 4387; x_wconf 85' lang='lat' dir='ltr'><strong>vera</strong></span> <span class='ocrx_word' id='word_1_795' title='bbox 2691 4349 2805 4388; x_wconf 88' lang='lat' dir='ltr'><strong>mea</strong></span> <span class='ocrx_word' id='word_1_796' title='bbox 2847 4335 2952 4389; x_wconf 89' lang='lat' dir='ltr'><strong>vita</strong></span> <span class='ocrx_word' id='word_1_797' title='bbox 2981 4335 3119 4390; x_wconf 92' lang='lat' dir='ltr'><strong>Deus</strong></span> <span class='ocrx_word' id='word_1_798' title='bbox 3145 4337 3329 4390; x_wconf 90' lang='lat' dir='ltr'><strong>meus?</strong></span> <span class='ocrx_word' id='word_1_799' title='bbox 3351 4337 3608 4391; x_wconf 89' lang='lat' dir='ltr'><strong>Transibo</strong></span> 
     </span>
    </p>
   </div>
   <div class='ocr_carea' id='block_1_106' title="bbox 2038 4401 3700 4492">
    <p class='ocr_par' dir='ltr' id='par_1_106' title="bbox 2038 4401 3700 4492">
     <span class='ocr_line' id='line_1_106' title="bbox 2038 4401 3700 4492; baseline 0.001 -16"><span class='ocrx_word' id='word_1_800' title='bbox 2038 4432 2092 4477; x_wconf 91' lang='lat' dir='ltr'><strong>et</strong></span> <span class='ocrx_word' id='word_1_801' title='bbox 2123 4422 2260 4477; x_wconf 89' lang='lat' dir='ltr'><strong>hanc</strong></span> <span class='ocrx_word' id='word_1_802' title='bbox 2304 4423 2407 4476; x_wconf 89' lang='lat' dir='ltr'><strong>vim</strong></span> <span class='ocrx_word' id='word_1_803' title='bbox 2450 4438 2623 4478; x_wconf 90' lang='lat' dir='ltr'><strong>meam</strong></span> <span class='ocrx_word' id='word_1_804' title='bbox 2667 4438 2785 4492; x_wconf 70' lang='lat' dir='ltr'><strong>quae</strong></span> <span class='ocrx_word' id='word_1_805' title='bbox 2823 4425 3076 4478; x_wconf 90' lang='lat' dir='ltr'><strong>memoria</strong></span> <span class='ocrx_word' id='word_1_806' title='bbox 3107 4434 3342 4491; x_wconf 90' lang='lat' dir='ltr'><strong>vocatur,</strong></span> <span class='ocrx_word' id='word_1_807' title='bbox 3375 4425 3610 4480; x_wconf 88' lang='lat' dir='ltr'><strong>transibo</strong></span> 
     </span>
    </p>
   </div>
   <div class='ocr_carea' id='block_1_107' title="bbox 2037 4501 3704 4584">
    <p class='ocr_par' dir='ltr' id='par_1_107' title="bbox 2037 4501 3704 4584">
     <span class='ocr_line' id='line_1_107' title="bbox 2037 4501 3704 4584; baseline 0.002 -15"><span class='ocrx_word' id='word_1_808' title='bbox 2037 4528 2156 4569; x_wconf 90' lang='lat' dir='ltr'><strong>eam</strong></span> <span class='ocrx_word' id='word_1_809' title='bbox 2188 4521 2246 4567; x_wconf 92' lang='lat' dir='ltr'><strong>ut</strong></span> <span class='ocrx_word' id='word_1_810' title='bbox 2269 4515 2571 4582; x_wconf 77' lang='lat' dir='ltr'><strong>portendant</strong></span> <span class='ocrx_word' id='word_1_811' title='bbox 2616 4515 2680 4568; x_wconf 91' lang='lat' dir='ltr'><strong>ad</strong></span> <span class='ocrx_word' id='word_1_812' title='bbox 2727 4523 2811 4580; x_wconf 88' lang='lat' dir='ltr'><strong>te,</strong></span> <span class='ocrx_word' id='word_1_813' title='bbox 2853 4515 3022 4571; x_wconf 90' lang='lat' dir='ltr'><strong>dulce-</strong></span> <span class='ocrx_word' id='word_1_814' title='bbox 3056 4516 3253 4570; x_wconf 90' lang='lat' dir='ltr'><strong>lumen.</strong></span> <span class='ocrx_word' id='word_1_815' title='bbox 3299 4516 3432 4584; x_wconf 85' lang='lat' dir='ltr'><strong>Quid</strong></span> <span class='ocrx_word' id='word_1_816' title='bbox 3475 4516 3610 4572; x_wconf 87' lang='lat' dir='ltr'><strong>dicis</strong></span> <span class='ocrx_word' id='word_1_817' title='bbox 3702 4501 3704 4504; x_wconf 22' lang='lat' dir='ltr'><strong>l</strong></span> 
     </span>
    </p>
   </div>
   <div class='ocr_carea' id='block_1_108' title="bbox 2037 4604 3610 4675">
    <p class='ocr_par' dir='ltr' id='par_1_108' title="bbox 2037 4604 3610 4675">
     <span class='ocr_line' id='line_1_108' title="bbox 2037 4604 3610 4675; baseline 0.001 -17"><span class='ocrx_word' id='word_1_818' title='bbox 2037 4604 2204 4659; x_wconf 85' lang='lat' dir='ltr'><strong>mihi?</strong></span> <span class='ocrx_word' id='word_1_819' title='bbox 2235 4606 2373 4660; x_wconf 87' lang='lat' dir='ltr'><strong>Ecce</strong></span> <span class='ocrx_word' id='word_1_820' title='bbox 2399 4619 2498 4675; x_wconf 88' lang='lat' dir='ltr'><strong>ego</strong></span> <span class='ocrx_word' id='word_1_821' title='bbox 2535 4607 2827 4661; x_wconf 90' lang='lat' dir='ltr'><strong>ascendens</strong></span> <span class='ocrx_word' id='word_1_822' title='bbox 2857 4621 2950 4675; x_wconf 89' lang='lat' dir='ltr'><strong>per</strong></span> <span class='ocrx_word' id='word_1_823' title='bbox 2975 4606 3206 4659; x_wconf 90' lang='lat' dir='ltr'><strong>animum</strong></span> <span class='ocrx_word' id='word_1_824' title='bbox 3235 4621 3414 4661; x_wconf 91' lang='lat' dir='ltr'><strong>meum</strong></span> <span class='ocrx_word' id='word_1_825' title='bbox 3453 4606 3518 4660; x_wconf 90' lang='lat' dir='ltr'><strong>ad</strong></span> <span class='ocrx_word' id='word_1_826' title='bbox 3559 4617 3610 4660; x_wconf 92' lang='lat' dir='ltr'><strong>te</strong></span> 
     </span>
    </p>
   </div>
   <div class='ocr_carea' id='block_1_109' title="bbox 2007 4695 3605 4766">
    <p class='ocr_par' dir='ltr' id='par_1_109' title="bbox 2007 4695 3605 4766">
     <span class='ocr_line' id='line_1_109' title="bbox 2007 4695 3605 4766; baseline 0.001 -18"><span class='ocrx_word' id='word_1_827' title='bbox 2007 4696 2126 4766; x_wconf 47' lang='grc' dir='ltr'><strong>,ιιιιί</strong></span> <span class='ocrx_word' id='word_1_828' title='bbox 2173 4696 2402 4766; x_wconf 88' lang='lat' dir='ltr'><strong>desuper</strong></span> <span class='ocrx_word' id='word_1_829' title='bbox 2442 4696 2571 4750; x_wconf 88' lang='lat' dir='ltr'><strong>mihi</strong></span> <span class='ocrx_word' id='word_1_830' title='bbox 2631 4711 2835 4752; x_wconf 89' lang='lat' dir='ltr'><strong>manes.</strong></span> <span class='ocrx_word' id='word_1_831' title='bbox 2895 4695 3152 4750; x_wconf 84' lang='lat' dir='ltr'><strong>Transibo</strong></span> <span class='ocrx_word' id='word_1_832' title='bbox 3197 4704 3253 4751; x_wconf 90' lang='lat' dir='ltr'><strong>et</strong></span> <span class='ocrx_word' id='word_1_833' title='bbox 3299 4696 3453 4750; x_wconf 89' lang='lat' dir='ltr'><strong>istam</strong></span> <span class='ocrx_word' id='word_1_834' title='bbox 3502 4697 3605 4750; x_wconf 89' lang='lat' dir='ltr'><strong>vim</strong></span> 
     </span>
    </p>
   </div>
   <div class='ocr_carea' id='block_1_110' title="bbox 2024 4785 3608 4856">
    <p class='ocr_par' dir='ltr' id='par_1_110' title="bbox 2024 4785 3608 4856">
     <span class='ocr_line' id='line_1_110' title="bbox 2024 4785 3608 4856; baseline 0 -16"><span class='ocrx_word' id='word_1_835' title='bbox 2024 4800 2244 4852; x_wconf 43' lang='lat' dir='ltr'><strong>vmeam,</strong></span> <span class='ocrx_word' id='word_1_836' title='bbox 2288 4801 2407 4856; x_wconf 82' lang='lat' dir='ltr'><strong>quae</strong></span> <span class='ocrx_word' id='word_1_837' title='bbox 2449 4786 2701 4840; x_wconf 90' lang='lat' dir='ltr'><strong>memoria</strong></span> <span class='ocrx_word' id='word_1_838' title='bbox 2746 4796 2983 4853; x_wconf 88' lang='lat' dir='ltr'><strong>vocatur,</strong></span> <span class='ocrx_word' id='word_1_839' title='bbox 3027 4787 3206 4840; x_wconf 90' lang='lat' dir='ltr'><strong>volens</strong></span> <span class='ocrx_word' id='word_1_840' title='bbox 3251 4794 3305 4840; x_wconf 92' lang='lat' dir='ltr'><strong>te</strong></span> <span class='ocrx_word' id='word_1_841' title='bbox 3349 4785 3608 4854; x_wconf 88' lang='lat' dir='ltr'><strong>attingere</strong></span> 
     </span>
    </p>
   </div>
   <div class='ocr_carea' id='block_1_111' title="bbox 2039 4875 3608 4948">
    <p class='ocr_par' dir='ltr' id='par_1_111' title="bbox 2039 4875 3608 4948">
     <span class='ocr_line' id='line_1_111' title="bbox 2039 4875 3608 4948; baseline -0.001 -17"><span class='ocrx_word' id='word_1_842' title='bbox 2039 4877 2178 4934; x_wconf 88' lang='lat' dir='ltr'><strong>unde</strong></span> <span class='ocrx_word' id='word_1_843' title='bbox 2203 4878 2385 4948; x_wconf 87' lang='lat' dir='ltr'><strong>attingi</strong></span> <span class='ocrx_word' id='word_1_844' title='bbox 2413 4887 2594 4946; x_wconf 90' lang='lat' dir='ltr'><strong>petes,</strong></span> <span class='ocrx_word' id='word_1_845' title='bbox 2636 4887 2688 4931; x_wconf 92' lang='lat' dir='ltr'><strong>et</strong></span> <span class='ocrx_word' id='word_1_846' title='bbox 2729 4877 2988 4932; x_wconf 76' lang='lat' dir='ltr'><strong>inhazrere</strong></span> <span class='ocrx_word' id='word_1_847' title='bbox 3028 4877 3120 4930; x_wconf 87' lang='lat' dir='ltr'><strong>tibi</strong></span> <span class='ocrx_word' id='word_1_848' title='bbox 3158 4875 3298 4930; x_wconf 90' lang='lat' dir='ltr'><strong>unde</strong></span> <span class='ocrx_word' id='word_1_849' title='bbox 3345 4875 3608 4930; x_wconf 67' lang='lat' dir='ltr'><strong>inhaerere</strong></span> 
     </span>
    </p>
   </div>
   <div class='ocr_carea' id='block_1_112' title="bbox 2038 4967 3600 5040">
    <p class='ocr_par' dir='ltr' id='par_1_112' title="bbox 2038 4967 3600 5040">
     <span class='ocr_line' id='line_1_112' title="bbox 2038 4967 3600 5040; baseline -0.001 -18"><span class='ocrx_word' id='word_1_850' title='bbox 2038 4968 2132 5023; x_wconf 93' lang='lat' dir='ltr'><strong>tibi</strong></span> <span class='ocrx_word' id='word_1_851' title='bbox 2156 4977 2347 5040; x_wconf 90' lang='lat' dir='ltr'><strong>potest.</strong></span> <span class='ocrx_word' id='word_1_852' title='bbox 2373 4969 2577 5023; x_wconf 85' lang='lat' dir='ltr'><strong>Habent</strong></span> <span class='ocrx_word' id='word_1_853' title='bbox 2595 4967 2733 5022; x_wconf 87' lang='lat' dir='ltr'><strong>enim</strong></span> <span class='ocrx_word' id='word_1_854' title='bbox 2758 4968 3064 5022; x_wconf 89' lang='lat' dir='ltr'><strong>memoriam</strong></span> <span class='ocrx_word' id='word_1_855' title='bbox 3094 4975 3147 5020; x_wconf 89' lang='lat' dir='ltr'><strong>et</strong></span> <span class='ocrx_word' id='word_1_856' title='bbox 3176 4981 3363 5034; x_wconf 89' lang='lat' dir='ltr'><strong>pecora</strong></span> <span class='ocrx_word' id='word_1_857' title='bbox 3383 4975 3437 5020; x_wconf 91' lang='lat' dir='ltr'><strong>et</strong></span> <span class='ocrx_word' id='word_1_858' title='bbox 3455 4981 3600 5032; x_wconf 87' lang='lat' dir='ltr'><strong>aves,</strong></span> 
     </span>
    </p>
   </div>
   <div class='ocr_carea' id='block_1_113' title="bbox 2037 5053 3600 5129">
    <p class='ocr_par' dir='ltr' id='par_1_113' title="bbox 2037 5053 3600 5129">
     <span class='ocr_line' id='line_1_113' title="bbox 2037 5053 3600 5129; baseline -0.003 -17"><span class='ocrx_word' id='word_1_859' title='bbox 2037 5059 2267 5129; x_wconf 91' lang='lat' dir='ltr'><strong>alioquin</strong></span> <span class='ocrx_word' id='word_1_860' title='bbox 2312 5075 2415 5113; x_wconf 93' lang='lat' dir='ltr'><strong>non</strong></span> <span class='ocrx_word' id='word_1_861' title='bbox 2458 5059 2648 5114; x_wconf 87' lang='lat' dir='ltr'><strong>cubilia</strong></span> <span class='ocrx_word' id='word_1_862' title='bbox 2691 5057 2907 5112; x_wconf 83' lang='lat' dir='ltr'><strong>nidosve</strong></span> <span class='ocrx_word' id='word_1_863' title='bbox 2962 5064 3292 5126; x_wconf 88' lang='lat' dir='ltr'><strong>repeterent,</strong></span> <span class='ocrx_word' id='word_1_864' title='bbox 3352 5069 3456 5109; x_wconf 86' lang='lat' dir='ltr'><strong>non</strong></span> <span class='ocrx_word' id='word_1_865' title='bbox 3502 5053 3600 5108; x_wconf 83' lang='lat' dir='ltr'><strong>alia</strong></span> 
     </span>
    </p>
   </div>
   <div class='ocr_carea' id='block_1_114' title="bbox 2038 5147 3605 5220">
    <p class='ocr_par' dir='ltr' id='par_1_114' title="bbox 2038 5147 3605 5220">
     <span class='ocr_line' id='line_1_114' title="bbox 2038 5147 3605 5220; baseline -0.003 -16"><span class='ocrx_word' id='word_1_866' title='bbox 2038 5151 2200 5204; x_wconf 88' lang='lat' dir='ltr'><strong>multa</strong></span> <span class='ocrx_word' id='word_1_867' title='bbox 2239 5150 2427 5220; x_wconf 92' lang='lat' dir='ltr'><strong>quibus</strong></span> <span class='ocrx_word' id='word_1_868' title='bbox 2465 5159 2812 5213; x_wconf 86' lang='lat' dir='ltr'><strong>assuescunt,</strong></span> <span class='ocrx_word' id='word_1_869' title='bbox 2853 5162 3024 5216; x_wconf 91' lang='lat' dir='ltr'><strong>neque</strong></span> <span class='ocrx_word' id='word_1_870' title='bbox 3051 5147 3192 5202; x_wconf 90' lang='lat' dir='ltr'><strong>enim</strong></span> <span class='ocrx_word' id='word_1_871' title='bbox 3220 5155 3274 5200; x_wconf 91' lang='lat' dir='ltr'><strong>et</strong></span> <span class='ocrx_word' id='word_1_872' title='bbox 3299 5159 3605 5201; x_wconf 87' lang='lat' dir='ltr'><strong>assuescere</strong></span> 
     </span>
    </p>
   </div>
   <div class='ocr_carea' id='block_1_115' title="bbox 2037 5235 3607 5306">
    <p class='ocr_par' dir='ltr' id='par_1_115' title="bbox 2037 5235 3607 5306">
     <span class='ocr_line' id='line_1_115' title="bbox 2037 5235 3607 5306; baseline -0.003 -12"><span class='ocrx_word' id='word_1_873' title='bbox 2037 5241 2277 5295; x_wconf 89' lang='lat' dir='ltr'><strong>valerent</strong></span> <span class='ocrx_word' id='word_1_874' title='bbox 2314 5239 2436 5293; x_wconf 90' lang='lat' dir='ltr'><strong>ullis</strong></span> <span class='ocrx_word' id='word_1_875' title='bbox 2481 5239 2639 5294; x_wconf 91' lang='lat' dir='ltr'><strong>rebus</strong></span> <span class='ocrx_word' id='word_1_876' title='bbox 2684 5238 2782 5292; x_wconf 90' lang='lat' dir='ltr'><strong>nisi</strong></span> <span class='ocrx_word' id='word_1_877' title='bbox 2835 5252 2930 5306; x_wconf 91' lang='lat' dir='ltr'><strong>per</strong></span> <span class='ocrx_word' id='word_1_878' title='bbox 2974 5237 3302 5292; x_wconf 88' lang='lat' dir='ltr'><strong>memoriam.</strong></span> <span class='ocrx_word' id='word_1_879' title='bbox 3346 5235 3607 5290; x_wconf 86' lang='lat' dir='ltr'><strong>Transibo</strong></span> 
     </span>
    </p>
   </div>
   <div class='ocr_carea' id='block_1_116' title="bbox 2036 5330 3608 5402">
    <p class='ocr_par' dir='ltr' id='par_1_116' title="bbox 2036 5330 3608 5402">
     <span class='ocr_line' id='line_1_116' title="bbox 2036 5330 3608 5402; baseline -0.002 -13"><span class='ocrx_word' id='word_1_880' title='bbox 2036 5347 2163 5402; x_wconf 88' lang='lat' dir='ltr'><strong>ergo</strong></span> <span class='ocrx_word' id='word_1_881' title='bbox 2204 5340 2260 5388; x_wconf 89' lang='lat' dir='ltr'><strong>et</strong></span> <span class='ocrx_word' id='word_1_882' title='bbox 2304 5331 2652 5397; x_wconf 90' lang='lat' dir='ltr'><strong>memoriam,</strong></span> <span class='ocrx_word' id='word_1_883' title='bbox 2693 5339 2751 5385; x_wconf 92' lang='lat' dir='ltr'><strong>ut</strong></span> <span class='ocrx_word' id='word_1_884' title='bbox 2788 5331 3040 5400; x_wconf 88' lang='lat' dir='ltr'><strong>attingam</strong></span> <span class='ocrx_word' id='word_1_885' title='bbox 3079 5344 3200 5384; x_wconf 91' lang='lat' dir='ltr'><strong>eum</strong></span> <span class='ocrx_word' id='word_1_886' title='bbox 3226 5330 3314 5398; x_wconf 90' lang='lat' dir='ltr'><strong>qui</strong></span> <span class='ocrx_word' id='word_1_887' title='bbox 3343 5331 3608 5399; x_wconf 86' lang='lat' dir='ltr'><strong>separavit</strong></span> 
     </span>
    </p>
   </div>
   <div class='ocr_carea' id='block_1_117' title="bbox 2038 5421 3604 5493">
    <p class='ocr_par' dir='ltr' id='par_1_117' title="bbox 2038 5421 3604 5493">
     <span class='ocr_line' id='line_1_117' title="bbox 2038 5421 3604 5493; baseline -0.003 -14"><span class='ocrx_word' id='word_1_888' title='bbox 2038 5439 2123 5479; x_wconf 91' lang='lat' dir='ltr'><strong>me</strong></span> <span class='ocrx_word' id='word_1_889' title='bbox 2147 5439 2176 5476; x_wconf 92' lang='lat' dir='ltr'><strong>a</strong></span> <span class='ocrx_word' id='word_1_890' title='bbox 2203 5423 2626 5493; x_wconf 79' lang='lat' dir='ltr'><strong>quadrupedibus</strong></span> <span class='ocrx_word' id='word_1_891' title='bbox 2647 5463 2662 5487; x_wconf 93' lang='lat'><strong>,</strong></span> <span class='ocrx_word' id='word_1_892' title='bbox 2687 5432 2742 5477; x_wconf 89' lang='lat' dir='ltr'><strong>et</strong></span> <span class='ocrx_word' id='word_1_893' title='bbox 2768 5422 3065 5478; x_wconf 87' lang='lat' dir='ltr'><strong>volatilibus</strong></span> <span class='ocrx_word' id='word_1_894' title='bbox 3088 5421 3208 5478; x_wconf 75' lang='lat' dir='ltr'><strong>cmli</strong></span> <span class='ocrx_word' id='word_1_895' title='bbox 3232 5422 3604 5491; x_wconf 83' lang='lat' dir='ltr'><strong>sapientiorem</strong></span> 
     </span>
    </p>
   </div>
   <div class='ocr_carea' id='block_1_118' title="bbox 2037 5513 3602 5580">
    <p class='ocr_par' dir='ltr' id='par_1_118' title="bbox 2037 5513 3602 5580">
     <span class='ocr_line' id='line_1_118' title="bbox 2037 5513 3602 5580; baseline -0.002 -11"><span class='ocrx_word' id='word_1_896' title='bbox 2037 5531 2122 5570; x_wconf 92' lang='lat' dir='ltr'><strong>me</strong></span> <span class='ocrx_word' id='word_1_897' title='bbox 2151 5514 2294 5570; x_wconf 85' lang='lat' dir='ltr'><strong>fecit.</strong></span> <span class='ocrx_word' id='word_1_898' title='bbox 2318 5515 2577 5569; x_wconf 87' lang='lat' dir='ltr'><strong>Transibo</strong></span> <span class='ocrx_word' id='word_1_899' title='bbox 2605 5522 2659 5568; x_wconf 93' lang='lat' dir='ltr'><strong>et</strong></span> <span class='ocrx_word' id='word_1_900' title='bbox 2679 5515 3021 5580; x_wconf 89' lang='lat' dir='ltr'><strong>memoriam;</strong></span> <span class='ocrx_word' id='word_1_901' title='bbox 3050 5525 3099 5570; x_wconf 87' lang='lat' dir='ltr'><strong>et</strong></span> <span class='ocrx_word' id='word_1_902' title='bbox 3121 5513 3205 5568; x_wconf 92' lang='lat' dir='ltr'><strong>ubi</strong></span> <span class='ocrx_word' id='word_1_903' title='bbox 3239 5522 3289 5568; x_wconf 89' lang='lat' dir='ltr'><strong>te</strong></span> <span class='ocrx_word' id='word_1_904' title='bbox 3317 5513 3602 5575; x_wconf 86' lang='lat' dir='ltr'><strong>inveniam,</strong></span> 
     </span>
    </p>
   </div>
   <div class='ocr_carea' id='block_1_119' title="bbox 2037 5601 3607 5663">
    <p class='ocr_par' dir='ltr' id='par_1_119' title="bbox 2037 5601 3607 5663">
     <span class='ocr_line' id='line_1_119' title="bbox 2037 5601 3607 5663; baseline -0.006 0"><span class='ocrx_word' id='word_1_905' title='bbox 2037 5623 2162 5663; x_wconf 88' lang='lat' dir='ltr'><strong>vere</strong></span> <span class='ocrx_word' id='word_1_906' title='bbox 2208 5608 2345 5663; x_wconf 90' lang='lat' dir='ltr'><strong>bona</strong></span> <span class='ocrx_word' id='word_1_907' title='bbox 2383 5618 2436 5662; x_wconf 88' lang='lat' dir='ltr'><strong>et</strong></span> <span class='ocrx_word' id='word_1_908' title='bbox 2475 5621 2663 5662; x_wconf 89' lang='lat' dir='ltr'><strong>secura</strong></span> <span class='ocrx_word' id='word_1_909' title='bbox 2707 5607 2976 5661; x_wconf 88' lang='lat' dir='ltr'><strong>suavitas?</strong></span> <span class='ocrx_word' id='word_1_910' title='bbox 3013 5615 3065 5662; x_wconf 92' lang='lat' dir='ltr'><strong>et</strong></span> <span class='ocrx_word' id='word_1_911' title='bbox 3111 5605 3198 5661; x_wconf 91' lang='lat' dir='ltr'><strong>ubi</strong></span> <span class='ocrx_word' id='word_1_912' title='bbox 3228 5613 3277 5660; x_wconf 88' lang='lat' dir='ltr'><strong>te</strong></span> <span class='ocrx_word' id='word_1_913' title='bbox 3307 5601 3607 5658; x_wconf 76' lang='lat' dir='ltr'><strong>inveniam?</strong></span> 
     </span>
    </p>
   </div>
   <div class='ocr_carea' id='block_1_120' title="bbox 2035 5695 3600 5771">
    <p class='ocr_par' dir='ltr' id='par_1_120' title="bbox 2035 5695 3600 5771">
     <span class='ocr_line' id='line_1_120' title="bbox 2035 5695 3600 5771; baseline -0.006 -14"><span class='ocrx_word' id='word_1_914' title='bbox 2035 5701 2090 5757; x_wconf 89' lang='lat' dir='ltr'><strong>Si</strong></span> <span class='ocrx_word' id='word_1_915' title='bbox 2120 5709 2311 5771; x_wconf 71' lang='lat' dir='ltr'><strong>praeter</strong></span> <span class='ocrx_word' id='word_1_916' title='bbox 2331 5698 2641 5756; x_wconf 65' lang='lat' dir='ltr'><strong>memoriam</strong></span> <span class='ocrx_word' id='word_1_917' title='bbox 2667 5713 2838 5754; x_wconf 90' lang='lat' dir='ltr'><strong>meam</strong></span> <span class='ocrx_word' id='word_1_918' title='bbox 2867 5708 2917 5755; x_wconf 90' lang='lat' dir='ltr'><strong>te</strong></span> <span class='ocrx_word' id='word_1_919' title='bbox 2944 5698 3180 5764; x_wconf 89' lang='lat' dir='ltr'><strong>invenio,</strong></span> <span class='ocrx_word' id='word_1_920' title='bbox 3224 5697 3500 5750; x_wconf 91' lang='lat' dir='ltr'><strong>immemor</strong></span> <span class='ocrx_word' id='word_1_921' title='bbox 3531 5695 3600 5748; x_wconf 92' lang='lat' dir='ltr'><strong>tui</strong></span> 
     </span>
    </p>
   </div>
   <div class='ocr_carea' id='block_1_121' title="bbox 3684 4283 3693 4320">
    <p class='ocr_par' dir='ltr' id='par_1_121' title="bbox 3684 4283 3693 4320">
     <span class='ocr_line' id='line_1_121' title="bbox 3684 4283 3693 4320; baseline 0 0"><span class='ocrx_word' id='word_1_922' title='bbox 3684 4283 3693 4320; x_wconf 64' lang='grc' dir='ltr'><strong><em>ἐ</em></strong></span> 
     </span>
    </p>
   </div>
   <div class='ocr_carea' id='block_1_122' title="bbox 3683 4321 3690 4372">
    <p class='ocr_par' dir='ltr' id='par_1_122' title="bbox 3683 4321 3690 4372">
     <span class='ocr_line' id='line_1_122' title="bbox 3683 4321 3690 4342; baseline 0 0"><span class='ocrx_word' id='word_1_923' title='bbox 3683 4321 3690 4342; x_wconf 72' lang='grc' dir='ltr'><strong><em>ε</em></strong></span> 
     </span>
     <span class='ocr_line' id='line_1_123' title="bbox 3684 4347 3690 4372; baseline 0 0"><span class='ocrx_word' id='word_1_924' title='bbox 3684 4347 3690 4372; x_wconf 92' lang='lat' dir='ltr'><strong>I</strong></span> 
     </span>
    </p>
   </div>
  </div>
