4078 6366
471 304 569 360 791
1619 291 2019 353 (ΣΟΝΡΕὸδιυῠ

2126 294 2130 347 ζ
2166 292 2225 349 S.
2265 294 2643 355 AUGUSTINI.

471 436 611 477 sum.
648 421 715 477 Et
740 420 1005 493 quomodo
1036 421 1145 492 jam
1185 418 1446 476 inveniam
1488 425 1568 486 te,
1608 417 1653 472 si
1694 431 1897 472 memor
1937 427 2040 468 non

468 526 587 569 sum
622 512 739 568 tui?

1028 581 1255 638 CAPUT
1295 578 1475 636 XVIII.

559 651 678 707 Non
706 653 1006 707 inveniretur
1028 667 1087 705 ea
1111 669 1190 706 res
1217 667 1330 721 qua
1355 650 1569 715 excidit,
1601 648 1699 704 nisi
1721 646 1960 702 memoria

1119 731 1383 775 teneretur.

541 812 633 867 27.
660 811 969 868 Perdiderat
991 811 1132 866 enim
1158 811 1347 866 mulier
1368 810 1697 875 drachmam,
1717 817 1772 864 et
1797 807 2039 878 quaesivit

468 918 587 958 eam
622 918 740 957 cum
775 902 986 957 lucerna
1021 901 1181 973 (Luc.
1209 917 1298 963 xv,
1332 899 1424 971 8),
1466 910 1519 955 et
1549 899 1651 954 nisi
1687 914 1891 953 memor
1922 897 2038 967 ejus

468 1001 644 1059 esset,
674 1009 777 1048 non
817 992 1077 1047 inveniret
1113 1006 1249 1046 eam.
1283 988 1412 1047 Cum
1448 989 1590 1045 enim
1622 1000 1763 1044 esset
1790 989 1997 1043 iuventa
2018 1026 2033 1053 ,

465 1082 605 1139 unde
648 1085 809 1138 sciret
850 1094 1024 1139 utrum
1066 1084 1175 1152 ipsa
1220 1091 1395 1149 esset,
1443 1082 1488 1138 si
1532 1096 1737 1136 memor
1774 1082 1888 1151 ejus
1929 1095 2035 1134 non

461 1175 645 1229 esset?
669 1174 827 1229 Multa
851 1174 1064 1229 memini
1090 1188 1175 1228 me
1201 1172 1400 1243 perdita
1426 1174 1677 1243 quaesisse
1703 1180 1859 1241 atque
1885 1171 2034 1225 inve-

464 1265 628 1321 nisse.
674 1265 800 1321 lnde
837 1265 975 1320 istud
1013 1264 1157 1331 scio,
1187 1265 1308 1334 quia
1344 1280 1466 1320 cum
1506 1279 1798 1335 quaererem
1835 1264 2035 1334 aliquid

462 1371 646 1412 eorum
667 1399 681 1422 ,
722 1368 775 1412 et
808 1358 1073 1413 diceretur
1104 1358 1232 1413 mihi
1255 1400 1269 1425 ,
1308 1358 1440 1413 Num
1476 1359 1610 1413 forte
1634 1358 1736 1413 hoc
1762 1367 1876 1423 est,
1907 1374 2033 1413 num

462 1446 601 1504 forte
634 1448 801 1504 illud?
822 1448 1020 1505 tamdiu
1041 1449 1315 1505 dicebam:
1340 1449 1457 1505 Non
1485 1458 1586 1517 est,
1608 1449 1777 1504 donec
1800 1449 1852 1504 id
1877 1449 2035 1504 oller-

459 1546 609 1594 retur
634 1540 774 1610 quod
799 1540 1119 1609 quzerebam.
1142 1540 1302 1609 Cujus
1320 1540 1419 1595 nisi
1436 1554 1642 1594 memor
1660 1554 1853 1605 essem,
1876 1538 2031 1609 quid-

461 1628 589 1698 quid
614 1629 741 1684 illud
766 1638 930 1696 esset,
957 1630 1116 1685 etiam
1141 1630 1187 1685 si
1213 1630 1341 1685 mihi
1368 1629 1666 1697 offerretur,
1690 1645 1794 1684 non
1825 1630 2029 1684 inveni-

458 1732 607 1783 rem,
646 1719 768 1788 quia
804 1734 909 1774 non
949 1735 1313 1791 agnoscerem.
1350 1719 1419 1773 Et
1450 1734 1660 1788 semper
1688 1718 1758 1773 ita
1784 1717 1874 1783 tit,
1912 1732 2030 1772 cum

458 1810 656 1880 aliquid
696 1810 959 1880 perditum
997 1812 1283 1880 quaerimus
1317 1818 1369 1865 et
1402 1809 1719 1865 invenimus.
1750 1808 2028 1864 Verumta-

463 1916 585 1955 men
615 1901 663 1956 si
694 1902 829 1957 forte
854 1902 1051 1973 aliquid
1078 1903 1146 1957 ab
1175 1901 1341 1957 oculis
1363 1901 1530 1971 perit,
1561 1915 1664 1954 non
1695 1914 1724 1953 a
1753 1899 2026 1964 memoria,

460 1990 623 2045 veluti
657 2006 852 2062 corpus
890 1991 1162 2061 quodlibet
1187 1991 1647 2055 visibile,tenetur
1680 1989 1820 2043 intus
1858 1990 2029 2059 imago

461 2079 601 2148 ejus,
624 2089 677 2135 et
700 2081 953 2151 quaeritur
976 2082 1147 2137 donec
1173 2081 1420 2136 reddatur
1447 2081 1700 2151 aspectui.
1728 2080 1876 2147 Quod
1906 2095 2026 2134 cum

457 2172 731 2226 inventum
758 2171 935 2238 fuerit,
960 2186 1026 2226 ex
1054 2171 1279 2239 imagine
1301 2185 1418 2240 quae
1439 2170 1578 2224 intus
1598 2177 1680 2224 est
1699 2169 2027 2239 recognosci-

459 2269 565 2314 tur.
595 2258 703 2314 Nec
730 2260 992 2314 invenisse
1017 2274 1113 2313 nos
1138 2258 1360 2314 dicimus
1385 2259 1524 2328 quod
1556 2259 1817 2328 perierat,
1847 2260 1890 2313 si
1920 2274 2025 2313 non

454 2344 824 2417 agnoscimus;
856 2362 955 2404 nec
980 2362 1265 2418 agnoscere
1291 2362 1605 2417 possumus,
1633 2348 1676 2401 si
1706 2364 1811 2401 non
1836 2348 2026 2402 memi—

454 2438 633 2493 nimus
657 2455 671 2492 :
698 2438 794 2493 sed
814 2437 917 2494 hoc
941 2440 1170 2509 perierat
1193 2437 1406 2508 quidem
1432 2437 1628 2505 oculis,
1661 2438 1913 2493 memoria
1944 2447 2023 2492 tc-

452 2525 694 2583 uehatur.

1032 2595 1256 2653 CAPUT
1292 2596 1407 2652 XIX
1420 2635 1433 2650 .

983 2687 1116 2752 Quid
1139 2688 1203 2741 sit
1228 2687 1495 2741 reminisci.

519 2774 611 2831 28.
648 2774 786 2843 Quid
822 2789 943 2831 cum
976 2777 1086 2846 ipsa
1124 2778 1377 2832 memoria
1414 2777 1585 2847 perdit
1618 2776 1850 2847 aliquid,
1884 2778 2025 2831 sicut

451 2869 512 2923 ﬁt
549 2884 670 2923 cum
712 2868 1092 2935 obliviscituur,
1133 2876 1188 2923 et
1225 2868 1511 2938 quzerimus
1550 2877 1606 2922 ut
1643 2868 2021 2922 recordemur?

452 2959 553 3016 Ubi
593 2960 805 3016 tandem
843 2961 1158 3030 quaerimus,
1188 2943 1288 3014 nisi
1317 2961 1366 3014 in
1399 2961 1508 3031 ipsa
1542 2961 1834 3015 memoria?
1862 2961 1923 3014 Et
1948 2960 2020 3015 ibi

448 3049 495 3103 si
534 3049 675 3104 aliud
715 3066 813 3120 pro
850 3050 954 3104 alio
990 3050 1127 3104 forte
1165 3049 1433 3117 oﬂeratur,
1477 3049 1804 3120 respuimus,
1851 3051 2022 3105 donec

449 3139 579 3195 illud
606 3123 851 3196 occurrat
875 3141 1013 3211 quod
1039 3143 1321 3211 qumrimus
1345 3158 1358 3194 :
1380 3151 1432 3197 et
1458 3157 1576 3196 cum
1603 3143 1849 3205 occurrit,
1884 3141 2019 3196 dici-

447 3246 569 3287 mus
592 3273 607 3299 ,
635 3232 747 3288 Hoc
774 3240 888 3298 est;
920 3233 1059 3304 quod
1095 3250 1201 3288 non
1240 3233 1536 3290 diceremus
1573 3236 1673 3289 nisi
1710 3249 2019 3306 agnoscere-

449 3337 600 3387 mus,
643 3338 741 3378 nec
784 3338 1192 3393 agnosceremus
1234 3324 1337 3379 nisi
1378 3325 1817 3380 meminissemus.
1862 3325 2020 3380 Certe

446 3426 575 3482 ergo
592 3412 740 3468 obliti
763 3412 1047 3469 fueramus.
1071 3414 1151 3468 An
1170 3415 1186 3445 ⁸
1211 3430 1313 3468 non
1337 3423 1501 3469 totum
1525 3415 1811 3478 exciderat,
1836 3414 1927 3469 sed
1952 3429 2019 3469 ex

448 3509 600 3570 parte
625 3517 726 3572 qua
758 3502 1033 3557 tenebatur
1060 3517 1179 3571 pars
1216 3504 1315 3557 alia
1350 3505 1713 3573 qurerebatur;
1744 3507 1865 3573 quia
1892 3518 2017 3558 sen-

447 3591 615 3645 tiebat
640 3606 699 3647 se
725 3593 980 3648 memoria
1012 3607 1120 3647 non
1149 3593 1305 3648 simul
1340 3594 1551 3647 volvere
1585 3593 1725 3663 quod
1755 3594 1911 3648 simul
1938 3609 2019 3650 so-

444 3679 623 3747 lebat,
654 3690 707 3736 et
734 3683 881 3751 quasi
910 3681 1218 3737 detruncata
1257 3683 1638 3738 consuetudine
1676 3683 2012 3751 claudicans,

444 3769 594 3825 reddi
620 3771 760 3841 quod
790 3772 970 3827 deerat
1002 3772 1305 3843 ﬂagitabat?
1333 3773 1602 3842 Tanquam
1642 3774 1685 3828 si
1725 3773 1883 3829 homo
1921 3791 2016 3830 no-

445 3869 530 3915 tus
555 3860 672 3916 sive
695 3861 1052 3931 conspiciatur
1074 3862 1262 3927 oculis,
1294 3863 1708 3932 sive'cogitetur,
1737 3871 1790 3919 et
1819 3880 2013 3920 nomen

442 3950 559 4019 ejus
584 3950 732 4005 obliti
758 3952 1115 4022 requiramus,
1146 3951 1397 4021 quidquid
1424 3952 1565 4007 aliud
1590 3954 1880 4008 occurrerit
1905 3969 2010 4009 non

443 4042 777 4095 connectitur
808 4056 822 4094 :
852 4042 973 4111 quia
1017 4056 1123 4095 non
1167 4056 1287 4096 cum
1329 4042 1420 4095 illo
1458 4042 1674 4112 cogitari
1718 4044 2009 4112 musuevit,

434 4130 666 4201 ideoque
690 4132 957 4201 respuitur
980 4130 1151 4186 donec
1176 4131 1302 4186 illud
1330 4131 1498 4196 adsit,
1532 4132 1620 4186 ubi
1646 4132 1800 4186 simul
1830 4148 2011 4187 assue-

440 4222 579 4278 facta
627 4223 807 4276 notitia
862 4238 967 4277 non
1021 4223 1350 4291 inmqualiter
1396 4224 1715 4292 acquiescat.
1762 4225 1827 4278 Et
1872 4225 2010 4279 unde

440 4312 613 4377 adest,
653 4311 754 4366 nisi
789 4327 852 4366 ex
893 4310 1005 4381 ipsa
1044 4311 1344 4366 memoria?
1382 4311 1510 4367 Nam
1549 4321 1601 4367 et
1638 4328 1756 4367 cum
1799 4314 1865 4368 ab
1905 4315 2010 4368 alio

439 4402 747 4457 commoniti
768 4403 1214 4472 recognoscimus,
1236 4402 1358 4458 inde
1378 4402 1546 4458 adest.
1565 4403 1676 4457 Non
1699 4404 1839 4459 enim
1859 4406 2009 4475 quasi

436 4509 633 4551 novum
671 4494 969 4562 credimus,
1009 4494 1104 4549 sed
1142 4494 1481 4550 recordantes
1520 4494 1871 4564 approbamus
1908 4494 2010 4550 hoc

436 4600 557 4642 esse
584 4585 721 4655 quod
747 4584 943 4639 dictum
971 4593 1071 4640 est.
1106 4584 1162 4639 Si
1188 4593 1365 4639 autem
1406 4586 1613 4654 penitus
1645 4585 1918 4641 aboleatur
1942 4600 2010 4642 ex

438 4678 640 4743 animo,
658 4691 757 4731 nec
777 4675 1030 4730 admoniti
1050 4675 1454 4729 reminiscimur.
1478 4675 1658 4745 Neque
1677 4678 1816 4730 enim
1839 4675 2010 4731 omni-

435 4766 596 4821 modo
635 4765 809 4821 adhuc
833 4765 982 4821 obliti
1020 4780 1221 4832 sumus,
1252 4765 1392 4836 quod
1421 4766 1499 4820 vel
1523 4768 1669 4835 jam’
1697 4768 1888 4823 oblitos
1911 4783 2010 4824 nos

434 4871 559 4913 esse
586 4857 946 4913 meminimus.
969 4858 1082 4913 Hoc
1106 4872 1235 4927 ergo
1261 4873 1359 4912 nec
1380 4858 1630 4913 amissum
1651 4875 1888 4930 qumrere
1913 4876 2009 4932 po-

444 4946 685 5016 terimus,
715 4947 855 5016 quod
885 4948 1101 5003 omnino
1124 4948 1272 5003 obliti
1299 4947 1573 5002 fuerimus.

1025 5058 1251 5114 CAPUT
1288 5057 1407 5113 XX.

442 5124 511 5180 Ut
537 5126 892 5182 beatitudinem
919 5143 1088 5183 omnes
1113 5138 1380 5199 appetant,
1408 5137 1598 5197 oportet
1622 5146 1729 5183 eam
1758 5132 2002 5186 noverint.

429 5225 437 5257 ε
506 5215 599 5269 29.
637 5217 912 5283 Quomodo
940 5233 1066 5288 ergo
1099 5228 1153 5273 te
1186 5233 1399 5289 qumro,
1430 5220 1686 5276 Domine?
1707 5219 1835 5275 Cum
1861 5224 2003 5278 enim

440 5311 494 5359 te
519 5303 683 5359 Deum
707 5321 883 5362 meum
909 5322 1112 5376 quaero,
1132 5308 1289 5361 vitam
1311 5308 1517 5362 beatam
1538 5324 1737 5379 quazro.
1760 5310 2001 5378 Quarum

434 5403 492 5449 te
538 5403 596 5449 ut
639 5396 779 5451 vivat
817 5399 993 5453 anima
1038 5414 1174 5455 mea.
1218 5399 1361 5454 Vivit
1397 5400 1539 5455 cnim
1581 5417 1774 5473 corpus
1823 5420 2001 5461 meum

438 5484 507 5539 de
548 5485 723 5541 anima
762 5502 877 5543 mea
897 5528 914 5555 ,
953 5498 1005 5544 et
1037 5490 1163 5544 vivit
1195 5491 1364 5545 anima
1395 5506 1511 5547 mea
1538 5492 1605 5548 de
1632 5502 1701 5549 te.
1726 5494 2002 5561 Quomodo

497 5610 515 5683 ξ
538 5586 976 5683 ξιφέ.,“[ιιεέαηιω;
995 5626 1051 5662 ac
1071 5626 1217 5663 non...
1238 5614 1495 5680 ﬂagitabat.
1518 5619 1652 5683 Alias,
1675 5632 1801 5670 nam.
1828 5628 1883 5672 Μ.

495 5671 515 5702 ³
548 5676 597 5718 tu
618 5678 668 5722 Β.
692 5671 872 5735 legitur
895 5671 1019 5737 eam,
1042 5671 1284 5738 corrupte.
1301 5671 1323 5680 '
1348 5684 1404 5726 tt.

3615 316 3719 371 792

2146 428 2274 483 ergo
2306 432 2485 483 quaero
2520 420 2681 475 vitam
2723 421 2965 479 beatam?
2993 425 3112 496 quia
3142 441 3246 483 non
3275 436 3361 485 est
3386 430 3516 488 mihi
3543 432 3715 492 donec

2145 507 2350 563 dicam:
2381 511 2474 565 Sat
2502 520 2616 578 est,
2646 513 2753 569 illic
2782 514 2869 569 ubi
2898 527 3105 586 oportet
3134 527 3192 573 ut
3216 520 3426 576 dicam?
3447 528 3715 593 quomodo

2145 614 2260 653 eam
2289 603 2507 670 qumro?
2532 602 2719 659 Utrum
2748 620 2841 677 per
2869 610 3288 667 recordationem
3318 621 3565 685 tanquam
3594 634 3711 673 eam

2143 689 2339 746 oblitus
2371 693 2506 761 sim,
2543 695 2865 767 oblitumque
2897 715 2983 755 me
3014 716 3135 757 esse
3168 704 3340 761 adhuc
3374 717 3614 775 teneam;
3642 727 3712 766 an

2145 793 2237 848 per
2272 783 2561 850 appetitum
2599 785 2833 841 discendi
2875 789 3224 859 incognitam,
3253 794 3365 851 sive
3387 811 3545 865 quam
3572 815 3710 854 nun-

2141 884 2297 939 quam
2325 873 2556 936 scierim,
2579 874 2691 931 sive
2710 892 2869 946 quam
2896 878 2974 934 sic
2996 880 3192 937 oblitus
3218 882 3407 939 fuerim
3429 898 3487 941 ut
3505 904 3590 944 me
3611 906 3711 947 nec

2140 960 2358 1015 oblitum
2399 978 2517 1019 esse
2555 966 2921 1022 meminerim?
2945 968 3130 1025 Nonne
3162 972 3272 1039 ipsa
3303 983 3384 1028 est
3410 976 3563 1032 beata
3600 980 3707 1035 vita

2140 1065 2297 1119 quam
2332 1067 2517 1108 omnes
2549 1056 2768 1121 volunt,
2800 1066 2854 1112 et
2886 1059 3103 1113 omnino
3128 1061 3215 1130 qui
3248 1064 3380 1118 nolit
3405 1080 3563 1122 nemo
3587 1072 3709 1123 est?

2139 1138 2238 1194 Ubi
2276 1154 2534 1198 noverunt
2564 1160 2711 1214 eam,
2741 1148 2882 1216 quod
2917 1150 2995 1204 sic
3030 1150 3214 1205 volunt
3252 1155 3408 1207 eam?
3437 1156 3534 1211 Ubi
3562 1159 3710 1214 vide-

2140 1241 2281 1299 runt,
2303 1242 2363 1289 ut
2383 1245 2623 1292 amarent
2646 1240 2803 1293 eam?
2822 1239 3079 1296 Nimirum
3099 1242 3356 1301 habemus
3380 1262 3498 1303 eam
3526 1253 3707 1307 nescio

2138 1324 2422 1392 quomodo.
2452 1327 2519 1381 Et
2555 1338 2638 1383 est
2672 1329 2808 1385 alius
2844 1331 3055 1400 quidam
3094 1333 3317 1399 modus.
3348 1352 3455 1406 quo
3482 1342 3707 1411 quisque

2137 1427 2257 1467 cum
2297 1413 2454 1470 habet
2492 1431 2609 1471 eam
2633 1458 2648 1483 ,
2690 1427 2814 1473 tunc
2856 1420 3042 1475 beatus
3078 1432 3187 1489 est;
3230 1432 3284 1479 et
3319 1436 3443 1481 sunt
3481 1430 3571 1498 qui
3611 1446 3709 1500 spe

2136 1500 2276 1556 beati
2317 1512 2457 1558 sunt.
2500 1505 2754 1562 inferiore
2792 1508 2950 1563 modo
2987 1510 3071 1565 isti
3111 1510 3308 1568 habent
3349 1530 3501 1581 eam,
3548 1535 3707 1588 quam

2136 1590 2211 1645 illi
2248 1593 2337 1662 qui
2367 1596 2477 1661 jam
2512 1611 2572 1651 re
2602 1597 2714 1667 ipsa
2748 1597 2891 1654 beati
2924 1609 3077 1666 sunt;
3106 1602 3201 1657 sed
3242 1612 3418 1660 tamen
3460 1610 3709 1666 meliores

2134 1696 2292 1751 quam
2331 1683 2405 1739 illi
2439 1685 2526 1755 qui
2562 1701 2663 1741 nec
2694 1702 2754 1742 re
2790 1704 2888 1744 nec
2920 1705 3017 1759 spe
3054 1690 3195 1747 beati
3231 1704 3370 1748 sunt.
3402 1696 3498 1763 Qui
3529 1706 3708 1754 tamen

2135 1773 2292 1826 etiam
2322 1772 2420 1842 ipsi
2445 1775 2542 1830 nisi
2564 1776 2739 1847 aliquo
2764 1778 2921 1835 modo
2947 1779 3203 1837 haberent
3220 1797 3356 1850 eam,
3383 1800 3488 1840 non
3509 1787 3577 1841 ita
3599 1789 3707 1843 vel-

2136 1862 2247 1917 lent
2268 1864 2405 1919 beati
2425 1880 2563 1933 esse,
2585 1868 2728 1937 quod
2750 1884 2843 1925 eos
2861 1870 2999 1926 velle
3020 1874 3373 1929 certissimum
3393 1885 3492 1931 est.
3517 1877 3708 1935 Nescio

2132 1954 2399 2021 quomodo
2416 1966 2676 2012 noverunt
2695 1973 2835 2026 eam,
2859 1960 3082 2031 ideoque
3100 1962 3297 2019 habent
3317 1980 3433 2021 eam
3452 1968 3506 2022 in
3526 1971 3707 2024 nescio

2132 2056 2234 2109 qua
2262 2044 2444 2098 notitia
2460 2087 2476 2113 ,
2498 2045 2566 2101 de
2585 2062 2686 2117 qua
2707 2057 2888 2120 satago
2908 2060 3084 2106 utrum
3105 2053 3156 2108 in
3178 2057 3433 2112 memoria
3454 2059 3522 2113 sit
3543 2075 3557 2112 :
3580 2061 3705 2130 quia

2131 2131 2175 2185 si
2198 2132 2266 2187 ibi
2291 2144 2391 2200 est,
2411 2135 2521 2204 jam
2543 2137 2680 2192 beati
2701 2139 2893 2195 fuimus
2917 2142 3228 2213 aliquando;
3260 2155 3436 2202 utrum
3463 2150 3705 2220 singilla-

2133 2222 2223 2274 tim
2254 2238 2458 2291 omnes,
2489 2241 2555 2280 an
2583 2227 2634 2281 in
2660 2228 2752 2284 illo
2776 2229 2993 2288 homine
3018 2234 3109 2303 qui
3135 2235 3335 2304 primus
3364 2241 3619 2308 peccavit,
3648 2243 3705 2297 in

2129 2329 2235 2384 quo
2270 2324 2325 2371 et
2359 2333 2545 2374 omnes
2580 2321 2774 2377 mortui
2811 2337 2995 2380 sumus
3015 2365 3031 2390 ,
3056 2334 3112 2381 et
3142 2326 3207 2382 de
3242 2345 3348 2399 quo
3374 2346 3557 2388 omnes
3580 2348 3703 2389 cum

2130 2404 2341 2461 miseria
2388 2409 2499 2464 nati
2541 2425 2764 2480 sumus,
2812 2429 2917 2469 non
2957 2430 3139 2486 qumro
3177 2434 3349 2486 nunc;
3389 2421 3484 2477 sed
3522 2439 3705 2494 quaaro

2128 2505 2302 2552 utrum
2328 2500 2379 2553 in
2407 2502 2658 2557 memoria
2685 2504 2754 2558 sit
2782 2504 2932 2560 beata
2960 2507 3087 2561 vita.
3115 2507 3298 2579 Neque
3325 2512 3467 2566 enim
3492 2527 3701 2569 amare-

2127 2602 2247 2642 mus
2269 2603 2387 2644 eam
2417 2591 2517 2645 nisi
2549 2608 2843 2649 nossemus.
2870 2595 3127 2652 Audimus
3157 2614 3350 2655 nomen
3371 2601 3492 2668 hoc,
3515 2611 3569 2658 et
3590 2621 3701 2659 rem

2126 2678 2294 2747 ipsam
2331 2696 2514 2736 omnes
2556 2699 2654 2738 nos
2694 2694 2943 2755 appetere
2978 2685 3236 2755 fatemur;
3265 2705 3366 2744 non
3397 2693 3538 2746 enim
3568 2708 3705 2749 sono

2126 2770 2473 2827 delectamur.
2510 2774 2639 2829 Nam
2678 2776 2780 2831 hoc
2804 2794 2923 2833 cum
2954 2778 3115 2833 latine
3141 2780 3289 2835 audit
3313 2781 3562 2850 Graecus,
3596 2801 3701 2840 non

2127 2862 2440 2932 delectatur,
2479 2867 2600 2936 quia
2640 2868 2846 2938 ignorat
2878 2870 3001 2939 quid
3038 2871 3233 2926 dictum
3268 2873 3368 2937 sit;
3398 2889 3495 2927 nos
3524 2885 3701 2932 autem

2126 2951 2470 3019 delectamur,
2512 2955 2651 3011 sicut
2688 2958 2846 3012 etiam
2888 2959 2974 3015 ille
3015 2960 3059 3015 si
3085 2977 3254 3031 grzece
3295 2962 3396 3018 hoc
3432 2964 3698 3020 audierit:

2125 3047 2373 3115 quoniam
2403 3063 2489 3102 res
2518 3049 2629 3118 ipsa
2661 3064 2759 3104 nec
2784 3066 2953 3120 grmca
2982 3067 3080 3107 nec
3110 3054 3267 3107 latina
3291 3064 3392 3119 est,
3421 3056 3505 3109 cui
3532 3055 3699 3125 adipi-

2124 3136 2336 3191 scenda:
2375 3137 2544 3193 Graeci
2583 3138 2858 3210 Latinique
2888 3143 3121 3208 inhiant,
3149 3154 3563 3217 ceterarumque
3597 3150 3697 3201 lin-

2124 3242 2342 3297 guarum
2382 3227 2643 3284 homines.
2675 3231 2807 3285 Nota
2837 3240 2921 3287 cst
2951 3233 3111 3304 igitur
3146 3237 3425 3304 omnibus,
3462 3238 3551 3307 qui
3594 3255 3697 3294 una

2126 3332 2257 3373 voce
2282 3317 2328 3373 si
2354 3319 2666 3390 interrogari
2695 3332 2940 3391 possent,
2970 3333 3144 3379 utrum
3173 3326 3308 3381 beati
3334 3343 3454 3383 esse
3477 3331 3694 3397 vellent,

2122 3407 2238 3463 sine
2264 3408 2370 3463 ulla
2399 3408 2757 3479 dubitatione,
2794 3412 2929 3469 velle
2966 3415 3364 3484 responderent.
3400 3417 3550 3485 Quod
3589 3434 3694 3474 non

2123 3497 2303 3565 ﬁeret,
2333 3500 2433 3553 nisi
2462 3516 2550 3556 res
2577 3502 2688 3571 ipsa
2717 3502 2870 3572 cujus
2897 3503 2997 3559 hoc
3021 3521 3211 3561 nomen
3239 3517 3340 3575 est,
3370 3524 3553 3565 eorum
3577 3526 3694 3567 me-

2121 3590 2287 3645 moria
2316 3598 2601 3648 teneretur.

2701 3688 2926 3746 CAPUT
2962 3690 3105 3749 XXI.

2323 3774 2585 3841 Quomodo
2606 3781 2847 3833 memoria
2871 3781 3065 3835 beatam
3088 3783 3240 3837 vitam
3260 3786 3497 3842 continet.

2190 3864 2278 3920 '50.
2308 3865 2570 3936 Numquid
2596 3869 2665 3923 ita
2688 3879 2744 3923 ut
2769 3871 3005 3927 meminit
3027 3870 3394 3945 Carthaginem
3414 3878 3501 3948 qui
3524 3877 3693 3937 vidit?

2118 3951 2272 4009 Non:
2301 3956 2405 4010 vita
2443 3957 2586 4012 enim
2624 3958 2776 4015 beata
2818 3976 2921 4015 non
2962 3962 3170 4018 videtur
3202 3965 3396 4033 oculis,
3426 3968 3547 4037 quia
3582 3984 3687 4025 non

2118 4052 2201 4098 est
2218 4059 2429 4113 corpus.
2448 4045 2712 4117 Numquid
2734 4049 2867 4103 sicut
2886 4051 3222 4107 meminimus
3241 4055 3649 4111 numeros?Non
3668 4074 3684 4111 :

2119 4130 2218 4186 hos
2264 4134 2405 4189 enim
2444 4136 2533 4205 qui
2582 4136 2740 4193 habet
2779 4138 2833 4192 in
2880 4140 3095 4207 notitia,
3140 4155 3243 4195 non
3287 4143 3461 4199 adhuc
3499 4147 3689 4215 quaerit

2117 4224 2372 4294 adipisci;
2395 4226 2555 4281 vitam
2576 4242 2701 4283 vero
2721 4228 2928 4284 beatam
2953 4230 3208 4286 habemus
3234 4233 3285 4287 in
3311 4234 3512 4299 notitia,
3540 4236 3689 4292 ideo-

2117 4328 2221 4383 que
2244 4329 2482 4370 amamus
2505 4332 2644 4384 eam,
2673 4327 2726 4373 et
2754 4324 2928 4374 tamen
2956 4320 3129 4377 adhuc
3150 4321 3370 4392 adipisci
3394 4339 3510 4379 eam
3536 4325 3687 4379 volu-

2118 4419 2239 4459 mus
2274 4414 2330 4459 ut
2357 4406 2493 4461 beati
2533 4409 2718 4463 simus.
2757 4409 3021 4481 Numquid
3048 4412 3185 4467 sicut
3206 4416 3542 4471 meminimus
3569 4418 3684 4472 elo-

2115 4497 2422 4566 quentiam?
2454 4499 2569 4554 Non
2602 4516 2618 4553 :
2658 4502 2903 4570 quamvis
2939 4504 3081 4559 enim
3118 4503 3220 4559 hoc
3257 4507 3470 4563 nomine
3505 4507 3685 4564 audito

2115 4588 2459 4643 recordentur
2496 4590 2659 4658 ipsam
2703 4608 2815 4646 rem
2851 4593 2942 4662 qui
2970 4595 3131 4649 etiam
3156 4597 3389 4653 nondum
3418 4608 3542 4654 sunt
3566 4601 3683 4655 elo-

2114 4687 2370 4747 quentes,
2412 4680 2668 4750 multique
2707 4697 2825 4737 esse
2861 4684 3092 4753 cupiant,
3132 4686 3273 4743 unde
3309 4698 3532 4759 apparet
3565 4706 3682 4747 eam

2113 4782 2233 4824 esse
2273 4769 2325 4822 in
2371 4784 2554 4824 eorum
2598 4771 2812 4837 notitia;
2861 4781 3037 4828 tamen
3085 4790 3181 4845 per
3218 4778 3457 4848 corporis
3496 4795 3683 4837 sensus

2112 4860 2245 4915 alios
2271 4860 2579 4931 eloquentes
2605 4863 3088 4921 animadverterunt
3118 4876 3174 4923 et
3200 4868 3450 4925 delectati
3478 4880 3599 4926 sunt
3627 4884 3681 4928 et

2112 4950 2214 5007 hoc
2240 4966 2361 5008 esse
2386 4951 2690 5009 desiderant
2716 4951 3049 5026 (quanquam
3078 4958 3175 5012 nisi
3205 4974 3271 5013 ex
3303 4960 3554 5017 interiore
3581 4978 3676 5018 no~

2114 5044 2227 5099 titia
2249 5045 2267 5076 ¹
2296 5060 2402 5101 non
2428 5045 2819 5103 delectarentur
2836 5088 2851 5112 ,
2881 5064 3053 5119 neque
3081 5049 3183 5104 hoc
3206 5053 3681 5110 esse‘vellent’nisi

2111 5135 2568 5205 delectarentur):
2601 5137 2808 5192 beatam
2845 5153 2972 5193 vero
2999 5139 3161 5194 vitam
3187 5141 3337 5196 nullo
3367 5157 3525 5197 sensu
3557 5158 3677 5197 cor-

2109 5226 2257 5296 poris
2284 5226 2335 5279 in
2366 5227 2483 5280 aliis
2512 5228 2833 5296 experimur.
2872 5228 3137 5300 Numquid
3172 5230 3309 5285 sicut
3344 5233 3679 5288 meminimus

2107 5317 2394 5387 gaudium?
2436 5318 2681 5374 Fortasse
2723 5319 2814 5374 ita.
2851 5319 2984 5374 Nam
3021 5320 3266 5391 gaudium
3302 5338 3480 5377 meum
3517 5323 3677 5377 etiam

2110 5408 2275 5463 tristis
2298 5408 2536 5476 memini,
2567 5410 2703 5465 sicut
2726 5410 2886 5464 vitam
2913 5411 3121 5467 beatam
3150 5411 3352 5466 miser:
3380 5428 3549 5482 neque
3572 5428 3674 5467 un-

2108 5514 2265 5568 quam
2288 5501 2526 5571 corporis
2553 5515 2712 5557 sensu
2733 5501 2979 5571 gaudium
3006 5516 3183 5558 meum
3210 5503 3296 5558 vel
3318 5502 3445 5570 vidi,
3473 5503 3553 5558 vel
3579 5517 3674 5557 au-

2106 5616 2277 5730 ”:
2293 5624 2392 5667 Am.
2417 5626 2525 5668 Arn.
2549 5626 2600 5671 et
2615 5626 2717 5670 Mss.
2734 5632 2747 5681 ;
2765 5626 2814 5671 at
2830 5625 2903 5669 Er.
2939 5626 2991 5669 et
3020 5624 3131 5670 ιον.
3149 5606 3419 5681 habenae:
3434 5616 3673 5670 exteriora

2219 5693 2247 5730 ιι
2269 5714 2283 5728 .

2219 5693 2283 5731 ια.
