4078 6366
342 375 488 442 divi,
524 374 609 431 vel
648 374 899 431 odoratus
937 390 1053 430 sum
1077 416 1091 444 ,
1122 374 1205 431 vel
1232 375 1469 445 gustavi,
1504 376 1587 437 vel
1618 375 1791 444 tetigi;
1822 375 1917 431 sed

342 474 594 533 expertus
620 478 738 519 sum
768 465 820 518 in
850 464 1028 519 animo
1055 479 1176 520 meo
1203 464 1413 535 quando
1448 465 1654 519 Izetatns
1680 479 1796 518 sum
1821 507 1836 531 ,
1863 477 1919 520 et

341 554 568 609 adbzesit
600 554 715 624 ejus
757 555 943 609 notitia
980 555 1251 610 memoriae
1288 570 1453 621 mete,
1486 566 1543 610 ut
1568 555 1620 610 id
1649 555 1916 610 reminisci

341 646 548 700 valeam
586 645 868 715 aliquando
896 659 1017 700 cum
1046 646 1449 715 aspernatione.
1480 645 1764 716 aliquando
1792 660 1914 701 cum

340 734 630 800 desiderio,
654 748 751 804 pro
777 750 958 790 earum
987 750 1162 789 rerum
1187 734 1489 790 diversitate
1517 736 1582 789 de
1612 737 1802 805 quibus
1829 750 1914 789 me

337 826 577 895 gat‘isum
619 839 739 879 esse
784 825 1020 880 memini.
1070 825 1200 878 Nam
1242 833 1295 879 et
1335 825 1404 881 de
1448 827 1683 895 turpibus
1724 824 1914 896 gaudio

335 916 569 985 quodam
601 916 845 986 perfusus
872 931 1011 983 sum,
1038 916 1176 986 quod
1204 932 1345 971 nunc
1368 916 1651 971 recordans
1678 916 1915 972 detestor

337 1015 499 1077 atque
524 1021 805 1073 exsecror;
834 1008 1114 1077 aliquando
1140 1008 1207 1062 de
1235 1009 1388 1063 bonis
1412 1018 1464 1063 et
1488 1009 1742 1075 honestis,
1772 1008 1913 1077 quod

336 1095 647 1152 desiderans
685 1096 863 1153 recolo
882 1137 897 1163 ,
930 1106 1137 1153 tametsr
1166 1097 1302 1153 forte
1329 1114 1433 1152 non
1464 1097 1685 1163 adsunt,
1716 1107 1770 1152 et
1795 1098 1913 1152 ideo

337 1187 506 1241 tristis
526 1186 774 1256 gaudium
800 1188 1079 1256 pristinum
1106 1188 1302 1242 recolo.

410 1278 501 1332 51.
530 1276 629 1333 Ubi
655 1292 782 1347 ergo
808 1285 862 1331 et
891 1276 1098 1347 quando
1130 1286 1375 1347 expertus
1400 1292 1516 1332 sum
1549 1278 1707 1331 vitam
1740 1292 1909 1331 meam

335 1367 546 1423 beatam
573 1376 629 1421 ut
652 1366 900 1421 recorder
926 1382 1064 1433 eam,
1096 1376 1148 1421 et
1166 1382 1340 1421 amem
1367 1376 1420 1421 et
1446 1366 1779 1422 desiderem?
1806 1366 1910 1421 Nec

336 1473 438 1528 ego
459 1466 682 1525 tantum,
705 1467 795 1513 aut
820 1473 939 1512 cum
966 1459 1168 1529 paucis,
1200 1459 1293 1513 sed
1318 1459 1456 1514 beati
1486 1475 1703 1529 prorsus
1725 1474 1909 1513 omnes

334 1562 457 1604 esse
484 1548 748 1603 volumus.
774 1548 925 1616 Quod
956 1549 1055 1602 nisi
1084 1557 1228 1603 certa
1253 1550 1436 1604 notitia
1466 1565 1771 1614 nossemus,
1804 1566 1907 1603 non

338 1650 446 1702 tam
475 1646 621 1694 certa
656 1639 923 1694 voluntate
948 1639 1224 1694 vellemus.
1250 1639 1353 1695 Sed
1388 1641 1509 1709 quid
1539 1652 1619 1697 est
1647 1642 1745 1695 huc
1768 1644 1907 1711 quod

334 1732 380 1785 si
421 1742 691 1802 quaeratur
727 1746 758 1784 a
795 1730 1032 1799 duobus,
1076 1741 1251 1785 utrum
1295 1732 1520 1788 militare
1558 1735 1750 1799 velint,
1795 1737 1906 1790 tieri

335 1831 518 1892 posset
538 1821 558 1853 ί
587 1830 644 1877 ut
667 1822 800 1877 alter
822 1837 1011 1878 eorum
1054 1824 1188 1878 velle
1225 1838 1315 1889 se,
1347 1826 1479 1880 alter
1512 1827 1650 1881 nolle
1685 1844 1904 1898 respon-

331 1914 459 1968 deat
493 1930 509 1967 :
547 1913 592 1968 si
630 1921 805 1968 autem
843 1914 911 1969 ab
948 1915 1027 1969 eis
1061 1923 1577 1985 quaeratur,‘utrum
1614 1918 1751 1973 beati
1791 1936 1907 1976 esse

333 2005 516 2070 velint,
549 2003 661 2058 ﬁeri
687 2004 853 2073 possit
878 2013 935 2059 ut
956 2006 975 2036 ³
1008 2013 1232 2075 uterque
1258 2009 1432 2060 statim
1460 2024 1518 2062 se
1544 2010 1658 2064 sine
1681 2012 1781 2064 ulla
1812 2013 1907 2065 du-

333 2094 589 2148 bitatione
615 2093 757 2147 dicat
779 2102 996 2163 optare;
1024 2110 1121 2149 nec
1142 2096 1210 2150 ob
1229 2096 1371 2151 aliud
1395 2099 1517 2153 velit
1540 2098 1630 2154 ille
1658 2102 1902 2169 militare,

333 2199 437 2240 nec
461 2184 532 2239 ob
555 2185 699 2239 aliud
723 2186 821 2241 iste
846 2188 996 2253 nolit,
1029 2188 1129 2241 nisi
1156 2196 1213 2241 ut
1237 2187 1374 2243 beati
1401 2190 1545 2245 sint?
1568 2192 1699 2246 Nam
1721 2194 1741 2225 ³
1770 2194 1907 2251 forte

330 2273 579 2342 quoniam
614 2274 749 2328 alius
781 2274 937 2342 hinc,
966 2276 1100 2330 alius
1128 2275 1251 2330 inde
1284 2279 1506 2349 gaudet;
1543 2281 1613 2335 ita
1639 2298 1697 2337 se
1722 2299 1906 2340 omnes

332 2364 521 2416 beatos
540 2376 663 2418 esse
683 2363 821 2418 velle
838 2375 1153 2433 consonant,
1182 2369 1623 2437 quemadmodum
1650 2386 1909 2426 c0nsnna-

333 2460 486 2519 rent,
516 2452 561 2506 si
584 2450 687 2507 hoc
714 2454 1193 2525 interrogarentur,
1223 2472 1283 2512 se
1309 2459 1445 2513 velle
1470 2461 1720 2530 gaudere,
1749 2474 1907 2533 atque

330 2541 507 2610 ipsum
539 2542 787 2612 gaudium
811 2545 969 2598 vitam
1000 2546 1207 2600 beatam
1236 2558 1439 2603 vocant.
1469 2550 1618 2617 Quod
1648 2553 1746 2606 etsi
1775 2554 1907 2609 alius

336 2632 483 2696 hinc,
505 2631 640 2687 alius
664 2633 808 2688 illinc
832 2637 1148 2705 assequitur,
1174 2654 1332 2692 unum
1358 2649 1439 2694 est
1466 2651 1637 2695 tamen
1661 2659 1763 2711 quo
1784 2660 1906 2713 per-

336 2724 519 2779 venire
545 2740 729 2781 omnes
752 2728 990 2783 nituntur
1016 2740 1073 2784 ut
1100 2732 1379 2801 gaudeant.
1402 2732 1530 2800 Quae
1552 2736 1797 2802 quoniam
1822 2752 1907 2793 res

341 2824 427 2869 est
453 2831 612 2885 quam
639 2830 699 2871 se
726 2830 999 2887 expertum
1029 2836 1134 2875 non
1164 2837 1283 2877 esse
1311 2840 1467 2878 nemo
1498 2835 1669 2893 potest
1697 2827 1872 2882 dicere
1891 2871 1906 2896 ,

340 2915 620 2975 pr0pterea
649 2917 859 2978 reperta
882 2911 937 2965 in
968 2915 1220 2968 memoria
1251 2919 1668 2985 recognoscitur,
1699 2921 1909 2990 quando

330 2996 503 3053 beata:
528 2999 648 3055 vitae
674 3015 868 3057 nomen
897 3003 1127 3075 auditur.

903 3116 1124 3173 CAPUT
1165 3119 1327 3174 XXII.

770 3184 929 3240 Beata
964 3190 1063 3241 vita
1099 3205 1243 3258 quce,
1284 3200 1329 3244 et
1368 3190 1467 3245 ubi.

409 3271 499 3331 '52.
528 3272 701 3343 Absit,
728 3275 970 3344 Domine,
998 3279 1135 3333 absit
1159 3296 1188 3333 a
1213 3280 1374 3335 corde
1396 3282 1535 3336 servi
1563 3282 1655 3348 tui,
1682 3284 1770 3353 qui
1790 3299 1913 3339 cono

338 3366 517 3420 ﬁtetur
565 3367 692 3434 tibi;
736 3368 873 3424 absit
915 3377 973 3425 ut
1014 3386 1344 3442 quocumque
1383 3375 1573 3444 gaudio
1612 3377 1905 3446 gaudeam,

333 3456 552 3512 beatum
577 3474 664 3514 me
687 3469 887 3529 putem.
910 3462 1005 3517 Est
1022 3464 1162 3519 enim
1190 3466 1434 3534 gaudium
1461 3468 1599 3536 quod
1626 3483 1728 3522 non
1756 3470 1909 3525 datur

337 3547 511 3617 impiis
536 3547 696 3621 (Isai.
722 3566 914 3619 nvm,
940 3552 1062 3624 22),
1096 3554 1192 3609 sed
1218 3556 1294 3609 eis
1321 3557 1408 3625 qui
1434 3566 1481 3611 te
1510 3559 1673 3627 gratis
1697 3560 1905 3627 colunt,

332 3652 559 3707 quorum
605 3641 854 3710 gaudium
895 3652 949 3698 tu
987 3645 1101 3715 ipse
1130 3661 1207 3701 es.
1245 3646 1314 3701 Et
1340 3649 1451 3716 ipsa
1491 3658 1572 3703 est
1608 3649 1761 3705 beata
1803 3653 1908 3708 vita

338 3730 566 3798 gaudere
591 3731 657 3786 ad
683 3742 763 3799 te,
792 3734 859 3789 de
885 3744 967 3802 te,
996 3744 1210 3805 propter
1235 3745 1320 3804 te;
1350 3738 1462 3807 ipsa
1490 3748 1589 3803 est,
1615 3749 1668 3795 et
1695 3758 1798 3797 non
1827 3752 1911 3799 est

332 3821 527 3875 altera.
559 3824 658 3888 Qui
688 3834 864 3879 autem
890 3826 1046 3880 aliam
1078 3836 1261 3897 putant
1287 3843 1439 3895 esse,
1470 3830 1611 3884 aliud
1640 3842 1911 3888 sectantur

330 3913 605 3980 gaudium,
631 3930 803 3986 neque
831 3917 1001 3986 ipsum
1028 3933 1234 3973 verum.
1264 3919 1345 3974 Ab
1364 3920 1535 3989 aliqua
1566 3930 1742 3977 tamen
1772 3924 1907 3977 ima-

335 4003 460 4072 gine
483 4004 662 4073 gaudii
685 4006 927 4061 voluntas
952 4024 1138 4064 eorum
1163 4025 1269 4065 non
1293 4012 1566 4067 avertitur.

892 4119 1115 4177 CAPUT
1164 4122 1353 4178 XXIII.

502 4184 636 4239 Item
665 4194 979 4259 prosequitur
1006 4209 1116 4261 qua!
1143 4196 1205 4246 sit
1231 4195 1372 4248 beata
1401 4196 1500 4249 vita
1518 4237 1533 4264 ,
1561 4205 1610 4252 et
1637 4198 1740 4253 ubi.

402 4277 494 4331 35.
534 4278 651 4333 Non
693 4296 821 4351 ergo
859 4292 1061 4338 certum
1100 4296 1182 4339 est
1216 4286 1357 4356 quod
1395 4303 1582 4343 omnes
1614 4304 1734 4346 esse
1766 4290 1908 4346 beati

326 4366 555 4434 volunt,
585 4372 831 4439 quoniam
861 4374 949 4442 qui
986 4390 1091 4428 non
1116 4374 1184 4430 (le
1213 4384 1264 4431 te
1290 4377 1521 4447 gaudere
1546 4380 1760 4449 volunt,
1789 4397 1907 4453 qua:

330 4457 447 4512 sola
478 4458 583 4513 vita
615 4459 766 4515 beata
796 4471 910 4529 est,
939 4480 1043 4518 non
1076 4466 1254 4536 utique
1281 4468 1439 4522 vitam
1468 4469 1675 4525 beatam
1703 4473 1903 4528 volunt.

327 4548 411 4601 An
445 4562 631 4604 omnes
659 4553 757 4606 hoc
785 4553 1001 4608 volunt?
1026 4554 1131 4610 Sed
1160 4559 1406 4626 quoniam
1432 4575 1557 4616 caro
1585 4565 1907 4634 concupiscit

328 4638 593 4694 adversus
635 4642 912 4711 spiritum,
952 4653 1008 4699 et
1047 4647 1263 4716 spiritus
1300 4649 1555 4707 adversus
1596 4668 1810 4709 carnem
1849 4665 1908 4712 ut

328 4742 437 4783 non
468 4728 664 4785 faciant
689 4734 829 4803 quod
867 4735 1048 4790 volunt
1075 4736 1278 4809 (Galat.
1308 4756 1361 4805 v,
1393 4741 1519 4813 l7),
1550 4744 1744 4800 cadunt
1771 4745 1822 4799 in
1855 4747 1906 4801 id

330 4820 476 4889 quod
497 4822 695 4888 valent,
716 4839 886 4893 eoque
911 4828 1146 4881 contenti
1174 4839 1323 4896 sunt;
1347 4833 1467 4902 quia
1490 4833 1615 4889 illud
1637 4836 1777 4905 quod
1800 4853 1903 4893 non

324 4910 527 4976 Valent,
550 4927 654 4965 non
678 4921 879 4967 tantum
901 4916 1101 4982 volunt,
1125 4928 1375 4987 quantum
1397 4930 1478 4976 sat
1499 4931 1579 4977 est
1599 4934 1655 4978 ut
1676 4926 1902 4982 valeant.

322 5000 460 5055 Nam
504 5019 685 5072 quaero
726 5007 793 5060 ab
840 5009 1084 5065 onmibus
1133 5021 1304 5067 utrum
1354 5016 1538 5069 malint
1579 5016 1646 5071 de
1686 5019 1906 5075 veritate

320 5107 487 5162 quam
517 5095 585 5149 de
614 5094 838 5152 falsitate
868 5099 1097 5168 gaudere
1124 5120 1136 5157 :
1170 5111 1273 5157 tam
1305 5120 1409 5159 non
1449 5107 1691 5163 dubitant
1727 5110 1905 5168 dicere

321 5186 395 5240 de
415 5188 641 5242 veritate
660 5203 718 5244 se
738 5191 918 5258 malle,
943 5208 1101 5262 quam
1129 5209 1231 5249 non
1256 5196 1499 5252 dubitant
1520 5199 1698 5255 dicere
1720 5202 1905 5258 beatos

319 5290 445 5330 esse
488 5290 548 5331 se
593 5278 749 5334 velle.
803 5280 963 5335 Beata
1014 5284 1210 5354 quippe
1259 5287 1364 5341 vita
1412 5297 1495 5343 est
1540 5291 1788 5358 gaudium
1837 5294 1905 5351 de

322 5366 574 5422 veritate.
606 5368 717 5424 Hoc
743 5380 827 5425 est
856 5373 997 5427 enim
1029 5376 1275 5443 gaudium
1310 5378 1374 5432 de
1409 5387 1459 5433 te
1491 5381 1582 5451 qui
1620 5384 1815 5439 veritas
1844 5400 1905 5441 es

388 5483 407 5558 ξ
622 5490 750 5558 atart.
764 5486 890 5558 _t"lor.
913 5496 964 5558 et
980 5490 1122 5558 haud:
1144 5489 1313 5551 legunt
1327 5493 1437 5558 ﬁeri
1451 5498 1610 5558 possit.
1632 5506 1689 5549 Μ.

689 5552 807 5595 Dub.
834 5556 959 5599 azart.
997 5553 1138 5601 ltond.
1170 5544 1277 5603 υἷιιιι
1298 5544 1349 5606 II
1367 5544 1763 5615 'i:$§."bixitiiimt
1795 5564 1905 5630 ﬁeri

320 5617 467 5665 passu
486 5617 555 5656 ut.
578 5617 630 5653 Μ.

388 5668 407 5698 ³
426 5675 499 5717 rr.
524 5668 669 5733 Lugd.
692 5669 808 5720 Dub.
835 5677 961 5721 Mart.
983 5673 1123 5724 ttond.
1146 5688 1252 5728 cum
1275 5680 1321 5729 ll
1348 5688 1472 5746 3:55.,
1493 5696 1623 5736 num.
1645 5693 1699 5735 Μ.

1699 264 1901 319 LIBER
1942 262 2250 319 UECDJUS.

3491 281 3591 343 795

2023 373 2198 445 (Joan.
2246 392 2357 443 xiv,
2400 377 2487 450 6),
2534 379 2674 437 Deus
2718 382 3029 441 illuminatio
3070 401 3207 455 mea,
3256 390 3396 446 salus
3439 392 3591 451 faciei

2021 477 2154 518 mea:
2180 463 2348 536 (Psal.
2373 483 2530 534 xxvr,
2557 469 2631 540 l),
2660 470 2800 526 Deus
2830 488 2999 531 meus.
3028 476 3175 532 Hane
3201 479 3360 533 vitam
3383 481 3591 541 beatam

2020 564 2207 607 omnes
2233 555 2446 623 volunt,
2477 557 2614 613 hanc
2640 560 2803 614 vitam
2834 577 2952 632 qua:
2980 565 3090 619 sola
3117 565 3271 622 beata
3298 578 3380 625 est
3404 585 3592 629 omnes

2018 640 2234 708 volunt,
2272 645 2518 725 gaudium
2555 648 2622 704 de
2656 651 2879 707 veritate
2921 668 3106 710 onmes
3150 658 3354 714 volunt.
3397 660 3591 718 Multos

2019 741 2269 800 expertus
2293 750 2407 789 sum
2435 738 2525 808 qui
2549 741 2744 795 vellent
2768 741 2981 810 fallere;
3008 746 3095 815 qui
3124 757 3300 804 autem
3324 749 3455 820 falli,
3487 768 3586 809 ne-

2018 821 2233 875 minem.
2266 824 2363 879 Ubi
2392 842 2517 898 ergo
2546 842 2804 886 noverunt
2839 834 2976 890 hanc
3014 838 3172 892 vitam
3212 840 3451 910 beatam,
3484 846 3587 902 nisi

2018 910 2105 963 ubi
2133 925 2387 968 noverunt
2416 919 2574 971 etiam
2603 922 2917 977 veritatem?
2939 926 3131 982 Amant
3156 930 3295 984 enim
3317 941 3371 986 et
3394 933 3584 1002 ipsam,

2017 1000 2139 1066 quia
2170 1001 2277 1055 falli
2304 1005 2508 1058 nolunt.
2537 1007 2603 1061 Et
2632 1024 2751 1062 cum
2789 1022 2966 1066 amant
3002 1014 3207 1072 beatam
3245 1000 3585 1093 vitam—quod

2016 1102 2123 1142 non
2148 1099 2229 1145 est
2252 1092 2394 1147 aliud
2421 1112 2574 1164 quam
2597 1098 2662 1153 de
2682 1100 2903 1156 veritate
2919 1105 3184 1173 gaudium,
3210 1110 3387 1180 utique
3406 1092 3587 1169 amant

2014 1184 2171 1233 etiam
2197 1184 2471 1239 veritatem
2492 1228 2505 1249 ,
2530 1203 2629 1242 nec
2648 1201 2886 1246 amarent
2911 1195 3012 1248 nisi
3035 1207 3174 1252 esset
3200 1199 3375 1269 aliqua
3397 1203 3583 1258 notitia

2012 1269 2128 1338 ejus
2148 1272 2197 1323 in
2220 1277 2472 1331 memoria
2486 1292 2698 1333 eorum.
2725 1281 2834 1337 Cur
2852 1299 2979 1354 ergo
3000 1302 3103 1341 non
3124 1288 3191 1343 de
3212 1291 3295 1344 illa
3315 1292 3582 1362 gaudent?

2013 1375 2110 1415 cur
2133 1378 2238 1417 non
2266 1365 2405 1421 beati
2433 1370 2593 1423 sunt?
2627 1370 2757 1437 Quia
2792 1374 2978 1430 fortius
3015 1391 3338 1451 occupantur
3376 1384 3428 1438 in
3461 1386 3582 1441 aliis

2011 1466 2130 1521 quae
2167 1457 2341 1524 potius
2374 1472 2468 1513 eos
2502 1458 2698 1517 faciunt
2740 1465 2996 1535 miseros,
3037 1484 3195 1539 quam
3233 1473 3360 1528 illud
3396 1474 3580 1532 beatos

2010 1543 2153 1610 quod
2208 1547 2432 1601 tenuiter
2475 1551 2846 1607 meminerunt.
2894 1555 3082 1613 Adhuc
3127 1561 3267 1617 enim
3312 1565 3579 1621 modicum

2012 1631 2190 1687 lumen
2215 1644 2295 1689 est
2315 1636 2367 1690 in
2393 1636 2725 1707 hominibus;
2758 1644 3045 1715 ambulent,
3068 1651 3363 1721 ambulent,
3391 1670 3458 1711 ne
3484 1670 3579 1712 eos

2013 1724 2242 1779 tenebrae
2266 1728 2718 1797 comprehendant
2743 1732 2918 1802 (Joan.
2947 1752 3051 1803 xu,
3078 1739 3190 1810 55).

2079 1814 2168 1868 54.
2199 1815 2303 1869 Cur
2330 1829 2505 1873 autem
2536 1822 2729 1876 veritas
2759 1825 2893 1893 parit
2918 1826 3127 1895 odium,
3156 1840 3209 1885 et
3234 1832 3477 1890 inimicus
3500 1837 3578 1893 eis

2008 1900 2179 1957 factus
2206 1915 2288 1960 est
2317 1906 2474 1961 homo
2501 1916 2621 1964 tuus
2651 1927 2831 1967 verum
2870 1915 3194 1987 praedicans,
3225 1936 3345 1977 eum
3370 1937 3579 1986 ametur

2010 1992 2162 2047 beata
2191 1995 2315 2062 vita,
2334 2012 2452 2065 qum
2478 2015 2583 2053 non
2605 2010 2685 2055 est
2711 2002 2809 2057 nisi
2829 2006 3076 2074 gaudium
3103 2008 3171 2063 de
3196 2012 3414 2069 veritate
3437 2033 3449 2069 :
3472 2020 3576 2073 nisi

2007 2085 2129 2153 quia
2165 2086 2242 2142 sic
2274 2099 2481 2145 amatur
2511 2094 2728 2160 veritas,
2764 2106 2821 2150 ut
2852 2101 3166 2171 quicumque
3196 2104 3337 2161 aliud
3374 2120 3574 2181 amant,

2008 2174 2111 2229 hoc
2142 2178 2281 2246 quod
2324 2190 2505 2236 amant
2544 2185 2708 2239 velint
2744 2202 2861 2242 esse
2903 2192 3208 2259 veritatem;
3238 2206 3292 2250 et
3321 2199 3443 2267 quia
3469 2174 3578 2255 falli

2008 2268 2224 2335 nolunt,
2271 2272 2451 2327 nolunt
2487 2277 2727 2332 convinci
2762 2279 2901 2348 quod
2930 2281 3046 2335 falsi
3074 2284 3221 2339 sint?
3245 2286 3423 2359 Itaque
3451 2306 3576 2360 pro-

2009 2366 2126 2425 pter
2148 2375 2265 2415 eam
2302 2377 2415 2417 rem
2441 2367 2666 2421 oderunt
2694 2370 3001 2438 veritatem,
3038 2389 3193 2443 quam
3228 2393 3325 2447 pro
3360 2383 3577 2437 veritate

2007 2458 2205 2502 amant.
2244 2451 2438 2507 Amant
2480 2469 2596 2509 eam
2641 2458 2937 2528 lucentem,
2977 2463 3201 2520 oderunt
3237 2482 3356 2522 eam
3393 2470 3576 2526 redar-

2008 2550 2275 2608 guentem.
2316 2542 2447 2610 Quia
2492 2547 2632 2600 enim
2671 2547 2781 2603 falli
2826 2552 3010 2607 nolunt
3046 2564 3100 2608 et
3138 2555 3323 2613 fallere
3359 2562 3575 2631 volunt,

2009 2638 2189 2682 amant
2213 2646 2330 2685 eam
2360 2648 2479 2687 cum
2506 2650 2563 2690 se
2591 2637 2702 2705 ipsa
2734 2639 2928 2695 iudicat
2945 2681 2959 2707 ,
2986 2652 3039 2697 et
3066 2644 3290 2702 oderunt
3314 2664 3430 2704 eam
3457 2667 3580 2709 cum

2012 2731 2106 2771 eos
2131 2718 2274 2787 ipsos
2300 2721 2556 2778 indicat‘.
2584 2726 2711 2781 Inde
2739 2731 2996 2786 retribuet
3018 2735 3115 2802 eis,
3146 2745 3201 2791 ut
3224 2740 3313 2807 qui
3340 2754 3399 2796 se
3421 2744 3488 2797 ab
3515 2757 3579 2798 ea

2010 2808 2335 2863 manifestari
2364 2814 2575 2882 nolunt,
2605 2825 2659 2870 et
2685 2832 2777 2872 eos
2804 2820 3045 2877 nolentes
3069 2827 3398 2898 manilestet,
3425 2842 3480 2886 et
3503 2834 3581 2888 eis

2010 2896 2121 2966 ipsa
2148 2914 2253 2954 non
2286 2903 2355 2956 sit
2380 2904 2676 2961 manifesta.
2705 2909 2793 2964 Sic
2822 2912 2898 2966 sic
2930 2915 3088 2968 etiam
3107 2955 3123 2982 ,
3152 2917 3228 2972 sic
3250 2920 3457 2976 animus
3482 2924 3581 2977 hu-

2010 3003 2231 3057 manus,
2269 2994 2425 3047 etiam
2468 2996 2545 3049 sic
2581 3011 2754 3053 caecus
2790 3011 2843 3054 et
2878 3003 3181 3074 languidus,
3222 3011 3387 3080 turpis
3425 3020 3582 3084 atque

2011 3079 2264 3136 indecens
2293 3083 2456 3139 latere
2483 3086 2624 3153 vult;
2656 3104 2710 3142 se
2738 3102 2912 3146 autem
2954 3106 3009 3148 ut
3048 3097 3206 3152 lateat
3239 3079 3435 3171 aliquid
3472 3079 3580 3159 non

2011 3171 2140 3223 vult.
2169 3172 2363 3227 Contra
2390 3175 2466 3229 illi
2492 3176 2728 3232 redditur
2749 3189 2804 3233 ut
2828 3183 2937 3252 ipse
2964 3200 3067 3239 non
3094 3187 3252 3243 lateat
3279 3194 3576 3263 veritatem,

2011 3260 2183 3329 ipsum
2213 3272 2385 3318 autem
2417 3268 2610 3322 veritas
2636 3270 2809 3325 lateat.
2835 3272 3030 3329 Tamen
3057 3279 3213 3333 etiam
3238 3282 3314 3335 sic
3337 3282 3461 3338 dum
3482 3288 3581 3340 mi-

2010 3368 2099 3407 ser
2118 3362 2218 3419 est,
2241 3357 2379 3410 veris
2404 3360 2599 3413 mavult
2620 3362 2850 3430 gaudere
2877 3380 3033 3435 quam
3056 3368 3219 3424 falsis.
3244 3372 3433 3429 Beatus
3453 3390 3580 3447 ergo

2013 3446 2133 3513 erit,
2160 3447 2203 3500 si
2234 3449 2375 3502 nulla
2405 3450 2767 3521 interpellante
2800 3457 3057 3525 molestia,
3083 3459 3150 3515 de
3175 3462 3285 3531 ipsa
3310 3479 3405 3534 per
3422 3446 3581 3535 quam

2011 3550 2135 3592 vera
2160 3546 2283 3591 sunt
2304 3541 2500 3607 omnia,
2529 3543 2646 3597 sola
2671 3544 2891 3601 veritate
2913 3544 3159 3617 gaudebit

2569 3655 2790 3711 CAPUT
2829 3651 3015 3714 XXIV.

2052 3741 2348 3798 Gratulatur
2372 3747 2506 3816 quod
2529 3764 2623 3800 sua
2648 3747 2700 3801 in
2729 3751 2966 3803 "tentoria
2988 3750 3126 3808 Deus
3156 3754 3321 3809 locum
3345 3757 3542 3814 habeat.

2084 3835 2173 3889 35.
2212 3834 2352 3890 Ecce
2380 3846 2631 3905 quantum
2659 3839 2913 3908 Spatiatus
2935 3856 3051 3896 sum
3081 3844 3135 3898 in
3160 3848 3415 3903 memoria
3438 3864 3576 3918 mea,

2010 3937 2255 3991 quaerens
2297 3934 2381 3991 te,
2423 3926 2676 3994 Domine,
2716 3940 2770 3982 et
2806 3945 2909 3983 non
2951 3939 3001 3986 te
3038 3931 3215 3987 inveni
3251 3944 3400 3990 extra
3438 3952 3577 3993 eam.

2008 4012 2191 4084 Neque
2218 4015 2360 4069 enim
2401 4016 2598 4087 aliquid
2627 4018 2695 4073 de
2723 4027 2772 4073 te
2804 4019 2977 4076 inveni
3003 4023 3143 4092 quod
3175 4040 3277 4080 non
3304 4027 3580 4085 meminis-

2008 4122 2121 4162 sem
2147 4123 2209 4163 ex
2238 4124 2345 4180 quo
2368 4109 2529 4166 didici
2556 4122 2628 4166 te.
2656 4111 2789 4168 Nam
2815 4129 2880 4168 ex
2908 4131 3012 4185 quo
3039 4117 3199 4173 didici
3225 4127 3304 4187 te,
3332 4135 3435 4176 non
3463 4136 3581 4176 sum

2011 4198 2205 4254 oblitus
2245 4201 2341 4255 tui.
2391 4200 2489 4256 Ubi
2525 4202 2667 4258 enim
2713 4205 2891 4260 inveni
2931 4211 3238 4276 veritatem,
3286 4210 3359 4265 ibi
3404 4211 3583 4269 inveni

2013 4289 2178 4344 Deum
2212 4306 2388 4347 meum
2419 4293 2584 4362 ipsam
2611 4296 2883 4352 veritatem
2904 4337 2920 4365 ,
2949 4314 3105 4369 quam
3127 4342 3142 4368 ,
3172 4316 3235 4356 ex
3260 4317 3366 4372 quo
3391 4303 3586 4375 didici,

2010 4395 2117 4435 non
2155 4396 2275 4435 sum
2314 4383 2529 4439 oblitus.
2570 4385 2750 4456 Itaque
2780 4403 2847 4442 ex
2872 4404 2978 4459 quo
3005 4390 3163 4446 didici
3194 4403 3278 4460 te,
3305 4410 3489 4452 manes
3532 4400 3587 4453 in

2008 4472 2265 4526 memoria
2293 4488 2406 4528 mea
2424 4514 2440 4540 ,
2470 4484 2525 4530 et
2551 4474 2661 4531 illic
2686 4486 2735 4532 te
2763 4478 2994 4548 invenio,
3022 4496 3142 4537 cum
3171 4486 3483 4542 reminiscor
3515 4492 3585 4543 tui

2008 4569 2063 4616 et
2094 4562 2330 4618 delector
2355 4564 2409 4619 in
2437 4575 2505 4620 te.
2536 4567 2629 4621 Hae
2652 4577 2777 4623 sunt
2802 4580 2997 4626 sanetae
3023 4573 3227 4630 delicia:
3254 4592 3388 4633 meae
3406 4619 3422 4646 ,
3456 4594 3587 4649 quas

2010 4652 2217 4709 donasti
2244 4654 2374 4709 mihi
2398 4657 2757 4713 misericordia
2789 4671 2878 4715 tua
2904 4665 3192 4734 respiciens
3220 4677 3583 4740 paupertatem

2007 4759 2200 4801 meam.

2566 4818 2794 4878 CAPUT
2831 4823 2999 4881 XXV.

2227 4904 2296 4960 In
2320 4922 2419 4977 quo
2446 4912 2695 4965 memoriae
2721 4915 2882 4983 gradu
2906 4917 3181 4986 reperiatur
3204 4917 3361 4973 Deus.

2080 5016 2169 5072 '56.
2202 5017 2306 5073 Sed
2334 5018 2421 5073 ubi
2449 5036 2634 5076 manes
2661 5023 2712 5075 in
2743 5026 2995 5079 memoria
3021 5043 3137 5081 mea
3159 5068 3173 5092 ,
3204 5029 3424 5085 Domine
3443 5071 3460 5099 ,
3496 5032 3582 5086 ubi

2009 5106 2113 5162 illic
2150 5112 2371 5165 manes?
2409 5112 2577 5177 Quale
2613 5114 2786 5171 cubile
2822 5115 3085 5172 fabricasti
3120 5121 3227 5175 illic
3267 5123 3398 5177 tibi?
3424 5126 3583 5194 quale

2011 5203 2362 5256 sanctuarium
2385 5206 2404 5235 ²
2432 5205 2702 5260 mdilicasti
2741 5209 2874 5264 tibi?
2900 5210 2976 5263 Tu
3004 5211 3194 5268 dedisti
3222 5215 3357 5272 hanc
3390 5217 3580 5288 digna-

2012 5298 2207 5350 tionem
2245 5300 2516 5354 memoria:
2550 5316 2683 5356 mea:
2722 5308 2781 5356 ut
2812 5317 3029 5361 maneas
3057 5308 3106 5361 in
3137 5324 3231 5378 ea;
3271 5312 3365 5367 sed
3394 5313 3447 5367 in
3476 5330 3575 5385 qua
3640 5386 3641 5389 η

2010 5386 2125 5455 ejus
2160 5398 2307 5456 parte
2344 5406 2594 5457 maneas,
2628 5392 2729 5448 hoc
2756 5396 3055 5453 considero.
3084 5400 3407 5459 Transcendi
3435 5407 3574 5461 enim

2012 5490 2189 5559 partes
2208 5480 2342 5551 ejus,
2363 5498 2493 5551 quas
2514 5484 2709 5542 habent
2727 5497 2780 5544 et
2802 5488 3003 5559 bestiae,
3025 5507 3146 5548 cum
3168 5500 3219 5552 te
3239 5496 3573 5566 recordarer;
3654 5484 3665 5521 ’ν

2072 5620 2091 5650 ι
2108 5624 2235 5679 Lov.,
2260 5616 2473 5680 judicat.

2070 5683 2088 5710 ³
2106 5692 2153 5734 tn
2169 5683 2349 5749 aliquot
2366 5694 2491 5750 Mss,
2519 5689 2803 5741 sacrarium-
