4078 6366
522 308 625 364 ’195

521 423 642 491 quia
671 435 773 475 non
797 420 869 474 ibi
890 428 940 476 te
961 419 1291 478 inveniebam
1324 420 1458 477 inter
1484 422 1741 491 imagines
1768 436 1944 475 rerum
1972 433 2092 473 cor-

518 509 815 581 poralium;
859 519 915 567 et
949 512 1068 566 veni
1107 512 1173 567 ad
1212 522 1388 582 partes
1425 512 1560 582 ejus,
1602 514 1688 567 ubi
1731 512 2095 569 commendavi

519 601 826 657 aﬂ‘ectiones
863 602 1024 657 animi
1062 603 1166 659 mei
1187 645 1202 666 ,
1239 619 1340 661 nec
1367 605 1476 658 illic
1505 606 1682 662 iuveni
1712 615 1782 661 te.
1811 607 1878 660 Et
1905 607 2093 662 intravi

518 691 585 746 ad
618 691 782 762 ipsius
815 693 976 747 animi
1010 694 1114 748 mei
1153 694 1332 749 sedem
1354 735 1367 758 ,
1395 711 1511 764 qua!
1544 695 1613 749 illi
1645 705 1728 750 est
1757 697 1807 750 in
1840 699 2092 752 memoria

516 796 654 847 mea,
679 783 926 851 quoniam
955 783 1037 838 sui
1063 797 1274 853 quoque
1302 784 1542 840 meminit
1564 785 1792 852 animus,
1820 800 1920 841 nec
1943 787 2012 840 ibi
2041 798 2093 841 tu

517 886 636 927 eras
661 890 674 926 :
697 872 818 942 quia
847 873 982 927 sicut
1005 887 1110 927 non
1134 887 1194 928 es
1222 872 1394 943 imago
1418 875 1728 944 corporalis,
1757 890 1856 930 nec
1883 876 2094 931 all‘ectio

516 960 772 1028 viventis,
801 961 972 1032 qualis
996 971 1076 1018 est
1103 977 1222 1018 cum
1253 963 1531 1031 laetamur,
1559 967 1967 1034 contristamur,
1995 983 2092 1022 cu-

514 1051 711 1120 pimus,
744 1052 1047 1116 metuimus,
1079 1051 1436 1118 meminimus,
1467 1054 1848 1121 obliviscimur,
1873 1066 1923 1112 et
1943 1058 2094 1127 quid-

513 1139 642 1209 quid
688 1139 988 1211 lmjusmodi
1029 1151 1145 1209 est;
1189 1144 1260 1198 ita
1301 1160 1400 1200 nec
1440 1146 1553 1216 ipse
1592 1148 1798 1203 animus
1837 1164 1927 1215 es,
1971 1151 2092 1220 quia

513 1231 769 1286 Dominus
816 1234 953 1289 Deus
997 1235 1159 1290 animi
1207 1244 1261 1290 tu
1305 1251 1399 1304 es,
1446 1245 1500 1292 et
1541 1248 1934 1295 commutantur
1980 1242 2093 1296 lucc

505 1322 714 1394 omnia,
744 1333 798 1377 tu
823 1333 999 1378 autem
1027 1326 1470 1383 incommutabilis
1495 1344 1678 1385 manes
1705 1346 1866 1400 super
1890 1335 2088 1400 omnia,

512 1423 567 1466 et
589 1411 832 1482 dignatus
860 1430 918 1469 es
946 1415 1183 1473 habitare
1204 1419 1255 1473 in
1281 1422 1538 1475 memoria
1565 1437 1683 1478 mea
1709 1439 1773 1478 ex
1803 1440 1908 1494 quo
1935 1434 1986 1481 te
2009 1427 2092 1481 di-

511 1503 635 1559 dici.
666 1506 732 1560 Et
759 1507 882 1576 quid
910 1525 1093 1577 quer
1117 1525 1222 1579 quo
1245 1512 1363 1566 loco
1387 1511 1504 1580 ejus
1531 1513 1756 1581 habites,
1784 1518 1934 1585 quasi
1965 1533 2088 1572 vero

511 1594 628 1650 loca
671 1596 738 1650 ibi
772 1598 915 1651 sint?
953 1600 1170 1654 Ilabitas
1199 1612 1344 1656 certe
1383 1602 1436 1657 in
1465 1618 1523 1658 ea
1544 1643 1560 1670 ,
1591 1605 1841 1674 quoniam
1873 1608 1947 1661 tui
1973 1623 2088 1663 me-

509 1685 640 1739 mini
670 1702 732 1741 ex
763 1703 869 1743 ouo
898 1698 947 1743 te
973 1689 1163 1757 didici,
1194 1700 1248 1746 et
1276 1693 1328 1746 in
1356 1708 1418 1748 ea
1449 1701 1500 1749 te
1525 1695 1736 1751 invenio
1763 1712 1882 1752 cum
1910 1713 2090 1754 recor-

509 1776 608 1844 dor
630 1789 700 1832 te.

1069 1851 1296 1909 CAPUT
1334 1853 1524 1910 XXVI.

1017 1941 1115 1998 Ubi
1139 1944 1384 2000 invenitur
1403 1945 1562 2001 Deus.

580 2051 669 2106 37.
700 2051 798 2108 Ubi
823 2068 953 2124 ergo
976 2063 1027 2110 te
1051 2056 1226 2112 inveni
1251 2066 1308 2112 ut
1333 2059 1714 2117 discerem-te?
1741 2063 1921 2134 Neque
1945 2067 2085 2121 enim

508 2141 614 2212 jam
658 2159 778 2200 eras
816 2148 868 2200 in
909 2149 1164 2203 memoria
1208 2165 1327 2206 mea
1371 2153 1677 2222 priusquam
1717 2164 1768 2210 te
1802 2157 2084 2212 discerem.

513 2230 614 2288 Ubi
639 2249 767 2304 ergo
793 2236 967 2291 iuveni
992 2247 1043 2293 te
1065 2247 1120 2294 ut
1140 2239 1402 2296 discerem
1427 2251 1479 2298 te
1495 2245 1605 2300 nisi
1631 2246 1684 2299 in
1711 2254 1762 2301 te
1785 2262 1941 2316 supra
1969 2251 2089 2305 me?

510 2325 576 2380 Et
615 2341 872 2396 nusquam
917 2329 1093 2396 locus,
1134 2340 1190 2387 et
1226 2333 1556 2402 recedimus,
1588 2346 1643 2392 et
1669 2339 2004 2406 accedimus,
2036 2351 2089 2396 ct

504 2431 763 2486 nusquam
801 2419 970 2474 locus.
1011 2420 1251 2492 Ubique,
1289 2425 1518 2492 veritas,
1550 2428 1805 2496 praesides
1842 2431 2087 2487 omnibus

505 2507 909 2564 consulentibus
942 2519 1013 2578 te,
1044 2512 1308 2582 simulque
1335 2516 1626 2584 respondes
1651 2520 1898 2574 omnibus
1927 2523 2084 2576 etiam

503 2597 711 2653 diversa
737 2602 1157 2658 consulentibus.
1184 2604 1405 2673 Liquide
1435 2615 1488 2660 tu
1520 2609 1830 2678 respondes,
1862 2612 1952 2665 sed
1982 2628 2085 2665 non

503 2687 703 2759 liquide
728 2705 916 2746 onmes
940 2691 1178 2748 audiunt.
1201 2694 1397 2749 Omnes
1419 2698 1556 2752 unde
1578 2700 1760 2754 volunt
1780 2704 2082 2767 consulunt,

504 2777 598 2830 sed
631 2794 737 2832 non
767 2794 982 2849 semper
1008 2783 1149 2851 quod
1180 2786 1362 2840 volunt
1390 2788 1629 2842 audiunt.
1658 2792 1898 2860 Optimus
1926 2795 2086 2848 mini-

504 2876 615 2921 ster
641 2876 758 2922 tuus
785 2881 899 2937 est,
930 2873 1018 2941 qui
1049 2889 1153 2928 non
1184 2877 1350 2945 magis
1380 2878 1610 2933 intuetur
1639 2880 1739 2935 hoc
1763 2898 1790 2935 a
1823 2892 1872 2937 te
1903 2886 2086 2939 audire

504 2957 643 3024 quod
676 2958 788 3028 ipse
814 2960 1057 3027 voluerit,
1089 2963 1185 3019 sed
1212 2967 1384 3034 potius
1413 2969 1515 3022 hoc
1543 2970 1678 3025 velle
1705 2973 1845 3041 quod
1867 2989 1897 3028 a
1924 2987 1972 3028 te
1995 2992 2085 3029 au-

502 3048 680 3103 dicrit.

1062 3125 1284 3182 CAPUT
1322 3127 1536 3184 XXVII.

680 3209 941 3274 Quomodo
968 3212 1219 3269 hominem
1252 3219 1416 3287 rapiat
1443 3218 1540 3273 Dei
1565 3222 1906 3290 pulchritudo.

569 3320 656 3376 38.
686 3319 819 3376 Sero
850 3333 900 3378 te
921 3327 1121 3390 amavi,
1152 3329 1489 3396 pulchritudo
1518 3341 1624 3388 tam
1653 3337 1866 3404 antiqua
1899 3348 1947 3392 et
1979 3348 2082 3393 tant

497 3427 632 3486 nova
655 3415 668 3466 ε
697 3429 817 3468 sero
845 3424 896 3470 te
919 3418 1126 3472 amavi!
1155 3419 1221 3473 Et
1245 3436 1368 3475 ecce
1399 3423 1542 3478 intus
1567 3441 1702 3490 eras,
1731 3436 1786 3481 et
1811 3444 1908 3498 ego
1936 3430 2081 3512 foris,

493 3512 549 3569 et
578 3503 649 3556 ibi
684 3513 734 3558 te
760 3507 1096 3574 qurerebam;
1131 3517 1184 3565 et
1219 3511 1271 3564 in
1309 3512 1405 3566 ista
1447 3513 1679 3570 formosa
1717 3533 1835 3587 qua:
1874 3503 2080 3586 fecisti,

495 3592 749 3648 deformis
775 3596 1064 3652 irruebam.
1089 3600 1292 3656 Mecum
1323 3618 1464 3671 eras,
1494 3615 1547 3660 et
1575 3615 1746 3662 tecum
1780 3625 1886 3664 non
1912 3627 2075 3665 cram.

495 3682 568 3738 Ea
600 3701 685 3740 me
717 3687 966 3742 tenebant
994 3690 1151 3760 longe
1179 3707 1206 3745 a
1238 3702 1309 3760 te,
1341 3711 1458 3764 qua:
1485 3698 1528 3752 si
1561 3700 1611 3752 in
1646 3709 1695 3752 te
1726 3715 1828 3753 non
1864 3711 2042 3756 essent
2063 3743 2077 3766 ,

493 3790 600 3828 non
627 3786 827 3831 essent.
845 3777 1081 3848 Vocasti,
1109 3791 1162 3835 ct
1185 3783 1448 3853 clamasti,
1477 3796 1529 3841 ct
1555 3789 1736 3857 rupisti
1765 3792 2075 3847 surditatem

490 3883 686 3950 meum.
727 3869 1065 3938 Coruscasti,
1101 3875 1449 3944 splenduisti,
1481 3887 1534 3934 ct
1563 3879 1751 3951 iugasti
1787 3885 2076 3939 carcitatcm

489 3943 685 4020 vneam.
724 3959 991 4030 Fragrasti
1016 3964 1054 4028 ¹,
1089 3974 1141 4018 et
1169 3965 1294 4020 duxi
1324 3943 1598 4038 Spiritum,
1619 3943 1692 4026 vet
1729 3973 1922 4028 anhelo
1962 3975 2074 4029 tibi.

496 4047 735 4118 Gustavi,
770 4058 822 4104 et
847 4051 1044 4122 esurio,
1075 4065 1129 4108 et
1155 4057 1298 4111 sitio.
1330 4059 1568 4132 Tetigisti
1598 4078 1683 4118 me
1702 4103 1719 4131 ,
1748 4073 1800 4119 et
1824 4067 1995 4122 exarsi
2024 4069 2075 4126 in

492 4152 680 4210 pacem
707 4148 871 4196 tuam.

503 4211 508 4226 '
1047 4215 1272 4274 CAPUT
1310 4218 1543 4275 XXVIII.

1012 4307 1230 4363 Miseria:
1257 4311 1408 4382 hujus
1431 4315 1562 4368 uiue.

562 4410 650 4468 59.
688 4410 822 4468 Cum
858 4415 1122 4472 inlimsero
1154 4421 1245 4476 tibi
1274 4437 1336 4476 ex
1369 4425 1512 4479 omni
1537 4441 1656 4495 me,
1688 4445 1945 4502 nusquam
1974 4435 2075 4492 erit

490 4501 620 4560 mihi
644 4502 795 4557 dolor
817 4515 870 4558 ct
901 4506 1082 4574 labor;
1114 4519 1170 4564 et
1198 4511 1314 4566 viva
1341 4515 1443 4568 erit
1467 4516 1570 4570 vita
1596 4533 1712 4575 mea
1731 4561 1746 4585 ,
1779 4501 1885 4578 tota
1917 4525 2069 4594 plena

491 4601 562 4654 te.
595 4591 747 4647 Nunc
785 4603 962 4650 autem
1001 4599 1248 4668 quoniam
1287 4618 1444 4672 quem
1485 4615 1540 4659 tu
1576 4608 1797 4680 imples,
1828 4591 2073 4672 sublevas

489 4699 647 4750 cum;
679 4688 926 4754 quoniam
962 4689 1032 4742 tui
1063 4691 1253 4758 plenus
1279 4709 1382 4747 non
1415 4711 1529 4750 sum
1553 4741 1568 4766 ,
1597 4703 1744 4755 oneri
1776 4705 1901 4759 mihi
1932 4723 2067 4762 sutn.

487 4773 826 4832 Contendunt
853 4779 1210 4841 Imtititumeae
1238 4784 1425 4841 ﬂenda:
1459 4803 1578 4844 cum
1610 4792 1846 4849 Imtandis
1876 4814 2072 4854 nitere-

485 4867 667 4932 ribus;
697 4879 750 4924 ct
780 4884 846 4924 ex
874 4886 974 4940 qua
1006 4880 1152 4940 parte
1178 4883 1282 4929 stet
1309 4877 1524 4934 victoria
1558 4884 1754 4936 nescio.
1784 4884 1879 4940 IIci
1910 4889 2064 4945 mihi!

488 4957 750 5027 Domine,
802 4962 1057 5018 miserere
1105 4965 1228 5020 mei.
1278 4968 1614 5027 Contendant
1667 4991 1922 5033 maerores
1965 4984 2068 5038 n'tci

485 5052 611 5107 mali
635 5068 756 5108 cum
784 5055 989 5124 gaudiis
1019 5056 1172 5113 bonis
1191 5100 1205 5124 ,
1234 5072 1290 5116 ct
1314 5079 1378 5117 ex
1408 5079 1509 5133 qua
1543 5077 1690 5134 parte
1722 5078 1826 5124 stet
1853 5072 2066 5128 victoria

487 5143 689 5198 nescio.
724 5143 823 5199 IIci
860 5146 1021 5201 mihi!
1055 5149 1311 5219 Domine,
1343 5153 1598 5210 miserere
1626 5159 1750 5213 mei.
1779 5159 1875 5215 Hei
1905 5163 2064 5219 mihi!

487 5246 614 5286 ecce
648 5234 868 5291 vulnera
906 5253 1022 5292 mea
1059 5255 1168 5294 non
1202 5241 1511 5299 abscondo:
1545 5247 1780 5304 medicus
1811 5267 1902 5319 es,
1929 5271 2070 5325 aeger

489 5335 606 5376 sum
630 5340 645 5388 ;
679 5327 981 5383 misericors
1006 5346 1083 5397 es,
1113 5332 1275 5388 miser
1303 5350 1441 5390 sum.
1470 5338 1732 5411 Numquid
1761 5360 1865 5399 non
1895 5357 2065 5404 tenta-

489 5411 562 5467 tio
589 5416 798 5470 estvita
831 5417 1056 5474 humana
1093 5436 1252 5493 super
1279 5437 1474 5484 terram
1505 5430 1654 5502 (Job.
1685 5450 1784 5502 vn,
1815 5438 1912 5509 ιη
1940 5440 2067 5506 Quis

493 5505 619 5561 velit
644 5510 912 5567 molestias
936 5522 990 5567 et
1012 5514 1381 5576 difﬁcultates?
1404 5523 1637 5581 Tolerari
1652 5527 1805 5598 jubcs
1827 5505 1937 5598 eas,
1964 5505 2065 5589 non

559 5687 574 5716 ¹
597 5688 847 5750 Hagrosti,
866 5690 999 5753 juxta
1018 5698 1088 5741 Fr.
1111 5697 1252 5759 Lugd.
1275 5699 1391 5750 l-‘Ior.
1428 5708 1481 5750 st.

1649 301 2164 363 CONFESSIONUM
2205 302 2258 357 S.
2302 304 2667 363 AUGUSTINI

3690 329 3799 384 7'36

2203 416 2387 472 amari.
2413 419 2583 475 Nemo
2607 422 2749 492 quod
2778 423 2971 480 tolerat
3005 437 3182 495 amat,
3217 433 3316 486 etsi
3361 435 3586 492 tolerare
3625 454 3786 496 amat.

2202 506 2453 574 Quamvis
2477 512 2619 564 enim
2649 513 2874 583 gaudeat
2895 530 2954 570 se
2981 518 3228 585 tolerare,
3252 524 3453 578 mavult
3480 535 3654 582 tamen
3682 548 3792 587 non

2201 611 2321 652 esse
2343 600 2482 668 quod
2511 600 2719 657 toleret.
2748 602 3010 673 Prospera
3037 607 3090 661 in
3115 609 3355 667 adversis
3383 613 3630 670 desidero
3649 661 3665 684 ,
3695 622 3789 674 ad-

2201 703 2350 742 versa
2396 691 2446 743 in
2499 693 2768 762 prosperis
2824 695 3004 750 timeo.
3057 697 3186 764 Quis
3230 701 3367 757 inter
3414 705 3528 760 haec
3582 711 3790 765 medius

2201 778 2366 846 locus,
2395 780 2482 834 ubi
2511 796 2613 835 non
2644 783 2712 836 sit
2741 782 2971 838 humana
2997 787 3101 840 vita
3135 793 3353 845 tentatio
3375 794 3428 845 ‘1'
3459 795 3545 849 Vae
3576 811 3790 867 prospe-

2201 869 2440 924 ritatibus
2468 871 2669 938 saeculi,
2699 875 2863 928 semel
2892 885 2945 930 et
2975 876 3186 944 iterum,
3214 895 3243 932 a
3273 882 3465 940 timore
3487 886 3784 942 adversita-

2203 961 2287 1026 tis,
2310 971 2362 1015 et
2381 977 2410 1014 a
2431 964 2770 1032 corruptione
2791 965 3016 1021 laetitiae!
3039 969 3128 1022 Va:
3153 970 3562 1030 adversitatibus
3583 981 3786 1043 szeculi,

2207 1053 2370 1106 semel
2398 1063 2453 1108 et
2480 1054 2668 1112 iterum
2693 1064 2747 1109 et
2769 1057 2942 1123 tertio,
2971 1074 2999 1111 a
3020 1059 3284 1117 desiderio
3313 1069 3711 1136 prosperitatis!
3734 1081 3782 1125 et

2197 1142 2319 1210 quia
2341 1142 2452 1210 ipsa
2474 1143 2766 1198 adversitas
2787 1146 2916 1200 dura
2937 1159 3037 1214 est,
3061 1160 3114 1204 et
3137 1152 3411 1224 naufragat
3433 1158 3712 1214 tolerantia
3731 1163 3750 1192 ²
3779 1177 3794 1225 ;

2198 1233 2452 1301 numquid
2483 1248 2588 1288 nou
2621 1238 2841 1290 tentatio
2872 1247 2953 1292 cst
2981 1241 3084 1294 vita
3116 1241 3347 1302 humana
3385 1264 3546 1318 super
3587 1259 3789 1306 terram

2197 1324 2311 1378 sine
2335 1324 2442 1380 ullo
2465 1326 2784 1382 interstitio?

2758 1421 2984 1478 CAPUT
3025 1425 3216 1482 XXIX.

2739 1512 2804 1568 In
2831 1514 2941 1569 Deo
2971 1535 3083 1587 spes
3114 1529 3236 1573 tota.

2265 1599 2357 1653 40.
2392 1600 2456 1654 Et
2484 1611 2589 1656 tota
2617 1618 2738 1672 spes
2766 1621 2884 1659 mea
2912 1622 3015 1662 non
3048 1610 3147 1662 nisi
3187 1611 3237 1665 in
3276 1628 3461 1684 magna
3495 1617 3646 1674 valde
3680 1621 3785 1674 mi-

2194 1692 2482 1747 sericordia
2529 1704 2637 1749 tua.
2685 1697 2760 1752 Da
2806 1699 2946 1767 quod
2991 1700 3180 1769 jubcs,
3222 1715 3276 1759 ct
3317 1706 3442 1775 jubc
3488 1711 3632 1780 quod
3679 1715 3780 1769 vis.

2195 1783 2427 1854 lmperas
2465 1787 2615 1841 nobis
2641 1790 3047 1846 continentiam.
3081 1793 3150 1847 Et
3179 1812 3293 1850 cum
3321 1799 3532 1866 scirent,
3563 1803 3636 1856 ait
3661 1806 3784 1873 qui-

2192 1875 2336 1942 dam,
2365 1878 2484 1945 quia
2509 1895 2656 1933 nemo
2687 1890 2844 1950 potest
2872 1899 2979 1936 esse
3002 1885 3258 1940 continens
3287 1889 3385 1944 nisi
3414 1889 3552 1945 Deus
3582 1894 3661 1946 (let
3689 1910 3704 1947 :
3733 1905 3778 1947 cl

2193 1966 2286 2020 hoc
2327 1967 2494 2036 ipsum
2539 1979 2642 2022 erat
2688 1972 2949 2040 sapientia:
2985 1975 3111 2028 scire
3144 1979 3290 2047 cujus
3317 1991 3441 2035 esset
3472 1982 3564 2036 hoc
3594 1985 3786 2038 donum
3839 2035 3846 2040 .

2193 2054 2356 2126 (Sap.
2387 2073 2512 2123 vut,
2543 2057 2669 2129 21).
2701 2061 2800 2115 Per
2839 2064 3220 2120 continentiam
3257 2069 3449 2141 quippe
3487 2074 3786 2143 colligimur

2192 2154 2246 2200 et
2283 2148 2571 2219 rcdigimur
2613 2150 2665 2204 in
2703 2167 2886 2217 unum,
2927 2169 2957 2208 a
2997 2170 3103 2224 quo
3144 2157 3195 2212 in
3236 2161 3399 2215 multa
3443 2162 3781 2220 deﬂuximus.

2190 2237 2361 2293 Minus
2399 2240 2541 2295 enim
2587 2251 2636 2296 te
2683 2254 2823 2297 amat
2867 2245 2956 2314 qui
3002 2256 3176 2302 tecum
3215 2251 3410 2321 aliquid
3457 2264 3601 2309 amat
3636 2259 3779 2326 quod

2192 2345 2297 2384 non
2341 2340 2552 2400 propter
2595 2341 2645 2387 te
2679 2343 2840 2388 amat.
2877 2335 2922 2390 0
2959 2351 3110 2392 amor
3151 2341 3241 2409 qui
3279 2357 3494 2413 semper
3528 2346 3683 2401 ardes
3720 2359 3776 2402 et

2191 2438 2457 2490 nunquam
2507 2426 2892 2495 cxstinguerisl
2948 2427 3191 2486 Charitas
3250 2434 3386 2490 Deus
3441 2451 3630 2500 meus,
3685 2455 3778 2495 ac-

2190 2514 2357 2569 ccude
2403 2531 2506 2569 tne.
2553 2516 2945 2574 Continentiam
2985 2521 3176 2591 jubes;
3215 2523 3278 2578 da
3328 2527 3468 2595 quod
3503 2528 3678 2597 jubcs,
3726 2542 3784 2586 et

2185 2605 2314 2674 jube
2352 2607 2492 2677 quod
2529 2608 2630 2662 vis.
3291 2639 3298 2642 -

2720 2699 2947 2757 CAPUT
2987 2702 3157 2760 XXX.

2191 2788 2469 2857 Conﬁtelur
2504 2799 2557 2844 ut
2584 2806 2636 2845 se
2665 2791 2809 2845 habet
2840 2793 2908 2846 ad
2937 2795 3234 2851 tentationes
3272 2801 3493 2854 carnalis
3531 2802 3774 2858 libidinis.

2259 2882 2348 2936 41.
2377 2881 2540 2937 Jubes
2563 2893 2708 2938 certe
2737 2895 2793 2938 ut
2822 2887 3125 2942 contineam
3151 2904 3181 2943 a
3210 2893 3637 2959 concupiscentia
3663 2911 3779 2948 car—

2192 2976 2300 3041 nis,
2333 2984 2386 3029 et
2412 2975 2839 3045 concupiscentia
2866 2979 3138 3034 oculorum
3159 3023 3174 3046 ,
3206 2992 3258 3035 et
3282 2983 3572 3039 ambitione
3599 2988 3780 3040 saeculi

2191 3063 2384 3130 (Joan.
2415 3082 2485 3132 ιι,
2519 3065 2640 3137 l6).
2668 3067 2880 3122 Iussisti
2905 3084 2934 3122 a
2965 3071 3282 3136 concubitu;
3313 3081 3366 3126 et
3398 3073 3466 3129 de
3503 3075 3618 3143 ipso
3651 3090 3782 3130 con-
3810 3083 3815 3089 '

2185 3157 2332 3224 jugio
2376 3158 2566 3212 melius
2604 3158 2799 3228 aliquid
2843 3175 3001 3228 quam
3045 3164 3355 3217 concessisti
3404 3167 3673 3221 monuisti.
3715 3169 3783 3222 lit

2191 3247 2444 3314 quoniam
2476 3247 2690 3311 dedisti,
2726 3250 2919 3304 factum
2949 3261 3031 3306 est
3056 3261 3109 3307 et
3134 3263 3416 3324 antequam
3444 3255 3780 3325 dispensator

2194 3339 2514 3392 sacramenti
2556 3339 2630 3392 tui
2658 3339 2863 3394 tierent.
2897 3338 3002 3396 Sed
3033 3342 3206 3399 adhuc
3236 3345 3415 3399 vivunt
3444 3346 3494 3401 in
3525 3351 3777 3403 memoria

2189 3441 2327 3492 mea,
2360 3427 2425 3482 de
2453 3443 2553 3498 qua
2582 3429 2742 3482 multa
2770 3430 2976 3498 locutus
3005 3447 3144 3498 sum,
3178 3435 3361 3490 talium
3389 3453 3564 3492 rerum
3593 3440 3780 3509 imagi-

2187 3529 2303 3582 nes,
2331 3531 2461 3586 quas
2488 3517 2558 3571 ibi
2584 3509 2912 3574 consuetudo
2938 3537 3056 3576 mea
3089 3523 3237 3590 ﬁxit;
3265 3535 3324 3582 et
3345 3539 3624 3583 occursant
3644 3531 3774 3584 mihi

2187 3605 2420 3674 vigilanti
2463 3607 2677 3676 quidem
2717 3615 3217 3680 carentes-viribus,
3260 3617 3314 3671 in
3355 3620 3556 3674 somnis
3592 3631 3769 3675 autem

2188 3713 2291 3750 non
2325 3698 2494 3751 solum
2527 3714 2692 3770 usque
2722 3701 2788 3755 ad
2815 3702 3225 3762 delectationem
3245 3710 3388 3778 ,Vscd
3417 3713 3574 3766 etiam
3607 3729 3776 3783 usque

2184 3787 2249 3840 ad
2291 3789 2694 3844 consensionem
2737 3790 3038 3863 factumque
3078 3797 3428 3854 simillimum.
3465 3801 3535 3855 Et
3568 3812 3770 3859 tantum

2185 3879 2325 3932 valet
2354 3880 2600 3950 imaginis
2636 3881 2810 3937 illusio
2838 3884 2889 3938 in
2919 3890 3092 3940 anima
3126 3904 3242 3943 mea
3269 3899 3321 3945 et
3348 3890 3402 3946 in
3433 3907 3592 3947 carne
3619 3911 3736 3950 mea
3757 3938 3772 3961 ,

2185 3978 2240 4022 ut
2282 3970 2563 4025 dormienti
2608 3971 2739 4026 falsa
2786 3974 2898 4028 visa
2951 3977 3306 4046 persuadeant
3348 3983 3487 4051 quod
3532 3985 3767 4054 vigilanti

2184 4074 2305 4113 vera
2345 4075 2448 4114 non
2493 4071 2732 4130 possunt.
2768 4063 3031 4134 Numquid
3065 4077 3188 4122 tunc
3217 4084 3316 4141 ego
3343 4088 3444 4126 non
3475 4087 3624 4142 sum,
3658 4077 3764 4131 Do-

2181 4152 2324 4206 mine
2364 4152 2502 4207 Deus
2546 4153 2735 4208 meus?
2781 4155 2847 4210 Et
2893 4167 3070 4214 tamen
3117 4169 3320 4216 tantmn
3365 4164 3585 4220 interest
3630 4168 3769 4223 inter

2180 4241 2442 4311 meipsum
2473 4253 2528 4298 et
2561 4244 2853 4314 meipsum,
2887 4246 3024 4302 intra
3061 4262 3386 4306 momentum
3415 4271 3519 4324 quo
3550 4256 3670 4311 hinc
3701 4259 3767 4313 ad

2183 4346 2433 4400 soporem
2457 4340 2692 4401 transeo,
2714 4336 2799 4390 vel
2823 4337 2924 4392 huc
2949 4338 3069 4394 inde
3095 4345 3398 4397 rctranseo!
3427 4345 3520 4400 Ubi
3544 4357 3623 4401 est
3647 4359 3769 4404 tunc

2178 4423 2333 4488 ratio,
2364 4439 2481 4494 qua:
2512 4424 2704 4478 talibus
2729 4429 3152 4497 suggestionibus
3178 4433 3375 4488 resistit
3403 4436 3664 4505 vigilans?
3695 4440 3758 4492 Et

2177 4513 2221 4567 si
2245 4529 2328 4570 res
2349 4514 2477 4584 ipsa:
2497 4515 2822 4586 ingerantur,
2851 4520 3197 4578 inconcussus
3224 4539 3412 4601 maneo
3427 4527 3469 4580 ³.
3493 4528 3754 4597 Numquid

2179 4603 2446 4658 clauditur
2473 4619 2592 4659 cum
2623 4607 2829 4661 oculis?
2856 4611 3108 4680 numquid
3137 4613 3343 4682 sopitur
3369 4630 3488 4670 cum
3519 4619 3764 4674 sensibus

2177 4695 2458 4764 corporis?
2490 4697 2551 4749 Et
2581 4697 2721 4752 unde
2749 4714 2890 4769 smpe
2919 4703 3078 4756 etiam
3110 4702 3163 4756 iu
3192 4707 3395 4762 sonmis
3431 4709 3762 4778 resistimus,

2177 4788 2450 4858 nostrique
2481 4791 2740 4859 prapositi
2769 4807 3034 4847 memores
3054 4834 3070 4861 ,
3101 4803 3260 4865 atque
3291 4799 3343 4852 in
3373 4815 3436 4854 eo
3468 4804 3765 4860 castissime

2175 4887 2571 4947 permanentes,
2602 4880 2798 4934 uullmu
2830 4883 3021 4937 talibus
3047 4881 3313 4943 illecebris
3335 4890 3650 4948 adhibemus
3675 4912 3764 4949 as-

2174 4967 2426 5023 sensum?
2469 4970 2534 5025 Et
2577 4978 2750 5024 taumn
2793 4980 2998 5029 tantum
3044 4975 3301 5046 interest,
3345 4991 3403 5035 ut
3443 4997 3562 5036 cum
3607 4987 3762 5042 aliter

2174 5059 2396 5127 accidit,
2442 5062 2749 5132 cvigilantes
2781 5065 2848 5118 ad
2887 5068 3229 5124 conscientiae
3279 5074 3514 5141 requiem
3565 5077 3755 5132 redea-

2239 5171 2255 5201 ¹
2278 5169 2386 5238 uad.
2401 5178 2506 5238 Am.
2529 5178 2604 5221 Er.
2626 5179 2680 5222 et
2695 5179 2824 5234 t.ov.,
2842 5174 3066 5228 humana!
3079 5177 3192 5229 vitm
3207 5183 3417 5234 tentato.
3452 5209 3515 5221 —-
3547 5188 3664 5236 nuic
3696 5187 3766 5238 le-

2173 5231 2318 5300 ctioni
2337 5229 2658 5300 suffragantur
2675 5229 2848 5285 somni.
2871 5245 2921 5287 et
2937 5240 2965 5300 7
2981 5247 3084 5288 Mss.
3104 5241 3152 5289 in
3173 5229 3392 5294 editione
3402 5229 3760 5300 Florenti—nasi.

2223 5293 2397 5404 £333..
2411 5293 2646 5404 egtplures
2662 5309 2690 5346 e
2710 5299 3056 5350 vetustioribus
3071 5309 3176 5352 Mss.
3196 5293 3381 5356 habent
3411 5293 3458 5359 ei
3486 5293 3761 5374 ὴῖᾗῆἢῇἆὶ

2269 5367 2294 5403 r
2379 5367 2426 5404 ta
2481 5391 2494 5404 .

2174 5359 2494 5404 tolerantiam.
3534 5359 3539 5360 “
3569 5359 3578 5371 '
3680 5359 3706 5374 "
3749 5359 3764 5380 ⁷·

2236 5415 2256 5447 ³
2271 5422 2467 5478 septem
2485 5425 2608 5480 Mss,
2626 5415 2905 5480 inconcussa
2930 5429 3090 5474 manet
3113 5434 3286 5476 :rcctc
3302 5428 3564 5480 reierendo
3596 5431 3655 5480 ad
3687 5446 3762 5480 ra.

2174 5476 2374 5554 tionem.
2391 5502 2451 5514 --
2469 5476 2922 5554 Editiotdorentina,
2939 5485 3268 5554 euirmwutit
3297 5476 3559 5542 scaenici
3592 5476 3757 5554 horidi,

2173 5536 2758 5618 [ξλὲῑίφῐξεφίιιεεφειῖςψη
2785 5536 3072 5618 securitate
3089 5559 3204 5618 sese
3231 5536 3757 5618 «enatat-lienes;

2173 5601 2242 5669 sic
2259 5597 2414 5661 legit:
2442 5597 2531 5651 L-‘bi
2548 5609 2618 5652 est
2636 5610 2747 5675 tunc
2766 5601 2902 5675 ratio
2935 5619 3028 5669 qua
3051 5605 3260 5675 pigitum
3278 5597 3504 5675 enin—nis,—
3520 5597 3758 5666 iiiiiiiéi‘.

2174 5661 2480 5741 inconcussas
2497 5671 2668 5734 manet.
2689 5666 2798 5724 sed,
2819 5661 3220 5741 lyricigrajiltdrtttti
3234 5661 3354 5724 forte
3376 5661 3760 5741 ta,"s’u,'[{r'i}..7¢tii

2177 5721 2302 5772 illius
2322 5722 2541 5772 lectionis
2562 5740 2632 5788 [tu
2648 5737 2744 5775 teut
2766 5721 3101 5787 pt'd'tet‘vudl'tit.
3127 5741 3178 5780 Μ.
