4078 6366
299 289 403 344 797

299 417 457 470 mus;
490 401 709 472 ipsaque
748 396 995 454 distantia
1030 396 1356 466 reperiamus
1390 407 1486 446 nos
1527 405 1628 446 non
1666 391 1879 454 fecisse,

299 496 442 568 quod
485 506 661 550 tamen
688 494 740 548 in
771 490 923 547 nobis
958 504 1172 560 quoquo
1206 485 1366 542 modo
1397 483 1590 540 factum
1626 498 1744 538 esse
1780 482 1878 536 do-

298 586 529 644 leamus.

368 680 462 733 42.
491 672 755 744 Numquid
793 685 899 727 non
920 678 1109 741 potens
1135 677 1217 724 est
1243 681 1432 721 manus
1461 675 1567 731 tua,
1597 664 1736 718 Deus
1763 677 1880 716 om-

297 772 569 840 nipotens,
591 781 783 822 sanare
811 778 998 820 omnes
1024 763 1303 832 languores
1328 761 1518 813 animae
1547 773 1702 822 mere,
1725 765 1883 825 atque

295 859 684 915 abundantiore
733 857 899 928 gratia
944 863 1033 909 tua
1084 852 1313 907 lascivos
1361 859 1535 906 motus
1579 849 1740 903 etiam
1779 846 1882 900 mei

295 951 510 1020 saporis
554 944 935 1017 exstinguere?
978 942 1230 1014 Augebis,
1270 939 1510 1005 Domine,
1563 937 1729 1006 magis
1771 951 1885 988 ma-

295 1041 485 1110 gisque
515 1040 566 1093 in
596 1053 686 1092 me
715 1050 936 1091 munera
967 1044 1075 1099 tua,
1105 1041 1162 1088 ut
1185 1032 1359 1086 anima
1376 1044 1494 1085 mea
1523 1037 1773 1098 sequatur
1797 1041 1882 1081 mc

295 1131 361 1186 ad
395 1140 468 1196 te,
507 1127 952 1198 concupiscentiae
980 1126 1127 1180 visco
1151 1123 1415 1193 expedita,
1441 1129 1500 1176 ut
1541 1136 1645 1174 non
1694 1121 1764 1174 sit
1792 1133 1878 1176 re-

297 1220 451 1276 bellis
476 1220 597 1286 sibi,
620 1227 780 1289 atque
811 1227 870 1272 ut
903 1219 956 1271 in
985 1215 1188 1272 somnis
1225 1214 1408 1280 etiam,
1442 1227 1547 1266 non
1571 1211 1744 1266 solum
1773 1225 1876 1264 non

293 1320 569 1384 perpetret
601 1311 730 1364 istas
765 1307 1182 1376 corruptelarum
1221 1303 1573 1373 turpitudines
1618 1317 1711 1370 per
1744 1302 1877 1354 ima-

291 1403 445 1472 gines
471 1401 729 1456 animales
755 1414 922 1468 usque
963 1397 1030 1451 ad
1063 1397 1240 1452 carnis
1259 1395 1478 1458 ﬂuxum,
1511 1393 1604 1447 sed
1636 1407 1702 1446 ne
1746 1405 1876 1444 con-

291 1493 489 1546 sentiat
512 1490 742 1560 quidem.
775 1488 906 1543 Nam
951 1499 1008 1541 ut
1058 1487 1186 1541 nihil
1225 1486 1330 1540 tale
1371 1484 1451 1539 vel
1482 1483 1741 1538 tantillum
1773 1483 1785 1513 ¹
1816 1483 1878 1535 li-

291 1583 438 1648 beat,
476 1581 785 1653 quantulum
818 1581 984 1650 possit
1012 1587 1140 1632 nutu
1169 1577 1425 1644 cohiberi,
1455 1576 1616 1631 etiam
1647 1575 1698 1630 in
1729 1583 1877 1630 casto

291 1675 608 1751 dormientis
635 1674 845 1737 affectu,
875 1688 981 1742 non
1009 1682 1210 1726 tantum
1243 1670 1294 1723 iu
1323 1669 1421 1724 hac
1445 1669 1571 1733 vita,
1604 1669 1696 1724 sed
1718 1668 1876 1722 etiam

291 1766 346 1820 in
375 1765 475 1821 hac
501 1775 676 1830 relate,
707 1779 810 1818 nou
837 1779 1086 1834 magnum
1115 1771 1198 1817 est
1216 1760 1586 1830 omnipotenti,
1621 1760 1710 1829 qui
1734 1759 1878 1814 vales

290 1856 471 1912 facere
495 1871 653 1926 supra
679 1870 835 1926 quam
867 1855 1092 1924 petimus
1118 1862 1171 1908 et
1191 1852 1531 1922 intelligimus
1557 1849 1770 1924 (Ep/tes.
1796 1865 1875 1915 ιιι,

288 1949 406 2018 20).
427 1948 577 2003 Nunc
610 1957 785 2002 tamen
817 1947 942 2018 quid
967 1945 1141 2000 adhuc
1162 1947 1260 2000 sim
1287 1944 1338 1998 in
1367 1943 1470 1998 hoc
1509 1957 1706 2013 genere
1752 1941 1878 1995 mali

289 2040 423 2102 mei,
445 2040 552 2094 dixi
584 2038 810 2093 Domino
830 2039 973 2092 bono
1003 2051 1142 2100 meo,
1181 2035 1452 2090 exsultans
1489 2050 1608 2088 cum
1645 2041 1877 2098 tremore

294 2131 468 2201 (Psal.
498 2147 556 2197 ιι,
591 2127 679 2201 ll)
713 2130 762 2183 in
787 2144 851 2184 eo
879 2127 1020 2198 quod
1046 2127 1253 2182 donasti
1271 2125 1421 2188 mihi,
1450 2133 1505 2180 et
1530 2126 1716 2195 lugens
1735 2124 1786 2177 in
1813 2137 1877 2178 eo

289 2221 434 2292 quod
455 2223 908 2276 inconsummatus
926 2235 1066 2286 sum,
1095 2233 1315 2288 sperans
1336 2219 1356 2248 '
1380 2217 1732 2286 perfecturum
1754 2215 1877 2270 tein

289 2325 380 2383 me
427 2310 819 2365 misericordias
847 2318 971 2363 tuas
1019 2323 1184 2377 usque
1229 2307 1294 2360 ad
1340 2322 1521 2376 pacem
1565 2305 1874 2375 pleuariam,

289 2416 452 2470 quam
485 2410 655 2455 tecum
706 2399 977 2454 habebunt
1027 2397 1276 2451 interiora
1329 2404 1384 2451 et
1430 2397 1691 2450 exteriora
1737 2409 1874 2459 mea,

289 2505 413 2568 eum
441 2492 690 2560 absorpta
741 2489 897 2545 fuerit
946 2504 1090 2544 mors
1135 2489 1186 2542 in
1232 2487 1506 2542 victoriam
1533 2485 1592 2559 (Ι
1625 2487 1741 2541 Cor.
1781 2502 1876 2544 xv.

291 2581 425 2653 δι).

818 2649 1044 2720 CAPUT
1084 2649 1278 2705 xxxr.

651 2759 716 2816 Ut
746 2777 798 2815 se
820 2762 946 2832 gerit
969 2761 1036 2814 ad
1064 2761 1358 2816 tentationes
1381 2760 1534 2832 gulta.

363 2853 452 2908 43.
483 2852 578 2906 Est
613 2852 714 2906 alia
741 2852 935 2905 malitia
963 2851 1087 2919 diei,
1138 2867 1255 2921 qua:
1285 2851 1485 2904 utinam
1527 2849 1752 2904 sufficiat
1797 2849 1867 2903 ci.

293 2943 583 3012 Relicimus
604 2944 745 2999 enim
765 2944 1098 3014 quotidianas
1124 2944 1303 2998 ruinas
1328 2943 1567 3012 corporis
1596 2941 1801 2996 edendo
1829 2950 1881 2996 et

293 3035 547 3102 bibendo,
602 3037 910 3106 priusquam
935 3051 1086 3090 escas
1110 3045 1163 3090 et
1193 3047 1428 3090 ventrem
1469 3035 1728 3098 destruas,
1762 3048 1880 3087 cum

293 3128 555 3183 occideris
583 3129 923 3198 indigentiam
954 3143 1128 3183 meam
1156 3129 1398 3182 satietate
1420 3127 1660 3194 mirifica,
1690 3136 1742 3180 et
1769 3142 1884 3180 cor-

291 3220 543 3289 ruptibile
569 3219 669 3273 hoc
698 3219 930 3275 indueris
947 3219 1340 3287 incorruptione
1360 3217 1679 3287 sempiterna
1697 3216 1851 3288 (Ibid.
1866 3259 1879 3282 ,

295 3311 411 3380 55).
443 3311 598 3366 Nune
623 3321 798 3365 autem
819 3312 993 3366 suavis
1021 3319 1103 3366 est
1130 3310 1259 3365 mihi
1276 3310 1584 3376 necessitas,
1615 3318 1667 3364 ct
1695 3310 1883 3364 adver-

296 3417 389 3458 sus
407 3405 563 3458 istam
593 3405 905 3458 suavitatem
929 3419 1106 3473 pugno
1130 3418 1195 3458 ne
1215 3403 1395 3472 eapiar
1415 3421 1428 3469 ;
1447 3411 1501 3457 et
1519 3403 1884 3473 quotidianum

296 3497 497 3550 bellum
524 3512 651 3566 gero
678 3498 728 3551 in
749 3497 984 3566 jejuniis,
1018 3497 1211 3565 smpius
1237 3497 1287 3550 in
1311 3497 1616 3550 servitutem
1639 3497 1884 3566 redigeus

297 3599 494 3658 corpus
524 3600 697 3640 meum
731 3585 990 3655 (lCor.1x,
1009 3585 1098 3655 27)
1123 3602 1137 3648 ;
1165 3593 1220 3639 et
1247 3585 1458 3640 dolores
1489 3585 1590 3640 luci
1619 3587 1885 3655 voluptate

299 3678 588 3748 pelluntur.
629 3677 760 3732 Nam
793 3678 955 3732 fames
993 3686 1046 3732 et
1075 3677 1188 3732 sitis
1235 3677 1449 3747 quidam
1488 3677 1699 3732 dolores
1729 3686 1884 3741 sunt;

298 3782 482 3837 urunt,
511 3779 566 3824 et
602 3771 734 3825 sicut
761 3769 922 3825 febris
947 3777 1158 3833 necant,
1210 3770 1311 3823 nisi
1355 3770 1727 3823 alimentorum
1770 3784 1885 3823 me-

299 3861 474 3916 dicina
503 3869 795 3916 succurrat.
823 3861 951 3928 Qua:
978 3861 1225 3930 quoniam
1255 3871 1448 3930 prmsto
1477 3870 1577 3925 est,
1606 3877 1670 3915 ex
1699 3875 1890 3915 conso-

298 3950 503 4026 latione
528 3968 805 4006 munerum
832 3960 1062 4015 tuorum,
1091 3953 1142 4005 in
1171 3952 1360 4021 quibus
1381 3961 1577 4006 nostra:
1596 3953 1888 4009 infirmitati

299 4051 442 4097 terra
472 4053 526 4098 et
551 4059 685 4113 aqua
721 4053 776 4099 et
816 4044 1010 4098 malum
1050 4043 1320 4107 serviunt,
1358 4043 1629 4098 calamitas
1681 4043 1888 4103 deliciae

297 4145 555 4192 vocantur
584 4136 625 4189 ³.

371 4228 462 4282 44.
506 4227 620 4282 [loc
663 4243 750 4283 me
777 4227 1022 4294 docuisti,
1059 4236 1119 4284 ut
1157 4227 1604 4298 quemadmodum
1653 4228 1887 4286 mediea~

296 4327 502 4392 rnenta,
529 4319 605 4373 sic
625 4319 870 4377 alimenta
896 4327 1206 4389 sumpturus
1232 4319 1504 4374 accedam.
1536 4318 1640 4374 Sed
1668 4319 1791 4374 dum
1822 4319 1887 4374 ad

297 4410 532 4480 quietem
562 4412 818 4464 satietatis
841 4426 907 4465 ex
954 4412 1256 4481 indigentia:
1281 4413 1520 4466 molestia
1565 4422 1796 4473 transeo,
1828 4413 1878 4466 in

296 4506 420 4574 ipso
451 4505 669 4560 transitu
698 4505 826 4560 mihi
865 4505 1145 4560 insidiatur
1170 4506 1392 4575 laqueus
1420 4506 1883 4576 concupiscentiae.

295 4598 420 4668 Ipse
445 4599 582 4652 enim
615 4599 864 4653 transitus
888 4598 1130 4666 voluptas
1151 4609 1250 4663 est,
1271 4610 1323 4654 et
1353 4615 1454 4652 ιιοιι
1482 4607 1562 4654 est
1587 4599 1722 4653 alius
1748 4597 1887 4668 ‘qua

296 4698 724 4762 transeaturquo
749 4689 770 4721 ⁵
799 4689 1025 4744 transire
1048 4689 1188 4758 cogit
1215 4690 1522 4744 necessitas.
1556 4691 1617 4744 Et
1645 4705 1764 4744 cum
1799 4703 1886 4744 sa-

295 4781 385 4835 lus
410 4784 482 4834 sit
504 4795 667 4835 causa
692 4779 886 4837 edendi
915 4787 968 4835 et
1007 4780 1243 4845 bibendi,
1289 4781 1523 4852 adjungit
1551 4797 1607 4837 se
1639 4792 1885 4853 tanquam

294 4871 622 4943 pedissequa
636 4871 930 4940 periculosa
947 4870 1274 4941 jucunditas,
1298 4881 1356 4927 et
1372 4873 1682 4944 plerumque
1699 4875 1888 4944 praeire

295 4970 545 5028 conatur,
576 4973 635 5018 ut
661 4963 777 5034 ejus
803 4979 962 5018 causa
993 4964 1083 5018 liat
1110 4965 1252 5035 quod
1293 4966 1475 5022 salutis
1504 4982 1663 5022 causa
1691 4984 1776 5022 me
1801 4967 1880 5023 fa-

295 5069 428 5111 cere
473 5053 559 5110 vel
607 5054 750 5121 dico,
777 5055 860 5112 vel
890 5056 1029 5110 volo.
1072 5055 1179 5111 Nec
1219 5057 1356 5112 idem
1387 5059 1576 5114 modus
1606 5059 1884 5132 utriusque

295 5158 385 5206 est
411 5167 426 5203 :
455 5163 581 5204 nam
607 5149 749 5220 quod
771 5147 929 5205 saluti
949 5149 1077 5205 satis
1099 5156 1200 5216 est,
1223 5149 1557 5206 delectationi
1573 5167 1757 5228 parum
1783 5163 1882 5210 est.

369 5263 387 5296 ⁸
412 5259 679 5321 Tantalum,
694 5259 835 5324 juxta
853 5261 996 5324 Rond.
1016 5274 1125 5322 cum
1148 5261 1196 5310 ll
1220 5269 1322 5312 Mss.
1344 5269 1398 5311 Μ.

366 5325 391 5386 9
408 5323 848 5386 superansjuxta
863 5323 1005 5386 norat.
1029 5335 1090 5386 ex
1107 5335 1196 5372 sex
1219 5331 1323 5386 uss.
1335 5331 1397 5386 _M.

368 5384 392 5416 ³
409 5383 512 5455 nm;
542 5389 693 5455 Er._et
707 5391 845 5455 tam,
866 5383 1160 5455 calamitates
1183 5383 1667 5455 delicia-vocantur;
1695 5394 1747 5438 at
1779 5395 1887 5440 Mss.

297 5443 533 5512 plerique
551 5450 604 5496 et
615 5452 752 5512 μω,
1050 5447 1195 5496 Priori
1213 5445 1406 5498 lectioni
1437 5447 1601 5500 favent
1839 5458 1891 5501 ct

302 5507 585 5559 cum
601 5507 634 5556 4
649 5515 755 5558 Mss.
774 5515 830 5559 tu.

370 5569 393 5631 ξ
413 5565 561 5627 Alius,
581 5569 721 5631 juxta
742 5575 917 5620 50mm.
939 5577 990 5620 et
1010 5568 1155 5619 ttond.
1175 5583 1283 5619 cum
1300 5569 1332 5620 2
1354 5578 1455 5620 Mss.
1478 5579 1531 5619 at.

370 5630 392 5662 ⁸
412 5638 462 5679 ιιι
479 5630 703 5680 omnibus
717 5631 826 5680 ΕΜ.
845 5639 960 5682 ante
979 5640 1087 5680 Arn.
1110 5632 1366 5695 legebatur
1382 5646 1527 5696 quem
1548 5646 1639 5694 quo
1663 5632 1884 5685 transire.

303 5699 608 5767 “punctum
627 5699 877 5756 estquam,
896 5696 1176 5746 auctoritate.
1197 5704 1296 5744 \iss.
1321 5702 1369 5744 et
1386 5709 1534 5747 sensu
1554 5699 1802 5758 exigente.

1648 271 1850 330 LIBER
1892 267 2207 327 DECIMUS.

3468 285 3573 342 798

1992 386 2059 441 Et
2078 401 2221 458 saepe
2246 389 2505 446 incertum
2531 391 2588 446 ﬁt
2616 400 2792 448 utrum
2819 394 2993 451 adhuc
3013 396 3312 451 necessaria
3336 401 3577 470 corporis

1990 493 2116 532 cura
2137 479 2427 535 subsidium
2452 492 2613 551 petat,
2639 499 2706 538 an
2727 484 3020 554 voluptaria
3040 487 3342 556 cupiditatis
3365 488 3574 544 fallacia

1989 568 2341 625 ministerium
2369 583 2634 642 suppetat.
2668 575 2749 630 Ad
2782 576 2884 631 hoe
2908 578 3459 636 inccrtum-~hilarescit
3491 581 3575 634 in-

1988 655 2113 713 felix
2141 661 2340 727 anima,
2374 670 2431 718 et
2460 665 2512 718 in
2556 680 2622 720 eo
2651 676 2912 736 praeparat
2949 670 3306 726 excusationis
3342 671 3576 741 patroci-

1989 749 2158 812 nium,
2191 751 2427 820 gaudens
2452 770 2557 809 non
2575 771 2832 826 apparere
2854 758 2980 830 quid
2995 760 3123 814 satis
3136 761 3204 814 sit
3223 761 3574 820 moderationi

1987 841 2328 908 valetudinis,
2358 854 2417 900 ut
2440 847 2659 902 obtentu
2683 849 2868 904 salutis
2894 851 3178 908 obumbret
3195 854 3459 924 negotium
3474 833 3570 912 vo;

1987 932 2223 1002 luptatis.
2276 936 2369 993 His
2418 940 2796 995 tentationibus
2843 942 3079 1012 quotidie
3106 957 3276 1000 conor
3301 946 3569 1018 resistere,

1988 1031 2044 1077 et
2073 1023 2263 1080 invoco
2283 1026 2558 1101 dexteram
2602 1037 2744 1085 tuam
2769 1031 2836 1086 ad
2865 1033 3090 1093 salutem
3117 1050 3311 1101 meam,
3350 1045 3405 1092 et
3421 1038 3490 1094 ad
3518 1049 3571 1096 te

1985 1112 2160 1255 Eefero
2183 1126 2344 1172 aestus
2365 1135 2534 1187 meos,
2553 1122 2675 1190 quia
2696 1125 2978 1180 consilium
3005 1126 3136 1181 mihi
3156 1127 3224 1183 de
3246 1128 3345 1184 hac
3361 1145 3419 1186 re
3436 1147 3570 1187 non-

2023 1218 2115 1255 um
2137 1213 2263 1255 stat.

2023 1218 2115 1266 um
2137 1213 2263 1259 stat.

2053 1297 2142 1352 45.
2183 1299 2354 1353 Audio
2382 1316 2564 1356 vocem
2588 1303 2821 1373 iubentis
2855 1306 2950 1359 Dei
2983 1307 3091 1362 mei
3121 1325 3134 1361 :
3161 1307 3281 1362 Non
3306 1317 3571 1379 graventur

1983 1387 2138 1439 corde
2172 1397 2333 1442 vestra
2377 1391 2430 1442 in
2476 1392 2685 1460 crapula
2732 1404 2778 1447 et
2829 1395 3064 1449 ebrietate
3093 1395 3266 1468 (Luc.
3301 1414 3422 1460 xu,
3453 1401 3565 1472 54).

1983 1477 2225 1533 Ebrietas
2256 1479 2412 1550 longe
2439 1492 2521 1536 est
2551 1499 2580 1535 a
2610 1500 2730 1548 me;
2764 1486 3124 1556 misereberis,
3174 1505 3242 1545 ne
3283 1493 3571 1562 appropin-

1981 1577 2109 1636 quet
2170 1569 2319 1623 mihi.
2373 1570 2598 1641 Crapula
2651 1583 2830 1632 autem
2885 1593 3262 1651 nonnunquam
3325 1583 3566 1653 subrepit

1981 1674 2137 1716 servo
2157 1669 2276 1726 tuo;
2301 1663 2658 1729 misereberis,
2682 1667 2903 1738 utlonge
2927 1669 3016 1724 fiat
3041 1686 3072 1724 a
3105 1687 3208 1727 me.
3235 1672 3400 1728 Nemo
3421 1675 3562 1730 enim

1981 1763 2157 1822 potest
2185 1769 2305 1811 esse
2333 1757 2633 1821 continens,
2677 1759 2776 1813 nisi
2808 1769 2861 1814 tu
2883 1761 3000 1816 des.
3041 1764 3201 1818 Multa
3230 1766 3381 1820 nobis
3409 1781 3569 1820 oran-

1983 1843 2122 1898 tibus
2151 1845 2372 1911 tribuis;
2423 1855 2478 1901 et
2523 1847 2775 1918 quidquid
2808 1850 2930 1905 boui
2974 1862 3253 1923 antequam
3299 1870 3571 1911 oraremus

1979 1936 2300 2007 accepimus,
2323 1953 2351 1992 a
2374 1946 2426 1994 te
2445 1940 2778 2010 accepimus;
2803 1951 2856 1997 et
2871 1953 2927 1998 ut
2953 1944 3052 2000 hoc
3075 1954 3255 2015 postea
3281 1961 3571 2016 cognosce-

1980 2045 2179 2100 remus,
2208 2047 2237 2086 a
2262 2041 2313 2089 te
2341 2036 2662 2104 accepimus.
2719 2036 2976 2093 Ebriosus
3022 2054 3293 2109 nunquam
3333 2038 3432 2105 fui,
3476 2039 3571 2094 sed

1981 2124 2221 2180 ebriosos
2261 2141 2291 2181 a
2333 2136 2385 2182 te
2413 2128 2617 2183 sobrios
2662 2128 2830 2184 factos
2858 2146 2956 2200 ego
2986 2132 3128 2185 novi.
3162 2132 3299 2201 Ergo
3352 2145 3383 2185 a
3414 2138 3465 2185 te
3498 2129 3574 2195 fa-_

1981 2221 2126 2268 ctum
2153 2224 2237 2270 est
2266 2224 2324 2271 ut
2350 2216 2452 2272 hoc
2500 2233 2605 2273 non
2636 2229 2815 2274 essent
2835 2222 2924 2289 qui
2955 2237 3219 2290 nunquam
3269 2222 3496 2287 fuerunt,
3541 2236 3573 2275 a

1987 2319 2093 2374 quo
2122 2307 2314 2361 nactum
2345 2317 2427 2362 est
2455 2317 2512 2363 ut
2534 2309 2636 2364 hoc
2665 2325 2767 2364 non
2789 2324 3002 2380 semper
3023 2319 3203 2365 essent
3222 2311 3311 2379 qui
3337 2309 3569 2376 fuerunt,
3665 2303 3667 2306 ⁴

1986 2411 2016 2450 a
2039 2413 2144 2467 quo
2161 2400 2318 2452 etiam
2335 2398 2530 2454 factum
2553 2409 2636 2456 est
2661 2409 2717 2455 ut
2743 2402 2938 2456 scirent
2961 2401 3171 2470 utrique
3194 2416 3224 2454 a
3249 2415 3355 2472 quo
3377 2401 3573 2460 factum

1982 2499 2085 2546 est.
2115 2490 2302 2544 Audivi
2350 2492 2508 2545 aliam
2538 2507 2723 2547 vocem
2757 2501 2900 2547 tuam
2935 2511 2948 2546 :
2982 2490 3108 2546 Post
3147 2492 3575 2562 concupiscendos

1984 2589 2098 2635 tuas
2125 2598 2224 2634 non
2252 2598 2356 2648 eas,
2383 2591 2431 2635 et
2449 2599 2481 2635 e
2505 2581 2759 2637 uoluntate
2777 2593 2864 2637 tua
2879 2583 3569 2656 avertere(Eccli.xvm,50).

1987 2671 2186 2726 Audivi
2209 2682 2262 2726 et
2289 2673 2430 2726 illam
2458 2687 2520 2727 ex
2551 2688 2773 2727 munere
2813 2683 2902 2727 tuo
2928 2688 3084 2743 quam
3111 2674 3332 2727 multum
3354 2675 3524 2728 amavi
3558 2692 3571 2728 :

1986 2762 2167 2835 Neque
2197 2765 2242 2818 si
2269 2764 2735 2818 menduceverimus
2753 2806 2767 2830 ,
2797 2763 3198 2828 abundabimus;
3226 2780 3381 2834 neque
3405 2765 3450 2818 si
3473 2780 3576 2819 non

1985 2854 2450 2908 menduceuerimus
2475 2897 2490 2921 ,
2540 2854 2695 2908 deerit
2745 2854 2886 2907 nobis
2919 2852 2972 2926 (ι
2997 2851 3113 2908 Cor.
3161 2867 3291 2920 vm,
3331 2851 3422 2924 8).
3465 2852 3579 2908 Hoc

1996 2954 2078 3001 est
2104 2946 2304 3014 dicere,
2355 2946 2462 3002 Nec
2486 2947 2572 3000 illa
2602 2962 2689 3001 res
2716 2962 2800 3001 me
2826 2946 3098 3014 copiosum
3141 2945 3316 3010 faciet,
3347 2959 3447 3000 nec
3489 2945 3579 3000 illa

1987 3051 2368 3090 a‘rumnosum.
2402 3036 2590 3092 Audivi
2633 3045 2686 3091 et
2733 3038 2952 3090 alteram
2984 3053 2996 3089 :
3033 3035 3144 3106 Ego
3171 3037 3302 3090 enim
3342 3037 3499 3090 didici
3525 3038 3579 3092 in

1985 3127 2164 3199 quibus
2191 3146 2301 3182 sum
2326 3129 2572 3198 sit/ﬁciens
2611 3144 2755 3192 esse;
2796 3137 2844 3182 et
2882 3128 3142 3181 abundare
3168 3129 3302 3196 novi,
3342 3139 3389 3182 et
3417 3145 3578 3199 penu-

1987 3222 2117 3275 riam
2145 3222 2251 3290 peti
2277 3223 2408 3274 novi.
2444 3221 2628 3276 Omnia
2655 3237 2859 3292 possum
2900 3221 2953 3274 in
2983 3237 3040 3274 eo
3067 3221 3152 3290 qui
3198 3237 3275 3274 me
3317 3224 3571 3292 confortat

1993 3311 2323 3383 (Philipp.rv,
2354 3313 2560 3384 1H5).
2587 3313 2722 3366 Ecce
2748 3311 2902 3365 miles
2931 3318 3230 3364 castrorum
3256 3310 3576 3376 cmlestium,

1989 3421 2094 3461 ιιοιι
2119 3406 2291 3474 pulvis
2312 3405 2449 3476 quod
2466 3419 2561 3460 nos
2573 3417 2774 3458 sumus.
2791 3401 2896 3457 Sed
2915 3401 3581 3470 memento,Domine,quia

1991 3495 2163 3566 pulvis
2193 3509 2394 3557 sumus,
2422 3503 2474 3549 et
2511 3493 2579 3548 de
2622 3493 2839 3561 pulvere
2884 3489 3055 3546 fecisti
3081 3490 3351 3544 hominem
3385 3492 3404 3559 (
3433 3489 3581 3544 Psal.

1992 3601 2083 3651 cu,
2119 3587 2215 3649 lxi;
2247 3595 2292 3639 et
2322 3584 2447 3639 Gen.
2478 3600 2554 3649 ιιι,
2608 3583 2724 3654 l9),
2747 3591 2810 3637 et
2853 3582 3103 3652 perierat,
3132 3591 3186 3636 et
3228 3583 3477 3635 inventus
3500 3589 3584 3635 est

1997 3677 2144 3748 (Luc.
2178 3693 2274 3744 xv,
2303 3677 2394 3743 25,
2437 3676 2555 3746 32).
2587 3674 2698 3731 Nec
2744 3675 2832 3729 ille
2879 3675 2932 3728 in
2965 3689 3024 3728 se
3062 3674 3251 3742 potuit,
3277 3673 3397 3743 quia
3441 3672 3582 3727 idem

1993 3769 2161 3839 pulvis
2191 3766 2304 3829 fuit,
2348 3782 2504 3836 quem
2545 3766 2666 3819 talia
2698 3765 2962 3820 dicentem
2993 3763 3170 3818 afﬂatu
3203 3773 3307 3818 tua:
3353 3763 3584 3832 inspira-

1995 3855 2152 3911 tionis
2177 3857 2417 3911 adamavi
2451 3873 2465 3909 :
2505 3853 2688 3909 Omnia
2716 3871 2936 3924 possunt,
2977 3855 3176 3924 inquit,
3216 3855 3268 3908 in
3312 3870 3369 3907 eo
3395 3854 3479 3918 qui
3507 3871 3591 3915 me,

1994 3949 2265 4018 confortet.
2297 3944 2548 4000 Cunfurta
2579 3960 2684 4008 me,
2719 3953 2775 3997 ut
2805 3943 3020 4012 possim.
3055 3944 3125 3997 Da
3157 3943 3297 4013 quod
3322 3944 3499 4013 jubcs,
3528 3953 3586 4005 et

1989 4035 2116 4106 jube
2144 4037 2279 4106 quod
2312 4037 2409 4091 vis.
2451 4035 2555 4090 Istc
2597 4050 2657 4090 se
2703 4034 2977 4105 accepisse
3023 4034 3323 4101 confitetur,
3365 4035 3589 4104 etquod

1993 4127 2267 4197 gloriatur,
2297 4127 2347 4180 in
2380 4127 2603 4180 Domino
2631 4125 2916 4196 gloriatur'
2941 4125 2979 4197 (l
2998 4123 3118 4179 Cor.
3148 4141 3185 4191 ι,
3214 4125 3301 4190 50,
3329 4125 3443 4198 3|).
3469 4128 3582 4180 Αιι-

1994 4219 2100 4276 divi
2125 4219 2283 4272 alium
2310 4227 2581 4289 rogantem
2612 4225 2670 4272 ut
2711 4217 2932 4287 accipiat
2959 4235 2971 4270 :
3011 4217 3166 4288 Aufer
3191 4231 3223 4268 a
3253 4231 3350 4283 me,
3383 4215 3574 4286 inquit,

1995 4309 2418 4379 concupiscenties
2443 4309 2626 4362 ventris
2646 4307 2828 4378 (Eccli.
2859 4322 3010 4371 xxnt,
3041 4306 3075 4362 6
3097 4305 3138 4376 ).
3160 4305 3310 4360 Unde
3339 4314 3579 4375 apparet,

1995 4408 2178 4454 sancte
2219 4400 2357 4454 Deus
2404 4413 2574 4464 meus,
2623 4408 2673 4452 te
2710 4397 2860 4463 dare,
2900 4412 3019 4451 cum
3067 4397 3126 4450 fit
3165 4396 3308 4466 quod
3352 4397 3586 4468 imperas

1996 4491 2134 4546 ﬁeri.
2487 4531 2490 4534 .

2066 4582 2156 4637 46.
2187 4581 2419 4635 Docuisti
2443 4596 2548 4647 me,
2582 4580 2736 4634 Pater
2762 4581 2914 4642 bone,
2949 4577 3133 4632 Omnia
3152 4579 3339 4633 munde
3356 4581 3583 4644 mundis;

1995 4677 2084 4730 sed
2112 4675 2302 4728 malum
2329 4689 2448 4728 esse
2495 4673 2683 4727 homini
2710 4672 2794 4743 qui
2822 4689 2910 4743 per
2949 4671 3275 4739 offensionem
3306 4673 3579 4726 manducet

2001 4766 2176 4838 (Rom.
2226 4779 2340 4832 xxv,
2381 4763 2509 4837 20);
2543 4773 2594 4818 et
2645 4779 2856 4818 omnem
2887 4774 3186 4818 creaturam
3217 4771 3360 4818 tuam
3387 4763 3581 4816 bonam

1996 4874 2135 4920 esse,
2167 4857 2390 4928 nihilque
2415 4854 2750 4926 abjiciendum
2784 4855 2917 4923 quod
2945 4871 3057 4907 cum
3081 4855 3359 4924 gratiarum
3384 4853 3583 4905 actione

1997 4951 2269 5023 percipitur
2299 4949 2346 5020 (l
2372 4947 2506 5002 Tim.
2558 4963 2631 5013 tv,
2671 4948 2778 5016 4);
2823 4956 2876 5001 et
2902 4946 3022 5016 quia
3054 4962 3166 4998 esca
3202 4961 3290 4998 nos
3321 4960 3419 4997 non
3447 4960 3587 4997 com-

1996 5041 2197 5094 mendat
2218 5039 2327 5094 Deo
2359 5037 2415 5112 (Ι
2443 5038 2562 5093 Cor.
2593 5053 2704 5102 vui,
2737 5035 2825 5108 8).
2860 5044 2912 5090 ct
2930 5044 2985 5089 ut
3007 5052 3148 5088 nemo
3175 5051 3264 5088 nos
3294 5034 3488 5106 judicct
3532 5035 3587 5090 in

1995 5129 2104 5185 cibo
2128 5139 2216 5185 aut
2241 5130 2293 5184 in
2322 5137 2443 5201 potu
2473 5126 2684 5199 (Coloss.
2702 5143 2759 5194 ιι,
2793 5127 2901 5197 l6);
2929 5135 2982 5181 et
3006 5135 3058 5178 ut
3083 5126 3171 5196 qui
3193 5124 3462 5177 manducet
3483 5141 3584 5178 non

1996 5223 2377 5290 manducantem
2403 5237 2502 5274 non
2531 5229 2772 5290 spernat;
2811 5229 2856 5272 et
2879 5219 2963 5288 qui
2991 5234 3092 5270 non
3115 5215 3407 5282 manducet,
3433 5234 3603 5286 man-3

1997 5313 2262 5366 ducentem
2286 5328 2384 5366 non
2401 5311 2597 5383 judicet
2629 5307 2798 5382 (Rom.
2823 5324 2932 5372 xw,
2965 5307 3042 5378 5).
3077 5306 3240 5360 Didici
3270 5305 3416 5371 lucc;
3455 5321 3580 5376 gra-

1997 5407 2097 5460 tias
2122 5406 2240 5470 tibi,
2272 5403 2451 5458 laudes
2477 5403 2569 5457 tibi
2596 5402 2705 5456 Deo
2732 5415 2871 5466 meo,
2901 5399 3149 5469 magistro
3164 5415 3301 5463 meo,
3321 5399 3586 5468 pulsatori

1995 5499 2201 5554 aurium
2229 5511 2486 5564 mearum,
2513 5493 2823 5550 illustratori
2851 5491 3027 5548 cordis
3053 5493 3158 5548 mei
3189 5492 3372 5562 :eripe
3395 5508 3480 5546 me
3510 5490 3577 5548 ale

1999 5703 2036 5745 Μ
2037 5633 2088 5744 λζ
2093 5635 2188 5745 1ut“
2175 5628 2303 5694 quod
2318 5629 2567 5696 gloriatur,
2587 5627 2639 5682 in
2655 5625 2856 5680 Domino
2869 5624 3119 5701 glorietur,
3134 5629 3272 5692 juxta
3287 5627 3319 5678 5'
3336 5635 3437 5680 Mss.
