4078 6366
506 478 652 534 omni
682 476 992 532 tentatione.
1019 472 1135 527 Non
1157 484 1256 541 ego
1272 468 1652 525 immunditiam
1668 463 1873 523 obsonii
1895 464 2077 530 timeo,

506 569 604 626 sed
633 567 1018 625 immunditiam
1055 564 1373 636 cupiditatis.
1406 562 1529 618 Scio
1563 560 1675 616 Noe
1717 574 1875 615 omne
1902 555 2079 614 carnis

504 675 672 731 genus
712 658 856 731 quod
905 658 1026 714 cibo
1068 665 1209 712 esset
1250 655 1367 710 usui
1408 653 1727 709 manducare
1763 650 2075 720 permissum

510 754 753 826 (Gen.1x,
765 752 819 817 2,
834 752 915 823 '5);
933 751 1100 806 Eliam
1119 750 1237 803 cibo
1247 748 1422 803 carnis
1434 744 1686 800 refectum
1703 742 1789 814 (111
1803 742 1930 813 Reg.
1944 757 2073 806 xvn,

504 842 584 913 6);
613 842 869 898 Joannem
895 839 1122 895 mirabili
1147 837 1462 893 abstinentia
1496 835 1792 905 prmditum,
1838 830 2079 886 animali-

504 933 626 1001 bus,
654 932 755 987 boc
776 941 858 988 est
884 931 1120 994 locustis,
1145 929 1196 982 in
1218 942 1392 983 escam
1414 924 1721 979 cedentibus
1744 922 1965 993 (Matth.
1997 937 2071 984 III,

505 1023 562 1094 ι)
587 1037 692 1077 non
720 1022 882 1077 fuisse
909 1020 1187 1091 pollutum.
1212 1018 1278 1072 Et
1296 1017 1406 1071 scio
1428 1012 1859 1085 Esaglenticulze
1882 1026 2076 1066 concu-

503 1114 760 1184 piscentia
786 1113 1062 1182 deceptum
1089 1109 1237 1182 (Gen.
1267 1123 1398 1173 xxv,
1421 1106 1509 1176 54)
1534 1122 1549 1170 ;
1589 1113 1643 1160 et
1672 1103 1837 1158 David
1861 1110 2075 1172 propter

500 1217 651 1273 aquae
670 1202 987 1257 desiderium
1017 1215 1046 1253 a
1075 1199 1251 1267 seipso
1272 1194 1651 1265 reprehensum
1676 1190 1754 1264 (11
1772 1190 1898 1261 Reg.
1917 1205 2069 1255 xxut,

499 1291 708 1363 15-17);
738 1299 792 1345 et
821 1290 1016 1365 Regem
1041 1296 1281 1342 nostrum
1306 1299 1411 1339 non
1439 1283 1506 1339 de
1528 1297 1710 1347 carne,
1726 1280 1819 1336 sed
1843 1280 1911 1335 de
1936 1294 2072 1349 pane

500 1395 621 1437 esse
646 1389 905 1436 tentatum
935 1378 1143 1451 (Matth.
1188 1390 1268 1441 tv,
1292 1374 1373 1447 ὅ).
1412 1372 1640 1442 Ideoque
1667 1378 1723 1426 et
1764 1368 1989 1440 populus
2018 1368 2071 1423 in

498 1485 701 1532 eremo,
744 1484 850 1524 non
890 1469 1012 1538 quia
1040 1480 1228 1522 carnes
1265 1463 1619 1528 desideravit,
1667 1459 1760 1515 sed
1788 1459 1910 1530 quia
1935 1472 2071 1513 escas

501 1560 767 1616 desiderio
793 1559 1047 1614 adversus
1075 1558 1356 1611 Dominum
1376 1550 1741 1617 murmuravit,
1764 1548 1957 1604 meruit
1972 1547 2075 1601 im-

496 1648 708 1719 probari
742 1648 928 1720 (Num.
948 1647 1049 1718 ιι).

568 1738 657 1793 47.
697 1737 754 1792 In
782 1737 864 1791 bis
892 1751 1018 1806 ergo
1062 1732 1439 1791 tentationibus
1466 1730 1686 1801 positus,
1738 1736 1887 1785 certo
1931 1741 2070 1797 quo-

493 1827 623 1883 tidie
637 1827 887 1883 adversus
899 1824 1377 1895 concupiscentiam
1393 1819 1744 1876 manducandi
1756 1827 1810 1873 et
1818 1817 2034 1874 bibendi
2048 1836 2061 1873 :

498 1933 607 1973 non
634 1919 774 1972 enim
815 1926 896 1973 est
937 1917 1078 1988 quod
1117 1917 1281 1971 semel
1310 1914 1599 1985 praecidere
1626 1921 1681 1968 et
1717 1912 1934 1967 ulterius
1960 1927 2065 1968 non

492 2007 754 2079 attingere
776 2008 1078 2075 decernam,
1108 2008 1244 2062 sicut
1272 2006 1339 2061 de
1363 2004 1647 2061 concubitu
1693 2003 1859 2073 potui.
1884 2001 2066 2071 Itaque

492 2098 630 2153 freni
658 2099 884 2169 gutturis
911 2107 1199 2169 temperata
1242 2097 1566 2154 relaxatione
1607 2105 1662 2151 et
1688 2094 2064 2150 constrictione

494 2190 709 2244 tenendi
732 2198 872 2246 sunt.
907 2191 975 2245 Et
995 2194 1112 2260 quis
1139 2198 1243 2255 est,
1273 2189 1513 2252 Domine,
1546 2189 1637 2258 qui
1681 2201 1786 2242 non
1832 2186 2065 2256 rapiatur

491 2279 872 2349 aliquantulum
910 2290 1058 2339 extra
1090 2289 1258 2335 metas
1300 2279 1666 2335 necessitatis?
1691 2278 1937 2349 Quisquis
1958 2288 2060 2345 est,

490 2383 715 2437 magnus
731 2377 841 2434 est;
889 2369 1188 2439 magniﬁcet
1212 2384 1403 2425 nomen
1431 2377 1597 2423 tuum.
1620 2369 1730 2438 Ego
1753 2377 1928 2422 autem
1956 2382 2060 2421 non

486 2472 626 2523 sum,
659 2460 780 2529 quia
802 2470 1051 2530 peccator
1078 2461 1237 2516 homo
1264 2476 1399 2515 sum.
1449 2460 1555 2517 Sed
1579 2470 1632 2515 et
1658 2475 1756 2531 ego
1785 2459 2061 2530 magniﬁco

489 2560 684 2602 nomen
736 2557 916 2615 tuum;
975 2558 1030 2606 et
1072 2551 1376 2620 interpellat
1421 2560 1472 2605 te
1520 2565 1617 2620 pro
1665 2551 1892 2621 peccatis
1930 2551 2062 2605 meis

490 2633 666 2709 (Rom.
695 2655 806 2705 vm,
838 2641 951 2711 34),
972 2642 1061 2711 qui
1086 2642 1211 2695 vicit
1237 2642 1489 2696 saeculum
1523 2640 1714 2713 (Joan.
1765 2657 1877 2707 xvr,
1925 2640 2056 2711 55),

484 2743 772 2784 numerans
804 2746 890 2785 me
917 2731 1057 2785 inter
1071 2731 1273 2786 inﬁrma
1290 2732 1525 2787 membra
1552 2732 1789 2802 corporis
1808 2732 1909 2793 sui.
1939 2732 2057 2801 quia

485 2828 545 2872 et
595 2819 959 2890 imperfectum
991 2822 1105 2891 ejus
1131 2824 1147 2855 ¹
1176 2822 1422 2878 viderunt
1448 2823 1583 2878 oculi
1617 2824 1709 2889 tui,
1749 2832 1803 2879 et
1847 2824 1896 2878 in
1925 2823 2058 2877 libro

484 2915 579 2964 tuo
598 2923 785 2965 omnes
814 2912 1109 2966 scribentur
1140 2911 1306 2984 (Psal.
1337 2927 1594 2980 cxxxvut,
1624 2911 1736 2983 16).

1019 3021 1241 3076 CAPUT
1279 3018 1494 3076 XXXII.

801 3088 867 3144 Ut
894 3106 947 3143 se
972 3094 1097 3161 gerit
1121 3092 1187 3145 ad
1214 3092 1424 3145 odorum
1451 3091 1725 3148 illecebras.

552 3177 643 3234 48.
674 3179 752 3234 De
791 3180 1039 3236 illecebra
1083 3181 1304 3236 odorum
1348 3198 1452 3236 non
1494 3193 1674 3253 satago
1708 3183 1883 3239 nimis.
1923 3183 2053 3240 Cum

478 3268 691 3337 absunt,
723 3285 829 3325 non
858 3271 1103 3340 requiro;
1143 3287 1263 3326 cum
1284 3272 1494 3338 adsunt,
1523 3287 1627 3327 non
1659 3288 1871 3341 respuo,
1899 3288 2053 3343 para-

482 3369 567 3414 tus
586 3361 743 3414 etiam
773 3361 851 3416 eis
868 3376 1080 3429 semper
1100 3376 1302 3415 carere.
1334 3362 1406 3415 Ita
1435 3363 1563 3415 mibi
1589 3362 1801 3427 videor;
1832 3362 2055 3417 fortasse

477 3449 654 3505 fallor.
696 3449 832 3504 Sunt
857 3450 997 3504 enim
1025 3459 1077 3504 et
1110 3452 1223 3504 ista:
1245 3450 1553 3520 plangendtc
1580 3451 1832 3517 tenebrae,
1860 3452 1909 3505 in
1932 3453 2050 3521 qui-

477 3540 578 3596 bus
604 3557 693 3597 me
722 3542 849 3595 latet
874 3541 1093 3596 facultas
1119 3557 1237 3595 mea
1262 3557 1379 3610 quae
1411 3542 1463 3595 in
1490 3557 1577 3598 me
1610 3552 1693 3598 est
1724 3561 1738 3596 :
1766 3553 1824 3597 ut
1845 3542 2051 3596 animus

477 3646 629 3687 meus
646 3631 714 3686 de
734 3632 931 3688 viribus
960 3632 1069 3686 suis
1096 3632 1209 3700 ipse
1229 3646 1288 3687 se
1314 3632 1644 3703 interrogans
1662 3648 1764 3688 non
1783 3632 1937 3687 facile
1952 3633 2051 3687 sibi

477 3720 805 3777 credendum
845 3720 1137 3786 existimet;
1165 3720 1287 3789 quia
1316 3720 1532 3790 etquod
1553 3722 1708 3787 inest,
1742 3721 2051 3790 plerumque

474 3810 743 3866 occultum
768 3820 870 3878 est,
902 3810 1004 3865 nisi
1032 3809 1360 3879 experientia
1390 3812 1773 3866 manifestetur.
1805 3810 1863 3863 Et
1896 3824 2051 3864 nemo

472 3912 689 3954 securus
711 3914 829 3955 esse
853 3900 1011 3955 debet
1040 3901 1092 3954 in
1121 3900 1219 3955 ista
1238 3900 1368 3967 vita,
1399 3916 1518 3970 qua:
1564 3908 1673 3954 tota
1705 3899 1922 3954 tentatio
1947 3914 2048 3953 no-

472 3988 701 4042 minatur
724 3988 861 4058 (Job.
893 4004 986 4056 vu,
1034 3988 1112 4058 1),
1140 3997 1315 4044 utrum
1342 3989 1431 4061 qui
1460 3989 1571 4043 ﬁeri
1600 3989 1772 4059 potuit
1797 4003 1863 4043 ex
1890 3987 2043 4042 dcte-

470 4076 612 4131 riore
642 4077 851 4145 melior,
876 4092 981 4132 non
1009 4078 1100 4134 ﬁat
1129 4079 1286 4134 etiam
1314 4094 1378 4135 ex
1408 4079 1627 4134 meliore
1657 4079 1908 4135 deterior.
1932 4078 2047 4133 Una

468 4181 612 4236 spes,
635 4182 736 4222 una
765 4167 976 4235 ﬁducia,
1012 4184 1114 4223 una
1146 4168 1298 4224 firma
1343 4170 1647 4240 promissio,
1685 4170 2045 4226 misericordia

474 4264 583 4312 tua.

973 4349 1199 4408 CAPUT
1237 4350 1473 4406 XXXIII.

785 4441 852 4497 Ut
878 4458 931 4497 se
956 4448 1082 4514 gerit
1109 4444 1178 4497 ad
1205 4445 1481 4514 voluptates
1505 4448 1723 4499 aurium.

533 4530 626 4587 49.
647 4530 952 4602 Voluptates
972 4535 1176 4589 aurium
1200 4536 1436 4590 tenacius
1461 4552 1546 4591 me
1571 4537 1966 4608 implicaverant
1990 4547 2043 4593 et

462 4622 899 4693 subjugavetant;
940 4624 1034 4679 sed
1064 4626 1353 4692 resolvisti,
1387 4634 1442 4681 et
1481 4627 1716 4682 liberasti
1742 4644 1846 4683 me.
1894 4628 2041 4684 Nunc

460 4711 516 4768 in
546 4714 694 4769 sonis
720 4728 855 4784 quos
875 4715 1110 4770 animant
1136 4716 1342 4786 eloquia
1377 4726 1484 4783 tua,
1516 4734 1635 4773 cum
1667 4720 1813 4773 suavi
1840 4731 1893 4774 et
1915 4723 2041 4774 arti.

461 4803 643 4860 ﬁciosa
657 4820 789 4861 voce
805 4815 1104 4871 cantautur,
1128 4806 1313 4871 fateor,
1337 4809 1713 4878 aliquantulum
1735 4811 2034 4880 acquiesco;

458 4908 565 4949 non
608 4895 822 4966 quidem
872 4906 930 4950 ut
970 4897 1218 4961 lauream,
1257 4898 1350 4954 sed
1390 4910 1444 4955 ut
1485 4915 1696 4971 surgam
1743 4916 1864 4956 cum
1895 4904 2033 4958 volo.

454 4986 702 5042 Attamen
729 5003 849 5042 cum
879 4989 1007 5058 ipsis
1031 4990 1308 5045 sententiis
1331 4992 1522 5061 quibus
1539 4993 1739 5058 vivunt,
1766 5002 1822 5048 ut
1844 4995 2035 5049 admit-

457 5086 632 5134 tantur
675 5079 741 5134 ad
769 5096 875 5146 me,
914 5090 1158 5151 quaerunt
1187 5083 1241 5137 iu
1270 5084 1433 5139 corde
1471 5099 1590 5139 meo
1623 5086 1925 5141 nonnullius
1948 5087 2033 5142 di-

452 5171 667 5239 gnitatis
691 5171 883 5239 locum,
918 5181 973 5227 et
1000 5173 1084 5227 vix
1117 5174 1195 5229 eis
1244 5176 1460 5244 prrcbeo
1484 5185 1881 5246 congruentem.
1917 5180 2031 5235 Ali-

452 5261 664 5328 quando
702 5263 843 5316 enim
890 5264 1009 5332 plus
1052 5263 1179 5319 mibi
1207 5266 1390 5321 videor
1432 5265 1649 5323 bonoris
1694 5269 1771 5323 eis
1800 5270 2032 5328 tribucre

453 5366 615 5420 quam
642 5352 815 5418 decet,
846 5354 972 5410 dum
999 5356 1127 5425 ipsis
1152 5359 1347 5413 sanctis
1373 5357 1528 5413 dictis
1548 5359 1842 5430 religiosius
1869 5372 1921 5417 et
1944 5378 2032 5417 ar-

448 5441 666 5497 dentius
697 5446 868 5499 sentio
912 5447 1111 5502 moveri
1159 5449 1364 5503 animos
1409 5459 1619 5505 nostros
1663 5450 1713 5504 in
1763 5450 2027 5508 ﬂammam

517 5558 532 5588 ί
553 5557 663 5627 Bad.
685 5564 880 5627 Am._Er_.
902 5567 953 5610 et
967 5568 1096 5627 Lov.,
1115 5560 1444 5627 imperfecttmt
1459 5577 1616 5615 manu
1629 5578 1647 5627 ;
1662 5565 1749 5614 sed
1782 5574 1882 5616 mss.
1918 5581 2029 5620 cum

454 5625 584 5690 Arn.,
622 5617 952 5690 imperfectum
972 5617 1116 5690 ejus;
1148 5617 1331 5675 scilicet
1358 5625 1552 5685 Cbristi,
1584 5617 1647 5676 ex
1671 5629 1807 5689 cujus
1824 5617 2028 5690 persona

452 5680 743 5728 versiculum
777 5680 928 5732 istum
970 5680 1679 5750 interpretatur.Augustinus,
1724 5680 1929 5742 i‘narrat.
1977 5680 2025 5743 in

451 5740 616 5801 psalm.
650 5742 751 5807 l38,
771 5758 818 5794 ιι.
840 5744 915 5794 25.

1621 341 2135 408 CONFESSIONUM
2173 344 2230 402 S.
2270 348 2631 410 AUGUSTINI

3654 376 3761 433 800

2185 462 2413 532 pietatis,
2436 480 2556 521 cum
2583 467 2653 522 ita
2678 476 2977 538 cantantur,
3000 489 3157 544 quam
3183 477 3227 532 si
3250 493 3355 535 non
3380 480 3449 536 ita
3474 498 3754 542 cantat-en-

2183 560 2295 617 tur;
2324 563 2378 609 et
2407 570 2593 612 omnes
2621 556 2840 615 affectus
2865 563 3083 631 spiritus
3105 568 3272 622 nostri
3305 585 3400 639 pro
3424 572 3505 626 sui
3532 574 3549 605 ⁸
3576 575 3756 631 diver-

2182 643 2334 699 sitate
2364 644 2561 703 habere
2604 651 2850 718 proprios
2884 654 3073 709 modos
3102 656 3153 710 in
3202 672 3333 715 voce
3380 670 3539 731 atque
3570 675 3751 733 cantu,

2180 750 2404 804 quorum
2436 739 2615 796 nescio
2656 757 2757 811 qua
2799 746 3008 800 occulta
3038 746 3390 807 familiaritate
3430 755 3752 812 excitentur.

2180 823 2286 879 Sed
2314 826 2594 884 delectatio
2621 833 2798 886 carnis
2820 848 2971 897 meae,
2999 837 3083 890 cui
3116 849 3345 895 mentem
3390 845 3748 902 enervandam

2179 931 2285 971 non
2315 927 2522 985 Oportet
2548 918 2690 984 dari,
2725 936 2868 991 saepe
2892 939 2979 979 me
3010 924 3157 988 fallit,
3188 928 3311 983 dum
3339 931 3592 987 rationem
3624 951 3754 991 sen-

2178 1021 2270 1062 sus
2295 1023 2401 1062 non
2442 1008 2512 1062 ita
2539 1010 2822 1065 comitatur
2849 1023 2907 1067 ut
2935 1016 3194 1083 patienter
3220 1020 3289 1072 sit
3316 1022 3613 1088 posterior;
3659 1026 3752 1079 sed

2180 1107 2378 1154 tantum
2402 1101 2519 1170 quia
2552 1115 2765 1170 propter
2788 1104 2927 1158 illam
2962 1110 3151 1161 meruit
3178 1108 3403 1174 admitti,
3432 1112 3591 1166 etiam
3614 1130 3754 1183 prte-

2175 1204 2390 1245 currere
2414 1206 2475 1245 ac
2498 1192 2694 1247 ducere
2724 1204 2963 1249 conatur.
3008 1197 3081 1252 Ita
3116 1200 3167 1252 in
3197 1199 3279 1255 his
3306 1217 3465 1270 pecco
3490 1218 3595 1259 non
3626 1221 3751 1260 sen-

2176 1279 2333 1343 tiens,
2364 1281 2455 1335 sed
2484 1291 2663 1350 postea
2692 1285 2886 1339 sentio.

2246 1370 2335 1425 50.
2368 1372 2664 1441 Aliquando
2689 1382 2864 1428 autem
2892 1374 3029 1431 hanc
3044 1377 3212 1446 ipsam
3256 1380 3514 1437 fallaciam
3554 1384 3750 1439 immo-

2173 1458 2407 1515 deratius
2433 1475 2649 1526 cavens,
2673 1478 2795 1519 erro
2815 1466 2977 1521 nimia
3003 1470 3283 1527 severitate
3320 1495 3333 1530 :
3374 1475 3467 1528 sed
3490 1476 3640 1531 valde
3664 1477 3748 1532 in-

2174 1549 2403 1617 terdum,
2431 1560 2490 1607 ut
2516 1553 2686 1608 melos
2701 1568 2857 1611 omne
2883 1559 3264 1616 cantilenarum
3291 1565 3531 1619 suavium
3557 1569 3751 1637 quibus

2169 1640 2477 1696 Davidicum
2502 1642 2815 1700 Psalterium
2848 1648 3229 1718 frequentatur,
3275 1654 3344 1709 ab
3369 1657 3586 1712 auribus
3614 1660 3749 1715 meis

2171 1731 2434 1786 removeri
2484 1732 2683 1800 velim,
2732 1744 2889 1805 atque
2938 1738 3102 1807 ipsius
3139 1736 3433 1811 Ecclesiae;
3481 1750 3750 1819 tutiusque

2170 1819 2299 1874 mibi
2329 1821 2536 1877 videtur
2560 1825 2700 1894 quod
2722 1826 2788 1880 dc
2808 1827 3168 1887 Alexandrino
3193 1836 3441 1906 episcopo
3457 1840 3748 1896 Athanasio

2169 1924 2312 1980 saepe
2342 1912 2468 1967 mihi
2498 1913 2695 1969 dictum
2724 1920 3083 1988 commemini,
3112 1925 3201 1992 qui
3231 1933 3335 1979 tam
3366 1929 3575 1984 modico
3604 1930 3746 1985 ﬂexu

2170 2002 2314 2057 vocis
2335 2003 2557 2060 faciebat
2586 2021 2777 2062 sonare
2791 2008 3046 2065 lectorem
3074 2014 3283 2081 psalmi,
3306 2025 3365 2071 ut
3386 2022 3747 2087 pronuntianti

2167 2090 2392 2147 vicinior
2431 2104 2573 2149 esset
2606 2112 2763 2166 quam
2806 2102 3037 2155 canenti.
3068 2103 3469 2175 Verumtamen,
3501 2126 3621 2165 cum
3658 2128 3746 2166 re-

2166 2183 2418 2239 miniscor
2445 2186 2705 2258 lacrymas
2734 2206 2878 2246 meas
2897 2232 2911 2256 ,
2942 2208 3072 2263 quas
3108 2195 3218 2251 fudi
3254 2198 3319 2253 ad
3349 2212 3534 2257 cantus
3555 2205 3745 2259 Eccle-

2165 2271 2259 2327 sia:
2285 2283 2387 2328 tua:
2408 2274 2459 2328 in
2490 2277 2793 2345 primordiis
2836 2293 3159 2352 recuperata:
3189 2286 3310 2343 ﬁdei
3338 2305 3491 2359 mete,
3522 2300 3575 2348 et
3605 2311 3748 2350 nunc

2166 2361 2282 2431 ipso
2311 2365 2449 2433 quod
2486 2382 2705 2423 moveor
2731 2371 2773 2437 ⁸,
2804 2386 2912 2426 non
2944 2384 3122 2442 cantu,
3150 2378 3244 2433 sed
3288 2381 3449 2437 rebus
3474 2399 3591 2454 quae
3620 2402 3749 2441 can-

2164 2460 2364 2518 tantur,
2394 2471 2512 2511 cum
2542 2457 2738 2527 liquida
2761 2476 2894 2518 voce
2928 2473 2985 2519 et
3024 2469 3523 2527 convenientissima
3554 2476 3746 2530 modu-

2164 2543 2361 2601 latione
2397 2556 2696 2618 cantantnr,
2741 2560 2982 2623 magnam
3009 2556 3231 2613 instituti
3258 2559 3419 2631 hujus
3465 2566 3743 2622 utilitatem

2164 2649 2346 2691 rursus
2371 2652 2619 2707 agnosco.
2654 2639 2724 2695 Ita
2753 2641 2951 2699 ﬁuctuo
2977 2646 3116 2702 inter
3142 2651 3435 2718 periculum
3457 2655 3742 2726 voluptatis

2163 2734 2218 2779 et
2243 2728 2661 2796 experimentum
2682 2732 3038 2803 salubritatis;
3062 2740 3333 2811 magisque
3357 2742 3610 2809 adducor,
3635 2760 3743 2804 non

2162 2815 2374 2885 quidem
2394 2819 2828 2878 irretractabilem
2841 2828 3154 2883 sententiam
3177 2831 3477 2899 proferens,
3494 2839 3743 2893 cantandi
3795 2864 3807 2874 -

2161 2907 2594 2963 consuetudinem
2621 2912 2917 2981 approbare
2938 2914 2990 2968 in
3012 2917 3280 2985 Ecclesia;
3312 2930 3369 2976 ut
3394 2938 3488 2992 per
3510 2925 3738 2982 oblecta.

2163 3005 2339 3052 menta
2365 3000 2569 3055 aurium
2601 3000 2860 3060 inﬁrmior
2887 3007 3095 3063 animus
3142 3011 3193 3065 in
3245 3012 3491 3070 aﬁ‘ectum
3531 3017 3743 3086 pietatis

2160 3099 2419 3160 assurgat.
2443 3090 2662 3160 Tamen,
2709 3109 2828 3149 cum
2878 3098 3008 3152 mihi
3047 3101 3236 3156 accidit
3282 3112 3339 3158 ut
3385 3120 3473 3161 me
3514 3110 3742 3178 amplius
3820 3092 3825 3097 ’

2158 3188 2361 3247 cantus,
2393 3199 2549 3253 quam
2580 3200 2668 3240 res
2709 3201 2829 3257 qua:
2879 3190 3107 3257 canitur,
3167 3206 3413 3263 moveat;
3463 3201 3742 3267 poenaliter

2158 3286 2243 3326 me
2290 3288 2510 3342 peccare
2560 3276 2837 3343 conﬁteor,
2874 3288 3095 3353 ettunc
3141 3284 3353 3339 mallem
3395 3302 3502 3342 non
3552 3290 3738 3347 audire

2157 3371 2478 3419 Cantantem.
2509 3366 2648 3421 Ecce
2669 3367 2757 3422 ubi
2780 3384 2935 3424 sum:
2979 3371 3103 3428 ﬁcte
3146 3389 3374 3440 mecum,
3427 3386 3480 3432 et
3518 3394 3613 3447 pro
3652 3395 3739 3437 me

2156 3450 2299 3518 ﬁcte,
2328 3454 2415 3522 qui
2441 3454 2634 3524 aliquid
2663 3457 2788 3512 boni
2815 3460 3089 3516 vobiscum
3108 3463 3246 3519 intus
3262 3466 3413 3535 agitis
3437 3468 3577 3525 unde
3601 3470 3736 3526 facta

2156 3542 2471 3610 procedunt.
2501 3544 2632 3599 Nam
2657 3549 2745 3617 qui
2776 3564 2880 3603 non
2908 3551 3085 3621 agitis,
3112 3569 3218 3609 non
3243 3570 3335 3611 vos
3362 3556 3474 3613 ba‘c
3502 3571 3733 3616 movent.

2155 3628 2235 3683 Tu
2264 3641 2459 3699 autem,
2508 3635 2730 3693 Domine
2769 3638 2911 3695 Deus
2949 3657 3120 3710 meus,
3169 3646 3391 3713 exaudi;
3420 3651 3643 3720 respice,
3682 3661 3737 3707 et

2154 3720 2273 3775 vide
2298 3722 2339 3788 ³,
2370 3731 2423 3778 et
2446 3726 2703 3783 miserere
2722 3770 2737 3795 ,
2766 3738 2820 3784 et
2839 3746 2965 3785 sana
2998 3749 3103 3799 me,
3145 3735 3196 3789 in
3228 3738 3379 3806 cujus
3404 3741 3571 3795 oculis
3602 3742 3733 3799 mihi

2154 3811 2376 3878 quaastio
2402 3813 2567 3869 factus
2589 3832 2728 3885 sum,
2760 3827 2814 3874 et
2843 3821 2956 3890 ipse
2976 3832 3060 3877 cst
3084 3825 3305 3896 languor
3332 3843 3499 3884 meus.

2666 3927 2891 3986 CAPUT
2929 3931 3167 3990 XXXIV.

2462 4012 2530 4069 Ut
2552 4032 2610 4070 se
2632 4019 2758 4087 gerit
2786 4022 2855 4073 ad
2875 4025 3135 4078 oculorum
3160 4027 3434 4085 illecebras.

2222 4099 2310 4155 51.
2341 4100 2522 4159 Restat
2550 4106 2793 4177 voluptas
2818 4112 3093 4168 oculorum
3123 4116 3344 4173 istorum
3370 4122 3543 4178 carnis
3569 4140 3721 4194 meas,

2151 4187 2217 4243 de
2236 4205 2336 4259 qua
2370 4192 2561 4263 loquar
2589 4194 2613 4227 δ
2645 4198 3007 4258 confessiones
3023 4220 3153 4274 quas
3172 4209 3386 4265 audiant
3409 4227 3564 4270 aures
3590 4224 3726 4271 temo

2150 4280 2221 4350 pli
2244 4282 2339 4347 tui,
2371 4299 2527 4340 aures
2552 4285 2798 4344 fraterute
2827 4307 2889 4347 ac
2933 4295 3055 4365 piae,
3107 4308 3164 4352 ut
3206 4302 3583 4361 concludamus
3608 4317 3726 4363 ten-

2149 4373 2374 4428 tationes
2402 4378 2848 4446 concupiscentia:
2876 4386 3070 4453 carnis,
3115 4404 3233 4458 qua),
3262 4407 3349 4447 me
3386 4395 3557 4451 adhuc
3602 4400 3725 4467 pul-

2147 4472 2266 4518 sant
2303 4466 2760 4540 ingemiscentem,
2803 4482 2857 4528 et
2884 4475 3236 4534 habitaculum
3263 4497 3455 4551 meum,
3481 4466 3623 4555 quod
3652 4490 3725 4546 de

2144 4554 2280 4609 ccelo
2308 4566 2409 4651 est,
2449 4562 2755 4631 superinduti
2800 4566 3095 4636 cupientem
3128 4572 3205 4643 (11
3232 4572 3348 4628 Cor.
3377 4592 3433 4645 v,
3465 4577 3556 4651 2).
3597 4581 3724 4637 Pul-

2144 4646 2299 4701 cbras
2328 4646 2525 4705 formas
2565 4661 2618 4708 et
2654 4656 2847 4721 varias,
2893 4660 3087 4716 nitidos
3132 4673 3187 4719 et
3235 4680 3473 4724 amoenos
3512 4646 3719 4731 colores

2142 4746 2322 4791 amant
2346 4740 2501 4821 oculi.
2534 4741 2648 4796 Non
2678 4753 2890 4800 teneant
2920 4748 3033 4804 bzec
3053 4753 3281 4808 animam
3303 4772 3477 4814 meam
3506 4777 3519 4813 :
3545 4770 3720 4819 teneat

2285 4825 2420 4881 Deus
2443 4830 2529 4899 qui
2561 4830 2681 4886 fecit
2713 4832 2851 4901 bmc,
2882 4836 3018 4893 bona
3045 4841 3255 4911 quidem
3284 4848 3466 4915 valde;
3489 4851 3584 4907 sed
3606 4853 3716 4923 ipse

2140 4924 2221 4970 est
2248 4915 2447 4974 bonum
2468 4937 2668 4989 meum,
2698 4940 2800 4979 non
2824 4927 2959 4984 bare.
2982 4930 3050 4986 Et
3072 4941 3288 5005 tangunt
3309 4953 3394 4994 me
3415 4915 3713 5010 vigilantem

2141 5010 2263 5064 totis
2290 5011 2499 5082 diebus,
2537 5032 2637 5072 nec
2676 5021 2887 5089 requies
2912 5023 2979 5078 ab
3008 5026 3086 5081 eis
3109 5026 3264 5083 datur
3284 5031 3435 5099 mihi,
3464 5035 3600 5090 sicut
3621 5038 3716 5092 da-

2138 5107 2224 5154 tur
2258 5116 2289 5156 a
2330 5104 2548 5161 vocibus
2577 5109 2810 5177 canoris,
2842 5111 3125 5183 aliquando
3170 5118 3236 5173 ab
3259 5122 3523 5190 omnibus,
3555 5126 3604 5180 in
3642 5128 3718 5184 si-.

2136 5190 2319 5247 lentio.
2349 5192 2467 5264 Ipsa
2495 5197 2637 5251 enim
2660 5201 2841 5270 regina
2866 5204 3100 5261 colorum
3130 5206 3217 5262 lux
3246 5210 3361 5277 ista,
3393 5215 3712 5282 perfundens

2134 5291 2321 5337 cuncta
2348 5301 2466 5355 quae
2494 5290 2781 5359 cernimus,
2815 5294 2995 5350 ubiubi
3025 5313 3120 5366 per
3148 5300 3286 5355 diem
3320 5303 3488 5372 fuero,
3535 5310 3711 5364 multi-

2134 5376 2297 5432 modo
2322 5378 2525 5449 allapsu
2546 5381 2813 5441 blanditur
2838 5388 2965 5441 mibi
2993 5390 3132 5445 aliud
3163 5395 3357 5463 agenti,
3384 5407 3437 5452 et
3460 5414 3576 5454 eam
3604 5418 3712 5464 non,

2195 5508 2474 5590 :Sgrlo‘rtltit:
2492 5511 2637 5590 juxta
2649 5523 2892 5590 anulatis.
2903 5519 3033 5590 apud
3068 5528 3196 5572 Mart.
3215 5526 3370 5589 suavi,
3385 5529 3523 5590 juxta
3541 5528 3703 5587 alium.

2129 5577 2240 5628 Sun,
2256 5573 2396 5632 juxta
2415 5573 2556 5619 Itond.
2577 5586 2638 5622 ex
2660 5588 2757 5623 uno
2779 5585 2857 5625 MS.
2880 5586 2931 5627 Μ.

2194 5632 2377 5707 fruin
2395 5635 2557 5707 mureti
2571 5669 2585 5693 ,
2603 5636 2729 5707 apud
2748 5639 2911 5706 Πρω..
2928 5646 2974 5691 et
2990 5654 3116 5707 nunc
3131 5640 3232 5707 ipse
3249 5658 3555 5704 ronmzovcor.
3577 5659 3632 5707 tu.

2192 5694 2397 5761 Ϋ⁵⁰¹¹¹¹¹¹ο
2420 5702 2471 5761 ei
2490 5694 2653 5756 “00d;
2673 5696 2856 5761 νεερὶεε
2874 5708 2919 5751 ει
2936 5694 3291 5761 ειτατιάξςίιίάεζ
3308 5694 3523 5757 af'""'
3544 5694 3561 5718 ’·

2191 5754 2212 5786 ⁵
2230 5764 2425 5818 Loquor,
2444 5756 2579 5817 juxta
2597 5754 2761 5807 senun'
2789 5766 2839 5811 et
2855 5754 2988 5825 Marb
3004 5778 3112 5815 cum
3128 5754 3159 5816 ii
3176 5754 3277 5818 Mss.
3298 5754 3352 5820 MV.
