4078 6366
304 308 398 365 801
1660 306 1860 360 LIBER
1901 306 2210 365 DECIMUS.

303 417 616 474 advertenti.
646 413 876 470 Insinuat
913 421 1087 468 autem
1131 430 1188 472 se
1229 417 1298 473 ita
1334 417 1710 484 vehementer,
1743 428 1800 472 ut
1823 419 1869 474 si

304 517 523 577 repente
550 507 905 571 subtrahatur,
937 520 1057 561 cum
1083 507 1345 563 desiderio
1370 508 1696 578 requiratur;
1736 514 1792 561 et
1822 506 1870 561 si

300 597 392 653 diu
416 598 577 670 absit,
600 598 882 652 contristat
912 598 927 628 ¹
954 597 1207 651 animum.

374 686 467 742 52.
497 687 541 742 Ο
570 686 657 740 lux
684 700 842 755 quam
870 685 1078 740 videbat
1104 684 1315 751 Tobias,
1337 700 1455 741 cum
1484 686 1677 741 clausis
1701 685 1869 741 oculis

300 777 419 831 istis
452 776 615 829 ﬁlium
641 774 866 829 docebat
887 774 1006 828 vita:
1035 775 1192 840 viam,
1221 783 1274 829 et
1293 775 1342 828 ei
1362 775 1579 844 praeibat
1597 776 1729 844 pede
1745 774 1872 830 cha-

298 867 475 922 ritatis
501 881 759 935 nusquam
787 880 972 921 errans
1005 864 1150 937 (Tob.
1191 865 1286 937 tv).
1318 865 1424 921 Aut
1470 882 1626 936 quam
1661 866 1872 922 videbat

301 958 450 1012 Isaac
477 957 814 1026 prmgravatis
838 966 892 1011 et
920 957 1117 1027 opertis
1147 966 1414 1013 senectute
1440 959 1645 1013 carneis
1663 958 1872 1013 lumini-

301 1047 422 1113 bus,
446 1064 565 1103 cum
586 1048 723 1102 ﬁlios
752 1062 856 1102 non
882 1047 1217 1119 agnoscendo
1239 1048 1568 1113 benedicere,
1595 1050 1687 1104 sed
1713 1050 1873 1105 bene-

301 1135 531 1191 dicendo
576 1151 863 1207 agnoscere
909 1138 1100 1192 meruit
1131 1135 1296 1207 (Gen.
1329 1153 1477 1192 xxvu
1498 1138 1541 1209 ).
1570 1140 1675 1192 Aut
1714 1153 1871 1208 quam

300 1227 516 1282 videbat
538 1228 723 1294 Jacob,
754 1242 873 1284 cum
900 1236 954 1283 et
996 1230 1109 1297 ipse
1143 1244 1251 1298 prae
1290 1230 1472 1299 grandi
1502 1238 1656 1284 aetate
1689 1238 1873 1299 captus

301 1320 496 1383 oculis,
533 1320 582 1373 in
614 1320 733 1373 [iliis
768 1320 1081 1389 prmsignata
1101 1319 1260 1374 futuri
1295 1322 1470 1391 populi
1497 1336 1687 1391 genera
1714 1321 1873 1375 lumi-

303 1424 437 1463 noso
465 1409 627 1463 corde
672 1409 887 1464 radiavit
914 1427 929 1475 ;
957 1418 1009 1464 et
1036 1410 1311 1479 nepotibus
1338 1411 1446 1464 suis
1469 1426 1533 1466 ex
1559 1410 1753 1481 Ioseph
1794 1411 1875 1465 di-

303 1514 466 1554 vexas
510 1500 732 1569 mystice
785 1513 993 1565 manus,
1033 1513 1138 1553 non
1184 1500 1319 1554 sicut
1360 1509 1510 1571 pater
1536 1515 1717 1557 eorum
1745 1499 1875 1557 foris

302 1589 620 1659 corrigebat,
648 1589 742 1643 sed
771 1590 906 1644 sicut
932 1591 1043 1658 ipse
1070 1590 1209 1646 intus
1237 1591 1593 1659 discernebat,
1625 1594 1877 1664 imposuit

306 1678 458 1751 (Gen.
481 1694 669 1745 xavm,
704 1678 879 1753 χιιι).
904 1679 1023 1749 Ipsa
1051 1692 1130 1736 est
1156 1681 1267 1749 lux,
1290 1698 1391 1736 una
1430 1691 1512 1738 est
1536 1684 1578 1749 ³,
1614 1692 1668 1739 et
1711 1698 1874 1738 unum

302 1784 494 1825 omnes
520 1770 610 1840 qui
628 1769 808 1825 vident
829 1779 885 1826 et
907 1778 1087 1826 amant
1114 1786 1254 1826 eam.
1278 1772 1346 1827 At
1370 1772 1469 1827 ista
1494 1772 1787 1842 corporalis
1809 1773 1877 1829 de

301 1874 408 1929 qua
430 1859 702 1929 loquebar,
728 1859 1039 1915 illecebrosa
1065 1876 1127 1915 ac
1154 1861 1447 1930 periculosa
1463 1862 1737 1918 dulcedine
1751 1877 1875 1918 con-

302 1951 385 2006 dit
400 1951 565 2006 vitam
590 1951 772 2007 saeculi
797 1952 952 2007 caecis
979 1953 1320 2008 amatoribus.
1350 1953 1451 2020 Qui
1494 1961 1669 2009 autem
1715 1964 1770 2009 et
1809 1954 1877 2010 de

304 2044 423 2112 ipsa
451 2041 666 2097 laudare
692 2051 742 2098 te
766 2050 984 2109 norunt,
1019 2043 1158 2099 Deus
1190 2053 1397 2099 creator
1437 2046 1695 2112 omnium,
1725 2060 1877 2100 assu-

304 2143 462 2191 munt
490 2150 606 2190 eam
635 2134 687 2189 in
712 2134 910 2205 hymno
949 2143 1060 2201 tuo,
1108 2151 1211 2189 non
1242 2136 1588 2191 absumuntur
1629 2137 1698 2191 ab
1729 2152 1788 2191 ea
1824 2137 1878 2191 in

305 2239 498 2279 somno
527 2238 622 2279 suo
672 2241 687 2277 :
736 2224 815 2280 sic
853 2239 972 2280 esse
1010 2226 1183 2295 cupio.
1236 2226 1446 2280 Resiste
1488 2227 1880 2283 seductionibus

303 2315 601 2377 oculorum.
628 2330 696 2370 ne
722 2315 1053 2385 implicentur
1074 2316 1236 2387 pedes
1253 2318 1378 2383 mei,
1402 2319 1593 2388 quibus
1615 2319 1881 2390 ingredior

303 2404 445 2457 viam
477 2412 658 2467 tuam;
702 2412 756 2458 et
782 2404 928 2475 erigo
970 2405 1038 2459 ad
1080 2413 1133 2460 te
1178 2406 1468 2462 invisibiles
1497 2407 1697 2472 oculos,
1739 2416 1796 2462 ut
1824 2415 1879 2461 tu

302 2494 509 2548 evellas
543 2493 612 2549 de
650 2494 837 2563 laqueo
866 2495 1028 2564 pedes
1068 2510 1216 2552 meos
1246 2496 1264 2567 (
1291 2496 1437 2552 Psal.
1471 2514 1619 2567 xxw,
1646 2500 1768 2569 15).
1801 2499 1882 2554 Tu

304 2584 530 2639 subinde
555 2585 744 2640 evellis
776 2600 899 2651 eos,
932 2601 1052 2640 nam
1080 2586 1446 2657 iliaqueantur.
1470 2588 1548 2642 Tu
1573 2602 1677 2643 non
1706 2602 1883 2644 cessas

306 2676 561 2741 evellere,
604 2691 704 2746 ego
728 2684 903 2731 autem
946 2676 1135 2733 crebro
1163 2676 1341 2733 haereo
1370 2677 1421 2732 in
1453 2678 1644 2748 ubique
1685 2678 1884 2747 sparsis

307 2766 513 2821 insidiis
553 2784 566 2820 :
603 2767 849 2837 quoniam
893 2781 999 2822 non
1027 2766 1281 2833 dormies,
1329 2781 1507 2838 neque
1549 2767 1881 2835 dormitabis,

306 2858 396 2927 qui
416 2858 647 2912 custodis
675 2858 834 2913 lsrael
866 2857 1033 2930 (Psal.
1066 2874 1189 2925 cxx,
1218 2858 1296 2930 4).

378 2946 468 3001 53.
495 2945 663 3012 Quam
697 2947 1119 3012 innumerabilia,
1147 2948 1307 3002 variis
1332 2947 1533 3002 artibus
1552 2957 1607 3003 et
1634 2948 1877 3018 Opiﬁciis,

309 3034 362 3089 in
388 3036 642 3100 vestibus,
671 3036 1065 3103 calceamentis,
1095 3037 1253 3101 vasis,
1286 3045 1338 3091 et
1361 3036 1721 3105 cujuscemodi
1748 3038 1768 3069 ³
1806 3037 1886 3092 ia-

310 3124 714 3195 bricationibus,
758 3128 973 3197 picturis
1007 3127 1187 3194 etiam,
1232 3126 1557 3198 diversisque
1600 3128 1881 3199 ﬁgmentis,

311 3225 468 3284 atque
494 3216 575 3270 his
597 3231 747 3271 usum
768 3217 1124 3272 necessarium
1149 3226 1306 3287 atque
1322 3216 1651 3272 moderatum
1678 3228 1728 3272 et
1746 3219 1886 3288 piam

312 3305 750 3375 signiﬁcationem
795 3308 952 3379 longe
1004 3308 1527 3379 transgredientibus,
1576 3309 1887 3365 addiderunt

312 3395 556 3451 homines
571 3395 637 3450 ad
659 3396 937 3452 illecebras
956 3397 1229 3452 oculorum
1250 3412 1264 3461 ;
1288 3396 1428 3451 foras
1448 3405 1729 3467 sequentes
1745 3398 1887 3467 quod

320 3486 539 3554 faciunt,
564 3487 706 3543 intus
731 3488 1090 3558 relinquentes
1118 3503 1147 3542 a
1177 3502 1281 3557 quo
1307 3488 1429 3543 facti
1453 3498 1593 3556 sunt,
1624 3498 1679 3544 et
1706 3499 1884 3545 exter-

323 3576 586 3631 minantes
601 3576 740 3646 quod
761 3577 880 3631 iacti
910 3578 1066 3632 sunt!
1094 3577 1163 3631 At
1188 3591 1305 3647 ego,
1352 3577 1492 3632 Deus
1517 3592 1685 3643 meus,
1711 3586 1764 3632 et
1790 3577 1885 3633 de-

316 3681 411 3721 cus
438 3682 634 3734 meum,
665 3668 822 3722 etiam
847 3667 973 3723 hinc
1009 3668 1127 3722 dico
1151 3668 1239 3722 tibi
1267 3669 1538 3740 hymnum,
1570 3678 1625 3725 et
1651 3670 1887 3725 sacriﬁco

316 3757 525 3813 laudem
541 3759 882 3814 sacriﬁcatori
910 3774 1030 3815 meo
1053 3758 1106 3823 ⁸;
1136 3761 1381 3829 quoniam
1424 3761 1636 3831 pulchra
1668 3762 1885 3832 trajecta

317 3861 413 3915 per
439 3848 645 3903 animas
665 3850 720 3903 in
741 3864 929 3904 manus
952 3849 1285 3915 artiﬁciosas,
1314 3851 1381 3905 ab
1401 3851 1484 3904 illa
1502 3851 1887 3920 pulchritudine

316 3937 552 4003 veniunt,
579 3953 700 4009 quae
737 3953 899 4009 super
940 3938 1145 3994 animas
1176 3948 1274 4004 est,
1319 3940 1403 3994 cui
1443 3941 1671 4010 suspirat
1712 3944 1882 3996 anima

321 4042 438 4082 mea
472 4028 557 4083 die
598 4043 663 4083 ac
704 4036 880 4084 nocte.
921 4028 1025 4090 Sed
1076 4029 1519 4099 pulchritudinum
1566 4032 1884 4087 exteriorum

314 4127 625 4185 operatores
644 4128 698 4173 et
722 4126 1013 4175 sectatores
1039 4119 1160 4173 inde
1188 4120 1401 4174 trahunt
1423 4119 1744 4189 approbandi
1773 4136 1885 4176 mo-

316 4206 464 4273 dum,
508 4222 614 4262 non
640 4217 817 4264 autem
845 4208 967 4264 inde
994 4208 1210 4264 trahunt
1236 4208 1413 4263 utendi
1440 4208 1673 4263 modum.
1709 4210 1775 4264 Et
1814 4210 1885 4265 ibi

314 4305 417 4362 est,
449 4306 503 4351 et
536 4312 642 4351 non
669 4297 850 4351 vident
874 4313 1014 4362 eum,
1049 4307 1106 4351 ut
1151 4312 1255 4351 non
1284 4305 1406 4352 eant
1429 4297 1652 4366 longius,
1682 4307 1736 4353 et
1776 4299 1884 4353 for-

320 4387 599 4443 titudinem
651 4404 801 4443 suam
849 4389 913 4442 ad
958 4397 1010 4443 te
1048 4389 1343 4443 custodiant
1368 4387 1541 4458 (Psal.
1576 4405 1719 4455 Lvnt,
1753 4389 1882 4460 10),

316 4493 414 4533 inec
441 4493 557 4533 eam
592 4487 841 4547 spargant
869 4479 922 4532 in
951 4478 1229 4533 deliciosas
1256 4478 1610 4533 lassitudines.
1658 4479 1765 4548 Ego
1788 4495 1886 4533 au-

317 4576 424 4622 tem
442 4566 557 4622 haec
583 4568 804 4636 loquens
832 4575 990 4636 atque
1014 4567 1318 4622 discernens
1339 4568 1494 4621 etiam
1518 4567 1634 4622 istis
1658 4569 1887 4639 pulchris

314 4671 552 4726 gressum
582 4656 825 4722 innecto;
866 4657 958 4712 sed
1003 4666 1055 4711 tu
1079 4658 1288 4723 evellis,
1319 4657 1538 4712 Domine
1557 4700 1571 4723 ,
1598 4659 1778 4713 evellis
1806 4668 1882 4727 tu,

313 4746 566 4815 quoniam
589 4745 955 4802 misericordia
982 4756 1066 4801 tua
1087 4755 1209 4801 ante
1229 4747 1408 4801 oculos
1434 4762 1582 4802 meos
1608 4756 1687 4802 est
1715 4746 1883 4820 (Psal.

314 4853 448 4903 xxv,
479 4838 556 4909 5).
590 4837 721 4892 Nam
753 4848 804 4893 et
833 4854 931 4908 ego
955 4839 1133 4907 capior
1160 4838 1555 4903 miserabiliter,
1587 4849 1641 4894 et
1669 4848 1721 4894 tu
1746 4841 1887 4895 evel-

316 4930 382 4984 lis
436 4929 887 4995 misericorditer;
931 4930 1211 4999 aliquando
1255 4946 1357 4984 non
1393 4933 1725 4998 sentientem,
1765 4935 1884 5003 quia

314 5022 625 5090 suspensius
674 5022 995 5086 incideram;
1045 5021 1327 5091 aliquando
1377 5038 1494 5077 cum
1535 5024 1736 5091 dolore,
1765 5026 1886 5095 quia

312 5111 421 5180 jam
452 5111 785 5168 inhmseram.

381 5221 400 5251 ί
421 5220 683 5282 contristet,
698 5221 838 5283 juxta
853 5226 1021 5269 50mm.
1044 5226 1095 5283 et
1112 5219 1252 5270 Rond.
1270 5233 1378 5269 cum
1395 5221 1425 5270 2
1442 5230 1543 5271 Mss.
1557 5229 1610 5271 Μ.

380 5283 402 5312 ¹
429 5289 530 5345 crta
545 5288 637 5343 est,
657 5279 818 5332 ét'alia
833 5293 927 5331 non
956 5286 1050 5343 est,
1070 5281 1205 5343 juxta
1225 5288 1298 5330 Er.
1317 5283 1460 5345 Lugd.
1479 5291 1649 5332 50mm.
1674 5290 1726 5333 et
1740 5284 1883 5334 ttond.

315 5342 897 5465 Ὓιὲνῗῗξὼῗέεεηιοάὶ
911 5400 1325 5465 fabricationibus;
1340 5403 1429 5452 sed
1447 5412 1548 5452 Mss.
1582 5402 1764 5453 habent
1807 5417 1887 5453 cu-

313 5461 586 5526 juscgrnodi
607 5461 738 5526 {quo
760 5461 991 5526 vocabulo
1020 5466 1251 5526 frequens
1282 5461 1445 5526 utitur;
1466 5466 1776 5526 Augustinus,
1802 5478 1889 5526 pro

319 5522 769 5632 galig‘buscumque;
792 5524 937 5586 idque
947 5525 1045 5587 jam
1061 5522 1358 5574 restituimus
1374 5525 1419 5573 in
1437 5522 1576 5589 hujus
1593 5524 1699 5574 libri
1714 5522 1818 5588 cap.
1837 5526 1885 5587 8,

322 5642 531 5764 ειέἓῗ.
555 5650 605 5753 (Et
620 5645 729 5694 Fdd.
750 5644 940 5708 plures,
964 5643 1297 5709 sanctiﬁcaton
1326 5658 1444 5696 meo.
1470 5646 1604 5695 rauci
1638 5657 1780 5706 vero,
1813 5659 1889 5697 aa-

510 5718 563 5751 or
587 5738 604 5753 .

510 5717 604 5753 οη.

3434 323 3538 381 802

2520 422 2739 479 CAPUT
2776 423 2994 482 XXXV.

1979 507 2048 564 Ut
2087 515 2141 564 s‘e
2184 508 2328 563 habet
2366 511 2433 565 ad
2469 513 2743 567 secundum
2789 518 3070 571 tentationis
3104 535 3277 590 genus,
3305 524 3437 592 quod
3464 532 3539 580 at

2601 606 2921 661 curiositatis.
3574 663 3579 678 ε

2046 691 2134 745 54.
2165 690 2277 747 Huc
2299 693 2500 749 accedit
2534 695 2637 749 alia
2665 695 2827 749 forma
2878 699 3180 755 tentationis
3202 703 3539 773 multiplicius
3574 688 3578 697 ’

1977 781 2291 848 periculosa.
2318 783 2518 837 Prmter
2543 799 2659 838 eam
2689 785 2827 839 enim
2848 788 3319 857 concupiscentiam
3340 795 3537 862 carnis,

1974 885 2092 939 quae
2119 872 2256 926 inest
2281 872 2334 926 in
2362 873 2710 928 delectatione
2744 877 2977 931 omnium
3006 892 3253 934 sensuum
3293 891 3346 936 et
3385 884 3539 938 volu-
3572 906 3577 914 -

1975 966 2197 1027 ptatum,
2226 962 2311 1014 cui
2336 963 2628 1018 servientes
2644 962 2936 1033 depereunt
2958 968 3046 1037 qui
3083 968 3237 1041 longe
3260 985 3318 1025 se
3338 970 3538 1029 faciunt
3573 971 3578 982 ’

1974 1061 2004 1100 a
2030 1055 2100 1115 te,
2119 1049 2255 1104 inest
2272 1052 2461 1105 animae
2483 1066 2576 1120 per
2597 1053 2811 1109 eosdem
2836 1071 3024 1112 sensus
3039 1060 3275 1129 corporis
3295 1062 3536 1132 quaedam

1975 1151 2081 1191 non
2111 1152 2169 1192 se
2193 1139 2489 1194 oblectandi
2534 1141 2588 1194 in
2633 1156 2809 1208 carne,
2840 1145 2934 1200 sed
2974 1148 3277 1216 experiendi
3304 1165 3397 1218 per
3420 1165 3538 1205 car-

1977 1240 2098 1280 nem
2124 1241 2255 1280 vana
2287 1236 2339 1281 et
2366 1228 2571 1283 curiosa
2600 1230 2877 1300 cupiditas,
2911 1236 3124 1290 nomine
3147 1237 3458 1307 cognitionis
3485 1248 3541 1294 et

1976 1316 2212 1370 scientiae
2242 1316 2472 1386 palliata.
2501 1317 2631 1385 Quae
2673 1321 2920 1390 quoniam
2953 1322 3005 1378 in
3032 1327 3264 1395 appetitu
3288 1327 3540 1382 noscendi

1977 1413 2076 1473 est,
2118 1408 2258 1462 oculi
2295 1418 2471 1465 autem
2498 1422 2621 1467 sunt
2648 1413 2712 1468 ad
2761 1418 3182 1485 cognoscendum
3206 1419 3259 1474 in
3298 1420 3541 1477 sensibus

1977 1496 2261 1570 principes,
2290 1503 2687 1573 concupiscentia
2711 1504 2969 1561 oculorum
3004 1508 3215 1579 eloquio
3242 1508 3420 1566 divino
3446 1522 3543 1581 ap-

1979 1588 2167 1655 pellata
2195 1590 2351 1662 est(l
2377 1591 2532 1646 Joan.
2562 1581 2618 1659 il,
2650 1594 2762 1664 16).
2803 1596 2883 1651 Ad
2928 1598 3108 1653 oculos
3142 1599 3284 1653 enim
3331 1600 3543 1671 proprie

1977 1676 2156 1733 videre
2186 1680 2431 1748 pertinet.
2464 1681 2668 1737 Utimur
2686 1692 2861 1739 autem
2886 1684 2987 1742 hoc
3001 1687 3165 1743 verbo
3187 1689 3344 1743 etiam
3362 1690 3412 1744 in
3433 1705 3541 1746 cxc-

1981 1768 2107 1823 teris
2133 1770 2395 1838 sensibus,
2417 1787 2536 1827 cum
2566 1788 2658 1829 eos
2682 1774 2745 1829 ad
2767 1778 3540 1846 cognoscendumintendimus.

1979 1855 2159 1926 Neque
2201 1859 2343 1915 enim
2387 1860 2631 1929 dicimus,
2662 1864 2801 1918 Audi
2842 1866 2965 1934 quid
2994 1868 3207 1935 rutilet;
3243 1879 3352 1935 aut,
3396 1870 3543 1926 Olfac

1978 1960 2137 2015 quam
2163 1946 2359 2015 niteat;
2390 1960 2500 2017 aut,
2522 1951 2687 2007 Gusta
2712 1968 2867 2023 quam
2903 1956 3210 2025 splendeat;
3242 1967 3353 2027 aut,
3383 1960 3543 2031 Palpa

1979 2051 2134 2106 quam
2166 2037 2363 2109 fulgeat
2394 2058 2407 2094 :
2456 2042 2619 2097 videri
2652 2045 2791 2098 enim
2816 2046 3061 2101 dicuntur
3092 2048 3205 2103 ha3c
3230 2053 3425 2105 omnia.
3455 2052 3546 2106 Di-

1980 2127 2150 2182 cimus
2175 2137 2351 2184 autem
2380 2145 2485 2185 non
2510 2133 2707 2201 solum,
2736 2134 2869 2191 Vide
2895 2136 3019 2205 quid
3041 2138 3232 2206 luceat,
3274 2140 3414 2209 quod
3448 2141 3547 2197 soli

1981 2218 2119 2272 oculi
2149 2220 2346 2275 sentire
2392 2230 2647 2290 possunt;
2695 2224 2790 2278 sed
2834 2226 3014 2292 etiam,
3049 2227 3181 2283 Vide
3214 2229 3339 2299 quid
3364 2240 3545 2297 sonet;

1983 2307 2103 2361 vide
2127 2308 2251 2377 quid
2276 2309 2447 2375 cleat;
2493 2310 2613 2366 vide
2642 2312 2766 2381 quid
2795 2315 2996 2384 sapiat;
3040 2317 3334 2387 vidgquam
3358 2318 3548 2375 durum

1983 2394 2070 2449 sit.
2099 2396 2325 2467 ideoque
2350 2400 2611 2468 generalis
2639 2402 2964 2471 experientia
3000 2419 3250 2460 sensuum
3291 2408 3548 2477 concupi-

1984 2489 2204 2555 scentia,
2234 2491 2368 2545 sicut
2392 2491 2590 2546 dictum
2620 2501 2721 2558 est,
2745 2494 3015 2549 oculorum
3042 2504 3290 2562 vocatur;
3320 2498 3439 2567 quia
3467 2498 3547 2553 vi-

1983 2579 2141 2633 dendi
2180 2580 2410 2635 ofﬁcium
2455 2582 2506 2635 in
2545 2598 2650 2652 quo
2678 2584 2961 2652 primatum
2999 2586 3136 2639 oculi
3167 2593 3363 2653 tenent,
3390 2588 3550 2643 etiam

1984 2670 2162 2724 caeteri
2189 2685 2375 2725 sensus
2414 2671 2514 2726 sibi
2544 2671 2610 2726 de
2634 2671 2976 2729 similitudine
3001 2682 3276 2743 usurpant,
3307 2689 3426 2729 cum
3450 2675 3550 2730 ali-

1985 2757 2111 2828 quid
2133 2759 2448 2828 cognitionis
2472 2761 2765 2829 explorant.

2057 2849 2145 2904 55.
2174 2850 2251 2903 Ex
2282 2849 2382 2904 hoc
2407 2858 2582 2905 autem
2607 2850 2901 2906 evidentius
2943 2851 3260 2909 discernitur
3296 2855 3420 2925 quid
3460 2870 3553 2911 vo-

1988 2939 2228 3010 luptatis,
2271 2940 2394 3010 quid
2440 2942 2759 2997 curiositatis
2787 2951 2970 3013 agatur
2988 2959 3089 3014 per
3132 2960 3318 3000 sensus
3355 2962 3367 2999 :
3412 2946 3554 3017 quod

1987 3032 2226 3100 voluptas
2253 3031 2468 3101 pulchra
2488 3071 2502 3095 ,
2530 3046 2721 3087 canora
2745 3073 2760 3099 ,
2796 3033 2995 3099 suavia,
3041 3034 3242 3102 sapida,
3268 3036 3413 3090 lenia
3469 3050 3555 3091 εθ-

1996 3127 2167 3174 ctatur
2191 3135 2204 3184 ;
2232 3120 2508 3175 curiositas
2527 3129 2702 3175 autem
2729 3121 2889 3175 etiam
2914 3121 2995 3176 his
3022 3125 3286 3178 contraria
3318 3126 3553 3181 tentandi

1989 3225 2166 3276 causa,
2197 3226 2301 3265 non
2322 3211 2386 3265 ad
2408 3211 2731 3265 subeundam
2766 3211 3081 3275 molestiam,
3113 3214 3207 3267 sed
3247 3215 3554 3283 experiendi

1990 3300 2344 3370 noscendique
2374 3300 2609 3354 libidine.
2654 3299 2790 3365 Quid
2814 3301 2957 3356 enim
2984 3301 3265 3370 voluptatis
3290 3303 3448 3358 habet
3469 3306 3552 3359 vi-

1988 3391 2115 3446 dere
2145 3393 2196 3445 in
2240 3392 2438 3446 laniato
2469 3391 2723 3447 cadavere
2748 3391 2889 3461 quod
2935 3393 3259 3457 exhorreas;
3295 3402 3348 3448 et
3375 3403 3551 3449 tamen

1989 3482 2154 3538 sicubi
2174 3484 2378 3553 jaceat,
2426 3492 2746 3537 concurrunt
2788 3491 2847 3538 ut
2889 3483 3293 3550 contristentur,
3339 3494 3397 3539 ut
3436 3487 3552 3555 pal-

1988 3573 2152 3627 lcant.
2179 3574 2387 3629 Timent
2413 3574 2569 3628 etiam
2606 3587 2672 3626 ne
2699 3573 2752 3627 in
2781 3572 2980 3629 somnis
3006 3573 3108 3629 hoc
3127 3573 3367 3639 videant;
3402 3576 3552 3644 quasi

1988 3662 2261 3733 quisquam
2287 3678 2381 3718 eos
2407 3663 2683 3733 vigilantes
2710 3663 2890 3719 videre
2912 3664 3163 3733 coegerit,
3203 3675 3295 3719 aut
3320 3666 3554 3736 pulchri-

1991 3752 2186 3808 tudinis
2208 3753 2311 3807 ulla
2352 3753 2489 3807 fama
2516 3754 2853 3823 persuaserit.
2882 3753 2956 3807 ita
2986 3761 3039 3807 et
3067 3754 3117 3807 in
3154 3755 3360 3809 caneris
3384 3757 3553 3811 sensi-

1989 3840 2104 3906 bus,
2135 3857 2252 3912 qua:
2276 3843 2517 3913 persequi
2549 3842 2763 3913 longum
2795 3852 2895 3897 est.
2924 3843 3001 3897 Ex
3025 3842 3125 3898 hoc
3142 3844 3328 3899 morbo
3350 3846 3551 3916 cupidi-

1990 3932 2109 3986 tatis
2134 3973 2148 3997 ,
2197 3932 2247 3985 in
2298 3932 2609 4002 spectaculis
2650 3932 2965 3986 exhibentur
3011 3947 3234 4004 qumque
3274 3926 3549 3989 miracula.

1990 4024 2121 4077 llinc
2143 4023 2207 4078 ad
2233 4022 2606 4092 perscrutanda
2635 4031 2837 4077 naturae
2860 4021 3016 4093 (qua:
3059 4031 3251 4093 prteter
3288 4038 3383 4079 nos
3423 4025 3549 4096 est)

1988 4123 2173 4184 aperta
2206 4114 2505 4185 proceditur
2531 4116 2569 4182 ⁸,
2600 4129 2718 4184 qua:
2754 4114 2891 4169 scire
2925 4113 3052 4168 nihil
3081 4113 3310 4183 prodest,
3340 4122 3392 4169 et
3419 4115 3551 4169 nihil

1987 4206 2130 4259 aliud
2155 4221 2309 4275 quam
2326 4205 2460 4261 scire
2482 4205 2720 4260 homines
2743 4204 2979 4273 cupiunt.
3003 4204 3138 4260 Hinc
3157 4206 3333 4265 etiam.
3358 4206 3401 4259 si
3426 4206 3551 4275 quid

1988 4294 2175 4348 eodem
2205 4308 2465 4363 perversae
2490 4294 2724 4349 scientiae
2750 4293 2856 4349 ﬁne
2880 4308 2975 4363 per
2992 4301 3134 4348 artes
3160 4294 3387 4363 magicas
3411 4309 3554 4362 quae-

1988 4386 2143 4440 ritur.
2167 4386 2299 4440 Hinc
2320 4387 2481 4439 etiam
2509 4387 2562 4440 in
2585 4386 2695 4454 ipsa
2718 4384 2972 4455 religione
2998 4385 3137 4440 Deus
3160 4393 3403 4447 tentatur,
3428 4401 3552 4440 cum

1989 4477 2134 4544 signa
2150 4484 2205 4531 et
2224 4476 2463 4546 prodigia
2491 4475 2808 4544 ﬂagitantur,
2833 4489 2939 4528 non
2966 4473 3030 4527 ad
3057 4472 3281 4543 aliquam
3305 4475 3548 4541 salutem,

1988 4564 2080 4619 sed
2106 4565 2171 4618 ad
2196 4565 2363 4618 solam
2385 4563 2763 4633 experientiam
2789 4562 3103 4617 desiderata.

2059 4654 2148 4710 56.
2189 4655 2248 4709 ln
2274 4653 2371 4707 hac
2399 4662 2503 4707 tam
2542 4653 2794 4707 immensa
2824 4651 2952 4705 silva
2979 4651 3131 4720 plena
3170 4650 3473 4706 insidiarum
3498 4662 3554 4706 et

1989 4745 2363 4813 periculorum,
2392 4757 2518 4798 ecce
2540 4742 2704 4797 multa
2724 4743 2745 4773 ²
2767 4739 3093 4811 ρτωοίἀοτίηι
3127 4748 3181 4795 et
3206 4754 3236 4793 a
3256 4755 3375 4794 meo
3394 4740 3553 4794 corde

1989 4835 2292 4904 dispulerim
2318 4875 2334 4902 ,
2388 4834 2542 4889 sicuti
2580 4832 2786 4887 donasti
2824 4845 2912 4885 me
2950 4828 3143 4895 facere,
3190 4829 3325 4883 Deus
3371 4828 3553 4883 salutis

1988 4940 2155 4991 meat;
2195 4933 2426 4979 attamen
2457 4922 2669 4994 quando
2698 4921 2869 4976 audeo
2912 4919 3110 4983 dicere,
3156 4933 3276 4972 cum
3321 4917 3551 4971 circum-

1990 5031 2199 5086 quaque
2217 5014 2575 5085 quotidianam
2612 5013 2772 5067 vitam
2814 5017 3048 5064 nostram
3072 5015 3176 5061 tam
3205 5006 3365 5060 multa
3395 5005 3554 5075 hujus

1989 5105 2197 5173 generis
2233 5119 2411 5158 rerum
2449 5103 2917 5169 circumstrepant;
2946 5095 3154 5166 quando
3182 5094 3351 5149 audeo
3376 5094 3555 5149 dicere

1992 5194 2134 5248 nulla
2162 5208 2219 5247 re
2240 5194 2327 5248 tali
2349 5208 2435 5248 me
2458 5193 2715 5247 intentum
2736 5188 2848 5243 ﬁeri
2874 5186 2941 5242 ad
2963 5185 3325 5257 Spectandum,
3347 5192 3401 5240 et
3418 5199 3554 5239 vana

1991 5299 2113 5339 cura
2143 5283 2494 5353 capiendum?
2527 5282 2666 5338 Sane
2694 5295 2778 5335 me
2801 5278 2912 5349 jam
2958 5277 3165 5332 theatra
3195 5290 3299 5330 non
3324 5275 3551 5345 rapiunt,

1993 5389 2091 5429 nec
2113 5389 2243 5429 curo
2271 5389 2426 5429 nosse
2452 5374 2702 5427 transitus
2729 5369 2985 5436 siderum,
3002 5382 3103 5423 nec
3124 5367 3297 5423 anima
3319 5382 3435 5423 mea
3458 5383 3557 5423 un-

2055 5524 2071 5556 ι
2094 5530 2156 5572 tta
2174 5530 2275 5571 Mss.
2295 5535 2402 5571 cum
2435 5528 2563 5580 Arn.;
2582 5526 2631 5569 at
2645 5519 2754 5568 Bad.
2773 5527 2872 5568 Am.
2895 5524 2970 5567 Er.
3006 5525 3058 5569 et
3086 5526 3215 5577 Lov.,
3251 5518 3315 5568 ad
3337 5531 3558 5582 perscru-

1992 5588 2139 5656 tanda
2168 5589 2355 5633 natura
2379 5587 2585 5642 secreta,
2612 5593 2721 5645 qua:
2753 5585 2929 5645 praeter
2954 5592 3039 5631 nos
3068 5585 3138 5632 est
3152 5586 3369 5644 operata,
3394 5592 3556 5644 proce-

1995 5645 2224 5765 “iam,
2250 5712 2300 5753 ιη
2323 5701 2412 5753 hac
2436 5708 2591 5754 (arma
2941 5713 3049 5751 ecce
3066 5713 3205 5766 quam
3219 5702 3385 5751 mata.
