4078 6366
500 370 603 429 805

500 498 658 553 quam
678 497 932 551 responsa
961 480 1201 552 (μιωεὶνῆ
1243 478 1544 534 umbrarum
1569 494 1584 541 ;
1611 478 1784 531 omnia
1815 479 2066 545 sacrilega

502 582 831 627 sacramenta
871 572 1121 627 detestor.
1154 572 1196 624 A
1242 579 1315 637 te,
1360 568 1582 622 Domine
1614 567 1752 622 Deus
1785 583 1953 632 meus,
1982 569 2066 621 cui

501 665 756 719 humilem
780 663 1087 718 famulatum
1110 676 1173 716 ac
1196 659 1488 729 simplicem
1513 658 1701 722 debeo,
1731 659 1940 727 quantis
1966 673 2069 711 me-

499 771 621 810 cum
651 754 1043 824 suggestionum
1087 747 1565 805 machinationibus
1594 748 1701 818 agit
1729 748 1972 801 inimicus
2009 757 2068 802 ut

498 845 703 913 signum
729 841 940 911 aliquod
971 839 1180 909 petam?
1220 837 1325 892 Sed
1372 837 1593 891 obsecro
1634 845 1687 890 te
1735 851 1828 906 per
1867 835 2063 906 Regem

498 942 757 993 nostrum,
788 940 841 985 et
886 931 1107 1000 patriam
1155 927 1450 983 Jerusalem
1498 927 1811 996 simplicem,
1842 937 2061 992 castam,

498 1033 552 1077 ut
578 1020 1015 1092 quemadmodum
1045 1034 1075 1072 a
1112 1034 1196 1072 me
1222 1018 1376 1086 longe
1398 1025 1480 1071 est
1519 1017 1616 1071 ista
1646 1017 1945 1082 consensio,
1993 1017 2063 1071 ita

496 1113 564 1167 sit
591 1126 798 1179 semper
824 1111 976 1179 longe
1004 1118 1162 1177 atque
1186 1107 1410 1176 longius.
1439 1106 1540 1160 Pro
1562 1108 1732 1160 salute
1764 1114 1939 1161 autem
1966 1121 2062 1160 cu—

491 1201 736 1271 iusquam
760 1215 878 1252 cum
906 1208 957 1252 te
986 1212 1132 1267 rogo,
1158 1197 1294 1250 alius
1316 1196 1536 1250 multum
1561 1195 1812 1249 differens
1838 1196 1958 1251 ﬁnis
1982 1206 2063 1251 est

495 1291 799 1346 intentionis
825 1304 986 1354 mea);
1019 1298 1073 1342 et
1114 1296 1166 1341 te
1189 1286 1468 1341 facientem
1491 1284 1634 1355 quod
1661 1285 1760 1349 vis,
1790 1284 1885 1340 das
1910 1285 2059 1351 mihi,

494 1390 550 1437 et
576 1380 726 1436 dabis
754 1380 981 1433 libenter
1009 1378 1176 1447 sequi.

560 1474 649 1528 57.
679 1472 1050 1526 Verumtamen
1092 1470 1145 1523 in
1182 1483 1338 1538 quam
1382 1466 1563 1521 multis
1596 1464 1965 1520 minutissimis
2007 1474 2062 1518 et

489 1561 969 1630 contemptibiiibus
998 1558 1157 1614 rebus
1186 1558 1461 1613 curiositas
1489 1556 1720 1625 Quotidie
1746 1563 1924 1608 nostra
1949 1563 2063 1608 ten-

489 1662 631 1708 tatur
651 1654 690 1720 ¹,
719 1662 771 1706 et
792 1667 945 1721 quam
975 1665 1116 1718 szepe
1146 1650 1403 1715 labamur,
1434 1648 1551 1717 quis
1580 1647 1890 1701 enumerat?
1915 1646 2058 1711 Quo—

486 1748 588 1800 ties
610 1754 885 1799 narrantes
915 1742 1108 1805 inania,
1131 1740 1302 1808 primo
1322 1738 1472 1808 quasi
1503 1738 1785 1791 toleramus
1810 1752 1879 1813 ne
1895 1734 2063 1789 offené

487 1836 676 1891 damus
706 1834 962 1897 infirmos,
980 1831 1173 1886 deinde
1193 1830 1440 1899 paulatim
1458 1830 1679 1883 libenter
1699 1827 2061 1882 advertimus?

487 1926 685 1980 Canem
708 1929 1009 1978 currentem
1034 1928 1154 1990 post
1181 1920 1414 1988 leporem
1438 1918 1546 1987 iam
1578 1933 1680 1972 non
1707 1925 1907 1987 specto,
1937 1931 2059 1969 cum

485 2015 539 2069 in
560 2015 701 2069 circo
725 2013 782 2067 ﬁt
808 2030 821 2065 :
855 2022 911 2066 at
937 2026 1064 2066 vero
1085 2012 1136 2064 in
1162 2024 1309 2080 agro,
1338 2009 1385 2063 si
1404 2023 1529 2063 casu
1556 2016 1843 2072 transeam,
1871 2007 2061 2061 avertit

485 2118 574 2158 me
598 2102 839 2157 fortassis
862 2110 914 2157 et
936 2102 1004 2155 ab
1029 2100 1202 2167 aliqua
1231 2112 1417 2166 magna
1440 2096 1775 2166 cogitatione,
1809 2105 1965 2164 atque
1991 2094 2058 2148 ad

484 2209 544 2259 se
566 2193 825 2248 convertit
854 2192 942 2246 illa
965 2191 1175 2245 venatio
1199 2206 1214 2253 ;
1243 2204 1347 2244 non
1378 2189 1589 2243 deviare
1614 2203 1805 2257 cogens
1834 2202 2059 2255 corpore

478 2285 722 2356 iumenti,
751 2284 843 2339 sed
864 2284 1038 2353 cordis
1068 2281 1426 2338 inclinatione.
1456 2280 1524 2333 Et
1546 2279 1644 2333 nisi
1670 2278 1778 2347 iam
1810 2278 1934 2331 mihi
1962 2277 2056 2331 de-

482 2383 769 2429 monstrata
798 2373 1099 2428 inﬁrmitate
1119 2386 1257 2436 mea,
1280 2371 1387 2424 cito
1410 2368 1716 2431 admoneas,
1735 2376 1822 2421 aut
1850 2382 1915 2420 cx
1946 2367 2057 2435 ipsa

480 2464 683 2519 visione
712 2479 804 2532 per
825 2464 1054 2532 aliquam
1090 2461 1565 2517 considerationem
1598 2459 1650 2511 in
1682 2467 1732 2512 te
1757 2472 2049 2527 assurgere,

481 2561 571 2608 aut
595 2561 763 2607 totum
787 2561 1125 2606 contemnere
1152 2559 1309 2618 atque
1331 2549 1578 2613 transire,
1606 2562 1774 2602 vanus
1803 2546 2051 2601 hebesco.

480 2642 617 2711 Quid
643 2658 764 2698 cum
794 2658 878 2696 me
907 2641 1050 2696 domi
1078 2640 1350 2695 sedentem
1380 2639 1556 2693 stellio
1586 2652 1795 2691 muscas
1815 2646 2052 2707 captans,

478 2732 563 2787 vel
590 2746 783 2786 aranea
811 2732 1012 2785 retibus
1035 2730 1144 2784 suis
1170 2730 1432 2783 irruentes
1472 2728 1766 2797 implicans.
1797 2743 1940 2797 saepe
1971 2730 2052 2782 in-

479 2812 683 2875 tentum
707 2818 870 2873 facit?
893 2818 1027 2873 Num
1048 2818 1167 2887 quia
1194 2830 1349 2885 parva
1371 2825 1492 2870 sunt
1517 2816 1781 2879 animalia,
1806 2816 1923 2870 ideo
1948 2832 2052 2871 non

478 2924 567 2965 res
592 2907 773 2964 eadem
795 2907 1024 2976 geritur?
1045 2907 1211 2975 Pergo
1237 2905 1359 2959 inde
1380 2905 1444 2958 ad
1470 2904 1789 2958 laudandum
1812 2913 1882 2970 te,
1906 2920 2056 2958 crea-

479 3007 653 3053 torem
702 2995 979 3051 miriﬁcum
1021 3003 1178 3063 atque
1203 2996 1559 3049 ordinatorem
1590 3009 1763 3048 rerum
1793 2994 2050 3059 OlllllIUIll,

479 3089 573 3143 sed
602 3094 707 3143 non
731 3086 849 3141 inde
870 3087 1101 3140 intentus
1129 3102 1247 3141 esse
1276 3085 1488 3154 incipio.
1516 3085 1669 3139 Aliud
1691 3095 1773 3140 est
1796 3086 1902 3140 cito
1932 3101 2052 3139 sur-

477 3194 624 3249 gere,
655 3177 795 3231 aliud
823 3184 904 3231 est
930 3193 1032 3231 non
1061 3177 1269 3231 cadere.
1299 3177 1363 3230 Et
1389 3177 1580 3230 talibus
1608 3177 1713 3230 vita
1745 3192 1860 3231 mea
1900 3177 2053 3245 plena

480 3274 581 3336 est,
613 3278 666 3324 et
694 3282 795 3323 una
826 3283 948 3337 spes
974 3284 1090 3322 mea
1134 3283 1321 3336 magna
1363 3267 1511 3321 valde
1551 3268 1912 3322 misericordia
1943 3278 2049 3322 tua.

476 3359 608 3415 Cum
636 3360 776 3414 enim
804 3359 1162 3429 hujuscemodi
1179 3373 1355 3413 rerum
1376 3358 1807 3428 conceptaculum
1830 3360 1851 3390 ³
1882 3359 1940 3411 fit
1960 3373 2052 3413 cor

477 3460 737 3515 nostrum,
768 3459 822 3504 et
846 3458 1018 3519 portat
1037 3449 1058 3480 ³
1085 3450 1313 3517 copiosae
1352 3449 1598 3503 vanitatis
1624 3458 1861 3503 catervas
1885 3489 1900 3516 ,
1928 3449 2054 3504 hinc

477 3548 534 3595 et
556 3540 820 3595 orationes
844 3549 1040 3594 nostra:
1068 3554 1210 3607 saepe
1250 3540 1705 3607 interrumpuntur
1742 3548 1899 3608 atque
1936 3548 2052 3593 tur-

478 3632 688 3699 bantur,
716 3642 769 3687 et
795 3640 918 3685 ante
945 3640 1286 3700 conspectum
1310 3640 1454 3684 tuum
1477 3630 1603 3684 dum
1647 3630 1713 3683 ad
1753 3644 1907 3683 aures
1938 3639 2052 3685 tuas

478 3726 663 3777 Vocem
710 3721 889 3777 cordis
933 3721 1281 3785 intendimus,
1331 3721 1511 3775 nescio
1555 3719 1695 3774 unde
1734 3721 2051 3776 irruentibus

476 3812 763 3883 nugatoriis
787 3812 1190 3882 cogitationibus
1217 3826 1301 3866 res
1331 3820 1472 3865 tanta
1499 3810 1823 3881 praiciditur.

999 3922 1224 3977 CAPUT
1263 3922 1500 3975 XXXVI.

579 4012 646 4069 Ut
669 4026 723 4067 se
750 4012 893 4066 habet
914 4012 980 4065 ad
1010 4014 1208 4065 tertium
1235 4012 1517 4065 tentatiom‘s
1532 4028 1707 4083 genus,
1729 4014 1860 4084 quod
1886 4022 1957 4069 est

1132 4100 1394 4169 superbiae.

548 4191 634 4246 58.
664 4190 923 4259 Numquid
950 4191 1108 4245 etiam
1140 4191 1240 4244 hoc
1260 4191 1400 4244 inter
1421 4192 1803 4246 contemnenda
1831 4192 2050 4261 deputa-

479 4280 673 4345 bimus,
701 4287 791 4333 aut
812 4279 1007 4348 aliquid
1038 4294 1134 4333 nos
1164 4280 1380 4334 reducet
1399 4281 1455 4333 in
1479 4295 1650 4351 Spem,
1684 4282 1785 4337 nisi
1815 4291 1923 4337 tota
1946 4285 2047 4336 mi-

482 4370 771 4426 sericordia
812 4379 897 4424 tua
920 4370 961 4437 δ,
990 4371 1237 4440 quoniam
1267 4371 1477 4440 coepisti
1518 4383 1720 4427 mutare
1750 4375 1879 4428 nos?
1906 4383 1959 4428 et
1994 4384 2047 4428 tu

481 4462 585 4515 scis
613 4468 805 4530 quanta
835 4475 898 4513 ex
928 4469 1078 4528 parte
1093 4462 1397 4527 mutaveris,
1418 4462 1507 4531 qui
1527 4478 1612 4516 me
1635 4463 1878 4531 primitus
1896 4480 2048 4518 sanas

480 4565 511 4604 a
534 4550 750 4604 libidine
789 4548 1088 4602 vindicandi
1118 4564 1222 4616 me,
1255 4558 1311 4603 ut
1335 4552 1590 4620 propitius
1629 4553 1723 4605 tias
1759 4553 1915 4606 etiam
1943 4567 2047 4607 cae-

479 4642 605 4697 teris
634 4640 878 4695 omnibus
904 4640 1262 4710 iniquitatibus
1284 4642 1439 4708 meis,
1456 4651 1509 4697 et
1537 4657 1696 4697 sanes
1720 4658 1906 4697 omnes
1936 4644 2046 4698 lan-

476 4748 668 4803 guores
690 4745 857 4798 meos,
889 4739 943 4786 et
969 4731 1198 4785 redimas
1222 4732 1289 4786 de
1308 4734 1644 4803 corruptione
1669 4734 1827 4787 vitam
1854 4750 2043 4801 meam,

477 4832 530 4877 et
544 4835 767 4877 eorones
784 4835 870 4875 me
891 4821 944 4874 in
966 4821 1302 4875 miseratione
1327 4830 1380 4875 et
1401 4824 1784 4889 misericordia,
1812 4834 1866 4878 et
1889 4827 2047 4879 saties

476 4913 531 4966 in
550 4912 702 4967 bonis
721 4910 1043 4966 desiderium
1066 4926 1238 4966 meum
1264 4912 1433 4982 (Paul.
1456 4929 1546 4982 cu,
1570 4916 1727 4986 5-5);
1749 4916 1839 4985 qui
1862 4917 1883 4948 ⁵
1906 4932 2048 4970 com-

477 5007 714 5072 pressisti
738 5024 768 5062 a
798 5009 985 5065 timore
1010 5018 1099 5063 tuo
1125 5011 1421 5079 superbiam
1444 5028 1638 5079 meam,
1669 5022 1721 5067 et
1752 5013 2020 5068 mansuefe

477 5093 594 5148 cisti
617 5095 744 5166 iugo
774 5106 862 5152 tuo
886 5099 1146 5153 cervicem
1178 5114 1367 5152 meam.
1398 5100 1463 5153 Et
1491 5115 1629 5155 nunc
1654 5110 1801 5170 porto
1826 5102 1970 5167 illud,
1996 5112 2047 5156 et

476 5183 597 5240 lene
622 5197 704 5241 est
727 5189 876 5255 mihi,
894 5190 1141 5259 quoniam
1163 5190 1239 5243 sic
1261 5190 1545 5258 promisisti
1569 5202 1622 5245 et
1642 5190 1808 5246 fecisti
1836 5191 2042 5263 (Matth.

538 5338 561 5430 ξ
582 5344 1265 5430 ἷςξιξξιέιζᾷλυιξξ
1278 5343 1430 5430 6ἑὶ88.
1459 5351 1511 5394 et
1529 5345 1672 5394 uond.
1691 5359 1801 5396 cum
1818 5347 1849 5396 4
1865 5356 1968 5397 MSS.
1989 5356 2043 5397 Μ.

577 5406 717 5468 Juxta
733 5403 895 5461 Bentl,
914 5403 1283 5466 receptaculum.
1305 5414 1357 5453 Μ.

544 5460 647 5510 ‘sit
677 5474 760 5511 cor
790 5460 999 5513 nostrum
1011 5460 1034 5522 ,'
1064 5473 1108 5515 et
1128 5472 1304 5530 portet,
1342 5475 1458 5527 etc.,
1477 5466 1614 5528 iuxta
1646 5468 1788 5517 nond.
1811 5482 1872 5518 ex
1892 5469 2042 5519 5Mss.

476 5521 602 5583 apud
620 5530 747 5572 mart.
767 5522 984 5574 laudatis.
1007 5534 1059 5574 Μ.

704 5561 1190 5647 ﬁbnifdiifé’iai'm,
1209 5584 1301 5637 nisi
1318 5592 1424 5636 nota
1440 5587 1769 5640 misericordia
1788 5595 1884 5640 tua.
1908 5589 2042 5652 Alias,

538 5681 720 5769 ῗξῖιῖά,
738 5706 877 5769 iuxta
892 5713 1059 5756 50mm.
1083 5714 1133 5756 et
1151 5706 1293 5756 uond.
1315 5720 1376 5755 ex
1402 5709 1433 5757 9
1452 5716 1551 5758 MSS.
1575 5718 1626 5758 Μ.

1622 365 2129 422 CONFESSIUNUM
2161 365 2218 419 S.
2262 364 2620 422 AUGUSTINI

3650 369 3763 432 804

2175 492 2248 540 ιι,
2282 476 2371 548 30)
2392 493 2406 541 ;
2430 487 2481 531 et
2514 493 2640 533 vere
2656 478 2731 532 sic
2753 485 2887 544 erat,
2914 484 2968 532 et
2987 480 3287 535 nesciebam
3311 483 3522 553 quando
3547 483 3598 539 id
3626 486 3759 539 sub-

2171 566 2250 621 ire
2270 568 2589 621 metuebam.
2612 567 2715 623 Sed
2748 568 2999 638 numquid
3021 610 3035 633 ,
3061 572 3302 637 Domine,
3331 572 3422 641 qui
3463 576 3609 628 solus
3634 578 3758 630 sine

2173 658 2334 730 typho
2355 656 2660 723 dominaris,
2694 660 2812 728 quia
2833 659 2977 713 solus
3008 674 3161 714 verus
3185 662 3437 718 Dominus
3452 677 3511 717 es
3530 664 3618 732 qui
3645 680 3756 719 non

2170 746 2335 805 h’abcs
2356 750 2661 814 dominum;
2692 750 2945 821 numquid
2972 752 3072 806 hoc
3094 768 3306 823 quoque
3332 755 3545 808 tertium
3571 763 3655 810 ten
3667 765 3757 809 ta-

2171 840 2329 895 tionis
2355 856 2519 910 genus
2556 841 2783 897 cessavit
2804 856 2835 895 a
2860 855 2947 896 me
2967 842 3007 907 ί,
3042 851 3135 896 aut
3175 858 3388 899 cessare
3422 844 3474 898 in
3503 843 3602 900 hac
3635 854 3755 900 tota

2168 930 2273 984 vita
2295 931 2504 999 potest?

2238 1022 2326 1077 59.
2359 1022 2553 1076 Timeri
2585 1030 2638 1077 et
2659 1024 2821 1077 amari
2853 1023 2991 1077 velle
3027 1024 3096 1078 ab
3126 1023 3448 1086 hominibus,
3481 1038 3585 1076 non
3615 1039 3745 1093 pro-

2169 1111 2285 1181 pter
2308 1113 2468 1179 aliud,
2499 1114 2594 1168 scd
2634 1122 2692 1168 ut
2729 1113 2852 1168 inde
2897 1114 2966 1167 sit
3008 1115 3255 1184 gaudium
3278 1155 3293 1179 ,
3325 1114 3465 1183 quod
3513 1129 3617 1167 non
3663 1122 3750 1168 est

2165 1204 2411 1273 gaudium
2432 1207 2474 1269 ³,
2508 1206 2698 1260 misera
2728 1206 2831 1260 vita
2861 1214 2962 1273 est,
2991 1215 3045 1260 et
3072 1207 3210 1261 [teda
3226 1206 3496 1275 iactantia.
3527 1205 3663 1260 IIinc
3688 1206 3747 1259 fit

2167 1297 2255 1351 vel
2283 1298 2511 1351 maxime
2539 1312 2641 1351 non
2668 1311 2849 1352 amare
2877 1305 2949 1363 te,
2982 1312 3080 1351 nec
3104 1305 3249 1351 caste
3274 1297 3465 1351 timere
3493 1305 3563 1351 te.
3593 1295 3747 1349 Ideo-

2167 1398 2268 1456 que
2294 1396 2349 1441 tu
2374 1388 2616 1457 superbis
2641 1389 2863 1455 resistis,
2897 1389 3185 1443 humilibus
3205 1397 3379 1442 autem
3400 1387 3494 1441 das
3516 1388 3741 1456 gratiam

2168 1477 2185 1546 (
2210 1476 2230 1531 I
2256 1476 2396 1532 Petr.
2425 1494 2480 1542 v,
2510 1477 2598 1546 5);
2627 1487 2679 1532 et
2704 1479 2913 1534 intonas
2936 1493 3099 1549 super
3121 1479 3441 1534 ambitiones
3464 1479 3665 1544 muli,
3687 1488 3744 1532 ct

2164 1576 2499 1622 contremunt
2521 1567 2857 1622 fundamenta
2885 1569 3163 1622 montium.
3196 1568 3377 1637 Itaque
3403 1568 3573 1631 nobis,
3601 1582 3740 1637 quo-

2166 1659 2306 1712 niam
2337 1668 2553 1727 prepter
2576 1660 2817 1727 qumdam
2860 1659 3106 1714 humana:
3140 1660 3411 1714 societatis
3436 1658 3605 1713 officia
3644 1674 3743 1712 ne-

2165 1747 2454 1802 cessarium
2496 1758 2579 1803 est
2620 1750 2785 1803 amari
2828 1758 2883 1803 et
2924 1750 3098 1804 timeri
3125 1750 3191 1803 ab
3229 1749 3551 1814 hominibus,
3580 1749 3743 1804 instat

2165 1839 2500 1894 adversarius
2515 1856 2652 1895 vera:
2674 1841 3013 1895 beatitudinis
3032 1850 3247 1907 nostrae,
3269 1840 3465 1909 ubique
3486 1856 3739 1911 spargens

2166 1934 2216 1983 in
2242 1931 2463 1998 laqueis,
2494 1931 2656 2000 Euge,
2693 1934 2865 2001 auge:
2899 1941 2955 1985 ut
2980 1930 3105 1985 dum
3133 1930 3286 1985 avide
3313 1930 3625 2000 colligimus,
3655 1929 3740 1984 in-

2164 2028 2317 2073 caute
2346 2021 2638 2089 capiamur,
2662 2030 2715 2075 et
2752 2038 2781 2076 a
2820 2021 3042 2075 veritate
3086 2029 3169 2074 tua
3210 2019 3457 2089 gaudium
3500 2028 3738 2073 nostrum

2163 2112 2518 2179 deponamus,
2565 2124 2721 2182 atque
2766 2114 2819 2167 in
2868 2114 3137 2166 hominum
3182 2111 3384 2166 fallacia
3431 2125 3735 2179 ponamus;

2164 2200 2430 2269 libeatque
2460 2218 2556 2256 nos
2584 2202 2748 2255 amari
2792 2210 2846 2256 et
2888 2201 3079 2266 timeri,
3127 2216 3232 2254 non
3272 2204 3488 2268 propter
3526 2208 3597 2264 te,
3640 2200 3738 2253 sed

2165 2307 2263 2360 pro
2294 2302 2379 2357 te;
2412 2302 2569 2362 atque
2594 2294 2694 2346 isto
2719 2292 2875 2348 modo
2902 2293 2981 2346 sui
3011 2293 3212 2346 similes
3239 2292 3407 2345 factos
3424 2305 3604 2344 secum
3634 2288 3736 2342 ha-

2166 2381 2308 2447 beat,
2349 2399 2453 2436 non
2485 2383 2551 2437 ad
2579 2383 2915 2437 concordiam
2955 2382 3247 2443 eharitatis,
3273 2381 3369 2436 sed
3408 2380 3474 2434 ad
3512 2394 3736 2434 consor-

2163 2475 2291 2525 tium
2321 2473 2581 2541 supplicii,
2610 2474 2698 2542 qui
2717 2473 3099 2528 statuitsedcm
3125 2487 3274 2525 suam
3296 2486 3491 2539 ponere
3520 2475 3571 2523 in
3588 2471 3741 2539 aqui-

2163 2563 2302 2627 Ione,
2345 2574 2401 2616 ut
2444 2575 2495 2618 te
2536 2579 2781 2633 perversa
2825 2572 2879 2617 et
2922 2564 3144 2617 distorta
3174 2563 3253 2615 via
3286 2561 3554 2615 imitanti8
3582 2559 3734 2633 (Isai.

2161 2670 2272 2720 nv,
2298 2653 2491 2726 13-15),
2518 2655 2779 2709 tenebrosi
2804 2654 3079 2723 frigidique
3099 2653 3378 2707 servirent.
3402 2651 3508 2705 Nos
3532 2660 3732 2714 autem,

2164 2745 2398 2807 Domine,
2423 2745 2643 2813 pusillus
2669 2761 2791 2815 grex
2818 2754 2936 2800 tuus
2951 2759 3076 2799 ecce
3106 2738 3288 2798 sumus
3313 2743 3462 2815 (Luc.
3490 2760 3584 2808 xu,
3608 2743 3735 2811 52);

2162 2845 2213 2888 tu
2244 2852 2339 2889 nos
2368 2837 2593 2904 posside.
2624 2836 2902 2891 Prmtcnde
2938 2837 3049 2889 alas
3090 2842 3224 2898 tuas,
3255 2844 3307 2889 et
3346 2835 3603 2903 fugiamus
3631 2834 3734 2887 sub

2158 2942 2267 2983 eas.
2302 2928 2476 2983 Gloria
2503 2938 2679 2983 nostra
2704 2937 2756 2981 ttt
2784 2938 2931 2989 esto;
2963 2936 3175 2996 propter
3199 2936 3247 2979 te
3268 2941 3528 2986 amemur.
3552 2936 3604 2979 et
3624 2922 3735 2978 ver-

2159 3018 2282 3071 bum
2312 3027 2457 3071 tuum
2487 3019 2732 3071 timeatur
2766 3018 2815 3070 in
2842 3018 3015 3071 nabis.
3040 3018 3136 3083 Qui
3166 3016 3361 3069 laudari
3396 3016 3505 3068 vult
3543 3014 3609 3067 ab
3638 3015 3735 3066 lto-
3802 3086 3807 3091 '

2157 3108 2386 3161 minibus
2415 3109 2742 3176 vituperantc
2769 3115 2839 3171 te,
2867 3122 2969 3159 non
2995 3106 3307 3160 defendetur
3333 3105 3401 3157 ab
3432 3102 3735 3157 hominibus

2151 3198 2422 3267 iudicante
2455 3206 2527 3263 te,
2558 3213 2655 3252 nec
2688 3198 2939 3266 eripietur
2962 3197 3245 3249 damnante
3288 3207 3356 3248 te.
3387 3195 3517 3249 Cum
3552 3202 3733 3250 autem

2157 3302 2262 3341 non
2294 3298 2538 3355 peccator
2563 3287 2803 3340 laudatur
2829 3287 2878 3339 in
2919 3285 3196 3339 desideriis
3232 3286 3422 3338 anima:
3457 3300 3599 3348 sua),
3633 3290 3733 3339 nec

2157 3378 2246 3447 qui
2270 3378 2446 3447 iniqua
2472 3378 2605 3448 gerit
2626 3378 2956 3431 benedicitur
2980 3375 3146 3449 (Psal.
3177 3392 3232 3440 x,
3263 3377 3339 3446 ὅ),
3368 3374 3459 3429 sed
3491 3374 3735 3428 laudatur

2158 3469 2321 3524 homo
2346 3479 2562 3538 propter
2586 3469 2801 3538 aliquod
2831 3469 3029 3524 donum
3053 3468 3193 3537 quod
3226 3467 3417 3521 dedisti
3454 3466 3531 3532 ei;
3560 3473 3615 3519 at
3641 3462 3737 3520 ille

2156 3561 2276 3630 plus
2299 3561 2491 3629 gaudet
2521 3560 2622 3614 sibi
2655 3559 2855 3614 laudari
2903 3575 2992 3622 se,
3022 3574 3179 3628 quam
3208 3558 3375 3627 ipsum
3401 3558 3597 3612 donum
3633 3558 3733 3610 ba-

2154 3651 2282 3705 bere
2313 3650 2451 3703 unde
2472 3650 2750 3704 laudatur:
2778 3651 2935 3704 etiam
2960 3651 3061 3703 iste
3089 3658 3142 3703 te
3175 3650 3508 3717 vituperante
3544 3648 3729 3702 lauda-

2160 3748 2276 3804 tur;
2310 3748 2362 3793 et
2391 3740 2579 3793 melior
2597 3739 2705 3809 iam
2755 3740 2845 3793 ille
2881 3740 2969 3809 qui
3010 3738 3271 3804 laudavit,
3307 3754 3466 3807 quam
3502 3738 3602 3793 iste
3639 3740 3730 3806 qui

2155 3828 2401 3884 laudatus
2428 3839 2529 3884 est.
2560 3829 2636 3883 Illi
2666 3832 2807 3884 enim
2838 3828 3035 3900 placuit
3054 3830 3105 3882 in
3135 3828 3349 3882 homine
3374 3828 3570 3883 donum
3599 3828 3725 3889 Dei;

2156 3920 2277 3975 huic
2298 3920 2522 3990 amplius
2550 3921 2743 3989 placuit
2769 3920 2966 3973 donum
2995 3919 3221 3973 hominis
3246 3932 3402 3988 quam
3436 3918 3547 3972 Dei.

2681 4028 2905 4095 CAPUT
2943 4026 3206 4082 XXXVII.

2516 4121 2561 4176 U
2566 4131 2581 4174 ι
2612 4129 2832 4173 movetur
2859 4119 3090 4173 laudibus
3116 4119 3365 4172 Immanis.

2228 4232 2314 4287 60.
2348 4233 2636 4286 Tentamur
2667 4232 2745 4283 his
2786 4230 3161 4284 tentationibus
3187 4228 3440 4299 quotidie,
3474 4229 3724 4295 Domine;

2154 4322 2268 4376 sine
2294 4322 2588 4376 cessatione
2611 4329 2891 4374 tentantur.
2913 4318 3224 4386 Quotidiana
3252 4319 3433 4371 fornax
3456 4328 3631 4373 nostra
3647 4331 3729 4374 est

2155 4411 2386 4466 humana
2408 4412 2604 4480 lingua.
2627 4409 2857 4479 Imperas
2878 4409 3029 4463 nobis
3049 4416 3101 4462 et
3126 4408 3177 4460 in
3204 4407 3302 4461 hoc
3332 4423 3524 4477 genere
3552 4412 3726 4462 conti-

2155 4502 2385 4555 nentiam
2420 4519 2431 4553 :
2461 4500 2526 4554 da
2562 4500 2702 4569 quod
2740 4499 2915 4568 iubes,
2947 4508 3001 4552 et
3024 4499 3150 4568 iube
3191 4498 3328 4568 quod
3360 4499 3452 4551 vis.
3483 4499 3560 4553 Tu
3586 4502 3726 4553 nosti

2152 4594 2219 4648 de
2248 4593 2345 4647 hac
2374 4605 2432 4647 re
2461 4591 2527 4645 ad
2566 4601 2616 4646 te
2653 4593 2901 4661 gemitum
2924 4591 3097 4647 cordis
3127 4593 3254 4659 mei,
3281 4601 3334 4645 et
3355 4591 3570 4646 fluuiina
3595 4607 3727 4646 ocu-

2151 4682 2318 4735 lorum
2348 4697 2605 4736 meorum.
2648 4681 2826 4753 Neque
2864 4683 3001 4736 enim
3036 4681 3183 4736 facile
3226 4666 3417 4752 colligo
3444 4697 3598 4751 quam
3625 4682 3731 4735 sim’

2150 4773 2217 4828 ab
2260 4775 2355 4827 ista
2407 4782 2552 4843 peste
2592 4760 2912 4841 mundatior,
2958 4783 3012 4829 et
3049 4774 3267 4827 multum
3316 4775 3475 4829 timeo
3520 4775 3729 4828 occulta

2151 4880 2265 4919 mea
2291 4864 2458 4937 (Psal.
2483 4879 2636 4928 xvm,
2673 4861 2781 4935 l5),
2809 4879 2924 4933 qua:
2955 4875 3150 4919 norunt
3185 4863 3324 4917 oculi
3358 4864 3460 4931 tui,
3495 4863 3599 4917 mei
3628 4878 3722 4915 au-

2152 4964 2258 5010 tem
2289 4973 2414 5010 non.
2449 4956 2544 5010 Est
2588 4956 2728 5009 enim
2772 4957 3169 5026 qualiscumque
3210 4974 3259 5010 In
3293 4958 3407 5011 aliis
3442 4956 3727 5026 generibus

2152 5047 2495 5101 tentationum
2524 5046 2651 5099 mihi
2676 5045 2894 5100 facultas
2921 5046 3225 5115 explorandi
3255 5063 3372 5112 me;
3402 5048 3452 5099 in
3472 5046 3571 5100 hoc
3592 5061 3729 5116 pene

2151 5139 2292 5192 nulla
2322 5147 2421 5191 est.
2452 5136 2580 5190 Nam
2609 5147 2662 5189 et
2686 5152 2715 5189 a
2744 5138 3101 5205 voluptatibus
3127 5139 3299 5190 carnis
3319 5179 3333 5202 ,
3358 5146 3411 5191 et
3444 5152 3473 5190 a
3500 5136 3725 5190 curiosi-

2154 5236 2259 5283 tate
2283 5241 2675 5296 supervacanea
2702 5228 3082 5296 cognoscendi,
3116 5228 3270 5282 video
3296 5238 3547 5297 quantum
3574 5242 3725 5283 asse-

2151 5330 2304 5376 cutus
2329 5322 2427 5374 sim
2460 5334 2616 5390 posse
2656 5321 2925 5373 refrenare
2967 5320 3202 5373 animum
3244 5335 3441 5385 meum,
3489 5334 3608 5373 cum
3647 5319 3733 5373 eis

2213 5466 2231 5499 ¹
2252 5464 2460 5517 cessabit
2475 5480 2505 5515 a
2523 5479 2611 5527 me,
2628 5468 2764 5529 juxta
2782 5472 2911 5529 Mart.
2932 5480 3039 5516 eum
3056 5467 3086 5516 6
3104 5476 3205 5517 Mss.
3227 5475 3280 5517 Μ.
3716 5513 3734 5529 _,

2212 5529 2232 5559 ¹
2252 5534 2421 5596 Somni.
2445 5536 2495 5577 et
2528 5526 2667 5576 ttond.
2685 5530 2719 5596 _9
2754 5537 2854 5576 MSS.
2881 5528 2987 5596 fulti
3022 5529 3227 5596 [lirasim
3259 5531 3328 5578 sic
3359 5526 3730 5596 inchoaut:§cd

2150 5588 2381 5660 numquid
2397 5602 2640 5660 ,‘Ieamque
2657 5591 2725 5638 sic
2742 5602 2862 5660 conn
2881 5588 2985 5660 lent
3002 5588 3164 5660 {Quod
3182 5603 3273 5660 non
3289 5596 3358 5660 est
3372 5591 3601 5660 gaudium
3625 5588 3650 5660 ξ
3668 5598 3723 5660 Μ.

2213 5650 2234 5681 ³
2249 5648 2319 5713 sic
2337 5648 2544 5713 legimus
2561 5648 2610 5697 in
2629 5659 2732 5713 atss.
2752 5648 3015 5713 li‘ossatcnsi
3032 5663 3044 5709 ;
3064 5658 3107 5700 at
3127 5654 3174 5699 in
3193 5650 3298 5699 aliis
3314 5648 3558 5713 plerisque
3578 5652 3729 5701 habe4

2152 5719 2230 5761 tur
2252 5709 2494 5772 imitandi,
2518 5720 2597 5761 aut
2623 5710 2793 5761 imitati
2818 5726 2833 5761 :
2855 5713 3011 5761 minus
3040 5714 3188 5775 bene,
3205 5720 3259 5761 ut
3273 5709 3574 5762 arbitrantur.
