4078 6366
255 321 362 378 805

258 439 426 492 rebus
453 449 631 501 careo,
679 434 758 489 vel
803 434 1071 489 voluntate
1093 475 1106 498 ,
1134 433 1218 487 vel
1253 446 1372 485 cum
1415 429 1604 483 absunt
1629 430 1664 476 ι.
1696 425 1842 478 Tunc

258 531 407 585 enim
435 542 521 582 me
551 515 848 595 interrogo,
880 540 1034 594 quam
1067 525 1232 592 magis
1269 523 1508 576 minusve
1551 518 1680 572 mihi
1724 532 1839 570 mo-

259 621 454 677 lestum
484 619 553 674 sit
580 634 684 672 non
716 617 936 672 habere.
976 615 1178 670 Divitiae
1216 629 1343 669 vero
1387 629 1501 683 quae
1527 612 1595 666 ob
1621 611 1719 664 hoc
1745 626 1840 664 ex-

263 722 537 783 petuntur,
558 719 614 764 ut
631 709 782 764 alicui
808 708 1024 762 istarum
1044 707 1204 759 trium
1226 705 1590 773 cupiditatum,
1608 702 1695 758 vel
1719 701 1843 756 dna-

260 805 359 858 bus
381 818 585 865 earum,
611 801 693 854 vel
714 800 960 853 omnibus
982 798 1230 860 serviant,
1261 798 1304 850 si
1333 796 1713 864 persentiscere
1734 809 1841 848 non

259 904 435 964 potest
460 894 667 946 animus
689 901 864 945 utrum
880 889 1182 945 eashabens
1197 895 1519 949 contemnat,
1544 894 1764 956 possunt
1787 895 1841 941 et

259 987 453 1041 dimitti
486 995 542 1040 ut
567 1000 627 1040 sc
657 983 862 1053 probet.
895 981 1071 1035 Laude
1101 995 1225 1034 vero
1253 989 1307 1033 ut
1343 992 1638 1043 careamus,
1679 980 1835 1046 atque

259 1081 314 1132 in
344 1095 410 1133 eo
436 1077 777 1147 experiamur
813 1073 938 1143 quid
972 1086 1274 1143 possumus,
1303 1070 1555 1139 numquid
1595 1070 1730 1124 male
1758 1070 1838 1123 vi-

255 1168 489 1222 vendum
519 1172 617 1230 est,
643 1174 697 1219 et
723 1173 830 1217 tam
848 1163 1054 1234 perdite
1082 1169 1238 1231 atque
1256 1161 1573 1226 immaniter,
1603 1168 1658 1212 ut
1683 1174 1840 1214 nemo

255 1274 355 1313 nos
384 1258 590 1313 noverit
607 1257 697 1328 qui
725 1271 834 1312 non
870 1255 1193 1311 detestetur?
1213 1253 1342 1320 Quae
1366 1254 1534 1324 major
1573 1253 1839 1308 dementia
1881 1279 1884 1282 ~

254 1353 360 1408 dici
388 1359 480 1405 aut
499 1349 717 1420 cogitari
746 1348 953 1418 potest?
974 1348 1044 1402 At
1068 1348 1112 1402 si
1141 1348 1294 1402 bonae
1328 1347 1450 1399 vitae
1476 1346 1838 1413 bonorumque

253 1459 480 1514 operum
509 1456 687 1498 comes
712 1449 767 1498 et
794 1440 929 1496 solet
947 1449 1000 1494 et
1020 1439 1176 1494 debet
1195 1453 1313 1493 esse
1337 1436 1588 1502 laudatio,
1618 1443 1722 1490 tam
1749 1450 1838 1489 co-

254 1536 500 1590 mitatum
537 1534 669 1603 ejus,
700 1547 857 1602 quam
890 1532 1056 1600 ipsam
1079 1531 1272 1584 bonam
1316 1530 1478 1583 vitam
1513 1528 1688 1583 deseri
1733 1543 1838 1582 non

253 1634 492 1694 Oportet.
524 1624 638 1677 Non
685 1631 863 1677 autem
891 1622 1061 1677 sentio
1099 1621 1213 1675 sine
1247 1634 1351 1691 quo
1397 1634 1515 1673 esse
1557 1626 1647 1671 aut
1685 1632 1837 1686 aequo

252 1717 456 1781 animo,
481 1725 570 1770 aut
591 1729 730 1785 aegre
753 1713 976 1786 possim,
1007 1712 1108 1766 nisi
1130 1727 1248 1767 cum
1277 1695 1523 1765 abfuerit.

329 1811 420 1864 6|.
453 1807 586 1876 Quid
619 1808 774 1878 igitur
807 1806 902 1861 tibi
934 1805 987 1859 in
1020 1803 1121 1858 hoc
1148 1817 1344 1874 genere
1379 1799 1702 1864 tentationis,
1728 1799 1835 1852 Do-

254 1901 425 1965 mine,
456 1896 915 1965 contiteoriQuid,
945 1895 1046 1950 nisi
1066 1894 1316 1949 delectari
1338 1909 1424 1947 me
1446 1890 1718 1956 laudibus;
1742 1889 1836 1945 sed

253 1989 486 2060 amplius
515 1989 626 2059 ipsa
671 1988 893 2043 veritate
931 2001 1089 2057 quam
1135 1983 1414 2039 laudibus?
1448 1982 1578 2036 Nam
1621 1981 1663 2035 si
1706 1980 1836 2034 mihi

253 2091 584 2152 proponatur
614 2089 786 2135 utrum
814 2078 993 2132 malim
1026 2076 1224 2140 furens,
1253 2083 1344 2128 aut
1380 2074 1432 2127 in
1474 2072 1719 2126 omnibus
1748 2086 1836 2124 re-

253 2177 358 2230 bus
386 2188 592 2241 errans,
615 2172 683 2227 ab
720 2172 966 2228 omnibus
995 2169 1298 2225 hominibus
1334 2165 1568 2228 laudari;
1601 2180 1665 2216 an
1705 2179 1834 2218 con-

253 2276 424 2331 stans,
455 2275 510 2319 et
537 2266 588 2319 in
615 2263 836 2318 veritate
863 2262 1188 2318 certissimus
1209 2299 1223 2325 ,
1254 2257 1318 2313 ab
1348 2256 1592 2310 omnibus
1635 2255 1835 2321 vitupe-

255 2362 398 2426 rari;
435 2359 588 2414 video
627 2357 753 2428 quid
798 2357 1008 2426 eligam.
1038 2354 1408 2408 Verumtamen
1451 2349 1643 2402 nollem
1672 2355 1728 2400 ut
1754 2345 1837 2400 vel

256 2460 481 2522 augeret
507 2449 636 2504 mihi
661 2447 911 2518 gaudium
937 2444 1220 2514 cujuslibet
1246 2441 1369 2496 boni
1401 2439 1504 2494 mei
1533 2437 1837 2506 sull'ragatio

256 2551 367 2603 oris
394 2545 576 2601 alieni.
607 2543 713 2599 Sed
740 2550 914 2611 auget,
948 2539 1144 2603 fateor;
1175 2550 1280 2590 non
1314 2534 1506 2595 solum,
1537 2530 1630 2586 sed
1669 2538 1736 2584 et.
1759 2529 1835 2581 vi-

257 2637 520 2707 tuperatio
549 2634 753 2689 minuit.
778 2632 845 2685 Et
869 2645 988 2684 cum
1020 2628 1119 2683 ista
1148 2625 1358 2682 miseria
1395 2637 1510 2676 mea
1538 2619 1834 2690 perturbor,

255 2729 526 2784 subintrat
576 2725 704 2779 mihi
747 2721 1038 2784 excusatio,
1083 2734 1201 2789 quae
1247 2715 1417 2787 qualis
1473 2714 1561 2776 sit,
1606 2720 1658 2764 tu
1711 2709 1836 2771 scis,

256 2823 435 2885 Deus;
463 2834 584 2874 nam
610 2833 695 2871 me
722 2817 976 2870 incertum
1006 2812 1147 2866 facit.
1171 2809 1304 2875 Quia
1325 2807 1467 2862 enim
1490 2804 1642 2858 nobis
1669 2803 1838 2869 impe-

255 2913 387 2967 rasti
417 2926 522 2966 non
553 2917 753 2963 tantum
780 2903 1178 2966 continentiam,
1211 2899 1261 2953 id
1281 2907 1382 2962 est,
1409 2912 1439 2951 a
1469 2895 1659 2966 quibus
1683 2892 1841 2948 rebus

257 3017 497 3060 amorem
528 3000 888 3064 cohibeamus,
929 3011 1110 3050 verum
1155 2992 1316 3047 etiam
1353 2988 1633 3059 justitiam,
1664 2984 1716 3038 id
1737 2990 1837 3047 est,

257 3111 366 3166 quo
385 3110 508 3150 eum
547 3090 915 3153 conferamus;
946 3102 1043 3142 nec
1071 3095 1122 3140 te
1151 3091 1351 3138 tantum
1376 3078 1587 3136 voluisti
1608 3093 1638 3130 a
1665 3077 1836 3138 nobis,

258 3165 446 3243 verum
491 3186 647 3241 etiam
688 3182 988 3252 proximum
1022 3176 1165 3246 diligi
1203 3191 1217 3227 :
1246 3188 1388 3242 saepe
1414 3170 1544 3225 mihi
1569 3167 1754 3222 videor
1774 3165 1841 3220 de

260 3277 505 3349 profectu
534 3285 627 3330 aut
655 3289 748 3343 spe
777 3269 1005 3342 proximi
1034 3265 1304 3331 delectari,
1333 3279 1452 3318 cum
1481 3262 1617 3315 bene
1646 3257 1839 3314 intelli-

259 3348 438 3439 gentis
465 3365 619 3420 laude
648 3364 915 3426 delector;
941 3368 995 3415 et
1018 3372 1203 3413 rursus
1227 3356 1342 3425 ejus
1359 3354 1497 3407 malo
1513 3348 1840 3415 contristari,

260 3476 384 3515 cum
409 3473 532 3515 eum
559 3457 714 3510 audio
735 3455 1030 3522 vituperare
1069 3448 1208 3519 quod
1244 3455 1334 3500 aut
1360 3446 1583 3514 ignorat,
1611 3449 1702 3496 aut
1743 3440 1841 3494 bo-

264 3565 392 3606 num
416 3560 518 3604 est.
546 3547 677 3602 Nam
713 3558 767 3601 et
801 3543 1084 3600 contristor
1113 3536 1393 3608 aliquando
1421 3533 1662 3588 laudibus
1685 3531 1840 3596 meis,

262 3657 387 3696 cum
429 3639 514 3694 vel
559 3653 622 3693 ea
667 3636 948 3691 laudantur
993 3634 1044 3686 in
1076 3647 1189 3698 me,
1227 3631 1282 3685 in
1324 3627 1512 3698 quibus
1557 3627 1689 3696 ipse.
1713 3622 1844 3677 mihi

264 3733 551 3802 displiceo;
581 3729 665 3784 vel
688 3728 847 3784 etiam
875 3727 1011 3782 bona
1047 3725 1250 3778 minora
1271 3729 1325 3777 et
1346 3720 1480 3776 levia
1500 3718 1666 3788 pluris
1693 3715 1840 3770 aesti-

267 3834 484 3878 mantur
509 3837 666 3891 quam
691 3817 998 3875 aestimanda
1026 3823 1167 3872 sunt.
1201 3814 1304 3870 Sed
1335 3827 1540 3877 rursus,
1569 3811 1708 3866 unde
1735 3810 1846 3864 scio

264 3930 336 3969 an
359 3921 642 3983 propterea
683 3911 760 3967 sic
787 3909 1007 3974 aiticior,
1033 3908 1154 3978 quia
1181 3906 1303 3962 nolo
1332 3906 1400 3960 de
1442 3906 1646 3972 meipso
1685 3918 1713 3955 a
1761 3919 1847 3957 me

267 4005 554 4062 dissentire
579 4002 906 4060 laudatorem
934 4014 1144 4064 meum;
1173 4012 1277 4054 non
1302 3997 1422 4067 quia
1454 3997 1592 4050 illius
1622 3995 1848 4050 utilitate

265 4110 506 4157 moveor,
529 4093 622 4148 sed
643 4093 763 4162 quia
786 4090 972 4146 eadem
1001 4089 1136 4144 bona
1155 4104 1270 4158 qure
1288 4087 1416 4142 mihi
1438 4087 1489 4141 in
1512 4101 1597 4141 me
1618 4085 1844 4154 placent,

259 4184 579 4256 jucundiora
613 4182 739 4236 mihi
767 4188 889 4236 sunt
913 4195 1034 4234 cum
1058 4188 1110 4234 et
1137 4177 1286 4232 alteri
1313 4177 1552 4246 placent?
1576 4174 1846 4242 Quodam-

265 4275 430 4330 modo
460 4274 602 4330 enim
631 4288 736 4327 non
761 4288 859 4341 ego
886 4271 1093 4337 laudor,
1115 4284 1236 4325 cum
1252 4268 1320 4323 de
1344 4283 1427 4322 me
1445 4266 1705 4322 sententia
1730 4280 1846 4320 mea

266 4383 377 4424 non
407 4367 694 4432 laudatur;
721 4363 1148 4435 quandoquidem
1183 4369 1276 4416 aut
1309 4361 1395 4415 illa
1424 4359 1704 4413 laudantur
1731 4373 1849 4428 quae

233 4451 238 4456 ’
269 4459 402 4516 mihi
423 4458 725 4528 displicent,
754 4467 842 4511 aut
869 4455 960 4509 illa
989 4455 1216 4523 amplius
1236 4467 1354 4523 quae
1383 4450 1512 4505 mihi
1539 4449 1714 4528 minus
1741 4449 1849 4519 pla-

267 4563 414 4608 cent.
442 4553 652 4621 Ergone
677 4550 745 4605 de
773 4549 872 4604 hoc
901 4549 1134 4602 incertus
1161 4561 1277 4601 sum
1300 4544 1442 4600 mei?

344 4643 434 4699 62.
463 4642 601 4696 Ecce
629 4643 678 4695 in
709 4650 780 4707 te,
812 4640 1036 4703 Veritas,
1050 4637 1204 4692 video
1225 4652 1332 4691 non
1357 4650 1442 4690 me
1461 4633 1702 4688 laudibus
1719 4632 1858 4686 meis

269 4744 492 4808 propter
533 4747 638 4798 me,
681 4732 773 4786 sed
819 4740 1034 4800 propter
1068 4729 1292 4799 proximi
1336 4727 1616 4782 utilitatem
1651 4722 1852 4778 moveri

269 4836 545 4898 Oportere.
575 4825 638 4878 Et
666 4835 841 4878 utrum
866 4824 935 4876 ita
961 4821 1029 4876 sit
1053 4820 1256 4875 nescio.
1289 4819 1459 4872 Minus
1498 4816 1626 4870 mihi
1671 4815 1723 4868 in
1755 4813 1854 4867 hac

273 4935 338 4974 re
367 4927 526 4972 notus
546 4931 662 4969 sum
695 4916 805 4983 ipse
833 4928 988 4982 quam
1022 4920 1074 4964 tu
1093 4912 1135 4963 ².
1168 4910 1400 4964 Obsecro
1423 4917 1492 4974 te,
1517 4908 1656 4966 Deus
1681 4919 1848 4969 meus,

267 5020 330 5068 et
353 5009 615 5079 meipsum
639 5007 766 5060 mihi
793 5006 984 5069 indica,
1019 5013 1078 5058 ut
1104 5002 1358 5058 conﬁtear
1383 4999 1614 5054 oraturis
1645 5013 1738 5067 pro
1769 5010 1854 5050 me

270 5101 528 5156 fratribus
552 5100 684 5154 meis
703 5097 846 5169 quod
867 5098 921 5151 in
942 5111 1027 5151 me
1051 5095 1286 5151 sauciUm
1311 5087 1854 5161 comperertherum

341 5238 356 5266 ι
377 5242 572 5293 80mm,
589 5230 662 5283 vel
677 5231 909 5283 voluntate
927 5243 1035 5280 cum
1052 5228 1247 5293 adsunt,
1268 5225 1341 5276 vel
1355 5221 1628 5293 necessitate
1644 5235 1754 5293 cum
1770 5221 1856 5293 de-

267 5302 400 5350 sunt.
420 5297 494 5345 sic
511 5284 659 5345 etiam
674 5295 841 5356 ttond.,
872 5291 1209 5344 substituendo
1232 5284 1395 5339 tamen
1423 5284 1610 5345 absum,
1644 5284 1750 5333 loco
1777 5285 1858 5334 de-

267 5363 401 5410 sua.
423 5366 477 5406 Μ.

343 5407 509 5477 't.ov.,
532 5429 677 5481 quam
702 5414 827 5481 tibi;
861 5412 1155 5481 sedmelius
1171 5412 1466 5481 antiquiores
1499 5407 1610 5456 Edd.
1648 5413 1865 5481 et__Mss.,-

455 5471 523 5530 ui.
545 5471 633 5528 'Hic
663 5471 890 5528 nimirum
922 5477 969 5525 id
985 5475 1239 5528 conﬁtetur
1255 5471 1384 5535 quod
1401 5483 1544 5532 supra
1560 5482 1665 5531 cap.
1683 5471 1731 5529 5,
1750 5482 1859 5535 cum

271 5531 502 5610 diceret:
527 5538 642 5610 {uilli
657 5553 761 5590 sum
778 5537 1065 5610 prmseiuior
1095 5550 1238 5600 quem
1256 5531 1385 5610 tibi,
1416 5531 1470 5610 et
1489 5538 1646 5610 {quiet}
1678 5531 1863 5610 tanti-ri

271 5601 411 5652 nullo
427 5603 570 5664 modo
589 5614 722 5664 posse
741 5591 939 5660 violari;
956 5612 1043 5664 ego
1057 5591 1168 5648 vero
1184 5596 1353 5664 quibus
1369 5591 1697 5664 (natationibus
1717 5591 1863 5664 resis-

270 5670 379 5713 tere
397 5654 600 5724 valeam;
612 5662 840 5726 quibusve
851 5654 947 5726 non
969 5654 1167 5722 valeam,
1189 5654 1362 5710 nescio.
1383 5683 1441 5692 —-
1458 5664 1628 5704 s'onnn.
1649 5659 1700 5704 et
1717 5654 1858 5702 nond.

274 5726 431 5775 cunﬂ
448 5721 743 5788 Mss.,'q'umn
755 5721 856 5785 tibi,
882 5724 950 5772 uti
970 5730 1077 5770 ιον.
1100 5729 1152 5770 Μ.

1635 309 1833 365 ΗΒΕΞὶ
1878 308 2182 368 DECIMUS.

3422 327 3526 388 806

1953 439 2038 477 me
2079 425 2379 496 diligentius
2412 433 2748 505 interrogem.
2791 438 2844 493 Si
2887 441 3107 497 utilitate
3141 445 3370 513 proximi
3402 462 3521 503 mo-

1948 529 2076 607 veor
2099 517 2148 570 in
2172 520 2410 576 laudibus
2439 525 2591 588 meis,
2615 542 2709 579 cur
2731 529 2902 583 minus
2922 547 3157 596 moveor,
3181 535 3225 588 si
3242 537 3518 607 quisquam

1946 605 2082 660 alius
2113 608 2304 676 injuste
2334 612 2680 682 vituperetur,
2704 633 2858 688 quam
2888 621 2930 673 si
2957 622 3094 690 ego?
3120 637 3215 676 cur
3243 639 3303 678 ea
3330 605 3520 680 contu-

1920 697 2101 751 °melia
2137 700 2302 769 magis
2327 704 2574 759 mordeor
2593 723 2710 776 quae
2737 709 2788 762 in
2812 725 2915 776 me,
2939 727 3098 781 quam
3127 730 3243 783 quae
3276 715 3328 768 in
3356 717 3520 772 alium

1947 787 2131 843 eadem
2156 791 2425 861 iniquitate
2446 809 2623 851 coram
2651 799 3069 868 mejaeitur?An
3098 814 3152 858 et
3181 805 3280 860 hoc
3303 809 3520 863 nescio?

1946 879 2189 936 Etiamne
2211 884 2260 938 id
2288 897 2450 942 restat
2485 898 2542 943 ut
2565 890 2678 960 ipse
2705 909 2789 946 me
2822 895 3094 963 sedueam,
3123 907 3176 951 et
3203 914 3386 952 verum
3413 915 3520 955 non

1944 969 2129 1025 faciam
2165 989 2343 1029 coram
2385 986 2435 1032 te
2476 979 2527 1034 in
2568 982 2728 1053 corde
2767 993 2821 1038 et
2857 981 3030 1056 lingua
3064 989 3228 1042 mea?
3256 989 3520 1046 Insaniam

1944 1063 2119 1129 istam,
2153 1066 2392 1136 Domine,
2425 1071 2579 1142 longe
2603 1072 2686 1128 fac
2714 1090 2744 1128 a
2769 1092 2874 1140 me,
2908 1093 2974 1131 ne
3003 1079 3179 1132 oleum
3221 1079 3519 1148 peccatoris

1945 1153 2070 1208 mihi
2117 1157 2183 1210 sit
2225 1173 2286 1211 os
2325 1175 2503 1215 meum
2556 1162 2624 1217 ad
2670 1165 3101 1237 impinguandum
3143 1179 3300 1239 caput
3343 1184 3520 1225 meum

1944 1243 2110 1316 (Psal.
2136 1261 2254 1312 cn,
2288 1247 2366 1318 5).

2467 1342 2692 1401 CAPUT
2731 1346 3020 1403 XXXVIII.

2241 1431 2307 1485 Et
2332 1433 2503 1487 virtuti
2525 1438 2800 1504 periculum
2816 1457 2845 1491 a
2871 1457 2998 1493 vana
3024 1441 3206 1511 gloria.

2013 1521 2098 1576 6'5.
2131 1523 2338 1592 Egerius
2366 1534 2418 1579 et
2443 1541 2638 1595 pauper
2659 1544 2756 1598 ego
2784 1545 2922 1597 sum,
2951 1541 3004 1586 et
3030 1533 3218 1587 melior
3239 1533 3290 1588 in
3310 1536 3519 1590 occulto

1940 1618 2137 1686 gemitu
2168 1616 2456 1685 displicens
2513 1619 2662 1682 mihi,
2719 1629 2771 1675 et
2815 1638 3057 1691 quaerens
3103 1626 3519 1680 misericordiam

1943 1715 2105 1771 tuam,
2139 1707 2308 1763 donec
2335 1710 2600 1764 reticiatur
2639 1711 2875 1768 defectus
2913 1730 3083 1781 meus,
3128 1725 3182 1771 et
3218 1718 3521 1786 perﬁciatur

1943 1814 2108 1868 usque
2136 1800 2186 1852 in
2215 1814 2394 1868 pacem
2430 1816 2586 1869 quam
2629 1804 2796 1856 nescit
2829 1806 3124 1874 arrogantis
3157 1808 3358 1861 oculus.
3390 1807 3519 1864 Ser-

1941 1905 2028 1942 mo
2069 1900 2242 1944 autem
2275 1907 2366 1944 ore
2410 1892 2722 1960 procedens,
2768 1903 2822 1948 et
2863 1893 2994 1950 facta
3039 1913 3154 1966 quae
3183 1898 3521 1954 innotescunt

1943 1979 2263 2046 hominibus,
2297 1980 2494 2036 habent
2539 1984 2879 2040 tentationem
2927 1987 3423 2055 periculosissimam
3453 1989 3518 2043 ab

1940 2087 2121 2126 amore
2142 2072 2330 2138 laudis,
2363 2074 2450 2142 qui
2481 2074 2546 2127 ad
2575 2075 2827 2143 privatam
2849 2077 3129 2146 quamdam
3151 2079 3520 2134 excellentiam

1940 2163 2204 2217 contrahit
2241 2165 2567 2220 emendicata
2597 2167 2877 2238 suffragia;
2911 2171 3113 2224 tentat‘
3139 2179 3194 2224 et
3219 2186 3339 2225 cum
3369 2187 3399 2224 a
3430 2179 3524 2228 me

1941 2253 1994 2307 in
2026 2270 2109 2308 me
2138 2256 2391 2324 arguitur,
2421 2271 2485 2310 eo
2515 2257 2627 2326 ipso
2665 2275 2770 2328 quo
2815 2261 3078 2329 arguitur;
3101 2269 3158 2317 et
3183 2276 3325 2330 saepe
3353 2262 3517 2316 homo

1941 2344 2006 2398 de
2032 2345 2144 2414 ipso
2161 2363 2307 2400 vanae
2330 2348 2506 2416 gloria:
2527 2358 2830 2418 contemptu
2860 2353 3045 2405 vanius
3065 2353 3344 2422 gloriatur:
3375 2353 3522 2409 ideo:-

1941 2449 2162 2503 quenon
2194 2436 2301 2504 jam
2350 2436 2418 2491 de
2464 2438 2579 2507 ipso
2625 2442 2975 2508 contemptu’
3004 2441 3186 2509 gloriae
3232 2443 3516 2512 gloriatur;

1945 2540 2049 2578 non
2073 2529 2214 2579 enim
2241 2541 2354 2580 eam
2383 2529 2692 2595 contemnit,
2715 2544 2832 2583 eum
2861 2532 3286 2597 gloriaturintus.

2249 2638 2282 2658 ‘
2472 2635 2694 2692 CAPUT
2733 2637 2976 2693 XXXIX.

2326 2725 2522 2780 Amoris
2550 2727 2742 2796 praprii
2771 2729 2842 2781 vis
2865 2737 2910 2782 et
2935 2737 3137 2783 natura.

2015 2819 2102 2874 64.
2132 2819 2300 2873 Etiam
2332 2820 2472 2875 intus
2493 2830 2572 2874 est
2598 2820 2738 2875 aliud
2769 2822 2821 2875 in
2842 2822 3028 2877 eodem
3055 2812 3248 2892 genere
3276 2827 3521 2881 tentatio-

1946 2913 2028 2965 nis
2073 2915 2288 2978 malum,
2318 2930 2424 2985 quo
2466 2915 2777 2970 inanescunt
2825 2916 2913 2985 qui
2959 2916 3170 2984 placent
3201 2917 3300 2971 sibi
3330 2919 3396 2972 de
3439 2934 3518 2987 se,

1948 3008 2186 3075 quamvis
2213 3007 2328 3062 aliis
2355 3007 2440 3064 vel
2459 3023 2563 3062 non
2593 3007 2832 3076 placeant
2861 3007 2903 3074 ⁸,
2933 3009 3012 3062 vel
3045 3009 3379 3078 displiceant,
3418 3025 3520 3066 nec

1947 3099 2154 3166 placere
2179 3099 2427 3154 all'ectent
2451 3100 2678 3155 caeteris.
2724 3098 2828 3157 Sed
2867 3100 2964 3155 sibi
2995 3101 3263 3170 placentes
3298 3103 3528 3157 multum

1947 3188 2040 3242 tibi
2067 3189 2365 3258 displicent,
2392 3205 2496 3244 non
2526 3199 2729 3246 tantum
2751 3189 2821 3246 de
2843 3206 2950 3246 non
2975 3191 3128 3246 bonis
3155 3193 3305 3262 quasi
3344 3194 3520 3262 bonis,

1947 3294 2131 3331 verum
2157 3279 2314 3334 etiam
2341 3279 2408 3334 de
2437 3279 2588 3334 bonis
2610 3280 2712 3335 tuis
2737 3281 2888 3349 quasi
2916 3281 3057 3345 suis;
3086 3290 3176 3334 aut
3196 3283 3356 3335 etiam
3385 3283 3522 3336 sicut

1947 3369 2015 3424 de
2033 3370 2154 3436 tuis,
2182 3369 2274 3424 sed
2310 3379 2556 3440 tanquam
2593 3388 2657 3426 ex
2689 3371 2890 3427 meritis
2911 3373 3051 3437 suis;
3083 3381 3173 3426 aut
3197 3372 3357 3426 etiam
3383 3375 3524 3427 sicut

1948 3474 2015 3513 ex
2043 3469 2127 3513 tua
2158 3462 2324 3530 gratia
2347 3459 2389 3526 ³,
2427 3476 2534 3514 ιιοιι
2580 3471 2756 3516 tamen
2793 3463 3059 3517 socialiter
3085 3463 3392 3532 gaudentes,
3427 3463 3526 3518 sed

1948 3551 2064 3604 aliis
2093 3551 2388 3607 invidentes
2425 3567 2508 3608 ea.
2543 3554 2599 3607 In
2634 3553 2718 3607 his
2751 3554 2996 3608 omnibus
3023 3563 3182 3623 atque
3220 3553 3522 3622 lmjusmodi

1902 3719 1904 3722 Ι
1950 3641 2198 3710 periculis
2223 3652 2278 3698 et
2299 3643 2564 3698 laboribus
2592 3644 2740 3700 vides
2773 3653 3057 3699 tremorem
3095 3645 3268 3699 cerdis
3301 3645 3435 3710 mei;
3470 3653 3527 3699 et

1949 3732 2170 3786 vulnera
2194 3747 2310 3785 mea
2341 3733 2510 3802 magis
2548 3733 2773 3788 subinde
2804 3750 2833 3788 a
2861 3742 2914 3789 te
2952 3735 3149 3798 sanari,
3191 3750 3346 3804 quam
3395 3735 3525 3791 mihi

1951 3838 2056 3878 non
2087 3822 2248 3893 intligi
2275 3825 2466 3878 sentio.

1908 3339 1934 3400 ἱ

2153 3979 2156 3982 ,
2541 3913 2765 3969 CAPUT
2804 3914 2916 3968 XL.

2082 4006 2228 4071 Quod
2257 4005 2378 4059 inse
2405 4015 2449 4060 el
2483 4005 2672 4060 ca’leris
2698 4005 2842 4060 rebus
2868 4006 3030 4060 Deum
3058 4007 3384 4077 investigavil.

2022 4097 2110 4152 65.
2137 4097 2235 4153 Ubi
2263 4113 2366 4150 non
2399 4111 2603 4151 mecum
2624 4099 3160 4166 ambulasti,Veritas,
3193 4101 3388 4156 docens
3404 4103 3529 4172 quid

1953 4204 2168 4243 caveam
2199 4188 2390 4257 etquid
2417 4198 2681 4256 appetam,
2712 4203 2830 4244 cum
2850 4192 2914 4243 ad
2939 4198 2986 4243 te
3005 4189 3258 4245 referrem
3284 4192 3530 4246 inferiora

1955 4281 2066 4334 visa
2115 4295 2232 4333 mea
2281 4294 2398 4348 quae
2452 4279 2619 4348 potui,
2667 4289 2822 4349 teque
2872 4281 3248 4334 consulerem?
3290 4282 3531 4338 Lustravi

1955 4371 2209 4425 mundum
2238 4370 2366 4424 foris
2396 4384 2555 4424 sensu
2586 4384 2690 4439 quo
2716 4369 2879 4439 potui,
2917 4379 2972 4423 et
2999 4370 3196 4424 attendi
3228 4372 3387 4425 vitam
3413 4388 3534 4426 cor-

1955 4464 2098 4533 poris
2122 4461 2226 4516 mei
2265 4463 2332 4516 de
2361 4476 2464 4526 me,
2499 4475 2791 4530 sensusque
2810 4461 2954 4531 ipsos
2977 4477 3145 4516 meos.
3177 4462 3304 4517 Inde
3331 4465 3535 4532 ingres-

1956 4571 2048 4610 sus
2075 4570 2191 4609 sum
2224 4554 2276 4608 in
2306 4568 2549 4608 recessus
2584 4553 2855 4607 memoriae
2881 4569 3036 4622 mem,
3063 4554 3382 4624 multiplices
3423 4572 3538 4609 am-

1955 4647 2246 4717 plitudines
2273 4645 2456 4715 plenas
2484 4644 2634 4698 miris
2668 4643 2838 4698 modis
2859 4645 3132 4714 copiarum
3177 4647 3534 4700 innumerabi-

1958 4741 2119 4806 lium;
2151 4748 2204 4794 et
2249 4737 2601 4805 consideravi,
2638 4745 2693 4793 et
2731 4738 2940 4807 expavi,
2971 4745 3024 4792 et
3051 4739 3182 4793 nihil
3207 4754 3390 4794 eorum
3420 4740 3533 4792 dis-

2021 4856 2036 4887 ι
2060 4861 2156 4903 Am.
2178 4860 2252 4903 Er.
2271 4860 2324 4902 et
2337 4859 2473 4914 Lov.,-
2488 4851 2770 4918 contra/pere
2797 4853 3096 4918 mendicum
3111 4853 3342 4918 suffragia
3359 4859 3537 4912 tentet;

1956 4921 2003 4967 et
2016 4930 2123 4966 cum
2136 4930 2165 4964 α
2177 4928 2268 4965 me.
2281 4923 2475 4979 δοιιιιιι.ἓ
2486 4915 2741 4979 contrahit,
2755 4916 3106 4966 etemendicata
3115 4914 3345 4979 suffragia
3361 4922 3538 4979 temet;

1956 4985 2002 5030 et
2018 4991 2128 5027 cum
2147 4991 2176 5026 a
2195 4989 2286 5025 me.
2307 4977 2604 5025 Praetulimus
2624 4973 2885 5027 lectionem
2902 4986 3026 5039 atss.,
3044 4991 3153 5039 qua:
3172 4973 3316 5039 étia'm
3337 4985 3411 5026 est
3428 4977 3536 5025 Bad.
3556 4985 3560 4988 '

1960 5047 2013 5089 et
2027 5048 2137 5089 Arn.
2159 5047 2302 5088 Porro
2321 5040 2373 5087 in
2388 5039 2616 5100 sequenti
2630 5039 2876 5088 sententia
2891 5037 3178 5100 plures'Mss.
3198 5037 3422 5088 omittunt
3453 5051 3541 5086 no-

1958 5100 2262 5211 mgnAIIIIO.”
2287 5165 2420 5219 Lov.,
2439 5159 2500 5208 de
2517 5155 2620 5222 ipso
2634 5172 2766 5209 vana:
2781 5156 2958 5222 gloria:
2970 5163 3260 5222 contemptu.
3290 5158 3435 5222 Abest
3462 5147 3550 5207 va-I

1959 5236 2037 5274 me
2062 5236 2091 5272 a
2108 5232 2233 5282 Mss,
2247 5232 2455 5290 quor-um
2470 5219 2616 5270 etiam
2633 5219 2847 5290 nonnulli
2863 5221 3022 5290 verba.
3039 5219 3378 5290 sequentia‘sic
3395 5220 3548 5290 inter-'

2189 5279 2328 5394 :a
2337 5279 2465 5332 enim
2479 5293 2588 5331 eam
2599 5280 2849 5332 contemnit
2858 5279 3223 5344 cumgloridtur.
3239 5284 3370 5330 Intus
3377 5279 3540 5344 etiam,

1959 5351 2376 5468 "'ti‘liigsiigiiggés
2391 5411 2496 5454 Mss.
2515 5410 2623 5455 nov.
2645 5413 2789 5462 vero,
2808 5403 2995 5466 absque
3024 5403 3287 5465 negatione
3303 5437 3318 5464 ,
3337 5401 3413 5454 vel
3442 5401 3552 5468 pla-r

1963 5473 2177 5576 ceqntgdd.
2198 5525 2420 5588 plerique
2445 5525 2608 5575 locum
2641 5526 2828 5588 huncce
2845 5525 2928 5588 ita
2960 5525 3300 5588 interpolatum
3330 5526 3543 5577 habent:

1966 5585 2355 5640 .xmrtirmisicui
2367 5595 2528 5652 εῳιηα
2558 5586 2738 5652 gratia,
2769 5585 2855 5652 sed
2886 5585 3106 5652 nonsua'
3126 5587 3312 5649 merita,
3339 5601 3442 5652 _non
3473 5595 3548 5637 tae

1964 5665 2089 5723 nam,
2111 5658 2204 5759 etci
2226 5649 2527 5750 ttemovimus
2546 5647 2694 5699 verba
2711 5648 2894 5711 isthaac,
2912 5647 2996 5699 sed
3013 5661 3103 5699 non
3118 5663 3206 5701 sua
3227 5647 3414 5713 merita,
3435 5661 3550 5714 quia

1969 5727 2025 5762 us
2040 5725 2184 5761 caren
2229 5718 2329 5760 ηδε.
