4078 6366
489 346 587 403 807

488 482 709 528 cernere
741 467 889 540 potui
941 465 1054 522 sine
1085 474 1156 531 te,
1185 471 1239 518 et
1266 462 1393 517 nihil
1422 475 1604 516 eorum
1633 473 1753 514 esse
1778 467 1830 511 te
1860 455 2057 510 inveni.

488 562 598 617 Nec
622 576 721 632 ego
736 560 849 630 ipse
872 558 1114 614 inventor
1137 556 1223 626 qui
1251 552 1521 624 peragravi
1544 551 1740 615 omnia,
1780 556 1835 603 et
1870 547 2060 601 distin-

489 667 651 724 gnere
670 660 723 707 et
747 665 843 721 pro
868 649 978 705 suis
1005 662 1225 718 quaeque
1251 644 1593 716 dignitatibus
1617 642 1879 696 aestimare
1898 654 2062 694 cona-

491 754 572 799 tus
590 758 739 808 sum;
758 736 1025 811 excipiens
1049 737 1148 793 alia
1172 737 1533 792 nuntiantibus
1554 733 1813 798 sensibus,
1830 741 1887 788 et
1899 733 2063 787 inter-

492 848 686 905 rogans
705 833 805 888 alia
834 832 1041 886 mecu’m
1067 829 1352 883 commixta
1379 828 1634 891 sentiens,
1662 825 1909 894 ipsosque
1930 839 2067 878 nun-

490 925 594 978 tios
627 923 942 993 diguoscens
969 928 1127 989 atque
1154 917 1515 983 dinumerans,
1541 916 1757 985 jamque
1786 914 1837 967 in
1864 928 2067 968 memo-

490 1015 585 1069 riae
602 1015 619 1045 ί
644 1013 764 1069 latis
787 1010 975 1082 opibus
999 1010 1101 1065 alia
1124 1014 1470 1079 pertractans,
1500 1006 1603 1061 alia
1623 1003 1938 1071 recondens,
1964 1003 2063 1057 alia

490 1118 706 1159 eruens.
723 1100 834 1156 Nec
861 1114 959 1172 ego
984 1100 1097 1169 ipse
1115 1113 1237 1154 cum
1263 1097 1377 1152 haec
1401 1111 1634 1167 agerem,
1660 1095 1708 1149 id
1738 1104 1819 1149 est
1844 1095 1922 1149 vis
1949 1108 2065 1149 mea

490 1210 592 1265 qua
623 1193 674 1248 id
703 1192 942 1264 agebam,
975 1207 1073 1247 nec
1112 1191 1222 1261 ipsa
1251 1204 1369 1245 eras
1396 1198 1470 1254 tu,
1500 1190 1622 1257 quia
1659 1188 1747 1241 lux
1775 1201 1834 1241 es
1861 1196 1912 1241 tu
1942 1202 2067 1256 per-

495 1298 718 1340 manens
760 1297 919 1352 quam
962 1281 1028 1336 de
1072 1280 1316 1335 omnibus
1360 1278 1703 1334 consulebam
1741 1293 1808 1331 an
1864 1285 2062 1343 essent,

491 1372 617 1442 quid
666 1380 866 1439 essent,
913 1370 1093 1441 quanti
1123 1370 1395 1440 pendenda
1441 1378 1621 1425 essent
1652 1386 1665 1423 :
1698 1378 1751 1423 et
1789 1368 2067 1424 audiebam

493 1464 774 1519 docentem
803 1462 1177 1532 acjubcntem.
1202 1462 1271 1517 Et
1297 1476 1440 1531 saepe
1468 1460 1609 1515 istud
1656 1460 1821 1527 facio;
1858 1460 1959 1515 hoc
1983 1474 2068 1516 me

497 1554 745 1619 delectat,
777 1562 831 1608 et
870 1552 940 1607 ab
978 1553 1273 1607 actionibus
1317 1550 1651 1607 necessitatis
1687 1559 1940 1620 quantum
1978 1566 2067 1605 re-

496 1645 662 1699 laxari
687 1659 925 1715 possum,
956 1643 1021 1699 ad
1042 1644 1198 1700 istam
1226 1646 1549 1713 voluptatem
1570 1642 1793 1712 refugio.
1813 1643 1994 1713 Neque
2014 1644 2068 1698 in

491 1733 577 1788 his
602 1734 867 1800 omnibus,
899 1748 1017 1803 qua:
1047 1748 1297 1802 percurro
1321 1732 1605 1788 consulens
1644 1741 1715 1797 te,
1746 1732 1955 1787 invenio
1982 1742 2068 1787 tu-

494 1834 610 1879 tum
637 1824 813 1879 locum
858 1825 1049 1878 animae
1090 1839 1224 1879 mea:
1249 1823 1349 1878 nisi
1401 1824 1454 1878 in
1499 1834 1571 1889 te,
1606 1838 1711 1893 quo
1755 1824 2069 1893 colligantur

490 1929 677 1984 sparsa
698 1929 836 1980 mea,
868 1929 968 1968 nec
994 1930 1025 1969 a
1054 1924 1105 1969 te
1134 1914 1415 1984 quidquam
1436 1914 1649 1970 recedat
1667 1929 1732 1970 ex
1755 1930 1857 1969 me.
1886 1915 1951 1969 Et
1976 1916 2071 1971 ali-

493 2003 706 2073 quando
736 2004 1040 2059 intromittis
1060 2019 1145 2059 me
1170 2005 1223 2059 in
1247 2004 1490 2060 affectum
1515 2005 1741 2059 multum
1766 2006 2069 2061 inusitatum

496 2094 756 2147 introrsus
784 2093 850 2147 ad
888 2094 1068 2148 nescio
1120 2109 1277 2164 quam
1312 2094 1668 2159 dulcedinem,
1696 2112 1814 2165 qum
1842 2097 1887 2151 si
1917 2099 2071 2166 perti-

493 2183 664 2238 ciatur
694 2184 744 2237 in
763 2197 866 2249 me,
898 2184 1077 2238 nescio
1105 2184 1229 2252 quid
1257 2185 1358 2238 erit
1382 2183 1520 2253 quod
1550 2186 1654 2239 vita
1678 2186 1774 2239 ista
1807 2202 1910 2241 nou
1946 2189 2068 2244 erit.

493 2272 601 2329 Sed
630 2273 809 2327 recido
838 2274 888 2327 in
926 2273 1042 2328 lirec
1085 2274 1396 2328 aerumnosis
1435 2273 1775 2343 ponderibus,
1813 2286 1865 2331 et
1891 2293 2071 2333 resor-

492 2363 623 2419 beor
647 2365 835 2425 solitis,
866 2372 920 2419 et
959 2373 1160 2429 teneor,
1209 2372 1264 2419 et
1298 2364 1520 2418 multum
1546 2364 1669 2429 ﬂeo,
1710 2366 1803 2421 sed
1845 2368 2071 2423 mttltum

494 2461 697 2508 teneor.
724 2454 948 2509 Tantum
980 2453 1375 2509 consuetudinis
1401 2455 1605 2509 sarcina
1633 2456 1915 2525 degravat'
1939 2460 1950 2513 !
1978 2459 2073 2514 Hic

494 2560 612 2601 esse
656 2546 826 2612 valeo,
876 2561 975 2601 nec
1017 2547 1171 2612 volo;
1216 2545 1327 2601 illic
1361 2544 1501 2611 volo,
1534 2560 1632 2601 uec
1678 2547 1865 2614 valeo;
1911 2549 2073 2605 miser

494 2636 796 2706 utrobique.

1091 2727 1318 2786 CAPUT
1349 2729 1482 2785 XLI.

1034 2816 1240 2889 Triplex
1259 2821 1529 2891 cupiditas.

568 2908 658 2964 66.
680 2907 908 2978 Ideoque
928 2910 1259 2966 consideravi
1280 2912 1559 2982 languores
1571 2920 1907 2983 peccatorum
1919 2929 2071 2971 meo-

494 3014 612 3053 rum
640 3000 696 3053 in
718 3000 1007 3069 cupiditate
1028 3002 1250 3071 triplici;
1275 3011 1328 3057 et
1356 3003 1624 3058 dexteram
1648 3015 1790 3059 tuam
1832 3006 2070 3062 invocavi

498 3088 564 3144 ad
593 3090 819 3144 salutem
846 3106 1037 3145 meam.
1058 3091 1177 3146 Vidi
1194 3094 1334 3147 enim
1368 3094 1704 3163 splendorem
1738 3105 1883 3151 tuum
1911 3098 2072 3153 corde

454 3192 457 3195 λ
496 3180 697 3246 saucio,
726 3188 780 3235 et
803 3195 1149 3250 repercussus
1172 3182 1280 3238 dixi
1327 3201 1340 3237 :
1376 3184 1504 3252 Quis
1534 3184 1657 3241 illuc
1704 3189 1913 3256 potest?
1936 3189 2072 3244 Pro-

491 3267 665 3336 iectus
692 3283 808 3324 sum
828 3284 859 3324 a
888 3269 1019 3327 facie
1042 3272 1315 3326 oculorum
1338 3281 1546 3328 tuorum
1580 3274 1750 3346 (Psnl.
1778 3293 1888 3332 xxx
1907 3318 1922 3343 ,
1952 3278 2069 3349 23).

496 3358 578 3412 'l‘u
606 3374 666 3414 es
679 3360 886 3417 Veritas
912 3376 1071 3431 super
1095 3366 1271 3418 omnia
1288 3364 1580 3433 praesidens
1604 3384 1617 3418 :
1640 3376 1695 3420 at
1721 3383 1818 3437 ego
1838 3384 1935 3440 per
1952 3385 2075 3425 ava-

495 3448 670 3503 ritiam
696 3465 869 3506 meam
911 3466 1017 3507 non
1045 3452 1291 3509 amittere
1319 3463 1371 3510 te
1403 3456 1563 3522 volui,
1592 3456 1685 3511 sed
1715 3458 1855 3513 volui
1898 3468 2072 3515 tecum

497 3538 771 3606 possidere
794 3541 1159 3609 mendacium;
1192 3544 1327 3599 sicut
1352 3560 1509 3599 nemo
1537 3547 1650 3600 vult
1676 3550 1743 3601 ita
1766 3546 1959 3604 falsum
1987 3549 2072 3604 di-

497 3641 639 3695 cere,
665 3637 721 3683 ut
748 3630 951 3686 nesciat
979 3631 1093 3701 ipse
1115 3634 1240 3703 quid
1270 3650 1453 3691 verum
1493 3638 1580 3691 sit.
1614 3637 1794 3707 Itaque
1818 3638 1972 3694 amisi
1996 3648 2069 3708 te,

496 3721 620 3791 quia
635 3735 747 3785 non
776 3721 1012 3793 dignaris
1039 3738 1159 3778 cum
1188 3726 1467 3781 mendacio
1496 3729 1775 3797 possideri.

1093 3835 1319 3893 CAPUT
1358 3839 1515 3895 XLII.

502 3941 759 3997 Nonnulli
782 3947 850 4000 ad
878 3947 1127 4017 dwmones
1157 3956 1393 4017 tanquam
1420 3952 1659 4005 redeundi
1684 3954 1751 4007 ad
1779 3953 1944 4009 Deum
1968 3973 2073 4012 me-

855 4016 1070 4070 diatores
1098 4016 1362 4087 infeliCiter
1382 4033 1718 4075 recurreruut.

569 4103 657 4158 67.
689 4102 856 4171 Quem
876 4105 1165 4161 invenirem
1192 4109 1279 4178 qui
1300 4124 1384 4162 me
1401 4113 1766 4168 reconciliaret
1788 4115 1921 4171 tibi?
1940 4117 2070 4172 Am-

498 4192 748 4248 biendum
776 4194 798 4225 ⁸
834 4194 961 4248 mihi
994 4196 1088 4250 fuit
1113 4197 1178 4251 ad
1207 4199 1468 4269 Angelos?
1502 4201 1613 4268 Qua
1659 4206 1851 4273 prece?
1882 4208 2072 4277 quibus

500 4284 886 4339 sacramentis?
916 4285 1059 4340 Multi
1085 4298 1339 4344 conantes
1383 4291 1449 4345 ad
1481 4301 1532 4347 te
1558 4294 1750 4361 redire,
1780 4312 1948 4367 neque
1979 4315 2073 4369 per

499 4370 706 4440 scipsos
734 4373 993 4441 valentes,
1026 4376 1162 4431 sicut
1186 4378 1363 4439 audio.
1388 4388 1721 4438 tentavcrunt
1752 4385 1882 4453 haec,
1912 4397 1966 4442 et
1991 4388 2072 4443 iu-

498 4461 743 4517 ciderunt
771 4464 821 4517 iu
844 4463 1162 4521 desiderium
1190 4469 1513 4525 curiosarum
1541 4473 1821 4539 visionum,
1850 4485 1903 4530 et
1929 4478 2069 4548 digni

498 4550 662 4606 habiti
684 4562 807 4608 sunt
838 4555 1187 4612 illusionibus.
1218 4558 1355 4614 Elati
1382 4561 1527 4615 enim
1556 4572 1605 4617 te
1642 4568 1951 4633 quaerebant
1975 4569 2069 4623 do-

497 4640 681 4694 ctrina:
701 4641 861 4708 fastu,
884 4654 1160 4700 exerentes
1176 4647 1349 4715 potius
1364 4664 1523 4718 quam
1541 4652 1820 4709 tundentes
1832 4666 2067 4725 pectora,

498 4738 550 4782 et
574 4729 906 4785 adduxerunt
925 4732 1025 4787 sibi
1059 4749 1153 4802 per
1190 4736 1588 4793 similitudinem
1616 4741 1793 4797 cordis
1820 4746 1899 4798 sui
1940 4761 2071 4801 con-

497 4819 759 4889 spirantes
777 4830 831 4876 et
847 4824 1019 4877 socias
1046 4826 1310 4893 superbiae
1337 4842 1447 4883 suae
1487 4840 1780 4899 potestates
1804 4837 1943 4891 aeris
1971 4841 2071 4893 hu-

491 4910 580 4981 jus
604 4911 817 4983 (Ephes.
845 4928 903 4978 ιι,
932 4914 1010 4983 2),
1040 4928 1071 4967 a
1096 4916 1288 4984 quibus
1307 4933 1403 4987 per
1427 4923 1687 4990 potentias
1712 4926 1942 4995 magicas
1974 4929 2070 4985 de-

496 5002 819 5073 ciperentur,
850 5014 1149 5075 quaerentes
1187 5009 1529 5067 mediatorem
1560 5029 1656 5084 per
1682 5032 1839 5086 quem
1878 5034 2071 5091 purga-

496 5100 701 5159 rentur,
732 5103 787 5148 et
814 5109 919 5149 non
947 5104 1081 5151 erat.
1112 5097 1360 5156 Diabolus
1384 5103 1524 5157 enim
1554 5116 1668 5159 erat
1695 5111 2071 5180 transﬁgurans

496 5198 556 5237 se
597 5184 649 5241 in
694 5186 954 5256 Angelum
989 5186 1206 5259 lueis(ll
1233 5188 1374 5259 Cor.,
1402 5209 1481 5260 ιι,
1513 5196 1624 5265 14).
1653 5197 1717 5252 Et
1744 5202 1964 5257 multum
2002 5205 2069 5258 il-

497 5271 628 5325 lexit
653 5274 931 5342 superbam
956 5290 1192 5343 Carnem,
1210 5280 1350 5349 quod
1375 5296 1568 5339 carneo
1580 5299 1803 5356 corpore
1829 5290 1941 5359 ipse
1962 5309 2065 5349 non

496 5373 658 5418 esset.
689 5366 1000 5422 Erantenim
1022 5368 1093 5424 illi
1111 5373 1359 5429 mortales
1373 5384 1426 5430 et
1444 5387 1776 5449 peccatores;
1800 5391 1853 5438 tu
1869 5394 2065 5454 autem,

481 5514 484 5517 .
560 5477 579 5547 ξ
598 5482 727 5547 tota,
743 5473 794 5525 in
808 5478 1036 5547 "tentoria
1051 5479 1189 5547 elatis
1690 5516 1697 5519 ην

560 5538 579 5565 ²
597 5542 767 5611 intiss.
787 5540 1026 5611 omnibus,
1047 5540 1178 5611 nullo
1195 5538 1298 5611 t'e're
1318 5558 1549 5611 excepto:
1568 5557 1764 5604 Tantum
1774 5558 2070 5611 consuetudi-

497 5608 576 5662 nis:
586 5598 777 5662 sarcina
790 5598 937 5662 digna
949 5598 1035 5651 est.
1058 5610 1123 5651 tta
1140 5606 1287 5654 etiam
1304 5608 1411 5657 Bad.

684 5666 808 5732 Mss,
829 5658 1034 5724 excepto
1055 5668 1246 5732 tyrensi
1268 5670 1352 5732 qui
1382 5670 1529 5723 habet
1546 5672 1831 5729 abeundum.
1866 5685 1923 5731 At
1956 5682 2062 5732 Bad.

494 5723 596 5767 Am.
616 5724 689 5770 Er.
708 5725 841 5791 Lov..
856 5735 919 5772 au
941 5723 1168 5775 eundum.

1597 334 2104 399 CONFESSIONUM
2142 336 2199 394 S.
2242 339 2609 398 AUGUSTINI

3646 340 3755 399 868

2168 451 2409 519 Domine,
2440 455 2522 509 cui
2552 453 2881 510 reconciliari
2909 453 3135 523 superbe
3161 453 3486 525 quaerebant,
3525 455 3753 512 immor—

2168 542 2289 596 talis
2327 553 2381 597 et
2420 545 2535 597 sine
2562 553 2802 613 peccato.
2844 543 3098 598 Mediator
3124 554 3299 599 autem
3326 544 3464 600 inter
3491 545 3657 600 Deum
3692 556 3755 603 et

2167 632 2409 688 homines
2467 634 2507 705 (l
2546 634 2676 687 Ttm.
2720 650 2774 697 ιι,
2804 634 2858 705 5)
2889 634 3166 704 oportebat
3195 644 3251 689 ut
3295 635 3515 691 haberet
3554 636 3757 707 aliquid

2168 722 2341 777 simile
2363 723 2493 789 Deo,
2516 722 2714 793 aliquid
2745 723 2919 777 simile
2965 723 3267 777 hominibus
3296 740 3308 776 :
3338 739 3408 779 ne
3432 724 3487 778 in
3524 734 3758 795 utroque

2170 811 2472 868 hominibus
2495 814 2702 881 similis,
2733 814 2890 884 longe
2927 822 3069 868 esset
3104 829 3133 867 a
3160 814 3299 879 Deo;
3329 822 3422 869 aut
3448 815 3502 869 in
3523 824 3755 886 utroque

2170 904 2281 958 Deo
2306 904 2511 968 similis,
2544 903 2696 973 longe
2716 912 2858 958 esset
2884 903 2951 957 ab
2974 903 3295 968 hominibus,
3321 912 3478 974 atque
3522 905 3594 960 ita
3634 920 3761 961 me-

2171 993 2343 1049 diator
2372 1009 2477 1048 non
2508 1004 2670 1049 esset.
2705 992 2885 1047 Fallax
2914 994 3089 1063 itaque
3107 993 3196 1047 ille
3214 994 3494 1060 mediator,
3520 1010 3629 1065 quo
3659 1010 3763 1066 per

2172 1091 2373 1137 secreta
2386 1083 2582 1152 judicia
2599 1091 2685 1137 tua
2698 1081 2945 1152 superbia
2958 1091 3253 1138 mereretur
3266 1083 3435 1151 illudi,
3448 1101 3610 1140 unum
3629 1101 3759 1142 cum

2172 1174 2476 1230 hominibus
2506 1175 2684 1240 habet,
2726 1175 2779 1230 id
2814 1184 2899 1230 est
2928 1184 3238 1245 peccatum;
3277 1175 3421 1231 aliud
3447 1176 3615 1233 videri
3643 1179 3763 1234 vult

2173 1265 2374 1322 habere
2402 1282 2523 1322 cum
2545 1268 2676 1332 Deo,
2700 1269 2897 1338 utquia
2927 1268 3101 1323 carnis
3146 1269 3463 1324 mortalitate
3483 1284 3589 1325 non
3617 1273 3762 1342 tegi-

2173 1366 2278 1423 tur,
2307 1372 2402 1427 pro
2432 1358 2716 1412 immortali
2754 1373 2812 1413 se
2841 1366 3090 1413 ostentet.
3131 1358 3236 1414 Sed
3276 1360 3397 1430 quia
3434 1361 3759 1431 stipendium

2172 1449 2374 1522 peccati
2400 1465 2545 1504 mors
2566 1458 2667 1517 est,
2683 1450 2783 1505 hoc
2798 1452 2955 1505 habet
2982 1465 3268 1508 commune
3286 1467 3406 1508 cum
3426 1451 3759 1519 hominibus,

2173 1541 2316 1597 unde
2338 1541 2496 1597 simul
2512 1542 2791 1597 damnetur
2820 1542 2876 1597 in
2902 1552 3150 1598 mortem.

2732 1651 2955 1708 CAPUT
2994 1652 3180 1707 XLI“.

2628 1721 2859 1777 Christus
2878 1739 3020 1778 verus
3050 1724 3313 1777 mediator.

2247 1810 2336 1865 68.
2367 1810 2537 1866 Verax
2556 1820 2733 1866 autem
2773 1812 3035 1867 mediator
3056 1828 3214 1882 quem
3240 1820 3449 1869 secreta
3478 1822 3565 1869 tua
3594 1815 3761 1872 mise-

2175 1901 2403 1955 ricordia
2450 1901 2830 1958 demonstrasti
2882 1903 3186 1968 humilibus,
3215 1911 3272 1958 et
3313 1904 3501 1959 misisti
3546 1914 3602 1960 ut
3637 1907 3760 1976 ejus

2175 1993 2419 2061 exemplo
2442 1992 2603 2047 etiam
2622 1993 2789 2062 ipsam
2818 1992 3472 2061 discerenthumilitatem,
3496 1994 3759 2050 mediator

2178 2082 2267 2137 ille
2305 2082 2398 2137 Dei
2428 2092 2481 2138 et
2519 2083 2795 2138 hominum
2819 2085 2978 2139 homo
3003 2084 3244 2139 Christus
3258 2084 3434 2151 Jesus,
3454 2086 3592 2140 inter
3606 2101 3761 2141 mor-

2178 2174 2311 2228 tales
2331 2185 2639 2244 peceatores
2659 2184 2712 2231 et
2732 2176 3081 2231 immortalem
3102 2177 3301 2246 justum
3318 2178 3594 2248 apparuit;
3616 2193 3765 2234 mor—

2180 2265 2299 2318 talis
2341 2279 2459 2318 cum
2504 2265 2826 2330 hominibus,
2865 2266 3037 2335 justus
3061 2282 3183 2321 cum
3228 2266 3354 2320 Deo.
3397 2266 3467 2322 Ut
3507 2268 3760 2336 quoniam

2178 2355 2497 2426 stipendium
2516 2356 2732 2427 justitiae
2759 2357 2866 2411 vita
2890 2365 2945 2411 et
2970 2373 3069 2427 pax
3100 2366 3201 2423 est,
3230 2372 3326 2426 per
3347 2358 3605 2427 justitiam
3628 2372 3765 2413 con-

2173 2446 2411 2517 junctam
2438 2446 2548 2502 Deo
2578 2456 2860 2502 evacuaret
2878 2457 3103 2502 mortem
3133 2446 3543 2517 justiﬁcatorum
3563 2447 3762 2519 impio-

2178 2551 2298 2591 rum
2323 2537 2363 2603 ί,
2385 2552 2542 2606 quam
2568 2552 2689 2591 cum
2716 2538 2817 2592 illis
2842 2538 3009 2592 voluit
3028 2538 3222 2594 habere
3245 2553 3604 2595 communem.
3628 2539 3762 2596 Hic'

2179 2628 2572 2686 demonstratus
2593 2638 2676 2685 est
2700 2630 2931 2701 antiquis
2955 2630 3172 2698 sanctis,
3201 2640 3257 2685 ut
3276 2631 3346 2685 ita
3363 2630 3461 2702 ipsi
3478 2646 3574 2701 per
3599 2630 3760 2688 ﬁdem

2179 2720 2372 2775 futura:
2399 2720 2661 2790 passionis
2689 2720 2824 2790 ejus,
2857 2721 2993 2775 sicut
3016 2735 3112 2775 uos
3133 2736 3229 2791 per
3264 2720 3423 2776 ﬁdem
3455 2723 3761 2792 praeteritae,

2180 2811 2312 2865 salvi
2344 2811 2550 2866 ﬁerent.
2574 2809 2630 2863 In
2651 2820 2905 2880 quantum
2938 2811 3079 2865 enim
3110 2811 3291 2878 homo,
3323 2812 3374 2865 in
3406 2820 3608 2866 tantum
3648 2828 3767 2868 me-

2180 2900 2385 2966 diator;
2418 2900 2470 2955 in
2496 2911 2753 2971 quantum
2782 2911 2957 2956 autem
2983 2902 3225 2967 verbum,
3254 2917 3360 2957 non
3390 2903 3620 2972 medius,
3635 2905 3760 2974 quia

2180 2990 2395 3060 aequalis
2424 2991 2554 3057 Deo,
2577 3002 2630 3046 et
2660 2992 2802 3048 Deus
2823 2992 2965 3063 apud
3003 2993 3190 3063 Deum,
3221 3002 3278 3050 et
3309 2995 3466 3050 simul
3491 3012 3613 3051 cum
3639 2998 3764 3067 Spi-

2182 3086 2286 3139 ritu
2315 3092 2501 3139 sancto
2523 3083 2545 3115 ³
2573 3099 2709 3139 unus
2732 3085 2892 3140 Deus.
3796 3088 3801 3094 ’

2253 3174 2341 3229 69.
2370 3173 2649 3241 Quomodo
2676 3190 2774 3229 nos
2803 3176 3014 3243 amasti,
3037 3176 3198 3232 Pater
3223 3176 3382 3243 bone,
3414 3178 3651 3248 quiFilio
3670 3186 3765 3234 tuo

2185 3264 2342 3320 unico
2368 3280 2473 3319 non
2502 3264 2807 3334 pepercisti,
2839 3266 2932 3320 sed
2978 3281 3074 3336 pro
3102 3265 3256 3323 nobis
3284 3267 3461 3338 impiis
3495 3268 3763 3327 tradidisti

2183 3369 2304 3409 eum
2329 3356 2343 3409 ι
2378 3352 2551 3426 (Rom.
2581 3371 2693 3419 Vill,
2713 3355 2826 3427 '52.)
2842 3356 3118 3423 Quomodo
3130 3372 3227 3413 nos
3252 3360 3441 3413 amasti
3460 3375 3555 3430 pro
3569 3360 3763 3431 quibus

2183 3446 2271 3501 ille
2296 3460 2403 3501 non
2428 3446 2669 3517 rapinam
2711 3448 2997 3503 arbitratus
3034 3463 3155 3505 esse
3188 3450 3410 3519 aequalis
3448 3451 3560 3517 tibi,
3592 3452 3763 3509 factus

2183 3545 2267 3591 est
2288 3536 2529 3594 subditus
2557 3552 2725 3608 usque
2738 3537 2806 3593 ad
2826 3548 3050 3596 mortem
3076 3538 3250 3597 crucis
3284 3541 3538 3615 (Philipp.
3571 3561 3629 3611 ιι,
3661 3545 3758 3615 6);

2184 3627 2419 3683 unusille
2442 3627 2495 3682 in
2506 3628 2730 3683 mortuis
2748 3628 3011 3701 ἤδει-(1³8.
3025 3646 3275 3700 Lxxxvn,
3298 3632 3430 3702 6-8),
3446 3642 3761 3703 potestatem

2184 3718 2386 3774 habens
2411 3720 2639 3789 ponendi
2669 3720 2901 3775 animam
2923 3737 3097 3791 suam,
3126 3732 3181 3778 et
3217 3732 3533 3794 potestatem
3558 3726 3762 3785 habens

2183 3810 2372 3864 iterum
2414 3810 2657 3864 sumendi
2705 3825 2821 3865 eam
2855 3811 3048 3884 (Joan.
3078 3828 3139 3880 x,
3178 3813 3304 3887 18);
3337 3829 3434 3884 pro
3474 3818 3628 3873 nobis
3668 3818 3762 3874 tibi

2183 3901 2354 3955 victor
2379 3908 2434 3955 et
2456 3900 2688 3969 victima,
2719 3911 2773 3957 et
2800 3901 2920 3957 ideo
2936 3903 3107 3958 victor
3131 3905 3251 3974 quia
3281 3906 3525 3974 victima;
3546 3922 3645 3977 pro
3666 3923 3764 3964 no-

2182 3988 2266 4045 bis
2296 3990 2388 4045 tibi
2413 3990 2665 4046 sacerdos
2691 4000 2747 4047 et
2771 3992 3107 4059 sacriﬁcium,
3137 4003 3192 4048 et
3215 3994 3338 4050 ideo
3364 3997 3612 4052 sacerdos
3638 3999 3761 4070 quia

2183 4079 2537 4147 sacriﬁcium;
2562 4080 2762 4135 faciens
2788 4082 2881 4137 tibi
2909 4097 3006 4138 nos
3034 4082 3101 4137 de
3121 4085 3289 4139 servis
3314 4084 3471 4152 ﬁlios,
3490 4086 3558 4141 de
3586 4096 3638 4142 te
3663 4104 3763 4143 na-

2183 4170 2403 4239 scendo,
2430 4171 2585 4226 nobis
2627 4172 2934 4227 serviendo!
2974 4173 3163 4229 Merito
3189 4175 3318 4229 mihi
3349 4191 3472 4246 Spes
3508 4179 3678 4233 valida
3706 4181 3761 4236 in

2183 4260 2273 4315 illo
2299 4269 2402 4326 est,
2429 4261 2567 4330 quod
2597 4262 2809 4317 sanabis
2829 4276 3017 4318 omnes
3045 4264 3322 4334 languores
3337 4280 3503 4332 meos,
3521 4282 3615 4336 per
3637 4284 3761 4324 eum

2182 4351 2272 4421 qui
2300 4351 2450 4406 sedet
2476 4351 2543 4406 ad
2569 4351 2840 4407 dexteram
2869 4362 3012 4407 tuam
3038 4362 3092 4409 et
3126 4364 3178 4409 te
3214 4353 3516 4424 interpellat
3542 4372 3637 4425 pro
3661 4374 3763 4412 no-

2184 4441 2266 4498 bis
2295 4442 2471 4511 (Rom.
2502 4458 2616 4509 vut,
2644 4442 2767 4514 54);
2795 4444 3025 4513 alioquin
3056 4444 3414 4514 desperarem.
3444 4446 3587 4501 Multi
3616 4450 3763 4505 enim

2183 4544 2237 4590 et
2260 4536 2434 4605 magni
2466 4546 2589 4591 sunt
2619 4536 2777 4591 iidem
2831 4538 3111 4606 languores
3156 4538 3283 4606 mei,
3331 4539 3660 4595 multisunt
3708 4552 3764 4598 et

2181 4628 2395 4696 magni;
2427 4627 2521 4683 sed
2542 4628 2768 4698 amplior
2790 4640 2873 4684 est
2902 4629 3162 4685 medicina
3191 4640 3297 4684 tua.
3321 4630 3594 4687 Potuimus
3610 4644 3763 4703 puta-

2180 4732 2242 4773 re
2266 4718 2497 4773 Verbum
2528 4729 2673 4773 tuum
2693 4731 2955 4775 remotum
2981 4735 3103 4775 esse
3125 4735 3155 4774 a
3181 4721 3559 4791 conjunctione
3583 4724 3761 4779 homi-

2182 4808 2287 4875 nis,
2316 4817 2371 4864 et
2397 4808 2681 4879 desperare
2705 4810 2773 4865 de
2818 4811 2991 4878 nobis,
3031 4811 3131 4867 nisi
3151 4827 3276 4867 caro
3298 4812 3452 4869 ﬁeret
3474 4823 3528 4869 et
3552 4814 3761 4871 habita-

2180 4908 2265 4955 ret
2293 4900 2345 4955 in
2375 4901 2548 4955 nobis.

2255 4989 2341 5044 70.
2370 4988 2702 5045 Couterritus
2726 4992 2953 5062 peccatis
2977 4993 3113 5048 meis
3138 5003 3191 5048 et
3210 4994 3349 5049 mole
3378 4996 3605 5051 miseria:
3625 5013 3763 5054 mea:

2181 5081 2500 5150 agitaveram
2522 5082 2573 5135 in
2590 5082 2752 5137 corde
2772 5083 3159 5155 meditatusque
3173 5084 3375 5140 fueram
3392 5086 3564 5157 fugam
3591 5089 3643 5143 in
3671 5105 3763 5145 so-

2180 5169 2484 5235 litudinem;
2513 5170 2607 5226 sed
2636 5172 2950 5242 prohibuisti
2978 5188 3083 5239 me,
3111 5182 3166 5229 et
3192 5175 3519 5231 conﬁrmasti
3546 5193 3650 5244 me,
3677 5178 3762 5233 di-

2179 5273 2309 5315 cens
2341 5276 2354 5312 :
2401 5258 2528 5314 Ideo
2559 5276 2651 5330 pro
2686 5262 2913 5317 omnibus
2942 5262 3170 5317 Christus
3201 5274 3430 5319 mortuus
3450 5276 3551 5333 est,
3588 5278 3644 5321 ut
3676 5269 3761 5337 qui

2180 5349 2366 5415 vivunt,
2376 5350 2493 5420 jam
2521 5365 2619 5404 non
2648 5351 2742 5404 sibi
2774 5352 2958 5418 vivant,
2986 5353 3075 5407 sed
3092 5354 3138 5407 ei
3160 5354 3248 5423 qui
3276 5370 3369 5423 pro
3393 5354 3516 5424 ipsis
3535 5367 3762 5414 mortuus

2180 5452 2251 5495 est
2282 5441 2347 5514 (ll
2372 5441 2490 5496 Cor.
2512 5458 2578 5509 ν,
2608 5442 2719 5515 15).
2755 5445 2909 5509 Ecce,
2939 5446 3179 5513 Domine,
3202 5447 3345 5516 jacto
3389 5446 3444 5501 in
3483 5456 3535 5503 te
3575 5464 3761 5506 curam

2229 5562 2481 5632 LBenign.
2522 5568 2604 5632 ius.
2623 5559 3070 5626 ,justiﬁcmdorwn
3090 5562 3363 5630 bnpiorum.
3382 5565 3521 5617 corb.
3553 5574 3657 5627 Ms,
3676 5566 3759 5630 juo

2178 5620 2491 5685 stiﬁcator'um
2507 5620 2713 5685 piat-uin.

2251 5683 2436 5732 ’Codex
2453 5683 2650 5735 Fossam
2665 5683 2801 5735 Hinc.
2823 5691 2887 5734 ita
2900 5686 3045 5735 etiam
3062 5701 3186 5737 unus
3203 5700 3234 5737 e
3247 5689 3512 5740 Sorbonicis
3528 5699 3631 5740 Mss.

2253 5748 2274 5779 ³
2285 5754 2388 5795 MSS.
2408 5743 2632 5808 plerique
2654 5759 2748 5796 non
2766 5747 2946 5799 habent
2963 5749 3065 5799 haec
3080 5750 3246 5812 verba,
3266 5763 3375 5801 cum
3389 5751 3563 5815 Spiritu
3574 5760 3758 5804 sancto.
