4078 6366
266 498 273 505 ,
325 456 501 502 meam
523 447 582 495 ut
598 437 792 503 vivam,
831 442 887 492 et
908 431 1258 490 considerabo
1291 428 1553 487 mirabilia
1580 425 1647 482 de
1673 426 1790 497 lege
1818 435 1904 480 tua

329 533 499 610 (Psal.
527 547 717 598 cxvni,
735 530 851 601 18).
875 528 957 585 Tu
982 527 1088 584 scis
1114 525 1430 597 imperitiam
1468 537 1641 578 meam
1670 529 1724 576 et
1752 519 1905 573 infir-

326 628 565 685 mitatem
584 639 759 682 meam
788 641 804 679 :
828 622 962 679 doce
979 637 1083 687 me,
1126 629 1181 676 et
1210 634 1337 675 sana
1364 632 1469 673 me.
1502 616 1595 671 ille
1630 621 1751 669 tuus
1774 610 1907 668 Uni-

325 736 420 778 cus
440 720 495 775 in
522 735 630 790 quo
654 725 779 773 sunt
797 729 983 771 omnes
1012 712 1247 769 thesauri
1272 708 1543 781 sapientiae
1578 716 1634 764 et
1672 703 1907 761 scientiae

323 810 623 870 absconditi
673 808 890 882 (Colon.
921 822 982 876 ιι,
1017 804 1097 875 5),
1125 804 1351 861 redemit
1392 817 1479 859 me
1507 799 1763 871 sanguine
1786 812 1904 854 suo.

1635 311 1841 369 LIBER
1875 308 2284 370 UNDECIMUS.

3483 310 3592 369 810

2013 425 2132 482 Νοη
2157 426 2543 483 calumnientur
2562 426 2693 483 mihi
2719 426 2965 497 superbi:
2992 423 3241 500 quoniam
3269 426 3446 501 cogito
3466 443 3588 501 pre-

2013 520 2142 573 tium
2172 534 2371 585 meum,
2397 528 2452 574 et
2479 519 2762 588 manduco,
2787 527 2844 575 et
2863 519 3009 588 bibo,
3035 528 3090 576 et
3109 534 3293 593 erogo,
3317 528 3372 576 et
3388 535 3590 593 pauper

2010 610 2169 681 cupio
2197 610 2422 666 saturari
2450 626 2514 666 ex
2541 625 2606 666 eo
2632 611 2771 667 inter
2799 611 2919 667 illos
2945 613 3034 682 qui
3062 612 3227 667 edunt
3248 621 3302 668 et
3334 621 3578 667 saturan-

2011 709 2120 770 tur,
2146 711 2202 757 et
2223 700 2736 758 laudantDominum
2757 702 2847 773 qui
2875 702 3153 774 requirunt
3175 717 3299 759 eum
3325 701 3442 775 (Ps.
3470 718 3584 770 xxi,

2008 793 2099 852 27.

323 906 3547 942 ΝΜ

1184 987 1668 1100 LIBER
1766 981 2497 1092 UNDECIM
2506 982 2713 1090 US.

386 1162 684 1214 laudamus
702 1166 855 1221 Deum
875 1156 1110 1221 deinceps
1129 1152 1429 1221 vtofessioss
1452 1164 1554 1201 ειιεε
1574 1148 1727 1221 ipsi”:
1748 1147 1797 1195 ίη
1820 1142 2829 1221 sensisseamssﬁsﬂpsﬁti?’sive
2853 1147 3000 1221 (Etiam

3022 1148 3246 1220 peritiae...
3261 1155 3344 1220 aut
3366 1147 3593 1220 εξὶιξεέιιιο

325 1202 1450 1280 maii‘meEI-é'aﬁiﬁdagramstudii,
1475 1202 1811 1280 explicandum
1835 1202 2849 1280 sumit‘exordiumlibrigeﬁeseos;atque
2871 1208 2951 1280 hic
2971 1202 3175 1273 primum
3197 1202 3593 1280 illustrat

323 1266 490 1337 es“;
1193 1266 1370 1328 οοέιιιηι

325 1326 604 1405 Eia‘ér'ei';
624 1326 676 1395 Εἰ
688 1326 855 1405 'iihiiéf
880 1326 948 1392 ei
961 1326 1486 1405 Vinvmentem'venerjt
1507 1333 1702 1405 tandem
1724 1327 1981 1405 aliquando
2005 1338 2065 1377 ea
2087 1326 2271 1390 facere,
2293 1326 2405 1379 cum
2424 1335 2572 1380 antea
2591 1343 2690 1381 non
2708 1328 2923 1384 fecisset.
2948 1326 3067 1385 D'um
3085 1345 3207 1385 vero
3226 1334 3289 1385 iis
3306 1331 3593 1385 refellendis

549 1395 796 1470 copiosam
815 1404 880 1455 de
895 1411 1132 1466 Tempore
1153 1398 1409 1451 conscribit
1428 1395 1820 1460 disputationem.

1726 1493 2197 1550 -οθο-

837 1629 1061 1688 CAPUT
1100 1625 1390 1683 PRIMUM.

722 1724 824 1779 Cur
855 1723 1151 1791 conﬁtemur
1187 1718 1296 1774 Deo
1325 1714 1518 1789 scienti.

401 1823 456 1876 1.
483 1818 768 1888 Numquid,
794 1816 1170 1881 Domine,cum
1186 1818 1277 1865 tua
1300 1808 1369 1864 sit
1389 1805 1678 1872 aeternitas,
1700 1814 1912 1872 ignoras

327 1927 450 1983 qum
478 1911 572 1967 tibi
595 1909 737 1975 dico,
760 1917 850 1962 aut
873 1905 940 1961 ad
958 1914 1164 1974 tempus
1178 1901 1326 1956 vides
1341 1898 1483 1969 quod
1498 1897 1554 1951 lit
1572 1896 1624 1951 in
1640 1890 1913 1983 tempore?

327 1980 442 2059 Cur
468 2017 597 2073 ergo
623 2000 718 2056 tibi
746 2007 826 2054 tot
854 2012 1033 2053 rerum
1058 1992 1389 2049 narrationes
1416 1986 1633 2059 digero?
1654 1984 1769 2040 Non
1805 1980 1911 2037 uti-

328 2112 439 2168 que
464 2103 521 2150 ut
538 2110 634 2166 per
658 2109 746 2148 me
765 2091 978 2147 noveris
995 2104 1081 2156 ea,
1109 2085 1203 2142 sed
1236 2082 1481 2139 aﬁ'ectum
1526 2092 1702 2134 meum
1740 2073 1913 2132 excito

326 2188 384 2242 in
418 2197 491 2254 te,
538 2194 592 2241 et
617 2198 803 2240 eorum
828 2181 917 2252 qui
950 2179 1063 2235 haec
1091 2178 1307 2249 legunt,
1338 2182 1394 2228 ut
1416 2172 1655 2227 dicamus
1682 2178 1868 2222 omnes
1897 2181 1910 2216 :

327 2277 554 2348 Magnus
576 2274 835 2331 Dominus
860 2281 914 2328 et
957 2269 1237 2326 laudabilis
1288 2265 1441 2320 valde
1467 2261 1635 2337 (Psal.
1664 2274 1791 2325 xcv,
1832 2255 1910 2348 Δ).

327 2347 449 2425 Jam
490 2367 619 2435 dixi,
663 2375 719 2422 et
758 2364 928 2420 dicam
961 2379 977 2416 :
1007 2375 1190 2417 amore
1215 2356 1414 2413 amoris
1442 2358 1513 2409 tui
1568 2351 1707 2407 facio
1753 2347 1912 2404 istud.

326 2458 468 2515 Nam
484 2468 539 2512 et
558 2471 791 2521 oramus,
814 2462 867 2509 et
887 2462 1061 2508 tamen
1077 2450 1287 2507 Veritas
1306 2448 1408 2502 ait:
1425 2445 1579 2500 Novit
1597 2442 1753 2496 Pater
1763 2448 1918 2495 vester

327 2550 455 2623 quid
470 2548 606 2602 vobis
619 2564 746 2617 opus
757 2546 842 2613 sit,
865 2544 1158 2615 priusquam
1176 2540 1354 2609 petatis
1368 2537 1429 2591 ab
1442 2553 1497 2591 eo
1514 2533 1721 2605 (Matth.
1736 2547 1822 2623 vn,
1836 2527 1915 2623 8_).

330 2620 599 2696 Atrectum
625 2651 753 2707 ergo
782 2643 1023 2690 nostrum
1045 2629 1394 2703 patefacimus
1424 2628 1475 2681 iu
1504 2635 1553 2680 te
1571 2664 1588 2692 ,
1617 2620 1916 2679 conﬁtendo

329 2729 433 2785 tibi
456 2728 698 2785 miserias
718 2737 933 2781 nostras
965 2733 1019 2779 et
1042 2719 1437 2778 misericordias
1456 2726 1572 2771 tuas
1614 2727 1916 2785 supernos,

331 2832 399 2880 ut
422 2824 618 2882 liberes
640 2836 738 2877 nos
766 2821 1005 2887 omnino,
1024 2818 1272 2889 quoniam
1294 2812 1523 2884 caspisti.
1541 2819 1602 2866 ut
1615 2809 1920 2867 desinamus

331 2931 461 2972 esse
489 2914 671 2971 miseri
700 2914 753 2968 in
783 2912 956 2976 nobis,
985 2917 1042 2966 et
1067 2908 1439 2965 beatiﬁcemur
1467 2905 1522 2959 in
1559 2912 1642 2968 te;
1671 2900 1921 2972 quoniam

332 3007 542 3064 vocasti
566 3019 664 3061 nos
686 3014 745 3059 ut
762 3005 930 3061 simus
955 3014 1216 3073 pauperes
1239 2998 1447 3068 spiritu,
1478 3004 1533 3050 et
1557 2995 1735 3060 mites,
1765 2999 1820 3047 et
1842 2990 1925 3045 lu-

332 3106 550 3169 gentes,
572 3106 628 3152 et
648 3094 945 3151 esurientes
969 3107 1033 3147 ac
1057 3091 1298 3146 sitientes
1317 3086 1600 3157 justitiam,
1639 3091 1694 3138 et
1712 3080 1921 3137 miseri-

336 3188 557 3254 cordes,
585 3197 639 3242 et
662 3183 1056 3249 mundicordes,
1084 3190 1139 3237 et
1164 3176 1522 3252 paciﬁci(ld.,
1541 3190 1596 3240 v,
1622 3170 1769 3246 3-9.)
1791 3173 1926 3228 Ecce

334 3280 556 3337 narravi
580 3279 672 3335 tibi
692 3277 856 3332 multa
880 3291 999 3347 quae
1018 3272 1188 3345 potui,
1219 3281 1276 3328 et
1311 3284 1430 3341 quae
1453 3266 1624 3333 volui;
1676 3264 1923 3337 quoniam

335 3380 400 3427 tu
425 3370 573 3441 prior
596 3367 809 3425 voluisti
836 3375 894 3422 ut
939 3364 1225 3422 conﬁterer
1262 3360 1356 3417 tibi
1401 3358 1625 3415 Domino
1648 3356 1759 3411 Deo
1781 3368 1923 3420 meo,

338 3461 596 3531 quoniam
623 3460 795 3517 bonus
809 3472 888 3523 es,
919 3457 1169 3529 quoniam
1198 3455 1252 3511 in
1275 3451 1527 3510 saeculum
1565 3445 1927 3507 misericordia

341 3559 439 3608 tua
469 3550 640 3623 (Psal.
666 3565 833 3617 cxvu,
864 3546 939 3622 1).

972 3636 1202 3693 CAPUT
1240 3634 1306 3689 ll.

418 3732 558 3786 Petit
575 3748 610 3785 a
628 3730 734 3786 Deo
755 3730 1138 3799 Scripturan
1152 3734 1440 3781 sanctarum
1450 3721 1857 3794 intelligentiam.

416 3824 475 3878 2.
513 3822 737 3892 Quando
766 3828 943 3877 autem
972 3817 1178 3875 sufﬁcio
1207 3818 1387 3888 lingua
1426 3814 1615 3871 calami
1658 3811 1933 3869 enuntiare

345 3916 530 3974 omnia
574 3917 912 3971 hortamenta
939 3921 1033 3967 tua
1056 3954 1071 3980 ,
1102 3918 1158 3966 et
1202 3923 1390 3965 omnes
1416 3917 1652 3963 terrores
1689 3916 1839 3971 tuos,
1878 3911 1935 3959 et

343 4006 765 4073 consolationes,
782 4012 838 4060 et
862 4002 1279 4075 gubernationes
1309 3999 1503 4070 quibus
1527 4012 1612 4053 me
1646 3994 1933 4067 perduxisti

344 4097 643 4169 praedicare
668 4095 910 4159 verbum,
940 4102 996 4149 et
1022 4099 1413 4149 sacramentum
1443 4098 1589 4144 tuum
1625 4087 1936 4158 dispensare

344 4189 553 4263 populo
580 4187 707 4244 tuo?
738 4187 806 4243 Et
832 4186 879 4241 si
926 4184 1131 4241 sufficio
1160 4184 1275 4239 huic
1302 4181 1579 4239 enuntiare
1616 4196 1684 4236 ex
1714 4180 1898 4236 ordine
1916 4220 1932 4247 ,

344 4298 478 4339 caro
504 4280 637 4336 mihi
655 4279 834 4336 valent
860 4278 1021 4334 stilla:
1050 4285 1368 4347 temporum.
1398 4274 1467 4330 Et
1507 4274 1634 4328 olim
1658 4270 1937 4327 inardesco

344 4371 599 4430 meditari
628 4372 684 4427 in
707 4370 825 4441 lege
849 4377 964 4437 tua,
999 4374 1059 4425 et
1085 4367 1138 4423 in
1171 4381 1235 4423 ea
1258 4365 1354 4422 tibi
1388 4363 1632 4421 conﬁteri
1659 4362 1934 4419 scientiam

345 4472 404 4520 et
432 4461 755 4533 imperitiam
792 4474 999 4526 meam,
1046 4456 1336 4529 primordia
1380 4453 1776 4512 illuminationis
1808 4462 1933 4520 tuae,

346 4565 407 4613 et
432 4554 689 4625 reliquias
710 4552 1051 4608 tenebrarum
1077 4563 1337 4611 mearum,
1366 4561 1642 4618 quousque
1655 4545 1939 4601 devoretur

345 4644 702 4702 afortitudine
718 4642 1019 4699 inﬁrmitas.
1038 4641 1107 4696 Et
1129 4639 1255 4695 nolo
1273 4639 1326 4695 in
1346 4638 1490 4694 aliud
1504 4638 1651 4694 hora:
1670 4636 1935 4705 difﬁuant,

345 4750 484 4809 quas
512 4735 725 4791 invenio
750 4733 946 4790 liberas
989 4746 1021 4785 a
1061 4729 1465 4786 necessitatibus
1500 4728 1772 4785 reﬁciendi
1819 4742 1937 4782 cor-

288 4856 300 4879 ε
344 4827 527 4899 poris,
555 4835 609 4882 et
636 4822 946 4881 intentionis
995 4822 1188 4889 animi,
1233 4831 1290 4877 et
1333 4821 1601 4877 servitutis
1637 4835 1795 4892 quam
1840 4819 1938 4875 de-

289 4902 303 4921 ’
346 4920 545 4977 bemus
571 4916 905 4983 hominibus,
946 4922 1001 4969 et
1045 4927 1207 4984 quam
1237 4927 1342 4968 non
1383 4911 1636 4969 debemus
1665 4919 1720 4968 et
1760 4920 1939 4968 tamen

346 5009 650 5075 reddimus.

421 5101 481 5156 5.
524 5099 751 5155 Domine
789 5097 931 5154 Deus
970 5110 1152 5161 meus,
1177 5094 1393 5151 intende
1418 5094 1646 5151 orationi
1673 5110 1836 5161 meae,
1886 5102 1941 5151 et

348 5189 720 5247 misericordia
746 5197 836 5244 tua
859 5186 1108 5243 exaudiat
1125 5185 1447 5242 desiderium
1473 5201 1671 5251 meum,
1688 5185 1936 5257 quoniam

350 5298 462 5339 non
492 5280 625 5337 mihi
650 5280 750 5336 soli
766 5288 977 5346 aestuat,
991 5278 1087 5334 sed
1112 5277 1229 5333 usui
1253 5277 1367 5333 vult
1393 5293 1512 5334 esse
1539 5277 1786 5333 fraternae
1808 5276 1938 5333 cha-

352 5375 497 5430 ritati
528 5391 543 5427 :
566 5382 623 5427 et
646 5371 798 5427 vides
824 5372 880 5426 in
904 5369 1068 5425 corde
1087 5383 1208 5425 meo
1225 5370 1346 5440 quia
1368 5370 1447 5426 sic
1470 5378 1572 5426 est.
1593 5367 1896 5426 Sacriﬁcem
1920 5370 1937 5401 ί

351 5467 449 5523 tibi
470 5464 781 5521 famulatum
805 5463 1147 5534 cogitationis
1167 5472 1220 5518 et
1245 5463 1435 5533 linguae
1455 5478 1616 5529 mere;
1644 5472 1697 5518 et
1715 5461 1780 5517 da
1799 5461 1940 5533 quod

353 5557 580 5614 oli'eram
610 5556 724 5611 tibi.
756 5554 914 5625 inops
961 5556 1107 5611 enim
1138 5564 1194 5610 et
1215 5569 1417 5624 pauper
1442 5570 1593 5620 sum;
1626 5562 1682 5608 tu
1706 5554 1857 5608 dives
1885 5555 1939 5608 in

417 5674 435 5704 ι
460 5678 594 5731 hov.,
612 5666 727 5732 quia
741 5667 811 5718 sic
832 5673 917 5728 est,
936 5674 988 5719 ut
1003 5668 1286 5732 sacriﬁcem.
1305 5696 1367 5709 υ·-
1381 5670 1464 5719 Cui
1496 5668 1689 5719 lectioni
1709 5668 1943 5719 accedunt

356 5738 433 5785 Er.
452 5740 575 5783 Ven.
593 5741 770 5781 somni.
792 5739 843 5780 et
860 5732 893 5779 5
908 5739 997 5781 uss
1011 5768 1022 5779 .
1043 5734 1168 5793 apud
1187 5740 1316 5783 mart.
1384 5741 1437 5782 at.

601 5815 827 5878 SANCT.
873 5816 1150 5876 Ancusr.
1186 5818 1211 5877 Ι

2013 1627 2202 1669 omnes
2225 1610 2535 1670 invocantes
2557 1623 2609 1670 te
2623 1614 2798 1688 (Rom.
2831 1633 2889 1683 x,
2919 1617 3033 1690 12),
3053 1619 3144 1690 qui
3162 1634 3383 1679 securus
3405 1637 3586 1680 curam

2014 1703 2187 1758 nostri
2215 1704 2374 1774 geris.
2398 1704 2730 1762 Circumcide
2756 1708 2824 1763 ab
2848 1709 2992 1763 omni
3018 1711 3317 1768 temeritate
3342 1714 3594 1786 omnique

2015 1795 2293 1851 mendacio
2319 1796 2572 1852 interiora
2598 1806 2653 1854 et
2675 1799 2939 1855 exteriora
2960 1799 3097 1856 labia
3123 1817 3262 1858 mea.
3295 1802 3412 1860 Sint
3432 1816 3593 1862 castae

2015 1888 2219 1944 delicia:
2241 1904 2375 1945 meae
2400 1889 2689 1960 Scriptura:
2717 1900 2854 1960 tum;
2883 1908 2980 1949 nec
2995 1894 3145 1950 fallar
3164 1895 3219 1951 in
3243 1895 3344 1965 eis,
3368 1912 3466 1953 nec
3490 1897 3593 1954 fal-

2014 1980 2121 2035 lam
2135 1996 2201 2035 ex
2214 1981 2310 2037 eis.
2326 1981 2570 2049 Domine,
2583 1983 2827 2051 attende;
2852 1994 2906 2039 et
2919 1984 3193 2054 miserere,
3206 1986 3430 2043 Domine
3452 1988 3595 2046 Deus

2016 2090 2187 2139 meus,
2206 2074 2294 2129 lux
2307 2088 2566 2131 czecorum
2581 2084 2634 2131 et
2656 2077 3183 2148 virtusinﬁrmorum,
3206 2080 3491 2152 statimque
3506 2081 3598 2137 lux

2018 2167 2307 2222 videntium
2348 2176 2403 2222 et
2432 2168 2600 2224 virtus
2634 2168 2869 2235 fortium,
2901 2170 3115 2227 attende
3142 2170 3373 2227 animam
3397 2186 3595 2241 meam,

2017 2267 2073 2315 et
2098 2258 2221 2314 audi
2240 2259 2558 2315 clamantem
2578 2259 2645 2315 de
2667 2259 2943 2329 profundo.
2971 2261 3101 2317 Nam
3128 2263 3230 2318 nisi
3257 2263 3434 2319 adsint
3456 2272 3511 2319 et
3543 2264 3598 2318 in

2020 2348 2281 2419 profundo
2291 2364 2449 2405 aures
2462 2358 2584 2419 tuae,
2599 2366 2703 2422 quo
2714 2351 3053 2423 ibimus‘lquo
3063 2353 3409 2411 clamabimus
3420 2354 3443 2409 ?
3456 2355 3599 2410 Tuus

2018 2448 2099 2494 est
2118 2439 2258 2509 dies,
2284 2448 2338 2495 et
2364 2448 2451 2495 tua
2485 2448 2569 2496 est
2592 2456 2698 2497 nox
2723 2440 2893 2514 (Psal.
2926 2458 3117 2510 Lxxur,
3150 2444 3251 2515 16)
3278 2444 3377 2500 :ad
3411 2455 3597 2501 nutum

2020 2539 2169 2587 tuum
2223 2541 2495 2588 momenta
2546 2533 2893 2590 transvolant.
2938 2536 3154 2606 Largire
3202 2536 3325 2594 inde
3368 2537 3598 2608 spatium

2020 2624 2455 2680 meditationibus
2477 2626 2675 2681 nostris
2701 2626 2756 2681 in
2781 2626 2958 2682 abdita
2987 2627 3121 2698 legis
3143 2637 3265 2697 tuae,
3295 2644 3469 2700 neque
3503 2628 3599 2684 ad-

2023 2730 2214 2771 versus
2258 2716 2533 2786 pulsantes
2584 2717 2800 2773 claudas
2838 2733 2976 2773 eam.
3005 2717 3188 2790 Neque
3223 2720 3365 2781 enim
3407 2716 3603 2776 frustra

2024 2805 2187 2861 scribi
2211 2806 2425 2862 voluisti
2457 2814 2537 2862 tot
2567 2808 2874 2879 paginarum
2902 2823 3067 2879 opaca
3099 2818 3333 2877 secreta;
3376 2819 3471 2866 aut
3494 2825 3603 2866 non

2026 2896 2229 2952 habent
2261 2897 2368 2952 illae
2395 2898 2540 2953 silvai
2564 2913 2752 2955 cervos
2777 2914 2903 2956 suos
2921 2901 3240 2972 recipientes
3271 2916 3334 2958 se
3361 2901 3415 2958 in
3434 2916 3527 2958 eas
3553 2911 3607 2957 et

2024 2992 2717 3059 resumentes,ambulantes
2742 3000 2797 3048 et
2812 3002 3106 3064 pascentes,
3133 2994 3502 3053 recumbentes
3518 2996 3535 3027 ⁸
3553 3001 3610 3053 et

2026 3084 2376 3139 ruminantes.
2400 3084 2445 3138 0
2460 3084 2704 3152 Domine,
2731 3085 2927 3155 perﬁce
2937 3101 3044 3152 me,
3067 3096 3121 3143 et
3146 3087 3324 3143 revela
3340 3087 3471 3144 mihi
3488 3102 3601 3144 eas.

2027 3173 2168 3229 Ecce
2192 3190 2294 3230 vox
2330 3183 2418 3231 tua
2450 3175 2699 3246 gaudium
2728 3192 2925 3244 meum,
2956 3193 3061 3233 vox
3090 3186 3179 3233 tua
3202 3193 3363 3249 super
3384 3177 3608 3234 afﬂuen-

2030 3267 2156 3321 tiam
2181 3267 2507 3338 voluptatum
2528 3270 2569 3322 ¹.
2600 3268 2676 3323 Da
2712 3267 2853 3339 quod
2878 3284 2999 3325 amo
3027 3287 3040 3324 :
3072 3285 3194 3326 amo
3219 3271 3399 3338 enim;
3430 3280 3484 3327 et
3505 3270 3608 3328 hoc

2030 3370 2085 3416 tu
2110 3361 2324 3417 dedisti.
2366 3361 2445 3418 Ne
2492 3360 2632 3418 dona
2660 3371 2749 3417 tua
2777 3360 3014 3427 deseras,
3060 3376 3161 3418 nec
3199 3361 3420 3418 herbam
3458 3370 3606 3418 tuam

2030 3470 2251 3527 spernas
2281 3456 2570 3511 sitientem.
2597 3453 2866 3511 Conﬁtear
2883 3454 2983 3529 tibi
3008 3454 3260 3526 quidquid
3283 3454 3534 3511 invenero
3552 3455 3609 3513 in

2029 3545 2206 3603 Libris
2236 3544 2369 3614 tuis;
2401 3555 2455 3603 et
2478 3546 2689 3601 audiam
2716 3560 2900 3602 vocem
2930 3546 3099 3601 laudis
3120 3544 3287 3619 (Psal.
3310 3562 3447 3615 xxv,
3472 3545 3528 3619 7)
3556 3555 3613 3604 et

2032 3648 2087 3695 te
2115 3639 2310 3707 bibam,
2347 3647 2402 3695 et
2441 3638 2773 3695 considerem
2828 3637 3088 3708 mirabilia
3115 3637 3181 3692 de
3210 3637 3328 3708 lege
3376 3645 3501 3706 tua,
3543 3637 3612 3694 ab

2034 3746 2201 3802 usque
2248 3730 2508 3801 principio
2554 3730 2610 3785 in
2656 3745 2763 3801 quo
2814 3728 2986 3785 fecisu
3039 3728 3236 3787 ctelum
3287 3737 3344 3785 et
3378 3738 3608 3796 terram,

2032 3838 2203 3893 usque
2228 3822 2296 3878 ad
2338 3838 2559 3893 regnum
2596 3830 2771 3878 tecum
2811 3830 3124 3893 perpetuum
3162 3828 3358 3877 sancta:
3385 3819 3614 3878 civitatis

2034 3922 2163 3971 tum.

2105 4007 2161 4063 4.
2205 4006 2450 4071 Domine,
2500 4005 2757 4061 miserere
2789 4006 2917 4073 mei,
2954 4013 3009 4061 et
3058 4005 3247 4061 exaudi
3290 4005 3612 4062 desiderium

2038 4116 2238 4155 meum.
2264 4099 2401 4155 Puto
2420 4098 2562 4154 enim
2594 4096 2735 4167 quod
2764 4112 2871 4151 non
2891 4097 2960 4152 sit
2984 4096 3051 4153 de
3076 4104 3239 4164 terra,
3260 4111 3365 4153 non
3390 4095 3458 4153 de
3483 4111 3615 4153 auro

2037 4198 2093 4245 et
2116 4198 2336 4260 argento
2381 4196 2435 4244 et
2460 4188 2529 4244 de
2554 4186 2837 4257 lapidibus,
2862 4194 2956 4243 aut
2990 4186 3197 4243 decoris
3244 4187 3498 4252 vestibus,
3523 4195 3616 4243 aut

2038 4279 2329 4336 honoribus
2370 4286 2425 4334 et
2471 4277 2854 4349 potestatibus,
2883 4285 2974 4332 aut
3018 4277 3377 4347 voluptatibus
3414 4278 3613 4346 carnis,

2039 4384 2211 4440 neque
2238 4368 2304 4424 de
2324 4369 2644 4425 necessariis
2662 4367 2895 4438 corpori,
2932 4378 2989 4423 et
3018 4367 3140 4423 huic
3165 4369 3288 4423 vitae
3315 4370 3614 4440 peregrina-

2038 4461 2199 4517 tionis
2218 4473 2436 4526 nostrae,
2467 4476 2586 4530 quae
2623 4459 2801 4514 omnia
2829 4458 2986 4514 nobis
3005 4467 3344 4530 apponuntur
3368 4475 3611 4530 quaeren-

2038 4552 2179 4607 tibus
2209 4566 2428 4622 regnum
2471 4558 2526 4607 et
2546 4550 2806 4621 justitiam
2833 4557 2998 4605 tuam.
3044 4549 3200 4618 Vide,
3225 4550 3447 4608 Domine
3474 4552 3617 4608 Deus

2038 4660 2212 4711 meus,
2237 4642 2376 4698 unde
2407 4642 2478 4697 sit
2515 4641 2838 4698 desiderium
2866 4656 3066 4697 meum.
3095 4641 3450 4699 Narraverunt
3484 4643 3613 4702 mihi

2038 4733 2221 4804 injusti
2252 4732 2652 4797 delectationes,
2683 4732 2775 4786 sed
2804 4745 2911 4786 non
2951 4730 3091 4787 sicut
3130 4729 3219 4787 lex
3246 4739 3356 4801 tua,
3392 4732 3617 4789 Domino

2040 4822 2210 4898 (Psal.
2239 4839 2421 4893 cxvui,
2452 4821 2565 4895 85).
2615 4822 2755 4879 Ecce
2784 4822 2927 4879 unde
2956 4831 3040 4878 est
3064 4822 3387 4880 desiderium
3414 4838 3612 4880 meum.

2038 4916 2195 4984 Vide,
2222 4916 2400 4983 Pater,
2422 4915 2623 4987 aspice,
2647 4924 2702 4971 et
2725 4914 2865 4983 vide,
2892 4924 2947 4971 et
2969 4915 3234 4987 approba;
3257 4924 3312 4973 et
3335 4916 3541 4987 placeat
3558 4918 3615 4975 in

2041 5022 2331 5083 conspectu
2351 5010 2729 5067 misericordiae
2758 5019 2863 5066 tuae
2882 5010 3122 5066 invenire
3144 5025 3231 5066 me
3252 5010 3477 5082 gratiam
3490 5020 3615 5068 ante

2040 5113 2113 5172 te,
2135 5111 2195 5159 ut
2242 5102 2549 5173 aperiantur
2598 5101 2828 5173 pulsanti
2868 5101 2999 5157 mihi
3024 5100 3274 5158 interiora
3310 5118 3616 5160 sermonum

2043 5207 2276 5254 tuorum.
2306 5196 2542 5252 Obsecro
2570 5211 2665 5266 per
2687 5196 2970 5251 Dominum
2990 5204 3231 5252 nostrum
3254 5195 3435 5253 Jesum
3466 5195 3594 5253 Chri

2044 5299 2185 5346 stum
2208 5288 2374 5342 ﬁlium
2398 5295 2572 5351 tuum,
2602 5288 2775 5342 virum
2820 5287 3053 5342 dextera:
3080 5294 3186 5343 tua:
3215 5285 3387 5360 (Psal.
3419 5303 3614 5357 Lxxlx,

2044 5382 2160 5452 18),
2176 5381 2341 5435 ﬁlium
2370 5380 2619 5448 hominis,
2633 5394 2790 5448 quem
2812 5377 3137 5435 conﬁrmasti
3153 5380 3245 5436 tibi
3271 5381 3617 5440 mediatorem

2045 5482 2191 5529 tuum
2209 5481 2263 5527 et
2279 5478 2540 5537 nostrum,
2561 5485 2655 5540 per
2669 5485 2825 5539 quem
2855 5484 2952 5525 nos
2966 5471 3221 5540 quaesiisti
3246 5489 3352 5529 non
3377 5490 3615 5546 quaeren-

2108 5608 2123 5638 ι
2151 5606 2222 5654 sic
2239 5613 2348 5654 Arn.
2370 5611 2422 5653 et
2438 5603 2689 5652 duodecim
2707 5611 2811 5653 Mss.
2833 5611 2888 5653 At
2902 5610 3035 5663 μον..
3052 5605 3351 5657 retrahentes.

2106 5671 2127 5700 ι
2143 5666 2319 5732 σοροχ,
2337 5664 2901 5732 βοὼηδυροναηῖυωιιὶα.
2920 5666 3027 5715 Bad.
3039 5674 3139 5715 Am.
3154 5680 3264 5717 cum
3274 5677 3478 5732 quatuor
3495 5678 3615 5728 δικ..

2043 5728 2427 5794 supcrﬂmmtimn
2443 5727 2745 5792 wlrtptatum.

2825 5813 2862 5879 /
2872 5814 3252 5892 l’ingt-six.)
