4078 6366
444 316 541 377 ιιιι

442 448 519 492 tes
544 445 614 501 te,
639 432 872 503 qumsisti
894 436 1067 486 autem
1080 435 1137 485 ut
1150 438 1507 499 qutereremus
1520 431 1601 489 te;
1621 421 1849 477 Verbum
1872 428 2017 473 tuum

441 542 537 598 per
560 523 698 597 quod
724 522 894 579 fecisti
913 522 1111 587 omnia,
1129 522 1183 574 in
1210 520 1398 590 quibus
1418 527 1471 573 et
1494 530 1613 579 me;
1640 514 1857 569 Unicum
1872 521 2018 566 tuum

441 634 535 689 per
562 630 718 689 quem
748 614 946 671 vocasti
970 615 1023 669 in
1039 612 1377 682 adoptionem
1403 609 1649 680 populum
1664 605 2014 669 credentium,

440 710 494 765 in
520 724 625 781 quo
649 713 703 764 et
728 714 813 762 me
833 723 847 760 :
879 718 976 777 per
994 714 1113 759 eum
1139 712 1190 759 te
1212 703 1434 758 obsecro
1460 700 1546 771 qui
1573 699 1723 755 sedet
1739 698 1803 753 ad
1826 697 2016 752 dexte-t

441 817 553 856 ram
605 811 745 856 tuam
773 807 827 855 et
871 806 922 853 te
964 796 1260 865 interpellat
1291 809 1390 865 pro
1418 793 1605 859 nobis,
1661 792 1713 846 in
1751 805 1855 860 quo
1891 786 2017 843 sunt

440 908 626 949 omnes
679 891 912 948 thesauri
964 889 1237 959 sapientiai
1301 893 1355 942 et
1425 886 1660 940 scientia
1719 882 2015 938 absconditi

441 984 657 1053 (Coloss.
681 999 737 1051 ιι,
759 981 833 1053 3).
857 982 1031 1051 Ipsum
1055 980 1071 1011 ί
1089 994 1270 1049 quaero
1290 978 1345 1031 in
1368 971 1541 1032 [amris
1570 972 1691 1030 tuis.
1720 970 1928 1044 Moyses
1945 973 2013 1029 de

436 1076 528 1130 illo
582 1075 792 1145 scripsit
820 1071 995 1144 (Joan.
1044 1088 1099 1137 v,
1147 1068 1237 1141 46)
1272 1087 1284 1122 :
1317 1064 1418 1123 hoc
1460 1067 1574 1138 ipse
1617 1067 1727 1133 ait;
1770 1065 1873 1121 hoc
1899 1060 2010 1119 Ve-

434 1160 562 1222 ritas
586 1162 679 1219 ait.

1049 1252 1275 1311 CAPUT
1315 1254 1404 1307 Ill;

438 1342 562 1416 Qitd.’
593 1348 790 1421 scripsit
818 1342 1014 1418 Moyses
1048 1348 1111 1401 de
1140 1347 1387 1400 creatione
1417 1344 1528 1399 εωλιξ
1572 1346 1621 1399 et
1650 1344 1792 1398 terra:
1820 1342 2007 1398 intelli-

754 1457 868 1511 gere
893 1456 993 1493 non
1023 1447 1179 1509 potest
1197 1440 1292 1491 nisi
1322 1438 1537 1490 donante
1558 1436 1684 1490 Deo.

506 1530 559 1585 5.
594 1530 817 1588 Audiam
845 1538 897 1583 et
942 1529 1226 1597 intelligam
1255 1526 1516 1596 quomodo
1558 1528 1610 1579 in
1644 1526 1897 1595 principio
1927 1525 2005 1581 fe-

433 1621 550 1677 cisti
576 1623 773 1675 etclam
801 1628 853 1675 et
874 1628 1067 1675 terram
1097 1617 1243 1691 (Gen.
1268 1634 1304 1685 r,
1326 1617 1399 1688 i).
1421 1617 1643 1686 Scripsit
1668 1616 2001 1688 ltocMoyses,

434 1712 647 1781 scripsit
693 1718 747 1767 et
796 1711 943 1773 abiit,
994 1710 1236 1764 transivit
1262 1708 1385 1762 hinc
1412 1724 1439 1761 a
1471 1718 1522 1762 te
1557 1708 1623 1762 ad
1664 1718 1715 1763 te
1741 1710 1791 1774 ²;
1832 1724 2005 1779 neque

429 1806 570 1859 nunc
592 1812 716 1859 ante
749 1812 837 1858 me
863 1812 960 1862 e51.
992 1802 1119 1857 Nam
1146 1804 1189 1857 si
1220 1810 1377 1867 esset,
1411 1806 1644 1857 tenerem
1672 1818 1812 1867 eum,
1837 1812 1889 1858 et
1912 1818 2004 1857 ro-

430 1906 613 1967 garem
624 1911 767 1963 eum,
791 1904 845 1951 et
862 1902 957 1966 per
972 1902 1021 1950 te‘
1036 1898 1366 1950 obsecraretn
1381 1895 1574 1949 utmilti
1596 1896 1694 1949 ista
1716 1895 2000 1965 panderet;

431 1992 485 2045 et
514 1992 813 2060 prasb'erem
838 1994 995 2044 aures
1033 1988 1269 2059 Corporis
1294 1991 1398 2044 mei
1436 1991 1578 2044 Sonis
1607 1990 2003 2060 erumpentibus

432 2090 495 2136 ex
527 2088 625 2137 ore
659 2082 791 2151 ejus.
845 2082 907 2134 Et
955 2081 999 2134 si
1042 2080 1251 2135 ltebrma
1278 2090 1408 2135 voce
1459 2081 1779 2151 loqueretur,
1809 2081 2003 2138 frustra

429 2176 664 2245 pulsaret
688 2180 899 2231 scusum
928 2186 1124 2241 meum,
1143 2190 1240 2230 nec
1262 2174 1383 2230 inde
1402 2184 1629 2230 mentem
1653 2191 1823 2231 meam
1845 2177 2002 2247 quid-

427 2280 585 2337 quam
616 2274 885 2337 tangeret;
916 2268 959 2321 si
989 2273 1162 2320 autem
1183 2265 1360 2328 latine,
1388 2266 1578 2320 scirem
1626 2266 1749 2337 quid
1779 2266 1997 2323 diceret.

427 2358 532 2414 Sed
561 2358 698 2414 unde
738 2359 931 2413 scirem
960 2374 1028 2413 an
1053 2366 1235 2413 verum
1277 2357 1513 2413 diceret?
1548 2354 1698 2426 Quod
1729 2360 1773 2414 si
1803 2366 1855 2414 et
1899 2358 2000 2415 hoc

427 2451 638 2519 scirem,
682 2462 810 2506 num
841 2452 908 2506 ab
932 2448 1022 2505 illo
1048 2450 1283 2506 scirem?
1313 2451 1456 2505 Intus
1482 2451 1660 2522 utique
1686 2452 1833 2519 mihi,
1860 2452 2000 2507 intus

427 2542 481 2595 in
508 2540 775 2596 domicilio
796 2538 1147 2611 cogitationis,
1176 2557 1273 2595 nec
1302 2540 1533 2608 hebrzna,
1563 2552 1659 2596 nec
1685 2556 1877 2612 graeca,
1903 2550 1999 2598 nec

428 2632 610 2700 latina,
639 2638 740 2687 nec
765 2632 987 2686 barbara
1012 2631 1226 2695 veritas,
1255 2631 1369 2685 sine
1398 2631 1504 2685 oris
1530 2641 1584 2685 et
1611 2631 1802 2701 lingua:
1841 2646 1997 2702 orga-

424 2721 540 2788 nis,
571 2721 688 2775 sine
732 2722 957 2790 strepitu
989 2720 1310 2791 syllabarum
1338 2720 1571 2787 diceret,
1604 2721 1799 2775 Verum
1829 2720 1993 2777 dicit:

424 2818 480 2867 et
530 2818 630 2882 ego
679 2810 856 2865 statim
892 2817 1065 2865 certus
1090 2811 1415 2866 confidenter
1444 2813 1516 2866 illi
1546 2811 1742 2867 homini
1796 2820 1884 2868 tuo
1912 2813 1995 2868 di-

426 2908 624 2970 cerem,
652 2890 851 2958 Verum”
1057 2902 1189 2956 Cum
1206 2917 1330 2972 ergo
1356 2903 1502 2957 illum
1530 2902 1855 2973 interrogare
1888 2919 1995 2959 non

424 2995 646 3067 possit",
675 3000 748 3061 te,
770 3000 875 3065 quo
898 2998 1086 3064 plenus
1132 3006 1255 3049 vera
1300 2996 1449 3061 dixit,
1484 2994 1708 3063 Veritas,
1761 3011 1888 3066 rogo
1919 3003 1991 3063 te,

423 3088 568 3142 Deu’s
595 3092 750 3141 meus
778 3129 792 3154 ,
849 3098 977 3157 rogo
1030 3092 1185 3157 parte
1236 3087 1465 3157 peccatis
1511 3087 1677 3153 meis;
1730 3096 1781 3142 et
1806 3088 1892 3157 qui
1922 3088 1994 3142 illi

422 3186 579 3234 servo
609 3185 697 3235 tuo
725 3179 918 3234 dedisti
944 3176 1055 3233 haec
1094 3180 1291 3245 dicere,
1324 3180 1389 3233 da
1419 3188 1472 3235 et
1521 3178 1650 3235 mihi
1688 3181 1802 3236 haec
1842 3182 1995 3238 intel-

419 3271 600 3341 ligere'.

1032 3362 1257 3419 CAPUT
1296 3362 1381 3417 iV.

735 3442 977 3508 (ζηαίαν-α
1002 3455 1184 3508 clamat
1206 3462 1475 3508 creatorem
1504 3454 1684 3509 Deum.

486 3546 541 3601 6.
570 3536 711 3601 Ecce
732 3552 859 3600 sum
883 3546 1076 3601 coelum
1104 3555 1156 3601 et
1204 3554 1341 3601 terra
1367 3562 1380 3599 :
1412 3546 1640 3601 clamant
1668 3548 1809 3617 quod
1857 3547 1992 3605 facta

417 3638 559 3704 sint;
586 3644 854 3694 mutantur
878 3640 1018 3693 enim
1042 3644 1199 3707 atque
1224 3638 1785 3707 vﬂlanturﬂuidquid
1814 3646 1990 3695 autem

415 3730 615 3784 factum
643 3738 749 3786 non
781 3736 881 3785 est.
911 3734 963 3785 et
988 3738 1162 3783 tamen
1188 3738 1286 3795 εει,
1317 3743 1420 3783 non
1443 3731 1596 3784 estin
1620 3742 1683 3785 eo
1704 3732 1989 3802 quidquam

416 3820 557 3892 quad
584 3828 709 3876 ante
758 3826 863 3875 non
892 3826 1025 3886 erat,
1054 3820 1197 3890 quod
1226 3828 1307 3875 est
1344 3821 1538 3875 mutari
1582 3830 1740 3892 atque
1777 3825 1985 3879 variari.

416 3912 663 3966 Clamant
687 3912 843 3966 etiam
870 3911 1009 3980 quod
1034 3912 1207 3980 seipsa
1236 3927 1340 3981 non
1364 3912 1614 3968 fecerint:
1638 3914 1761 3969 Ideo
1781 3924 1984 3985 sumus,

418 4004 539 4073 quia
567 4002 700 4057 facta
738 4012 949 4067 simius;
991 4010 1097 4056 non
1135 4017 1260 4072 ergo
1287 4014 1497 4058 eramus
1524 4010 1802 4076 antequam
1847 4016 1988 4063 ρεςε-

418 4100 557 4158 mns,
608 4102 665 4148 ut
704 4094 818 4147 fieri
860 4098 1134 4162 passernus
1171 4108 1201 4146 a
1243 4094 1412 4149 nobis.
1466 4096 1531 4149 Et
1568 4106 1667 4150 vox
1701 4097 1985 4153 dicentium

417 4190 501 4239 est
540 4185 655 4252 ipsa
706 4182 989 4237 evidentia.
1031 4182 1109 4237 Tu
1138 4192 1296 4254 ergo,
1336 4185 1578 4250 Domine,
1601 4186 1765 4242 fecisti
1797 4202 1859 4243 ea
1897 4188 1987 4259 qui

418 4274 641 4345 pulcher
682 4286 760 4339 es,
802 4274 1021 4345 pulchra
1062 4280 1181 4329 sunt
1229 4276 1399 4341 enim;
1431 4278 1518 4347 qui
1538 4279 1706 4335 bonus
1743 4293 1818 4347 es,
1847 4282 1985 4338 bona

413 4373 541 4420 sunt
568 4366 855 4435 enim;qui
885 4381 964 4435 es,
1002 4374 1124 4422 sunt
1152 4368 1313 4422 enim.
1355 4370 1462 4426 Nec
1495 4373 1565 4426 ita
1602 4374 1817 4442 pultbra
1839 4382 1981 4443 sunt,

414 4470 515 4511 nec
553 4456 623 4511 ita
662 4456 797 4511 bona
841 4464 997 4525 sunt,
1037 4464 1135 4514 nec
1172 4461 1243 4515 ita
1299 4469 1440 4529 sunt,
1481 4464 1615 4519 sicut
1658 4473 1711 4520 tu
1746 4466 1985 4522 conditor

415 4554 618 4613 eorum,
658 4549 741 4601 cui
789 4552 1110 4619 comparata,
1140 4562 1239 4607 nec
1264 4552 1483 4622 pulchra
1525 4566 1669 4625 sunt,
1720 4574 1820 4615 nec
1848 4561 1981 4614 bona

414 4644 560 4705 sunt,
584 4646 681 4693 nec
702 4646 844 4693 sunt.
871 4640 1079 4695 Scimus
1113 4641 1246 4709 haec,
1295 4647 1490 4715 gratias
1514 4648 1625 4702 tibi.
1672 4649 1737 4703 Et
1766 4652 1982 4707 scientia

412 4738 594 4785 nostra
621 4728 855 4787 scientia!
874 4734 977 4788 tua:
1005 4736 1325 4803 edmpamta,
1355 4736 1643 4806 ignorantia
1670 4748 1768 4796 est.

1024 4818 1249 4881 CAPUT
1288 4826 1350 4881 V.

800 4913 887 4969 Et
914 4916 1075 4970 nimo
1102 4916 1327 4971 conditus
1357 4920 1590 4974 tmmdus.

481 5005 536 5059 ’1.
576 5006 859 5072 Quonmdo
881 5012 1058 5062 autem
1090 5008 1257 5063 fecisti
1291 5011 1481 5064 omium
1531 5020 1583 5066 ct
1621 5020 1811 5069 terram
1849 5016 1889 5084 ³,
1928 5027 1980 5073 et

408 5106 530 5167 quae
553 5098 796 5153 metriae
823 5105 929 5153 tam
954 5101 1167 5171 grandis
1194 5105 1515 5172 operationis
1537 5109 1671 5159 tua“!
1698 5107 1811 5163 Non
1839 5112 1980 5166 enim

416 5189 556 5245 sicut
588 5189 747 5245 homo
775 5190 967 5247 artifex
1013 5192 1244 5247 forrnans
1270 5198 1461 5265 ‘corpus
1489 5196 1554 5252 de
1577 5210 1813 5269 corpore,
1838 5201 1979 5257 arbi-

766 5326 903 5379 Editi.
927 5335 985 5381 At
1001 5329 1297 5393 antiquiores
1318 5339 1369 5385 et
1392 5335 1620 5389 meliores
1651 5346 1754 5391 Mss.
1772 5342 1978 5406 habent,

403 5398 851 5560 ᾜΞὲἑῖὶῗωά.
869 5465 900 5501 a
923 5456 992 5515 te,
1011 5458 1349 5518 qumvocesin
1364 5467 1467 5510 Mss.
1492 5474 1645 5528 prepe
1674 5469 1980 5521 onmibusin-

472 5550 756 5660 Ζὲνὶῖῖἑὲ
773 5580 1469 5660 Ξξέἒὲἓνοέίέὶίξιςὶιὶίιξαι.ιιι
1483 5587 1515 5636 5
1533 5601 1545 5636 =
1567 5596 1622 5660 ιιι
1629 5590 1979 5660 ντίηάρίοΐεείι

768 5644 812 5712 et
828 5645 1022 5712 terrain.
1044 5635 1297 5712 Quomodo.
1316 5635 1491 5712 Eadem
1522 5635 1672 5704 verba
1689 5635 1979 5712 ’ὲὲὲῗὲῖιῗιὶἶέ

412 5692 510 5749 1οοὶ
540 5698 666 5762 apud
704 5700 831 5763 Bad.,
851 5702 937 5751 sed
955 5692 1130 5754 absth
1148 5716 1175 5754 a
1194 5692 1295 5756 uss.
1319 5692 1677 5765 aziwma;
1698 5692 1962 5777 Ᾰῖιῖἒὶίιῖῖξῖ

1534 296 2048 362 CONFESSIONUM
2084 298 2142 359 Β.
2183 296 2548 361 AUGUSTINI

2128 423 2263 469 tratu
2276 418 2466 471 anima:
2478 418 2697 475 valentis
2713 420 2985 492 imponere
3001 431 3529 499 utcumquespeeiem
3543 446 3707 507 quam
3788 478 3799 487 .

2125 510 2294 562 cernit
2319 509 2371 563 in
2403 513 2687 579 semetipsa
2706 513 2915 569 interno
2931 517 3103 571 oculo.
3128 514 3196 573 Et
3212 520 3352 578 unde
3365 524 3462 578 hoc
3479 525 3701 595 valeret,

2126 599 2227 653 nisi
2274 603 2395 671 quia
2440 613 2493 657 tu
2542 604 2707 659 fecisti
2738 608 2892 660 eam?
2937 609 3004 663 Et
3054 611 3278 681 imponit
3315 618 3546 685 speciem
3589 619 3702 689 jam

2122 690 2373 746 existenti
2392 702 2446 746 et
2470 693 2685 749 habenti
2706 705 2763 750 ut
2788 706 2949 763 esset,
2981 702 3145 756 veluti
3172 711 3349 772 teme,
3399 718 3487 762 aut
3515 710 3695 780 lapidi,

2121 790 2214 835 aut
2232 782 2392 851 ligno,
2424 792 2515 838 aut
2544 799 2693 852 auro,
2731 797 2821 842 aut
2852 788 2906 842 id
2932 805 3105 859 genus
3141 809 3317 848 rerum
3347 798 3586 854 cuilibet.
3632 803 3703 859 Et

2121 872 2263 927 unde
2300 873 2399 927 ista
2447 884 2654 942 essent,
2684 877 2785 931 nisi
2816 887 2871 932 tu
2926 880 3244 939 instituisses
3278 888 3375 940 ea?
3421 888 3505 943 Tu
3544 890 3703 949 fabro

2120 973 2337 1034 corpus,
2371 974 2427 1020 tu
2445 968 2680 1023 animum
2716 971 2967 1027 membris
2999 974 3386 1043 imperitantem
3412 979 3604 1050 fecisti,
3637 991 3698 1041 tu

2119 1058 2391 1112 materiam
2430 1060 2569 1115 unde
2593 1058 2716 1116 facit
2744 1064 2961 1133 aliquid,
3002 1073 3054 1119 tu
3084 1067 3351 1137 ingenium
3380 1087 3489 1141 quo
3523 1082 3695 1131 artem

2115 1149 2287 1217 capiat
2331 1156 2383 1204 et
2427 1151 2602 1206 videat
2644 1154 2784 1208 intus
2822 1156 2945 1224 quid
2974 1156 3130 1212 faciat
3167 1160 3312 1227 foris,
3368 1170 3426 1217 tu
3476 1176 3695 1225 sensum

2113 1240 2350 1309 corporis
2371 1256 2475 1309 quo
2504 1242 2789 1312 interprete
2813 1246 3034 1315 trajieiat
3061 1244 3130 1303 ab
3141 1248 3394 1307 animoad
3415 1259 3695 1316 materiam

2112 1331 2166 1415 id
2191 1332 2329 1401 quod
2356 1332 2501 1401 facit,
2524 1342 2578 1389 et
2603 1338 2867 1391 renuntiet
2894 1340 3073 1394 animo
3096 1343 3223 1411 quid
3270 1345 3465 1402 factum
3496 1350 3585 1417 sit,
3632 1358 3695 1409 ut

2111 1423 2199 1508 ille
2228 1425 2368 1479 intus
2394 1428 2636 1481 consulat
2656 1428 3022 1498 praesidentem
3044 1433 3143 1488 sibi
3157 1436 3533 1508 veritatem,an
3554 1442 3690 1501 bene

2110 1498 2303 1571 factum
2330 1518 2415 1572 sit.
2441 1519 2515 1573 Te
2542 1521 2756 1575 laudant
2778 1523 2890 1578 haec
2910 1527 3084 1580 omnia
3109 1538 3400 1586 creatorem
3418 1534 3685 1593 omnium:

2110 1607 2205 1662 sed
2237 1616 2290 1661 tu
2317 1610 2582 1677 quomodo
2605 1610 2733 1666 facis
2760 1614 2861 1667 ea?
2884 1616 3151 1683 quomodo
3177 1618 3366 1687 fecisti,
3388 1622 3547 1693 Deus,
3576 1642 3689 1682 cte-

2108 1698 2217 1752 lum
2248 1708 2300 1753 et
2326 1701 2557 1754 terram?
2585 1701 2701 1757 Non
2736 1705 2918 1773 utique
2944 1705 2996 1759 in
3034 1708 3177 1763 coelo
3218 1724 3391 1780 neqrte
3440 1715 3491 1768 in
3532 1724 3680 1773 terra

2108 1790 2276 1844 fecisti
2300 1792 2494 1846 crelum
2522 1801 2822 1859 etterram;
2849 1809 3021 1866 neque
3046 1799 3107 1852 in
3135 1812 3258 1856 aere
3294 1812 3386 1856 aut
3432 1806 3484 1859 in
3510 1810 3680 1877 aquis,

2108 1880 2357 1950 quoniam
2385 1892 2439 1936 et
2466 1882 2582 1937 hare
2608 1886 2873 1952 pertinent
2888 1887 2952 1941 ad
2973 1889 3169 1943 cretum
3186 1901 3239 1946 et
3267 1902 3459 1949 terram
3480 1914 3492 1951 :
3512 1912 3687 1969 neque

2107 1972 2160 2026 in
2188 1973 2435 2028 universo
2483 1976 2682 2031 mundo
2709 1976 2879 2032 fecisti
2903 1981 3207 2035 universum
3237 1985 3510 2052 mundum,
3559 1990 3683 2059 quia

2107 2079 2210 2117 non
2233 2073 2348 2119 erat
2374 2065 2463 2120 ubi
2493 2066 2642 2121 fieret
2666 2075 2944 2139 antequam
2973 2070 3121 2127 fieret
3139 2081 3199 2127 ut
3221 2086 3380 2130 esset.
3398 2076 3683 2137 Necmanu

2106 2158 2325 2211 tenebas
2352 2160 2548 2229 aliquid
2579 2161 2716 2216 unde
2740 2161 2944 2218 faceres
2967 2165 3164 2220 celum
3188 2176 3242 2220 et
3282 2176 3481 2223 terram
3505 2187 3520 2235 ;
3548 2187 3678 2226 nam

2105 2248 2246 2302 unde
2277 2249 2369 2302 tibi
2394 2249 2495 2303 hoc
2520 2250 2659 2319 quod
2685 2258 2742 2305 tu
2790 2262 2896 2307 non
2946 2255 3173 2321 feceras,-
3203 2258 3343 2312 nnde
3387 2260 3579 2329 aliquid
3603 2261 3683 2317 fa-

2104 2341 2287 2394 ceres?
2316 2340 2451 2407 Quid
2478 2342 2618 2396 enim
2650 2352 2749 2408 est,
2780 2343 2883 2397 nisi
2929 2348 3052 2415 quia
3082 2355 3137 2401 tu
3163 2350 3259 2403 es?
3288 2350 3427 2420 Ergo
3463 2352 3677 2421 dixisti,

2104 2438 2157 2484 et
2198 2430 2331 2484 facta
2362 2440 2505 2497 sunt,
2537 2441 2695 2502 atque
2750 2434 2805 2488 in
2844 2435 3008 2491 verbo
3048 2445 3141 2492 tuo
3173 2438 3343 2495 fecisti
3389 2456 3456 2497 ea
3505 2442 3675 2513 (Prol.

2103 2534 2279 2588 xxx",
2305 2521 2359 2589 9,
2384 2522 2459 2591 6).

2705 2612 2928 2671 CAPUT
2966 2616 3049 2671 Vl.

2337 2704 2599 2769 Quomodo
2618 2704 2757 2759 Deus
2777 2707 2923 2772 dixit,
2951 2718 3007 2762 ut
3035 2710 3176 2778 ﬁeret
3198 2715 3436 2769 mundus.

2170 2796 2224 2849 8.
2249 2796 2354 2851 Sed
2379 2797 2645 2866 quomodo
2669 2798 2887 2853 dixisti?
2914 2801 3180 2871 Numquid
3232 2807 3325 2859 illo
3364 2808 3523 2865 modo
3567 2824 3677 2881 quo

2101 2884 2237 2940 facta
2267 2896 2350 2941 est
2380 2903 2485 2941 vox
2524 2888 2589 2942 de
2618 2890 2779 2956 nube,
2808 2891 2990 2947 dicens
3015 2910 3029 2945 ε
3060 2895 3160 2948 Hic
3183 2898 3570 2956 eatFitiusmm
3594 2904 3676 2957 di-

2099 2975 2289 3030 lectus?
2312 2978 2328 3046 (
2348 2976 2532 3030 Matth.
2556 2980 2734 3063 lt!‘\i7
2757 2996 2777 3044 ;
2806 2990 2853 3033 et
2879 2999 3011 3049 xvn,
3036 2984 3112 3057 ὅ.)
3146 2987 3237 3041 Illa
3264 2990 3405 3044 enim
3434 3007 3534 3047 vox
3556 3002 3674 3050 acta

2097 3076 2256 3136 atque
2287 3076 2549 3122 transacta
2569 3072 2870 3149 est,“eoapta
2899 3083 2952 3127 et
2980 3075 3144 3129 ﬁnita.
3171 3078 3476 3135 Sonuerunt
3512 3085 3674 3155 syllae

2096 3160 2352 3231 baeatque
2390 3163 2729 3229 transierunt,
2783 3167 3013 3221 seetmda
3059 3174 3179 3238 post
3228 3174 3470 3242 primam,
3517 3178 3673 3233 tertia

2096 3258 2225 3322 post
2251 3252 2557 3318 secundam,
2588 3262 2748 3323 aurae
2772 3255 2895 3311 inde
2927 3273 2989 3312 ex
3028 3260 3236 3328 ordine,
3285 3264 3455 3319 donec
3487 3268 3672 3325 uttima

2094 3352 2215 3413 post
2238 3352 2480 3411 cameras,
2504 3346 2876 3417 silentiumque
2900 3358 3018 3418 post
3044 3353 3300 3409 ultimam.
3331 3356 3482 3414 Unde
3503 3361 3673 3417 claret

2086 3428 2256 3505 atque
2275 3438 2493 3504 eminet,
2544 3438 2683 3507 quod
2713 3449 2969 3495 creaturae
3011 3454 3191 3500 motus
3232 3452 3491 3518 expressit
3525 3468 3666 3520 eam,

2094 3525 2329 3579 serviens
2348 3535 2559 3580 aeternae
2584 3528 2837 3583 voluntati
2860 3538 2961 3585 tua:
2987 3533 3101 3601 ipse
3119 3539 3439 3606 temporalis.
3468 3543 3531 3597 Et
3553 3542 3670 3601 inec

2093 3618 2159 3671 ad
2204 3626 2410 3686 tempus
2453 3617 2591 3672 facta
2632 3621 2793 3675 verba
2826 3631 2912 3675 tua
2949 3626 3211 3681 nuntiavit
3252 3632 3393 3685 auris
3436 3635 3668 3690 exterior

2094 3708 2259 3761 menti
2286 3708 2549 3776 prudenti,
2572 3710 2722 3779 cujus
2743 3713 2885 3768 auris
2901 3714 3123 3770 interior
3138 3720 3307 3787 posita
3327 3730 3410 3775 est
3431 3724 3495 3777 ad
3512 3735 3668 3781 atter-

2095 3812 2222 3851 nnm
2267 3798 2498 3853 Verbum
2530 3807 2697 3855 tuom.
2741 3803 2811 3856 At
2856 3804 2943 3858 illa
2988 3812 3313 3877 comparavit
3355 3811 3473 3870 hare
3505 3816 3666 3872 verba

2096 3890 2461 3959 temporaliter
2482 3894 2747 3961 sonantia,
2778 3909 2898 3950 cum
2940 3906 3140 3954 satam
3180 3902 3233 3957 in
3254 3906 3463 3962 silentio
3493 3909 3667 3965 Verbo

2096 3987 2208 4073 tuo,
2263 3987 2318 4033 et
2342 3980 2477 4035 dixit
2505 3983 2699 4038 :Alitrd
2735 3994 2836 4051 est,
2865 3988 3019 4059 longe
3047 3992 3188 4048 aliud
3213 4004 3312 4050 est.
3344 3998 3469 4054 Haec
3513 4000 3668 4073 longe

2090 4068 2225 4123 intra
2258 4085 2343 4125 me
2369 4080 2525 4137 sunt;
2556 4087 2656 4128 nec
2682 4085 2829 4143 sunt,
2861 4080 2981 4148 quia
3007 4080 3282 4152 fugiuntet
3298 4068 3627 4158 pratereunt
3646 4110 3661 4149 :

2092 4158 2324 4215 Verbum
2348 4171 2526 4217 autem
2552 4164 2761 4221 Domini
2781 4170 2885 4223 mei
2911 4184 3069 4241 supra
3098 4190 3187 4231 me
3210 4191 3388 4234 manet
3430 4182 3482 4235 in
3504 4192 3663 4239 teter.

2088 4266 2235 4306 nuru.
2258 4252 2315 4308 Si
2335 4268 2463 4325 ergo
2508 4257 2685 4312 verbis
2699 4263 3006 4319 sonantibus
3035 4275 3089 4320 et
3114 4273 3555 4336 praetereuntibus
3584 4275 3639 4329 di

2087 4344 2209 4399 κίειὶ
2236 4353 2295 4399 ut
2322 4346 2475 4401 fieret
2498 4349 2692 4404 coelum
2723 4354 2779 4406 et
2802 4364 2962 4423 terra,
2999 4366 3157 4428 atque
3184 4361 3257 4414 ita
3278 4362 3444 4419 iecisti
3465 4370 3663 4425 coelum

2087 4446 2140 4491 et
2164 4445 2383 4505 terram,
2412 4449 2528 4495 erat
2545 4442 2654 4511 jam
2680 4454 2917 4500 creatura
2935 4453 3226 4519 corporalis
3252 4463 3373 4509 ante
3392 4458 3586 4512 coelum
3607 4466 3665 4515 et

2089 4538 2300 4594 terram,
2322 4532 2473 4601 cujus
2514 4536 2743 4591 motibus
2767 4542 3143 4608 temporalibus
3174 4548 3530 4616 temmliter
3557 4562 3663 4606 vox

2085 4620 2173 4674 illa
2202 4632 2554 4691 percurreret.
2586 4625 2796 4682 Nullum
2820 4638 2995 4685 autem
3027 4644 3218 4705 corpus
3241 4647 3361 4693 ante
3381 4640 3576 4696 coelum
3607 4649 3663 4700 et

2097 4719 2294 4766 terram
2328 4730 2342 4765 :
2371 4722 2463 4767 aut
2510 4715 2553 4770 si
2595 4729 2726 4783 erat,
2762 4720 2814 4775 id
2839 4732 2984 4778 certe
3025 4726 3144 4782 sine
3184 4733 3483 4787 transitoria
3526 4748 3662 4791 voce

2085 4802 2307 4871 feceras,
2341 4806 2482 4861 unde
2508 4811 2861 4867 transitoriam
2892 4826 3073 4871 vocem
3096 4819 3296 4876 faceres
3323 4828 3422 4892 qua
3450 4825 3659 4883 diceres

2085 4900 2145 4946 ut
2172 4894 2537 4952 ﬁeretcuelum
2572 4909 2627 4954 et
2654 4911 2814 4958 terra.
2864 4906 3128 4978 Quidquid
3156 4914 3309 4969 enim
3352 4916 3479 4972 illud
3518 4928 3660 4975 esset
3696 4974 3699 4977 .

2084 4983 2224 5039 unde
2249 4987 2364 5042 talis
2393 5004 2496 5044 vox
2528 4993 2695 5060 ﬁeret,
2724 4996 2823 5051 nisi
2849 5000 2943 5053 abs
2968 5010 3019 5055 te
3044 5001 3237 5059 factum
3257 5019 3418 5076 esset,
3444 5012 3657 5067 omnino

2084 5090 2191 5132 non
2220 5089 2382 5135 esset.
2415 5081 2484 5138 Ut
2506 5096 2635 5155 ergo
2673 5086 2823 5143 tieret
2846 5098 3038 5162 corpus
3064 5096 3204 5153 unde
3229 5098 3328 5154 ieta
3357 5103 3515 5158 Verba
3560 5105 3654 5159 fie-

2083 5178 2221 5237 rent,
2243 5186 2347 5241 quo
2372 5174 2535 5230 verbo
2561 5191 2588 5229 a
2620 5188 2668 5232 te
2695 5178 2889 5237 dictum
2915 5186 3038 5239 est?

2682 5284 2906 5349 CAPUT
2947 5288 3052 5350 Vli.

2470 5357 2680 5414 Verbum
2699 5361 2798 5417 Dei
2824 5374 3125 5422 cca-ternum
3154 5370 3276 5428 Deo.

2153 5446 2209 5503 9.
2228 5446 2398 5503 Voces
2418 5449 2592 5521 itaque
2617 5468 2713 5509 nos
2727 5457 2792 5510 ad
2813 5458 3207 5531 intelligendum
3230 5465 3460 5523 Verbum
3485 5468 3651 5527 Deum

2082 5538 2217 5609 apud
2249 5548 2301 5594 te
2328 5542 2518 5610 Deum,
2550 5547 2686 5615 quod
2715 5555 3033 5618 sempiterno
3049 5555 3260 5619 dicitur,
3289 5569 3342 5614 et
3372 5574 3437 5614 eo
3457 5563 3655 5631 sempi-

2084 5639 2233 5687 terne
2261 5634 2506 5690 dicuntur
2529 5640 2705 5692 omnia
2735 5658 2748 5693 :
2772 5658 2942 5711 neque
2968 5647 3109 5700 enim
3131 5646 3312 5703 (initur
3332 5650 3473 5719 quod
3500 5652 3651 5708 dice-Vr

2083 5723 2260 5794 batur,
2283 5736 2337 5783 et
2363 5728 2553 5785 dicitur
2588 5732 2730 5789 aliud
2759 5740 2814 5790 Ut
2834 5739 3034 5807 possint
3060 5740 3162 5797 dici
3205 5743 3421 5812 omnia;
3450 5744 3545 5800 sed
3580 5758 3654 5815 si.
