4078 6366
419 500 529 558 tnui
575 507 639 553 ac
667 493 993 564 sempitcrue
1043 486 1244 543 omnia.
1276 479 1522 552 Alioquin
1565 476 1676 546 iam
1706 476 1994 564 tempuset

417 591 663 654 metatio,
697 596 751 642 et
778 559 885 640 non
927 594 1052 636 vera
1083 576 1376 638 aeternitas,
1409 585 1505 626 nec
1528 581 1654 623 vera
1679 559 1991 619 immortali-

423 689 524 739 ιρις.
549 651 664 737 Hoc
684 678 830 742 novi,
862 676 1002 730 Deus
1017 684 1188 736 mens,
1209 678 1262 722 et
1281 665 1476 736 gratias
1504 675 1622 732 ago.
1643 656 1795 718 Novi,
1826 651 1994 708 conﬁ-

417 783 536 830 teor
561 772 676 837 tibi,
715 767 969 829 Domine;
1000 772 1314 828 mecumque
1363 754 1508 808 novit
1547 759 1601 806 et
1647 744 1913 805 benedicit
1942 750 1995 798 te

419 861 663 935 quisqais
713 859 951 926 ingratus
980 866 1086 906 non
1124 848 1208 904 est
1245 853 1404 903 certae
1446 841 1673 898 veritati.
1719 836 1990 902 Novimus,

423 930 665 1019 Domine,
689 949 950 1013 novimus,
979 942 1225 1016 quoniam
1256 941 1312 994 in
1331 947 1587 1010 quantum
1611 930 1863 1004 quidquid
1891 944 1994 983 non

424 1051 510 1101 est
531 1039 671 1114 quod
691 1047 823 1104 erat,
851 1047 904 1094 et
922 1047 1002 1094 est
1024 1034 1164 1107 quod
1181 1047 1289 1088 non
1305 1038 1440 1096 erat,
1471 1030 1525 1083 in
1545 1034 1744 1082 tantum
1772 1022 1997 1078 moritur

419 1141 477 1191 et
518 1133 704 1188 oritur.
733 1129 848 1185 Non
887 1142 1014 1199 ergo
1037 1124 1326 1196 quidquam
1361 1119 1521 1176 Verbi
1542 1117 1628 1172 "tui
1669 1114 1812 1171 cedit
1835 1121 1996 1181 atque

423 1223 661 1282 succedit
684 1221 932 1292 quoniam
953 1232 1077 1274 vere
1101 1213 1399 1271 immortale
1423 1220 1580 1280 atque
1607 1215 1862 1262 aeternum
1889 1211 1989 1258 est.

425 1318 488 1373 Et
532 1315 654 1372 ideo
682 1314 860 1370 Verbo
898 1311 992 1366 tibi
1021 1318 1312 1373 ceteterno,
1357 1303 1513 1359 simul
1554 1308 1610 1356 et
1635 1295 1994 1368 sempiterne‘

421 1407 554 1464 dicis
580 1405 757 1462 Omnia
775 1419 894 1474 quae
917 1403 1072 1468 dicis,
1091 1409 1146 1456 et
1167 1401 1224 1454 ﬁt
1247 1395 1495 1468 quidquid
1516 1393 1648 1448 dicis
1668 1400 1726 1446 ut
1750 1391 1871 1454 ﬁat;
1899 1401 1998 1442 nec

423 1499 592 1563 aliter,
610 1512 772 1567 quam
784 1493 1030 1560 dicendo,
1047 1492 1171 1546 iacis
1190 1509 1204 1545 :
1227 1504 1325 1544 nec
1351 1496 1524 1542 tamen
1546 1493 1601 1541 et
1615 1481 1770 1539 simul
1785 1488 1839 1536 et
1857 1493 1997 1534 sem-

425 1593 628 1663 piterna
649 1590 780 1645 ﬁunt
803 1587 978 1643 omnia
1003 1599 1120 1656 qum
1146 1581 1373 1637 dicendo
1395 1578 1540 1634 facis.

1021 1675 1246 1731 CAPUT
1285 1671 1419 1727 VIII.

434 1775 649 1831 Verbum
678 1771 772 1827 Dei
799 1772 967 1841 ipsum
991 1775 1063 1822 est
1088 1765 1391 1838 principium
1414 1777 1510 1833 quo
1539 1761 1776 1814 docemur
1800 1771 1998 1811 omnem

1070 1859 1342 1914 veritatem.

500 1977 568 2034 1ο
621 1975 747 2038 Cur,
767 1987 968 2045 quaso,
994 1969 1218 2026 Domine
1236 1969 1377 2023 Deus
1402 1963 1585 2020 meus?
1606 1962 1899 2031 Utcumque
1919 1961 1998 2015 vi—

426 2069 564 2134 deo;
592 2067 688 2123 sed
712 2063 975 2138 quomodo
1003 2063 1052 2117 id
1075 2063 1291 2131 eloquar
1319 2057 1498 2114 nescio
1525 2074 1541 2112 :
1568 2055 1672 2110 nisi
1698 2055 1817 2123 quia
1842 2065 2000 2107 omne

426 2161 565 2234 quod
603 2175 721 2216 esse
751 2159 933 2227 incipit
971 2165 1024 2210 et
1051 2169 1170 2210 esse
1194 2152 1406 2217 desinit,
1430 2159 1553 2202 tunc
1581 2162 1706 2202 esse
1736 2144 1918 2212 incipit
1941 2150 1995 2197 et

427 2263 554 2310 tunc
582 2265 700 2308 esse
720 2251 932 2315 desinit,
962 2246 1173 2318 quando
1201 2243 1444 2298 debuisse
1477 2239 1712 2308 incipere
1741 2236 1824 2289 vel
1855 2234 1998 2288 desi-

435 2349 563 2401 nere
613 2345 666 2398 in
717 2350 914 2398 aeterna
959 2339 1164 2394 ratione
1187 2334 1542 2405 cognoscitur,
1571 2329 1659 2383 ubi
1692 2341 1790 2382 nec
1818 2325 2003 2395 incipit

429 2435 627 2506 aliquid
653 2450 751 2489 nec
772 2432 982 2487 desinit.
1016 2430 1196 2500 Ipsum
1231 2434 1313 2482 est
1337 2423 1568 2479 Verbum
1595 2429 1761 2485 tuum,
1791 2416 1930 2488 quod
1950 2425 2004 2471 et

429 2525 752 2596 Principium
773 2521 993 2592 estquia
1011 2522 1031 2552 ³
1053 2528 1106 2574 et
1130 2517 1360 2588 loquitur
1374 2511 1559 2583 nobis(
1575 2511 1728 2564 Joan.
1753 2524 1865 2570 vin,
1885 2507 1999 2576 ‘25).

430 2617 520 2673 Sic
544 2619 598 2671 in
625 2614 908 2684 Evangelia
925 2628 1018 2683 per
1037 2625 1250 2665 carnem
1277 2609 1389 2673 ait;
1419 2615 1471 2660 et
1494 2606 1595 2659 hoc
1622 2600 1855 2656 insonuit
1877 2599 2003 2654 foris

435 2707 653 2763 auribus
672 2705 966 2770 hominum,
991 2710 1049 2756 ut
1068 2700 1395 2765 crederetur,
1420 2706 1473 2752 et
1498 2697 1636 2750 intus
1654 2699 2004 2764 qurereretur,

433 2805 489 2852 et
513 2796 834 2852 inveniretur
864 2794 915 2848 in
943 2801 1138 2847 aztcrna
1161 2791 1400 2854 veritate,
1433 2787 1520 2841 ubi
1552 2799 1736 2840 omnes
1771 2783 2007 2851 discipu-

434 2889 518 2944 los
543 2890 714 2944 bonus
749 2895 803 2941 et
841 2885 986 2941 solus
1034 2882 1283 2952 magister
1312 2871 1486 2935 docet.
1518 2877 1594 2931 lbi
1634 2875 1790 2929 audio
1820 2887 2007 2926 vocem

436 2986 601 3044 tuam,
621 2977 861 3040 Domine,
893 2975 1152 3030 dicentem
1177 2972 1197 3002 ³
1217 2971 1368 3037 mihi,
1399 2969 1645 3040 quoniam
1666 2966 1750 3019 ille
1777 2964 2011 3034 loquitur

437 3073 590 3127 nobis
615 3069 704 3141 qui
731 3069 884 3123 docet
906 3081 1019 3121 nos.
1065 3065 1160 3132 Qui
1189 3073 1363 3118 autem
1400 3077 1504 3115 non
1534 3059 1689 3113 docet
1709 3071 1824 3123 nos,
1852 3056 2011 3110 etiam

437 3165 485 3220 si
528 3163 780 3233 loquitur,
813 3175 915 3214 non
948 3157 1098 3213 nobis
1140 3156 1388 3225 loquitur.
1435 3152 1562 3220 Quis
1611 3163 1766 3220 porro
1792 3162 1889 3202 nos
1917 3146 2009 3201 do-

439 3262 544 3317 cet,
567 3253 667 3308 nisi
690 3251 892 3307 stabilis
918 3247 1149 3304 veritas?
1172 3245 1304 3312 Quia
1331 3253 1383 3298 et
1403 3257 1497 3313 per
1523 3247 1818 3295 creaturam
1844 3244 2017 3290 muta-

443 3347 600 3402 bilem
624 3359 745 3401 cum
774 3342 1140 3404 admonemur,
1171 3337 1236 3391 ad
1282 3335 1558 3390 veritatem
1596 3331 1835 3385 stabilem
1864 3327 2015 3382 duci-

444 3455 597 3504 mur;
626 3437 715 3491 nbi
733 3435 754 3467 ¹⁸
771 3450 894 3490 vere
921 3433 1170 3488 discimus
1185 3445 1306 3483 cum
1328 3435 1528 3481 stamus
1545 3433 1598 3479 et
1613 3423 1852 3476 audimus
1873 3435 2014 3486 eum,

445 3540 501 3588 et
523 3531 714 3603 gaudio
742 3529 1030 3601 gaudemus
1048 3533 1262 3595 propter
1296 3535 1482 3575 vocem
1509 3517 1687 3588 sponsi
1707 3516 1723 3586 (
1747 3515 1902 3568 Joan.
1936 3528 2015 3578 ιιι,

447 3624 516 3680 29
537 3625 578 3694 ),
609 3621 894 3676 reddentes
933 3633 1030 3673 nos
1049 3616 1187 3671 unde
1201 3628 1403 3669 sumus.
1433 3612 1501 3665 Et
1526 3610 1642 3664 ideo
1672 3606 2015 3674 Principium,

449 3716 573 3785 quia
603 3713 703 3767 nisi
738 3719 996 3777 maneret,
1024 3725 1144 3764 cum
1170 3719 1471 3762 erraremus
1500 3717 1608 3756 non
1633 3706 1776 3755 esset
1798 3713 1902 3767 quo
1930 3713 2020 3753 re-

449 3807 704 3863 diremus.
734 3805 865 3861 Cum
881 3811 1054 3860 autem
1075 3802 1310 3857 redimus
1343 3799 1410 3854 ab
1426 3810 1628 3861 errore,
1655 3791 2022 3864 cognoscendo

451 3901 630 3972 utique
679 3898 945 3963 redimus;
976 3904 1034 3950 ut
1055 3903 1228 3951 autem
1259 3905 1657 3964 cognoscamus,
1701 3892 1858 3948 docet
1901 3902 2020 3955 nos,

471 3989 592 4063 quia
621 3989 944 4060 Principium
965 3994 1125 4055 est,et
1152 3986 1382 4056 loquitur
1421 3984 1595 4038 nobis.

1059 4097 1279 4154 CAPUT
1317 4095 1408 4151 IX.

693 4169 952 4238 Quomodo
985 4169 1202 4224 Verbum
1230 4167 1324 4221 Dei
1355 4166 1588 4237 loquatur
1625 4164 1784 4218 cordi.

527 4265 613 4319 ti.
635 4263 692 4318 In
720 4263 822 4317 hoc
840 4261 1122 4330 Principio,
1145 4260 1305 4323 Deus,
1330 4256 1496 4311 fecisti
1520 4255 1711 4310 coelum
1735 4262 1789 4309 et
1806 4260 2023 4318 terram,

454 4357 511 4412 in
541 4355 716 4411 Verbo
747 4365 854 4419 tuo,
884 4353 934 4407 in
959 4353 1090 4406 Filio
1123 4361 1232 4417 tuo,
1266 4350 1318 4403 in
1345 4348 1550 4402 Virtute
1581 4355 1686 4411 tua,
1723 4346 1776 4400 in
1805 4345 2026 4413 Sapien-

457 4449 530 4503 tia
561 4455 670 4515 tua,
704 4447 754 4501 in
800 4445 1033 4500 Veritate
1063 4452 1172 4507 tua,
1219 4441 1356 4495 miro
1378 4439 1537 4493 modo
1573 4437 1773 4499 dicens,
1811 4445 1862 4489 ct
1892 4435 2027 4488 miro

459 4538 618 4594 modo
667 4539 883 4593 faciens.
927 4535 1054 4602 Quis
1106 4530 1550 4602 comprehendet?
1576 4529 1694 4599 quis
1723 4525 2028 4581 enarrabit?

459 4629 596 4696 Quid
643 4638 727 4684 est
770 4627 896 4682 illud
942 4625 1080 4694 quod
1112 4624 1387 4678 interlucet
1417 4620 1565 4685 mihi,
1593 4629 1647 4673 et
1674 4617 1896 4688 percutit
1937 4631 2029 4670 cor

461 4735 640 4775 meum
669 4721 785 4776 sine
814 4719 1056 4781 laesione;
1090 4723 1144 4770 et
1169 4715 1495 4776 inborresco,
1519 4720 1570 4765 et
1600 4707 1913 4764 inardesco?
1945 4705 2030 4759 ln-

462 4811 716 4866 borresco
741 4809 791 4863 in
820 4816 1070 4878 quantum
1104 4803 1374 4859 dissimilis
1401 4802 1447 4856 ei
1474 4817 1619 4864 sum;
1653 4799 1929 4853 inardesco
1977 4797 2028 4850 in

463 4911 714 4974 quantum
747 4900 932 4954 similis
963 4899 1009 4952 ei
1027 4913 1162 4951 sum.
1185 4893 1449 4965 Sapientia
1478 4894 1588 4962 ipsa
1609 4899 1710 4958 est,
1729 4906 1845 4959 qua:
1870 4889 2030 4941 inter-

462 4994 606 5050 lucet
633 4993 782 5059 mibi,
815 4989 1116 5045 discindens
1140 4987 1377 5042 nubilum
1405 4998 1598 5050 meum,
1630 4981 1771 5052 quod
1803 4995 1886 5035 me
1915 4995 2031 5034 rur-

527 5127 544 5162 ί
564 5124 782 5178 Nonnulli
793 5139 823 5176 e
836 5135 941 5175 Mss.
961 5120 1102 5177 simul
1114 5127 1160 5172 et
1181 5118 1467 5185 sempiterno

464 5175 897 5256 ι’,θενίρὸῖἰόιέθὲςῇιωι
915 5175 1024 5238 cum
1047 5195 1155 5256 Arn:
1190 5175 1498 5256 lmb'e'nt,‘et_
1509 5175 1649 5256 simul
1674 5183 1722 5256 et
1751 5175 2035 5256 sappitemq

467 5237 897 5319 ὶιὶἷηϊξαέξιτέίὶηιιι
915 5237 960 5319 et
982 5241 1267 5319 sempiterna
1283 5237 1684 5319 ,.ju.i::ta_Er.‘Ven.l
1705 5237 1869 5319 Lung,
1892 5237 2036 5290 sintut

465 5302 834 5376 ἱκετηρίην-πα,
853 5312 1029 5376 omisso
1044 5302 1189 5376 piiori
1209 5313 1275 5376 et,
1294 5302 1429 5376 juxta
1445 5313 1615 5376 50mm.
1635 5302 1777 5376 Flora
1815 5311 1880 5376 ιιι.

533 5362 910 5442 ἱΠὶίβθΠῐΕδάη
930 5362 1327 5442 ςμὶιὲιίρςειίιιιιῖε
1347 5373 1554 5442 Αιλξιδξ,
1589 5363 1702 5436 quia
1732 5368 1777 5442 et
1810 5362 2030 5442 loquitur,

471 5436 621 5512 tua.
637 5450 881 5512 8.???WE‘QE
898 5427 1094 5512 ’ρὲίλαξέ
1109 5427 1374 5512 citati".-
1408 5427 1692 5512 isnlcgiﬁsf
1726 5427 2037 5512 sistam"

470 5490 757 5611 gellljg'imr
772 5497 882 5608 aliis
897 5507 958 5546 ex
979 5496 1112 5555 locis,
1128 5500 1184 5543 ut
1205 5506 1269 5542 ex
1286 5503 1390 5554 cap.
1409 5490 1569 5539 281ib.
1589 5500 1718 5550 seq.,
1732 5496 1784 5538 et
1802 5501 1866 5538 ex
1881 5495 2034 5537 'n-act.

550 5575 600 5608 in
640 5573 768 5611 oan..
788 5574 816 5608 e
839 5572 882 5608 c.

550 5568 600 5608 in
617 5568 768 5617 Joan.,
788 5568 882 5608 etc.

537 5625 626 5676 ³1η
658 5611 965 5676 B.d'icentis.-.
995 5625 1070 5668 Er.
1108 5624 1224 5667 ven.
1258 5615 1402 5678 Lugd.
1435 5621 1606 5664 Summ.
1641 5613 1761 5662 Flor.
1802 5618 1855 5661 et
1893 5611 2036 5661 nond.

470 5688 583 5733 cum
602 5683 634 5733 5
651 5691 780 5742 Mss,-
796 5682 1043 5734 diceutem.
1063 5687 1118 5729 M.

512 5746 731 5860 genus,
759 5737 938 5796 ibam.
965 5756 1081 5794 ven.
1117 5738 1261 5804 Lugd.
1282 5747 1454 5791 somm.
1488 5743 1541 5791 et
1575 5737 1891 5790 sond.cum7
1914 5744 2039 5800 uss,

476 5815 574 5858 υυι.
619 5815 674 5858 Μ.

1719 353 1916 414 LIBER
1954 348 2364 410 UNDECIMUS.

1488 5115 1626 5186 dicis.
1639 5124 1747 5186 _ttto_x
1767 5115 1916 5186 etiam
1929 5114 2034 5176 plu-
2085 5111 2098 5126 '

2104 479 2195 520 sus
2220 466 2458 536 cooperit
2484 466 2817 524 deiicientem
2843 469 2911 525 ab
2935 485 3018 538 ea,
3048 470 3270 541 caligine
3293 480 3451 542 atque
3475 489 3671 547 aggere

2101 573 2378 629 poenarum
2435 576 2714 629 mearum;
2745 562 2990 632 quoniam
3039 563 3116 618 sic
3150 563 3442 621 inﬁrmatus
3489 577 3572 623 est
3615 571 3668 625 in

2101 658 2333 718 egestate
2357 649 2503 720 vigor
2522 667 2673 706 meus
2698 653 2715 726 (
2738 651 2883 707 Psal.
2915 670 3048 718 xxx,
3073 657 3133 710 11
3153 654 3196 726 ),
3215 666 3271 710 ιιι
3298 672 3404 711 non
3421 658 3671 716 sufferam

2100 739 2297 795 bonum
2343 758 2541 808 meum,
2586 744 2756 799 donec
2806 755 2881 812 tu,
2919 747 3158 812 Domine,
3189 748 3277 816 qui
3309 749 3566 818 propitius
3592 750 3670 806 fa-

2101 839 2221 885 ctus
2240 846 2298 886 es
2313 833 2558 888 omnibus
2585 834 2943 904 iniquitatibus
2963 837 3116 903 meis,
3134 837 3292 891 etiam
3310 853 3466 894 sanes
3486 855 3671 898 omnes

2102 922 2379 992 languores
2393 939 2539 979 meos
2557 941 2573 991 ;
2599 925 2722 994 quia
2740 935 2793 980 et
2817 926 3048 982 redimes
3066 929 3131 982 de
3145 929 3482 998 corruptione
3509 930 3672 988 vitam

2100 1028 2297 1080 meam,
2327 1024 2382 1069 et
2397 1016 2676 1072 coronabis
2698 1033 2784 1072 me
2813 1017 2866 1071 in
2898 1019 3240 1074 miseratione
3268 1027 3323 1074 et
3363 1021 3666 1076 misericor-
3756 1013 3765 1088 ί

2101 1105 2208 1173 dia,
2231 1115 2286 1162 et
2309 1109 2520 1163 satiabis
2545 1109 2597 1164 in
2638 1110 2792 1166 bonis
2821 1109 3140 1166 desiderium
3183 1127 3392 1177 meum;
3420 1113 3671 1183 quoniam

2101 1202 2441 1258 renovabitur
2471 1202 2716 1272 juventus
2743 1220 2860 1257 mea
2889 1204 3232 1274 sicutaquila:
3255 1205 3436 1278 (Psal.
3481 1221 3574 1273 cu,
3604 1208 3671 1263 5-

2101 1294 2190 1366 5).
2215 1295 2320 1364 Spe
2340 1295 2481 1349 enim
2509 1295 2639 1349 salvi
2685 1295 2811 1350 facti
2855 1311 3060 1363 sumus,
3091 1305 3145 1352 et
3176 1298 3433 1366 promissa
3458 1307 3542 1352 tua
3568 1315 3663 1368 per

2102 1385 2408 1454 patientiam
2432 1393 2800 1455 exspectamus
2817 1386 2997 1460 (Rom.
3020 1404 3134 1453 vut,
3163 1388 3334 1456 24,ἓῦ
3350 1389 3393 1462 ).
3415 1392 3671 1448 Audiatte

2101 1474 2243 1530 intus
2272 1475 2711 1531 sermocinantem
2737 1478 2825 1546 qui
2855 1487 3062 1546 potest;
3091 1495 3188 1549 ego
3211 1479 3433 1536 ﬁdenter
3454 1497 3518 1536 ex
3547 1497 3671 1538 ora-

2101 1566 2221 1622 culo
2251 1576 2340 1621 tuo
2367 1566 2607 1622 clamabo
2637 1585 2652 1622 :
2682 1567 2844 1632 Quam
2886 1571 3204 1639 magniﬁcam
3245 1581 3360 1624 sunt
3384 1588 3535 1642 opera
3560 1582 3670 1639 tua,

2100 1659 2337 1726 Domine,
2357 1661 2596 1714 omniain
2622 1661 2887 1730 Sapientia
2909 1663 3066 1733 fecisti
3091 1645 3271 1736 (Psal.
3298 1680 3408 1733 Ctll,
3435 1665 3505 1719 24
3525 1665 3544 1737 )
3568 1665 3581 1719 ι
3611 1676 3665 1721 et

2102 1751 2190 1806 illa
2240 1751 2582 1821 Principium,
2613 1761 2667 1808 et
2696 1754 2747 1807 in
2776 1767 2841 1808 eo
2883 1754 3146 1824 Principio
3187 1753 3357 1812 iecisti
3393 1757 3588 1813 coelum
3616 1764 3672 1812 et

2103 1851 2316 1899 terram.

2723 1953 2950 2012 CAPUT
2986 1957 3057 2011 Χ.

2109 2067 2452 2123 Obtrectantes
2479 2067 2602 2137 quid
2620 2071 2804 2140 faceret
2830 2067 2970 2122 Deus
2992 2077 3257 2140 antequam
3297 2068 3474 2124 ctutum
3499 2076 3543 2123 et
3579 2077 3678 2124 ter-

2701 2177 2814 2214 ram
2851 2160 3102 2216 conderet.

2176 2277 2263 2332 i2.
2294 2275 2480 2331 Nonne
2509 2277 2633 2330 ecce
2655 2274 2795 2345 pleni
2822 2281 2941 2328 sunt
2964 2276 3240 2329 vetustatis
3268 2290 3376 2329 sum
3411 2275 3498 2345 qui
3526 2274 3679 2330 nobis

2105 2371 2316 2427 dicunt:
2347 2367 2485 2437 Quid
2516 2366 2740 2423 faciebat
2764 2363 2903 2421 Deus
2927 2377 3210 2437 antequam
3259 2366 3459 2421 faceret
3485 2366 3677 2422 caelum

2107 2473 2161 2519 et
2204 2462 2430 2517 terram?
2451 2457 2507 2516 Si
2531 2459 2671 2514 enim
2697 2459 2935 2525 vacabat,
2978 2458 3242 2528 inquiunt,
3273 2468 3324 2512 ct
3354 2474 3458 2511 non
3485 2471 3676 2526 opera-

2107 2553 2264 2611 batur
2284 2552 2502 2623 aliqnid,
2530 2563 2624 2606 cur
2653 2565 2756 2604 non
2782 2553 2859 2605 sic
2887 2557 3169 2620 semperet
3194 2551 3462 2618 deinceps,
3492 2563 3676 2618 quem—

2109 2647 2390 2701 admodum
2436 2652 2578 2698 retro
2617 2654 2828 2714 Semper
2882 2642 3104 2696 cessavit
3135 2641 3200 2695 ab
3231 2640 3432 2710 opere?
3456 2639 3511 2695 Si
3530 2633 3684 2694 enim

2115 2739 2250 2794 ullus
2276 2745 2452 2792 motus
2483 2739 2534 2791 in
2562 2737 2669 2792 Deo
2695 2751 2863 2791 novus
2889 2734 3106 2798 exStitit,
3135 2743 3189 2788 et
3210 2734 3452 2786 voluntas
3473 2743 3606 2784 nova
3628 2737 3687 2785 ut

2113 2835 2408 2888 creaturam
2431 2830 2683 2886 conderet
2701 2843 2859 2899 quam
2889 2841 3158 2896 nunquam
3197 2828 3318 2878 ante
3343 2823 3682 2888 condiderat;

2115 2923 2503 2994 quomodojam
2520 2936 2641 2975 vera
2669 2919 2954 2981 aeternitas,
2983 2918 3067 2972 ubi
3097 2917 3266 2970 oritur
3296 2916 3536 2969 voluntas
3563 2925 3682 2984 quae

2116 3031 2220 3070 non
2251 3023 2364 3068 erat
2388 3014 2410 3065 ?
2433 3013 2614 3082 Neque
2645 3010 2787 3065 enim
2812 3011 3055 3064 voluntas
3085 3008 3177 3062 Dei
3199 3016 3439 3061 creatura
3465 3013 3565 3072 est,
3594 3003 3688 3059 sed

2116 3116 2239 3160 ante
2264 3113 2596 3169 creaturam;
2619 3102 2738 3172 quia
2759 3115 2867 3155 non
2883 3109 3152 3154 crearetur
3177 3097 3395 3168 aliquid,
3423 3095 3522 3150 nisi
3544 3109 3690 3151 crea-

2118 3199 2247 3253 toris
2263 3197 2504 3250 voluntas
2523 3191 2864 3263 prreeederet.
2893 3190 2974 3244 Ad
2991 3191 3157 3259 ipsam
3180 3203 3306 3258 ergo
3329 3187 3419 3242 Dei
3446 3186 3690 3240 substan-

2122 3292 2245 3345 tiam
2285 3289 2510 3358 pertinet
2530 3285 2770 3339 veluntas
2795 3283 2928 3350 ejus.
2967 3280 3117 3346 Quod
3152 3279 3195 3333 si
3225 3285 3463 3332 exortum
3485 3283 3565 3330 est
3592 3276 3692 3334 ali-

2121 3379 2247 3450 quid
2274 3379 2324 3432 in
2345 3377 2435 3431 Dei
2460 3376 2748 3429 substantia
2768 3371 2905 3443 quod
2932 3372 3078 3442 prius
3106 3384 3210 3423 non
3239 3379 3385 3432 erat;
3415 3381 3517 3420 non
3535 3380 3691 3419 vera-

2122 3471 2253 3524 citer
2271 3468 2462 3523 dicitur
2489 3475 2684 3521 aeterna
2712 3465 2800 3519 illa
2820 3461 3110 3518 substantia
3142 3479 3155 3513 :
3179 3459 3223 3513 si
3249 3467 3423 3512 autem
3450 3457 3694 3511 voluntas

2123 3562 2214 3616 Dei
2238 3561 2552 3629 sempiterna
2579 3559 2694 3611 erat
2731 3565 2786 3611 ut
2812 3561 2954 3610 esset
2981 3561 3254 3618 creatura;
3285 3565 3382 3605 cur
3410 3563 3514 3604 non
3547 3562 3691 3603 sem-

2124 3654 2327 3724 piterna
2353 3662 2404 3706 et
2427 3649 2702 3707 creatura?

2743 3735 2968 3794 CAPUT
3005 3736 3098 3791 XI.

2131 3835 2409 3907 Objectioni
2430 3832 2692 3904 respondet
2711 3829 2846 3901 quod
2873 3829 3126 3884 aeternitas
3146 3823 3244 3881 Dei
3278 3825 3432 3880 nescit
3452 3832 3696 3894 tempora.

2200 3948 2289 4002 15.
2324 3946 2422 4014 Qui
2472 3945 2586 3999 haec
2611 3943 2810 4009 dicunt,
2838 3939 3073 3995 nondum
3102 3946 3156 3993 te
3185 3937 3502 4006 intelligunt,
3545 3951 3578 3989 ο
3608 3933 3705 3990 Sa-

2129 4038 2326 4111 pientia
2354 4036 2468 4102 Dei,
2501 4035 2589 4088 lux
2643 4031 2931 4095 mentium;
2960 4027 3192 4082 nondum
3224 4025 3542 4095 intelligunt,
3572 4040 3706 4094 quo-

2130 4130 2290 4186 modo
2321 4129 2448 4182 ﬁant
2475 4143 2590 4196 qua:
2613 4141 2709 4194 per
2735 4132 2806 4185 te,
2835 4121 3064 4192 atquein
3095 4129 3145 4174 te
3167 4119 3298 4172 ﬁunt
3326 4137 3338 4173 :
3367 4127 3419 4173 et
3444 4126 3704 4172 conantur

2132 4231 2329 4275 acterna
2354 4218 2572 4288 sapere;
2603 4215 2696 4271 sed
2723 4214 2895 4268 adhuc
2919 4215 2972 4265 in
3002 4209 3285 4281 praeteritis
3313 4217 3368 4264 et
3402 4207 3593 4262 futuris
3617 4223 3705 4263 re-

2132 4329 2249 4367 rum
2280 4310 2509 4365 motibus
2529 4323 2620 4363 cor
2636 4321 2819 4361 eorum
2848 4305 3052 4368 volitat,
3091 4310 3144 4356 et
3173 4299 3345 4354 adhuc
3375 4313 3568 4353 vanum
3596 4305 3698 4354 est.

2136 4403 2265 4471 Quis
2293 4401 2490 4456 tenebit
2520 4397 2669 4464 illud,
2699 4405 2752 4450 et
2789 4393 2911 4463 ﬁget
2942 4393 3070 4447 illud
3099 4401 3157 4446 ut
3193 4392 3463 4461 paululum
3490 4399 3612 4458 stet,
3654 4396 3710 4445 et

2136 4493 2403 4565 paululum
2433 4491 2600 4558 rapiat
2634 4485 2969 4558 splendorem
2996 4499 3205 4554 semper
3228 4484 3418 4539 stantis
3443 4482 3712 4538 aeternita-

2135 4588 2224 4652 tis,
2251 4592 2306 4638 et
2333 4588 2604 4651 comparet
2629 4594 2749 4634 cum
2783 4576 3108 4644 temporibus
3135 4590 3402 4644 nunquam
3426 4574 3709 4642 stantibus,

2135 4690 2188 4736 et
2207 4677 2383 4734 videat
2402 4690 2522 4730 esse
2550 4669 3018 4741 incomparabilem
3040 4684 3054 4733 ;
3078 4677 3131 4722 et
3148 4667 3325 4722 videat
3348 4667 3561 4737 longum
3579 4676 3712 4720 tem-

2137 4786 2252 4842 pus,
2286 4767 2386 4822 nisi
2414 4781 2480 4820 ex
2513 4763 2695 4820 multis
2741 4759 3181 4832 praetereuntibus
3210 4757 3468 4824 motibus,
3510 4757 3602 4826 qui
3636 4755 3711 4811 si-

2136 4864 2245 4919 mul
2271 4858 2483 4917 extendi
2512 4873 2618 4912 non
2650 4862 2891 4926 possunt,
2922 4855 3136 4925 longum
3177 4867 3283 4907 non
3314 4849 3458 4916 ﬁeri;
3482 4864 3587 4905 non
3618 4865 3714 4905 au-

2137 4967 2244 5011 tem
2286 4952 2559 5025 praeterire
2589 4949 2876 5021 quidquam
2906 4947 2958 5001 in
2987 4955 3208 5012 aeterno,
3263 4943 3358 5000 sed
3387 4951 3553 4998 totum
3591 4958 3712 4999 esse

2137 5036 2401 5118 praesens;
2428 5045 2627 5099 nullum
2679 5057 2806 5096 vero
2844 5048 3052 5108 tempus
3091 5045 3257 5092 totum
3284 5051 3402 5091 esse
3433 5050 3709 5106 praesens:

2138 5146 2192 5194 et
2207 5138 2378 5192 videat
2400 5149 2558 5190 omne
2581 5131 2906 5204 praeteritum
2933 5129 3154 5199 propelli
3171 5143 3238 5182 ex
3265 5125 3458 5191 futuro,
3483 5133 3712 5181 etomne

2140 5227 2371 5284 futurum
2402 5242 2467 5281 ex
2495 5224 2763 5296 prteterito
2803 5221 3087 5290 consequi;
3118 5228 3171 5274 et
3195 5233 3352 5272 omne
3388 5218 3719 5289 praeteritum
3752 5213 3772 5286 ’,

2143 5337 2204 5376 ac
2231 5320 2462 5374 futurum
2489 5318 2555 5372 ab
2580 5332 2644 5372 eo
2681 5314 2821 5385 quod
2844 5328 3055 5382 semper
3073 5320 3153 5366 est
3184 5326 3440 5382 prmsens,
3468 5310 3638 5366 creari
3660 5317 3718 5367 et
3779 5314 3813 5393 .‘

2143 5411 2605 5478 cxcurrere‘iQuis
2653 5409 2852 5463 tenebit
2880 5422 2974 5460 cor
3001 5406 3248 5470 hominis,
3289 5413 3343 5458 ut
3384 5412 3508 5469 stet,
3539 5411 3592 5459 et
3633 5403 3717 5458 vi-

2152 5508 2273 5561 deat
2292 5503 2559 5575 quomodo
2579 5508 2724 5555 stans
2753 5501 2914 5555 dictet
2942 5497 3112 5552 futura
3137 5505 3189 5551 et
3215 5497 3476 5566 praeterita
3506 5504 3716 5565 tempo-

2148 5591 2230 5667 ra,
2258 5614 2358 5655 nec
2383 5597 2553 5652 futura
2581 5601 2678 5651 nec
2704 5596 2966 5665 prmterita
2988 5591 3290 5647 aeternitas?
3318 5588 3578 5659 Numquid
3607 5601 3718 5642 ma-

2148 5697 2246 5751 nus
2275 5697 2392 5750 mea
2415 5685 2559 5746 valet
2585 5687 2707 5755 beo,
2753 5693 2842 5743 aut
2862 5696 3048 5746 manus
3075 5687 3184 5742 oris
3214 5683 3318 5741 mei
3354 5687 3447 5755 per
3471 5679 3708 5754 loquela!

2152 5788 2256 5861 agit
2276 5795 2379 5842 tam
2401 5782 2653 5858 grandem
2675 5779 2824 5836 rem?
2952 5779 2962 5790 '
