4078 6366
424 347 531 410 815

1062 451 1287 510 CAPUT
1323 444 1438 504 XII.

634 551 771 621 Quid
790 549 930 603 Deus
951 550 1124 618 fecerit
1154 552 1269 596 ante
1290 536 1464 594 mundi
1487 534 1814 589 creationem.

499 650 587 705 16.
618 647 757 703 Ecce
781 622 1080 711 respondeo
1099 637 1318 698 dicenti,
1347 629 1485 699 Quid
1507 628 1734 682 faciebat
1755 624 1893 678 Deus
1918 636 2013 711 anf

390 718 393 719 ν
430 750 645 813 tequam
667 736 861 791 faceret
876 710 1076 788 cmlum
1102 737 1157 782 et
1184 736 1411 788 terram;
1442 716 1861 813 respondeo-non
1882 710 2012 813 illud

429 804 575 906 quod
596 829 812 902 quidam
834 822 1175 894 respondisse
1206 816 1518 890 perhibetur
1539 808 1866 881 ioculariter,
1898 804 2013 906 elu-

429 896 565 980 dens
616 896 924 991 questionis
952 912 1257 968 violentiam
1288 928 1300 962 :
1333 906 1473 969 Alta,
1506 902 1697 972 inquit,
1729 896 2013 991 scrutanti-

437 1015 543 1070 bus
564 989 836 1083 gehennas
866 1005 1107 1077 parabat.
1140 1000 1293 1057 Aliud
1323 1009 1405 1053 est
1429 995 1630 1057 videre,
1648 989 2012 1083 aliudridere;

433 1106 552 1161 lucc
566 1078 681 1158 non
700 1092 1013 1169 respondeo.
1038 1092 1311 1149 Libentius
1331 1088 1475 1145 enim
1496 1080 1882 1155 responderim,
1912 1078 2017 1133 Ne-

433 1199 567 1263 scio,
600 1193 739 1265 quod
767 1192 974 1253 nescio;
1006 1184 1162 1258 quam
1185 1183 1311 1238 illud
1341 1181 1479 1236 unde
1510 1177 1761 1233 irridetur
1798 1173 1886 1244 qui
1913 1172 2015 1225 alta

434 1288 800 1357 interrogavit,
828 1294 882 1339 et
910 1282 1155 1337 laudatur
1179 1280 1267 1349 qui
1295 1277 1424 1330 falsa
1444 1271 1732 1343 respondit.
1763 1268 1868 1323 Sed
1898 1267 2018 1357 dico

434 1391 511 1449 te,
538 1356 675 1435 Deus
698 1387 897 1440 noster,
923 1374 1094 1429 omnis
1120 1378 1377 1425 creatum:
1403 1372 1716 1420 creatorem.
1742 1358 1869 1414 Etsi
1896 1356 2019 1412 caeli

434 1447 673 1531 etrterrm
699 1468 915 1523 nomine
945 1464 1119 1519 omnis
1160 1468 1403 1515 creatura
1446 1452 1788 1523 intelligitur;
1815 1447 2018 1503 auden-

434 1574 519 1620 ter
544 1563 683 1625 dico,
714 1561 1012 1628 Antequam
1051 1553 1253 1609 faceret
1293 1550 1432 1605 Deus
1468 1546 1669 1601 ‘cmlum
1698 1550 1751 1596 et
1796 1550 2015 1602 terram,

435 1671 545 1712 non
570 1653 799 1710 faciebat
819 1647 1017 1717 aliquid
1047 1663 1059 1699 :
1087 1646 1131 1699 si
1160 1642 1299 1698 enim
1334 1638 1581 1701 faciebat,
1601 1634 1724 1704 quid
1753 1632 1854 1686 nisi
1875 1645 2022 1684 crea-

436 1757 610 1803 turam
633 1741 894 1799 faciebat?
919 1739 989 1793 Et
1016 1737 1215 1791 utinam
1243 1733 1319 1788 sic
1340 1732 1526 1794 sciam,
1546 1724 1799 1796 quidquid
1822 1721 2021 1775 utiliter

441 1838 579 1894 scire
598 1835 768 1904 cupio,
789 1827 1232 1903 quemadmodum
1251 1823 1361 1878 scio
1381 1819 1520 1891 quod
1542 1818 1681 1873 nulla
1700 1814 1855 1870 ﬁebat
1874 1826 2021 1865 crea-

438 1936 558 1983 tura
582 1928 623 1994 ⁸,
646 1933 925 1993 antequam
956 1918 1107 1974 fieret
1133 1916 1238 1971 ulla
1263 1920 1526 1968 creatura.

1082 2028 1307 2086 CAPUT
1346 2025 1487 2081 XIII.

446 2128 596 2195 Quod
621 2137 736 2181 ante
760 2135 983 2196 tempora
1007 2141 1037 2176 a
1067 2122 1174 2176 Deo
1213 2127 1381 2173 creata
1405 2115 1602 2170 nullum
1630 2122 1825 2181 tempus
1854 2110 2021 2182 fuerit.

515 2219 602 2275 I5.
635 2219 705 2273 At
748 2218 792 2272 si
826 2215 1136 2285 cujusquam
1182 2209 1410 2264 volatilis
1458 2221 1651 2263 sensus
1681 2210 1904 2272 vagatur
1930 2216 2028 2270 per

444 2309 703 2380 imagines
732 2316 877 2363 retro
902 2315 1223 2375 temporum,
1254 2309 1308 2355 et
1330 2310 1381 2354 te
1401 2300 1566 2353 Deum
1608 2295 2025 2364 omnipotentem

444 2413 500 2458 et
518 2400 931 2457 omnicreantem
955 2406 1007 2450 et
1032 2394 1469 2455 omnitenentem,
1494 2388 1615 2443 (εωιί
1645 2394 1699 2442 et
1724 2394 1880 2440 terra:
1896 2382 2027 2437 arti-

443 2492 621 2556 licem,
649 2492 717 2545 ab
742 2503 902 2558 opere
923 2496 1088 2553 tanto,
1111 2495 1393 2553 antequam
1421 2481 1475 2535 id
1501 2481 1726 2544 faceres,
1759 2493 1852 2547 per
1876 2477 2030 2531 innu-

444 2580 717 2639 merabilia
767 2578 959 2633 smcula
1008 2589 1248 2631 cessasse
1301 2573 1553 2634 miratur;
1608 2568 1825 2638 evigilet
1871 2576 2030 2634 atque

444 2673 702 2738 attendat,
731 2671 851 2741 quia
875 2669 1003 2724 falsa
1030 2668 1270 2721 miratur.
1293 2664 1424 2719 Nam
1449 2662 1588 2717 unde
1614 2659 2030 2730 poterantinnu-

446 2764 722 2822 merabilia
766 2760 960 2816 smcula
994 2758 1288 2828 praxterire,
1335 2771 1453 2825 qum
1500 2754 1612 2822 ipse
1638 2769 1743 2807 non
1796 2750 2026 2815 feceras,

446 2869 570 2911 cum
610 2854 686 2907 sis
720 2851 959 2907 omnium
1006 2847 1319 2904 saeculorum
1349 2856 1533 2901 auctor
1558 2854 1610 2899 et
1636 2841 1917 2898 conditor?
1943 2850 2032 2896 aut

447 2960 568 3016 quas
595 2954 830 3014 tempora
862 2940 1083 2996 fuissent
1107 2955 1224 3009 qua:
1252 2939 1345 2993 abs
1367 2946 1418 2991 te
1446 2936 1659 2991 condita
1681 2952 1784 2990 non
1814 2934 2032 2990 essent?

446 3046 543 3093 aut
568 3034 833 3107 quomodo
858 3033 1211 3103 prmterirent,
1248 3030 1293 3085 si
1322 3044 1589 3099 nunquam
1619 3028 1874 3082 fuissent?
1897 3027 2030 3080 Cum

449 3141 578 3197 ergo
604 3126 677 3181 sis
705 3133 954 3193 operator
982 3121 1219 3177 omnium
1251 3130 1570 3190 temporum,
1598 3118 1643 3172 si
1688 3119 1783 3171 fuit
1820 3116 2031 3187 aliquod

449 3229 660 3289 tempus
681 3226 960 3286 antequam
990 3215 1188 3270 faceres
1230 3213 1420 3267 coelum
1442 3222 1497 3267 et
1526 3220 1741 3277 terram,
1773 3225 1873 3265 cur
1897 3209 2030 3264 dici—

449 3317 538 3364 tur
564 3306 703 3378 quod
733 3306 802 3360 ab
825 3321 989 3376 opere
1014 3303 1299 3359 cessabas?
1322 3302 1555 3373 ldipsum
1580 3302 1722 3357 enim
1747 3310 1953 3369 tempus
1981 3309 2032 3353 tu

447 3400 676 3466 feceras,
705 3413 803 3454 nec
826 3396 1104 3467 praiterire
1156 3403 1441 3465 potuerunt
1487 3403 1722 3463 tempora
1750 3402 2031 3462 antequam

448 3490 653 3546 faceres
668 3498 928 3559 tempora.
956 3488 1012 3542 Si
1038 3497 1212 3541 autem
1239 3494 1361 3540 ante
1387 3486 1581 3539 coelum
1603 3494 1655 3538 et
1686 3492 1881 3538 terram
1912 3485 2031 3536 nul-

450 3581 562 3635 lum
592 3590 706 3635 erat
761 3590 990 3647 tempus,
1036 3594 1132 3632 cur
1179 3578 1433 3647 qumritur
1462 3576 1585 3645 quid
1619 3585 1741 3629 tunc
1772 3576 2033 3629 faciebas?

450 3672 566 3727 Non
589 3672 729 3725 enim
757 3680 870 3724 erat
893 3669 1063 3734 Tunc,
1098 3668 1184 3723 ubi
1214 3685 1316 3721 non
1340 3675 1458 3721 erat
1480 3676 1707 3736 tempus.
1881 3678 1909 3701 κ

522 3765 609 3820 16.
634 3763 744 3818 Nec
770 3772 824 3816 tu
851 3770 1087 3831 tempore
1116 3770 1354 3829 tempora
1380 3760 1656 3828 praecedis,
1678 3759 1907 3827 alioquin
1928 3774 2032 3811 non

450 3849 627 3904 omnia
659 3857 894 3914 tempora
918 3845 1266 3915 prmcederes.
1295 3843 1399 3898 Sed
1421 3842 1674 3914 prmcedis
1696 3844 1871 3897 omnia
1895 3860 2035 3913 pra:-

452 3940 609 3994 terita
633 3937 947 3992 celsitudine
973 3950 1183 4005 semper
1208 3936 1484 4004 praesentis
1500 3935 1838 4001 aeternitatis;
1870 3944 1921 3991 et
1942 3951 2035 3989 su-

450 4044 611 4101 peras
635 4029 812 4083 omnia
838 4028 1030 4093 futura,
1062 4028 1185 4097 quia
1211 4027 1299 4081 illa
1331 4027 1503 4081 futura
1545 4037 1688 4094 sunt,
1718 4037 1772 4082 et
1798 4044 1917 4082 cum
1942 4043 2034 4081 ve-

452 4121 649 4186 nerint,
681 4118 950 4190 praeterita
990 4128 1183 4183 erunt;
1218 4126 1271 4171 tu
1321 4130 1496 4171 autem
1543 4118 1680 4172 idem
1729 4118 1841 4188 ipse
1869 4133 1946 4183 es,
1984 4127 2038 4173 et

453 4212 582 4267 anni
632 4215 707 4266 tui
760 4226 865 4265 non
915 4207 1616 4280 deficiunt(Psal.CI,28).
1658 4210 1795 4264 Anni
1836 4212 1909 4265 tui
1940 4226 2037 4267 nec

452 4309 583 4359 eunt
612 4315 710 4356 nec
730 4301 980 4366 veniunt;
1013 4299 1098 4354 isti
1118 4308 1294 4363 autem
1311 4300 1474 4354 nostri
1502 4310 1556 4355 et
1579 4310 1705 4355 cunt
1724 4309 1777 4355 et
1798 4303 2032 4369 veniunt,

451 4401 513 4448 ut
532 4408 719 4447 omnes
746 4390 983 4445 veniant.
1015 4388 1155 4445 Anni
1186 4390 1257 4444 tui
1285 4405 1474 4446 omnes
1519 4392 1678 4447 simul
1704 4401 1870 4457 stant,
1902 4409 2035 4464 quo-

454 4485 599 4540 niam
654 4491 829 4549 stant;
857 4497 955 4537 nec
981 4491 1171 4537 euntes
1221 4497 1251 4536 a
1281 4482 1613 4538 venientibus
1661 4483 2032 4550 excluduntur,

454 4576 578 4648 quia
629 4592 734 4629 non
782 4582 1092 4630 transeunt:
1123 4574 1207 4628 isti
1237 4583 1411 4628 autem
1443 4576 1611 4629 nostri
1644 4590 1830 4629 omnes
1858 4586 2033 4643 erunt,

456 4684 581 4726 cum
608 4682 795 4723 omnes
845 4682 952 4721 non
992 4676 1166 4722 erunt.
1198 4667 1338 4721 Anni
1378 4668 1449 4721 tui
1499 4668 1612 4723 dies
1651 4678 1899 4734 unus;et
1923 4669 2039 4724 dies

456 4769 580 4817 tuus
607 4776 715 4817 non
736 4760 990 4831 quotidie,
1020 4760 1112 4816 sed
1129 4761 1307 4825 hodie,
1338 4762 1458 4831 quia
1480 4760 1769 4817 hodiernus
1797 4772 1915 4816 tuus
1933 4778 2035 4816 non

452 4855 597 4911 cedit
611 4856 873 4922 crastino;
898 4870 1071 4925 neque
1098 4855 1237 4909 enim
1267 4855 1501 4909 succedit
1522 4854 1791 4909 hesterno.
1816 4855 2038 4911 Hodier-

451 4961 557 5002 nus
586 4954 707 5001 tuus
743 4946 1041 5012 mternitas;
1076 4946 1195 5001 ideo
1220 4956 1541 5001 comternum
1568 4948 1814 5016 genuisti,
1843 4949 1925 5001 cui
1954 4949 2035 5002 di-

449 5040 597 5107 xisti,
639 5038 753 5111 Ego
782 5039 929 5093 hodie
978 5040 1130 5111 genui
1155 5037 1404 5111 te(Psal.
1437 5056 1494 5105 ιι,
1544 5040 1614 5104 7;
1668 5039 1828 5093 Hebr.
1856 5057 1909 5106 v,
1942 5041 2053 5111 5).-

452 5129 646 5187 Omnia
692 5140 932 5201 tempora
960 5141 1014 5185 tu
1057 5130 1245 5197 fecisti,
1284 5142 1338 5186 et
1367 5140 1489 5188 ante
1515 5133 1692 5187 omnia
1720 5142 1955 5204 tempora
1981 5144 2035 5190 tu

450 5238 542 5291 es;
573 5238 672 5277 nec
700 5223 875 5293 aliquo
901 5233 1142 5293 tempore
1168 5239 1271 5278 non
1295 5234 1409 5279 erat
1437 5236 1661 5295 tempus.

1052 5335 1280 5392 CAPUT
1319 5336 1456 5392 XIV.

872 5425 1135 5499 Tentporis
1174 5428 1471 5494 differentiae
1512 5439 1629 5483 tres.

527 5518 620 5573 I7.
648 5516 806 5573 Nullo
829 5533 956 5590 ergo
987 5528 1230 5589 tempore
1275 5536 1382 5574 non
1423 5521 1626 5576 feceras
1664 5522 1882 5593 aliquid,
1914 5524 2035 5594 quia

454 5608 635 5684 ipsum
689 5617 897 5681 tempus
924 5619 979 5665 tu
1028 5610 1249 5666 feceras.
1276 5611 1346 5666 Et
1372 5612 1517 5667 nulla
1548 5621 1782 5684 tempora
1825 5614 1919 5669 tibi
1946 5630 2035 5671 co-

418 5740 423 5743 ’
522 5742 543 5778 ⁸
561 5744 887 5808 Benigntanus
901 5744 1077 5805 codex,
1094 5745 1221 5808 quod
1237 5744 1418 5799 nullan
1437 5746 1638 5801 faciebat
1662 5763 1949 5808 creaturam.

1556 311 2076 381 CONFESSIONUM
2112 311 2171 371 S.
2211 310 2573 370 AUGUSTINI

2848 237 2930 259 ου.

3596 307 3699 367 816

2118 439 2317 485 aeterna
2336 437 2475 495 sunt,
2505 428 2629 498 quia
2660 435 2714 481 tu
2740 435 3050 495 ‘permanes
3080 439 3093 476 :
3118 429 3174 477 at
3201 422 3291 477 illa
3321 422 3369 480 si
3410 436 3696 494 permane-

2117 530 2255 590 rent,
2302 537 2407 576 non
2446 528 2625 575 essent
2672 528 2931 588 tempora.
2976 515 3113 585 Quid
3155 514 3296 571 enim
3345 524 3427 572 est
3457 516 3699 587 tempus?

2118 615 2247 683 Quis
2297 613 2399 669 hoc
2447 612 2603 668 facile
2627 610 2961 681 breviterque
2989 607 3372 679 explicaverit?
3397 607 3529 674 Quis
3575 606 3694 676 hoc,

2120 706 2187 761 ad
2220 705 2441 760 verbum
2470 704 2536 759 de
2563 704 2652 758 illo
2674 700 3068 773 proferendum,
3089 701 3174 755 vel
3201 700 3519 770 cogitatione
3556 716 3701 756 com-

2122 795 2499 867 prehenderit?
2527 793 2663 861 Quid
2687 803 2864 848 autem
2889 790 3200 846 familiarius
3226 798 3283 845 et
3321 791 3500 845 notius
3538 790 3595 846 in
3624 789 3701 844 lo-

2121 888 2332 959 quendo
2356 900 2837 942 commemoramus
2882 898 3040 955 quam
3080 880 3325 952 tempus?
3357 882 3423 936 Et
3450 880 3700 951 intelligi.
3776 924 3780 927 _

2123 998 2242 1036 mus
2262 981 2443 1051 utique
2466 995 2586 1035 cum
2620 979 2670 1033 id
2702 978 2987 1048 loquimur,
3017 975 3363 1046 intelligimus
3390 973 3551 1029 etiam
3581 988 3699 1028 cum

2122 1073 2229 1127 alio
2254 1073 2502 1142 loquente
2541 1072 2594 1127 id
2617 1071 2880 1127 audimus.
2907 1069 3043 1137 Quid
3068 1078 3151 1123 est
3196 1082 3323 1139 ergo
3367 1066 3619 1138 tempus?
3645 1066 3699 1141 Si

2123 1181 2282 1219 nemo
2302 1180 2365 1221 ex
2388 1180 2474 1219 me
2489 1172 2712 1235 quaerat,
2736 1163 2879 1229 scio;
2903 1162 2947 1217 si
2964 1161 3224 1232 querenti
3239 1160 3504 1229 explicare
3519 1160 3699 1225 velim,

2123 1260 2303 1315 nescio
2334 1277 2346 1313 :
2379 1258 2609 1313 fidenter
2652 1267 2830 1312 tamen
2856 1256 2976 1310 dico
3024 1254 3163 1309 scire
3192 1268 3299 1319 me,
3336 1252 3479 1323 quod
3503 1252 3553 1307 si
3579 1251 3701 1305 nihil

2125 1351 2439 1422 praeteriret,
2469 1365 2573 1404 non
2600 1358 2743 1404 esset
2781 1347 3107 1419 praeteritum
3134 1356 3377 1416 tempus;
3406 1353 3462 1400 et
3484 1345 3530 1400 si
3572 1343 3702 1399 nihil

2125 1445 2415 1509 adveniret,
2465 1458 2570 1499 non
2600 1450 2743 1499 esset
2769 1440 3004 1497 futurum
3032 1448 3273 1509 tempus;
3304 1447 3360 1494 et
3383 1439 3428 1493 si
3457 1437 3591 1493 nihil
3617 1452 3702 1493 es-

2125 1546 2227 1605 set,
2271 1552 2376 1591 non
2424 1545 2567 1591 esset
2591 1550 2823 1605 prresens
2853 1542 3080 1603 tempus.
3134 1532 3251 1587 Duo
3302 1546 3428 1602 ergo
3450 1530 3537 1585 illa
3567 1538 3699 1585 tem-

2127 1651 2276 1706 pora,
2316 1634 2639 1705 praeteritum
2693 1639 2749 1688 et
2802 1631 3030 1685 futurum
3055 1628 3323 1699 quomodo
3359 1635 3501 1690 sunt,
3532 1642 3700 1697 quan-

2126 1727 2195 1782 do
2214 1736 2265 1780 et
2284 1725 2602 1795 prseteritum
2619 1724 2729 1793 jam
2755 1730 2977 1787 nonest,
3003 1730 3057 1776 et
3078 1719 3313 1775 futurum
3337 1718 3570 1773 nondum
3590 1717 3703 1773 est?

2127 1817 2370 1872 Prmsens
2395 1827 2571 1871 autem
2586 1817 2629 1870 si
2656 1830 2867 1885 semper
2894 1823 3036 1869 esset
3072 1828 3329 1883 praesens,
3363 1827 3461 1866 nec
3497 1810 3552 1866 in
3574 1826 3703 1881 pra:-

2129 1909 2342 1966 teritum
2374 1910 2651 1973 transiret;
2673 1910 2781 1978 jam
2811 1923 2917 1963 non
2942 1917 3088 1962 esset
3113 1915 3342 1976 tempus,
3366 1903 3463 1960 sed
3483 1903 3698 1961 mterni-

2128 2009 2229 2056 tas.
2273 2000 2327 2056 Si
2376 2016 2502 2071 ergo
2551 2015 2809 2070 prmsens,
2840 2007 2897 2053 ut
2923 2008 3132 2069 tempus
3158 1998 3246 2065 sit,
3276 1998 3396 2053 ideo
3424 1996 3484 2051 ﬁt
3506 1998 3627 2068 quia
3652 1997 3706 2053 in

2131 2092 2453 2163 praeteritum
2509 2091 3025 2163 transit;quomodo
3073 2099 3128 2146 et
3168 2090 3273 2146 hoc
3307 2106 3426 2145 esse
3462 2090 3707 2156 dicimus,

2129 2184 2215 2238 cui
2244 2199 2402 2237 causa
2430 2191 2487 2237 nt
2512 2182 2582 2237 sit
2606 2183 2694 2238 illa
2722 2192 2823 2250 est,
2851 2182 2974 2252 quia
3000 2197 3106 2236 non
3127 2181 3257 2247 erit;
3288 2190 3346 2235 ut
3372 2180 3577 2236 scilicet
3604 2196 3708 2236 non

2130 2291 2256 2331 vere
2270 2275 2510 2331 dicamus
2530 2285 2737 2345 tempus
2762 2290 2901 2342 esse,
2931 2274 3034 2330 nisi
3056 2273 3180 2345 quia
3205 2273 3374 2330 tendit
3400 2289 3506 2329 non
3528 2288 3645 2330 esse
3666 2273 3707 2326 ⁸.

2732 2388 2959 2445 CAPUT
2991 2388 3111 2444 XV.

2560 2480 2802 2536 Mensura
2828 2470 3064 2550 temperie
3090 2480 3143 2533 in
3170 2495 3288 2550 quo.

2206 2577 2295 2631 l8.
2339 2576 2405 2630 Et
2446 2584 2620 2631 tamen
2674 2576 2899 2631 dicimus
2941 2574 3160 2645 longum
3208 2580 3450 2643 tempus,
3480 2581 3534 2625 et
3557 2570 3718 2626 breve

2136 2674 2377 2735 tempus;
2408 2681 2580 2735 neque
2606 2665 2710 2720 hoc
2731 2665 2832 2719 nisi
2860 2664 2928 2719 de
2952 2664 3223 2736 praeterito
3251 2674 3345 2718 aut
3382 2661 3560 2716 futuro
3583 2660 3716 2715 dici-

2136 2773 2274 2813 mus.
2306 2758 2643 2813 Praeteritum
2672 2766 2881 2828 tempus
2905 2756 3142 2827 longum,
3168 2755 3317 2812 verbi
3342 2755 3531 2824 gratia,
3558 2768 3716 2808 voca-

2137 2868 2257 2907 mus
2298 2860 2420 2905 ante
2469 2861 2681 2905 centum
2716 2866 2912 2916 annos;
2963 2848 3203 2904 futurum
3254 2847 3438 2903 itidem
3480 2834 3715 2917 longum,

2137 2953 2258 3013 post
2293 2955 2504 2998 centum
2552 2958 2750 2998 annos.
2784 2943 2955 2997 Breve
2995 2950 3171 2996 autem
3199 2940 3547 3010 prmteritum,
3586 2940 3721 2994 sicut

2137 3044 2281 3105 puta,
2336 3035 2561 3090 dicimus
2598 3045 2720 3089 ante
2768 3035 2953 3091 decem
2997 3034 3141 3100 dies;
3170 3042 3225 3089 et
3273 3033 3435 3089 breve
3463 3032 3715 3099 futurum,

2137 3136 2258 3196 post
2281 3127 2463 3181 decem
2493 3126 2629 3181 dies.
2652 3126 2755 3181 Sed
2779 3141 2884 3195 quo
2904 3136 3062 3197 pacto
3083 3127 3295 3195 longum
3312 3133 3395 3180 est
3422 3133 3512 3178 aut
3537 3125 3718 3192 breve,

2137 3217 2279 3286 quod
2305 3233 2407 3271 non
2440 3218 2558 3272 est?
2585 3218 2917 3272 Praeteritum
2945 3219 3085 3272 enim
3108 3218 3217 3289 jam
3246 3233 3353 3271 non
3374 3226 3473 3283 est,
3504 3225 3560 3273 et
3583 3216 3723 3270 futu~

2138 3325 2254 3363 rum
2281 3310 2515 3363 nondum
2546 3320 2649 3365 est.
2676 3310 2792 3365 Non
2816 3311 2997 3382 itaque
3025 3310 3285 3376 dicamus,
3320 3308 3559 3380 Longum
3596 3318 3719 3371 est;

2139 3402 2232 3456 sed
2257 3402 2493 3458 dicamus
2518 3402 2587 3458 de
2621 3404 2907 3473 prmterito,
2934 3403 3174 3473 Longum
3210 3402 3328 3471 fuit,
3358 3412 3411 3459 et
3436 3403 3503 3458 de
3522 3401 3720 3470 futuro,

2141 3494 2380 3564 Longum
2432 3496 2550 3549 erit.
2584 3496 2803 3550 Domine
2850 3511 3021 3561 meus,
3052 3495 3142 3549 lux
3186 3510 3323 3560 mea,
3358 3511 3534 3549 nonne
3557 3502 3610 3548 et
3638 3494 3722 3548 hic

2138 3586 2335 3641 veritas
2379 3598 2464 3640 tua
2496 3586 2758 3641 deridebit
2810 3584 3118 3642 hominem?
3148 3586 3302 3654 Quod
3340 3586 3483 3641 enim
3511 3585 3721 3655 longum

2140 3676 2240 3732 fuit
2262 3677 2589 3747 praeteritum
2620 3686 2849 3748 tempus,
2902 3692 3023 3732 cum
3048 3678 3156 3746 jam
3201 3685 3346 3731 esset
3395 3676 3721 3746 prasteritum

2139 3766 2353 3839 longum
2375 3767 2494 3833 fuit,
2526 3784 2593 3823 an
2618 3783 2739 3823 cum
2764 3768 2940 3823 adhuc
2965 3784 3200 3838 praesens
3216 3769 3394 3823 esset?
3414 3768 3562 3823 Tunc
3580 3769 3721 3823 enim

2138 3868 2349 3931 poterat
2371 3876 2490 3916 esse
2511 3861 2748 3931 longum,
2778 3862 2989 3932 quando
3010 3872 3125 3917 erat
3149 3861 3291 3931 quod
3315 3871 3457 3917 esset
3475 3861 3720 3932 longum:

2141 3956 2471 4025 praeteritum
2496 3970 2625 4010 vero
2646 3957 2757 4024 jam
2775 3971 2879 4010 non
2893 3966 3005 4010 erat
3031 3973 3046 4022 ;
3077 3956 3219 4012 unde
3242 3971 3342 4011 nec
3365 3955 3579 4025 longum
3605 3970 3723 4011 esse

2141 4055 2369 4116 poterat,
2414 4046 2554 4115 quod
2580 4046 2799 4102 omnino
2847 4062 2956 4101 non
2998 4056 3132 4103 erat.
3159 4046 3275 4102 Non
3296 4062 3424 4117 ergo
3462 4047 3720 4112 dicamus,

2143 4136 2383 4207 Longum
2433 4138 2525 4192 fuit
2558 4138 2885 4208 praeteritum
2924 4149 3165 4210 tempus;
3196 4155 3369 4209 neque
3408 4140 3548 4194 enim
3579 4139 3724 4194 inve-

2140 4231 2349 4287 niemus
2372 4231 2497 4302 quid
2518 4230 2677 4287 fuerit
2695 4231 2929 4301 longum,
2952 4231 3161 4301 quando
3184 4247 3249 4287 ex
3271 4247 3376 4301 quo
3399 4231 3721 4301 praeteritum

2141 4333 2245 4388 est,
2275 4339 2380 4378 non
2403 4334 2485 4379 est
2516 4342 2529 4379 :
2560 4324 2654 4379 sed
2678 4324 2938 4391 dicamus,
2963 4325 3199 4392 Longum
3223 4325 3321 4379 fuit
3339 4324 3467 4380 illud
3490 4338 3723 4394 prmsens

2143 4426 2393 4486 tempus;
2426 4417 2547 4487 quia
2568 4432 2688 4471 cum
2713 4431 2948 4488 praesens
2976 4426 3138 4483 esset,
3173 4418 3385 4487 longum
3410 4426 3541 4473 erat.
3574 4417 3719 4471 Non-

2141 4508 2267 4563 dum
2297 4510 2438 4563 enim
2465 4510 2791 4577 pra:terierat
2819 4520 2877 4564 ut
2905 4524 3007 4563 nOn
3039 4518 3198 4577 esset,
3228 4519 3283 4564 et
3304 4509 3422 4565 ideo
3446 4517 3562 4564 erat
3579 4507 3725 4578 quod

2142 4602 2359 4671 longum
2390 4618 2508 4657 esse
2536 4612 2738 4673 posset.
2767 4603 2958 4658 Postea
2992 4618 3122 4659 vero
3160 4618 3319 4674 quam
3342 4602 3617 4673 przeteriit,
3646 4603 3721 4657 si-

2142 4692 2251 4745 mul
2277 4701 2332 4747 et
2352 4692 2566 4761 longum
2590 4708 2710 4748 esse
2736 4693 2960 4761 destitit,
2984 4694 3123 4764 quod
3153 4709 3273 4750 esse
3288 4695 3509 4750 destitit.

2215 4783 2302 4839 l9.
2338 4784 2627 4839 Videamus
2656 4800 2802 4856 ergo,
2836 4800 2870 4840 ο
2900 4784 3072 4841 anima
3102 4786 3352 4851 humana,
3379 4794 3558 4841 utrum
3590 4801 3721 4855 pras-

2142 4888 2265 4929 sens
2296 4883 2506 4945 tempus
2536 4876 2702 4945 possit
2722 4892 2839 4932 esse
2865 4876 3077 4947 longum
3102 4893 3114 4941 ;
3142 4878 3322 4931 datum
3352 4878 3493 4932 enim
3526 4878 3618 4932 tibi
3642 4886 3723 4933 est

2142 4965 2341 5019 sentire
2367 4980 2544 5019 moras
2567 4974 2725 5036 atque
2753 4967 2948 5021 metiri.
2987 4967 3122 5036 Quid
3157 4967 3503 5037 respondebis
3548 4967 3675 5023 mihi
3700 4969 3721 5022 ?

2142 5058 2222 5112 An
2252 5067 2464 5113 centum
2492 5058 2617 5113 anni
2648 5071 2937 5129 praesentes
2963 5061 3174 5132 longum
3204 5072 3411 5130 tempus
3437 5060 3559 5117 est?
3592 5060 3723 5116 Vide

2140 5149 2288 5220 prius
2334 5159 2511 5204 utrmn
2544 5152 2746 5220 possint
2793 5162 3085 5221 prmaentes
3109 5168 3226 5208 esse
3252 5162 3467 5208 centum
3495 5153 3640 5207 anni.
3664 5152 3721 5207 Si

2140 5241 2279 5297 enim
2308 5242 2513 5312 primus
2529 5258 2714 5298 eorum
2745 5259 2917 5299 annus
2958 5246 3152 5315 agitur,
3184 5245 3297 5314 ipse
3338 5260 3574 5313 praesens
3595 5253 3676 5301 est
3701 5261 3715 5308 ;

2142 5332 2425 5403 nonaginta
2453 5349 2581 5389 vero
2604 5346 2658 5390 et
2682 5351 2871 5391 novem
2901 5335 3063 5391 futuri
3092 5346 3235 5402 sunt,
3266 5344 3322 5392 et
3342 5336 3461 5407 ideo
3487 5335 3720 5391 nondum

2144 5433 2271 5480 sunt
2298 5442 2309 5477 :
2341 5425 2385 5479 si
2416 5434 2596 5482 autem
2625 5426 2891 5483 secundus
2913 5443 3085 5483 annus
3112 5428 3318 5500 agitur,
3342 5427 3452 5499 jam
3482 5444 3617 5483 unus
3642 5437 3724 5483 est

2206 5542 3726 5631 ttov.,¢enaaadmesse..bestpammtaadsuss.,quge

2272 5632 2334 5680 ab
2352 5625 2614 5694 Augustino
2630 5643 2726 5680 non
2742 5630 2999 5680 adhibetur
3014 5625 3123 5693 post
3140 5632 3342 5680 verbum
3359 5628 3491 5679 tendi
3502 5625 3534 5687 V,
3556 5625 3611 5677 ut
3624 5625 3720 5694 lib.

2139 5692 2348 5806 $1qu
2379 5692 2570 5760 operis,
2603 5708 2708 5758 cap.
2748 5694 2806 5746 10
2841 5707 2853 5741 :
2882 5692 3036 5756 «Ergo
3064 5707 3176 5746 mm
3206 5695 3423 5743 oriuntur
3452 5698 3503 5740 et
3519 5692 3723 5750 tendunt

2204 5770 2218 5777 -
2260 5773 2306 5805 J
