4078 6366
375 292 477 351 817

376 409 696 479 praeteritus,
719 409 853 463 alter
879 425 1131 479 prtesens,
1162 410 1340 466 exteri
1368 409 1547 466 futuri.
1577 411 1749 480 Atque
1792 412 1860 465 ita
1902 412 1947 465 si

376 500 673 555 mediorum
700 502 991 572 quemlibet
1012 503 1297 557 centenarii
1328 503 1485 572 hujus
1507 504 1713 558 numeri
1752 518 1947 557 annum

378 602 694 660 praesentem
728 596 1092 663 posuerimus;
1121 605 1243 652 ante
1284 597 1433 652 illum
1480 597 1733 666 praeteriti
1772 607 1945 662 erunt,

374 696 496 758 post
549 686 697 741 illum
728 687 928 742 futuri:
961 687 1206 757 quocirca
1254 697 1464 744 centum
1507 690 1629 745 anni
1658 698 1949 759 praesentes

373 794 493 835 esse
523 794 628 834 non
651 788 917 850 poterunt.
935 778 1068 835 Vide
1086 780 1271 835 saltem
1294 789 1469 836 utrum
1486 781 1577 851 qui
1595 782 1765 851 agitur
1789 795 1946 849 unus,

374 872 489 940 ipse
512 871 581 926 sit
607 885 860 940 praesens.
880 870 948 925 Et
970 870 1086 941 ejus
1124 872 1262 925 enim
1285 872 1329 926 si
1360 873 1559 941 primus
1596 874 1770 944 agitur
1796 886 1950 928 men-

374 966 468 1031 sis,
521 965 680 1020 futuri
710 973 835 1020 sunt
873 966 1050 1021 czeteri
1076 981 1091 1030 ;
1117 965 1163 1019 si
1190 966 1473 1030 secundus,
1516 966 1627 1035 jam
1651 976 1705 1021 et
1748 966 1948 1036 primus

373 1057 647 1130 praeteriit,
666 1067 722 1115 et
738 1058 926 1128 reliqui
948 1057 1179 1112 nondum
1203 1066 1344 1113 sunt.
1378 1059 1515 1128 Ergo
1542 1073 1643 1115 nec
1669 1072 1843 1114 annus
1861 1058 1949 1126 qui

372 1150 565 1221 agitur,
596 1157 734 1204 totus
755 1158 838 1205 est
856 1165 1126 1220 praesens;
1151 1158 1206 1205 et
1226 1151 1268 1204 si
1298 1166 1402 1205 non
1428 1159 1569 1206 totus
1593 1158 1677 1206 est
1689 1164 1947 1221 praesens,

373 1257 479 1295 non
501 1250 582 1296 est
599 1255 768 1295 annus
796 1256 1048 1311 praesens.
1075 1241 1362 1297 Duodecim
1379 1243 1520 1297 enim
1544 1256 1756 1298 menses
1780 1256 1950 1296 annus

373 1342 475 1400 est,
519 1349 741 1404 quorum
772 1333 992 1405 quilibet
1022 1349 1158 1389 unus
1204 1334 1402 1390 mensis
1452 1334 1540 1405 qui
1596 1334 1787 1404 agitur,
1839 1334 1950 1403 ipse

374 1439 609 1494 praesens
627 1432 710 1481 eSt
732 1440 747 1490 ;
766 1426 944 1480 caeleri
970 1433 1166 1492 autem,
1194 1424 1445 1495 praeteriti
1461 1434 1551 1479 aut
1578 1423 1754 1479 futuri.
1775 1424 1952 1492 Quan-

372 1531 530 1585 quam
557 1532 727 1586 neque
756 1517 952 1572 mensis
982 1516 1072 1586 qui
1095 1517 1286 1587 agitur,
1311 1531 1545 1586 praesens
1569 1525 1667 1579 est,
1702 1515 1793 1570 sed
1816 1530 1950 1570 unus

372 1606 524 1662 dies:
548 1608 592 1662 si
623 1607 847 1678 primus,
887 1608 1075 1663 futuris
1100 1608 1337 1672 creteris;
1360 1608 1404 1662 si
1431 1608 1769 1672 novissimus,
1811 1623 1948 1677 prae-

373 1697 544 1754 teritis
564 1698 802 1765 caeteris;
834 1699 880 1755 si
909 1698 1203 1754 mediorum
1225 1697 1466 1769 quilibet,
1492 1698 1629 1755 inter
1655 1699 1951 1769 prmteritos

371 1800 424 1844 et
450 1790 673 1847 futuros.

442 1882 533 1937 20.
558 1881 702 1957 Ecce
732 1897 970 1953 praesens
1020 1892 1226 1954 tempus
1256 1883 1396 1953 quod
1444 1882 1612 1939 solum
1644 1882 1951 1938 invenieba—

377 1990 496 2030 mus
524 1976 737 2045 longum
763 1975 1153 2045 appellandum,
1178 1975 1265 2030 vix
1287 1975 1353 2029 ad
1374 1975 1529 2030 unius
1572 1974 1675 2029 diei
1724 1974 1952 2044 spatium

381 2075 707 2123 contractum
739 2076 839 2122 est.
888 2067 993 2123 Sed
1022 2067 1369 2123 discutiamus
1410 2065 1567 2121 etiam
1604 2066 1799 2136 ipsum,
1830 2066 1953 2135 quia

387 2173 484 2213 nec
513 2173 650 2212 unus
687 2158 802 2213 dies
845 2165 984 2213 totus
1014 2164 1096 2212 est
1125 2170 1375 2227 praesens.
1422 2155 1706 2211 Nocturnis
1732 2156 1872 2209 enim
1899 2164 1955 2210 et

373 2249 579 2303 diurnis
610 2249 755 2304 horis
782 2249 1028 2304 omnibus
1058 2248 1239 2317 viginti
1276 2254 1499 2317 quatuor
1527 2246 1788 2317 expletur,
1820 2261 1953 2316 qua-

378 2355 494 2392 rum
526 2339 691 2408 prima
721 2348 940 2394 exteras
969 2336 1171 2392 futuras
1198 2337 1377 2401 habet,
1411 2337 1696 2391 novissima
1729 2345 1949 2406 praeter-

375 2430 509 2494 itas;
542 2429 718 2499 aliqua
748 2445 873 2485 vero
918 2431 1316 2498 interjectarum
1366 2436 1488 2482 ante
1532 2441 1590 2482 se
1635 2428 1950 2496 praeteritas,

378 2532 499 2592 post
525 2538 583 2577 se
607 2521 836 2577 futuras.
873 2522 940 2577 Et
979 2523 1091 2593 ipsa
1122 2538 1224 2577 una
1270 2520 1397 2577 hora
1426 2520 1653 2591 fugitivis
1687 2520 1955 2590 particulis

376 2617 550 2686 agitur
582 2633 595 2671 :
624 2616 876 2687 quidquid
907 2616 1021 2685 ejus
1046 2614 1291 2679 avolavit,
1310 2614 1634 2684 prteteritum
1656 2621 1768 2678 est;
1797 2612 1955 2683 quid-

380 2706 508 2778 quid
538 2710 653 2777 ejus
674 2716 858 2775 restat,
891 2706 1147 2761 futurum.
1178 2706 1235 2761 Si
1258 2704 1384 2777 quid
1410 2704 1719 2775 intelligitur
1748 2714 1955 2774 tempo-

374 2801 473 2866 ris,
503 2801 642 2871 quod
670 2802 721 2856 in
746 2802 917 2856 nullas
932 2800 1040 2871 jam
1067 2800 1154 2855 vel
1180 2800 1233 2855 in
1248 2798 1630 2853 minutissimas
1656 2806 1955 2852 momento-

377 2909 495 2947 rum
521 2901 701 2965 partes
730 2893 890 2949 dividi
929 2893 1111 2962 possit,
1140 2891 1192 2946 id
1216 2892 1389 2946 solum
1431 2899 1511 2945 est
1552 2890 1688 2960 quod
1722 2904 1957 2958 praesens

376 2985 602 3040 dicatur.
620 2984 774 3051 Quod
799 2993 972 3039 tamen
1001 2984 1072 3037 ita
1086 2982 1278 3052 raptim
1303 2997 1332 3035 a
1362 2980 1535 3035 futuro
1556 2981 1605 3034 in
1636 2981 1955 3049 prmteritnm

380 3078 689 3141 transvolat,
715 3088 772 3132 ut
800 3077 943 3131 nulla
964 3077 1165 3131 merula
1198 3073 1533 3145 extendatur.
1557 3073 1687 3128 Nam
1706 3072 1750 3127 si
1767 3084 1957 3129 exten-

377 3167 543 3235 ditur,
560 3166 807 3222 dividitur
858 3167 911 3221 in
952 3166 1281 3236 prmteritnm
1310 3173 1366 3220 et
1411 3162 1644 3218 futurum
1680 3182 1694 3218 :
1728 3178 1959 3233 prtesens

378 3268 556 3314 autem
597 3260 796 3314 nullum
836 3258 997 3313 habet
1047 3257 1298 3326 spatium.
1339 3254 1444 3312 Ubi
1469 3264 1551 3310 est
1595 3268 1724 3325 ergo
1750 3262 1959 3324 tempus

376 3353 518 3423 quod
572 3352 783 3421 longum
824 3349 1108 3405 dicamus?
1152 3346 1237 3402 An
1292 3344 1567 3402 futurum?
1604 3344 1719 3401 Non
1748 3345 1959 3415 quidem

377 3446 626 3509 dicimus,
658 3445 894 3515 Longum
921 3451 1023 3507 est,
1045 3442 1167 3512 quia
1196 3440 1431 3497 nondum
1454 3449 1536 3495 est
1582 3439 1722 3511 quod
1746 3440 1959 3509 longum

378 3538 481 3601 sit;
534 3535 629 3593 sed
658 3536 903 3601 dicimus,
933 3535 1167 3605 Longum
1212 3534 1331 3590 erit.
1383 3532 1604 3599 Quando
1630 3534 1787 3604 igitur
1813 3531 1914 3587 erit
1936 3532 1962 3586 ‘l

380 3628 440 3683 Si
470 3628 683 3684 enimet
708 3637 832 3682 tunc
856 3642 975 3682 cum
994 3627 1166 3680 adhuc
1190 3625 1418 3681 futurum
1440 3625 1560 3691 erit,
1581 3640 1685 3680 non
1706 3625 1809 3680 erit
1835 3625 1959 3679 lon-

379 3734 534 3789 gum;
563 3719 683 3790 quia
713 3719 853 3789 quod
884 3719 953 3772 sit
1002 3717 1238 3787 longum,
1277 3717 1509 3772 nondum
1538 3717 1639 3772 erit
1666 3735 1678 3771 :
1711 3717 1755 3771 si
1785 3724 1959 3771 autem

383 3824 511 3868 tunc
550 3814 652 3868 erit
680 3813 891 3882 longum
919 3826 1037 3865 cum
1083 3826 1150 3866 ex
1177 3809 1375 3875 futuro,
1411 3810 1553 3880 quod
1582 3809 1815 3864 nondum
1847 3817 1958 3877 est,

381 3919 503 3960 esse
538 3905 649 3975 jam
675 3903 916 3974 cmperit,
962 3912 1015 3958 et
1054 3918 1291 3973 praesens
1315 3902 1509 3957 factum
1539 3904 1659 3970 erit,
1691 3912 1748 3957 ut
1790 3905 1963 3972 possit

381 4012 502 4052 esse
526 3997 666 4067 quod
696 3997 909 4067 longum
941 3996 1047 4061 sit;
1078 3994 1187 4065 jam
1222 3993 1584 4063 superioribus
1609 3993 1827 4047 vocibus
1855 3993 1963 4047 cla-

384 4096 495 4141 mat
526 4102 761 4158 prazsens
791 4096 1000 4156 tempus
1020 4127 1033 4149 ,
1063 4086 1275 4154 longum
1306 4100 1364 4139 se
1394 4098 1512 4140 esse
1537 4100 1643 4137 non
1670 4098 1846 4153 posse.

973 4198 1197 4255 CAPUT
1236 4197 1376 4251 XVI.

605 4273 766 4339 Quale
795 4280 988 4343 tempus
1017 4270 1180 4323 metiri
1205 4269 1369 4332 liceat,
1388 4275 1435 4321 et
1458 4267 1605 4337 quale
1624 4282 1743 4319 non.

453 4366 544 4421 2i.
601 4366 667 4420 Et
707 4373 904 4430 tamen,
943 4363 1188 4428 Domine,
1236 4361 1495 4417 sentimus
1521 4359 1795 4413 intervalla
1828 4368 1962 4412 tem-

385 4475 573 4530 porum
593 4500 610 4525 ,
631 4466 686 4514 et
711 4471 1080 4528 comparamus
1106 4455 1334 4520 sibimet,
1379 4462 1433 4509 et
1471 4452 1695 4507 dicimus
1724 4451 1823 4505 alia
1845 4451 1963 4505 lon—

385 4553 564 4622 giora,
613 4558 667 4604 et
708 4549 808 4603 alia
852 4548 1114 4603 breviora.
1168 4546 1412 4601 Metimur
1460 4545 1619 4599 etiam
1659 4551 1855 4612 quanto
1897 4541 1965 4595 sit

386 4644 599 4699 brevius
617 4652 707 4696 aut
724 4642 929 4711 longius
950 4639 1076 4696 illud
1094 4649 1298 4710 tempus
1318 4654 1474 4709 quam
1497 4636 1622 4693 illud
1642 4654 1656 4701 ;
1679 4645 1733 4690 et
1753 4650 1968 4705 respon-

386 4736 580 4791 demus
616 4735 833 4805 duplum
861 4750 981 4790 esse
1000 4733 1101 4789 hoc
1127 4734 1208 4787 vel
1240 4734 1472 4803 triplum,
1504 4731 1628 4786 illud
1646 4743 1819 4785 autem
1840 4722 1973 4784 sim;

385 4829 561 4901 plum,
588 4838 678 4882 aut
704 4837 907 4899 tantum
936 4827 1041 4882 hoc
1068 4842 1184 4882 esse
1208 4834 1460 4897 quantum
1499 4825 1643 4880 illud.
1678 4825 1783 4880 Sed
1823 4840 1963 4894 prre—

389 4921 648 4976 tcreuntia
688 4923 936 4976 metimur
959 4928 1197 4990 tempora
1227 4935 1345 4975 cum
1373 4919 1647 4974 sentiendo
1674 4918 1921 4974 metimur
1948 4933 1962 4983 ;

389 5014 657 5085 prmterita
676 5029 805 5069 vero
824 5030 941 5084 qua:
965 5013 1075 5083 jam
1095 5029 1197 5067 non
1224 5022 1366 5075 sunt,
1391 5021 1482 5067 aut
1498 5011 1670 5066 futura
1692 5027 1809 5082 qua:
1835 5028 1967 5066 non-

390 5108 516 5163 dum
543 5117 685 5172 sunt,
725 5110 842 5179 quis
872 5108 1045 5163 metiri
1072 5117 1279 5177 potest,
1308 5106 1407 5160 nisi
1452 5104 1585 5159 forte
1614 5105 1826 5159 audebit
1850 5105 1968 5174 quis

391 5202 569 5257 dicere
596 5200 770 5257 metiri
794 5217 953 5272 posse
980 5201 1118 5271 quod
1150 5216 1252 5255 non
1279 5201 1390 5254 est?
1419 5198 1553 5254 Cum
1577 5214 1704 5269 ergo
1737 5199 1969 5268 praeterit

392 5300 625 5363 tempus,
658 5294 841 5348 sentiri
870 5301 925 5347 et
963 5292 1135 5347 metiri
1166 5298 1378 5361 potest;
1409 5305 1531 5345 cum
1550 5299 1725 5346 autem
1751 5299 1968 5360 praster-

330 5370 335 5379 ’
393 5383 531 5451 ierit,
550 5386 798 5455 quoniam
816 5401 923 5440 non
948 5392 1048 5451 est,
1074 5400 1181 5438 non
1210 5393 1403 5455 potest.

980 5497 1201 5553 CAPUT
1239 5496 1399 5552 XVII.

692 5568 788 5623 Ubi
813 5577 1005 5639 tempus
1027 5569 1328 5639 praeteritum
1357 5577 1401 5621 et
1422 5572 1667 5639 futurum.

459 5659 548 5713 εἳ.
569 5660 972 5727 Qurero,Patcr,
998 5675 1103 5713 non
1121 5660 1323 5714 affirmo
1350 5677 1362 5713 :
1387 5660 1525 5713 Deus
1545 5674 1716 5725 meus,
1744 5658 1965 5728 praeside

392 5749 522 5809 mihi
547 5758 603 5806 et
632 5765 756 5824 rege
781 5766 885 5807 me.
910 5750 1163 5820 Quisnam
1190 5760 1271 5807 est
1300 5750 1388 5823 qui
1409 5749 1550 5806 dicat
1567 5750 1697 5806 mihi
1722 5766 1827 5806 non
1848 5764 1969 5807 esse

741 5853 815 5869 κη
834 5854 871 5875 1-:

1675 295 1872 350 LIBER
1904 295 2303 354 UNDECIMUS.

3534 305 3639 366 818

2056 418 2155 466 tria
2183 422 2419 482 tempora
2441 455 2455 479 ,
2506 415 2638 470 sicut
2664 416 2813 486 pueri
2857 400 3141 474 didicimus
3172 461 3189 487 ,
3213 435 3511 494 puerosque
3533 424 3632 480 do-

2055 505 2277 571 cuimus,
2292 506 2640 575 praeteritum,
2668 523 2907 578 praesens
2934 516 2989 564 et
3019 507 3284 576 futurum;
3308 511 3405 567 sed
3430 521 3640 571 tantum

2022 638 2025 639 ν
2055 609 2313 664 prresens,
2336 599 2582 668 quoniam
2611 600 2701 654 illa
2731 600 2837 655 duo
2858 616 2965 656 non
2991 603 3151 657 sunt?
3170 604 3252 658 An
3279 613 3334 660 et
3361 605 3473 674 ipsa
3495 616 3639 673 sunt,
3660 613 3695 648 ‘

2020 688 2149 743 sed
2193 706 2258 743 ex
2294 690 2469 761 aliquo
2514 693 2753 761 procedit
2779 695 3028 763 occulto,
3077 708 3201 752 cum
3246 712 3313 752 ex
3358 696 3535 754 futuro
3580 698 3642 755 fit

2056 794 2320 849 praesens;
2371 790 2422 838 et
2465 784 2518 837 in
2562 784 2777 855 aliquod
2826 786 3028 841 recedit
3065 788 3364 856 occultum,
3408 804 3531 845 cum
3573 798 3657 848 ex'

2056 874 2303 940 praesenti
2326 872 2383 925 fit
2409 875 2772 941 praeteritum?
2799 875 2932 930 Nam
2957 876 3048 930 ubi
3078 893 3139 933 ea
3168 879 3418 934 viderunt
3443 880 3530 950 qui
3552 880 3643 934 fu-

2055 969 2173 1018 tura
2202 964 2528 1030 minerunt,
2556 966 2601 1021 si
2629 967 2861 1022 nondum
2890 970 3046 1023 sunt?
3088 969 3272 1041 Neque
3301 972 3442 1026 enim
3468 980 3645 1042 potest

2054 1052 2221 1107 videri
2252 1054 2303 1107 id
2331 1056 2469 1125 quod
2498 1072 2601 1111 non
2632 1066 2732 1112 est.
2766 1058 2833 1113 Et
2859 1060 2949 1129 qui
2975 1070 3196 1115 narrant
3221 1063 3509 1131 praeterita,
3534 1079 3643 1120 non

2056 1145 2239 1214 utique
2270 1160 2388 1199 vera
2421 1156 2729 1214 narrarent,
2758 1150 2805 1205 si
2844 1151 3025 1206 animo
3061 1152 3146 1206 illa
3174 1167 3281 1207 non
3308 1162 3591 1211 cernerent
3619 1171 3638 1212 :

2057 1250 2174 1304 quae
2200 1236 2242 1287 si
2269 1238 2406 1290 nulla
2437 1248 2633 1305 essent,
2666 1243 2812 1295 cerni
2856 1243 3075 1297 omnino
3105 1259 3210 1298 non
3240 1253 3477 1315 possent.
3510 1244 3648 1302 Sunt

2058 1340 2185 1396 ergo
2214 1336 2261 1382 et
2296 1326 2470 1383 futura
2500 1339 2553 1384 et
2583 1334 2871 1401 prieterita.

2626 1448 2850 1504 CAPUT
2888 1449 3074 1505 XVIII.

2096 1516 2357 1580 Quomodo
2389 1519 2640 1586 praeterita
2667 1528 2713 1573 et
2741 1521 2912 1589 futura
2943 1532 3170 1591 tempora
3194 1522 3295 1577 sint
3323 1524 3609 1594 privantia.

2127 1608 2213 1664 ‘25.
2245 1608 2371 1665 Sine
2396 1626 2501 1676 me,
2530 1612 2771 1679 Domine,
2804 1614 3029 1683 amplius
3049 1631 3326 1685 quaerere;
3355 1632 3477 1688 spes
3498 1631 3640 1683 mea,

2057 1715 2163 1756 non
2194 1703 2539 1759 conturbetur
2567 1704 2789 1759 intentio
2817 1720 2955 1759 mea.
2992 1706 3049 1762 Si
3074 1708 3214 1762 enim
3239 1717 3362 1763 sunt
3391 1708 3566 1764 futura
3589 1719 3649 1765 et

2058 1793 2346 1861 praeterita,
2379 1795 2500 1848 volo
2524 1796 2661 1850 seire
2689 1795 2779 1849 ubi
2801 1796 2926 1850 sint.
2957 1796 3109 1863 Quod
3134 1799 3180 1854 si
3215 1799 3448 1853 nondum
3472 1800 3645 1866 valeo,

2056 1884 2168 1939 scio
2201 1894 2376 1940 tamen
2417 1886 2733 1957 ubicumque
2763 1894 2906 1953 sunt,
2951 1904 3057 1942 non
3088 1889 3158 1944 ibi
3186 1904 3248 1944 ea
3293 1890 3465 1944 futura
3503 1904 3646 1956 esse,

2057 1984 2147 2031 aut
2175 1978 2477 2046 praeterita,
2507 1978 2599 2033 sed
2640 1980 2942 2048 praesentia.
2984 1980 3116 2035 Nam
3164 1981 3209 2033 si
3256 1990 3310 2035 et
3356 1981 3426 2034 ibi
3472 1979 3651 2036 futura

2057 2076 2201 2129 sunt,
2234 2067 2471 2123 nondum
2500 2068 2571 2122 ibi
2598 2076 2748 2135 sunt;
2781 2070 2823 2123 si
2849 2080 2905 2124 et
2937 2071 3009 2124 ibi
3055 2074 3321 2141 praetenta
3348 2078 3508 2137 sunt,
3531 2070 3647 2141 jam

2060 2174 2163 2213 non
2191 2159 2265 2214 ibi
2286 2168 2428 2213 sunt.
2458 2157 2789 2229 Ubicumque
2812 2175 2940 2230 ergo
2970 2171 3093 2216 sunt
3119 2176 3466 2232 quaecumque
3496 2168 3644 2228 sunt,

2060 2266 2165 2304 non
2211 2258 2335 2304 sunt
2368 2250 2469 2304 nisi
2510 2251 2810 2320 praesentia.
2857 2252 3167 2322 Quanquam
3209 2253 3477 2323 prieterita
3522 2267 3646 2307 cum

2058 2355 2182 2395 vera
2205 2349 2504 2408 narrantur,
2527 2357 2590 2395 ex
2619 2342 2875 2395 memoria
2903 2342 3244 2412 proferuntur
3268 2359 3373 2396 non
3401 2358 3487 2398 res
3515 2343 3647 2411 ipsa:

2059 2446 2177 2501 quae.
2204 2431 2602 2501 prteterierunt,
2632 2432 2725 2487 sed
2750 2432 2911 2487 verba
2942 2416 3199 2503 concepta
3230 2449 3298 2488 ex
3327 2434 3647 2505 imaginibus

2060 2538 2261 2588 earum,
2294 2538 2411 2592 qua:
2441 2521 2493 2576 in
2524 2523 2701 2577 animo
2726 2523 2869 2578 velut
2912 2524 3130 2595 vestigia
3162 2540 3256 2595 per
3298 2540 3487 2581 sensus
3513 2541 3654 2596 pm-

2062 2613 2317 2668 tereundo
2348 2612 2599 2667 ﬁxerunt.
2632 2613 2862 2668 Pueritia
2893 2615 3089 2684 quippe
3117 2631 3233 2670 mea
3264 2631 3382 2686 quae
3405 2617 3514 2684 jam
3541 2633 3647 2673 non

2061 2712 2163 2769 cst,
2199 2706 2250 2759 in
2282 2712 2522 2775 tempore
2552 2707 2824 2776 praeterito
2851 2717 2935 2761 est
2963 2708 3230 2777 quodjam
3259 2724 3364 2762 non
3395 2718 3495 2775 est;
3519 2709 3652 2764 ima-

2061 2800 2237 2870 ginem
2267 2814 2394 2854 vero
2412 2799 2527 2869 ejus
2549 2816 2670 2854 cum
2692 2814 2810 2855 eam
2834 2800 3014 2856 recolo
3033 2810 3088 2855 et
3114 2816 3293 2867 narro,
3323 2802 3373 2855 in
3400 2801 3652 2872 prmsenti

2065 2898 2304 2959 tempore
2347 2890 2576 2956 intueor,
2622 2892 2744 2961 quia
2774 2901 2855 2946 est
2897 2891 3071 2946 adhuc
3114 2891 3169 2946 in
3208 2893 3461 2947 memoria
3510 2908 3650 2949 mea.

2063 2982 2251 3039 Utrum
2280 2985 2467 3039 similis
2498 2986 2565 3039 sit
2608 2999 2772 3039 causa
2817 2987 2973 3039 etiam
3004 2986 3461 3055 prretlicendorum
3505 2985 3653 3042 futu-

2062 3091 2243 3130 rorum
2265 3118 2280 3141 ,
2308 3084 2363 3130 ut
2391 3092 2569 3131 rerum
2612 3091 2731 3146 quae
2756 3078 2991 3131 nondum
3036 3086 3178 3137 sunt.
3218 3077 3328 3147 jam
3359 3078 3652 3133 existentes

2065 3169 2471 3238 prtesentiantur
2525 3169 2783 3239 imagines
2842 3170 2880 3234 ¹;
2938 3168 3228 3234 confiteor,
3284 3169 3424 3223 Deus
3468 3183 3644 3236 meus,

2064 3261 2265 3315 nescio.
2296 3260 2429 3315 illud
2466 3275 2594 3317 sane
2627 3262 2769 3327 scio,
2799 3276 2897 3316 nos
2938 3260 3248 3331 plerumque
3292 3260 3655 3330 praemeditari

2064 3351 2265 3407 futuras
2308 3352 2544 3408 actiones
2588 3361 2817 3419 nostras,
2868 3367 3093 3423 eamque
3143 3351 3655 3422 praemeditationem

2065 3458 2183 3498 esse
2212 3453 2549 3513 praesentem,
2588 3444 2853 3498 actionem
2894 3453 3071 3498 autem
3115 3457 3272 3513 quam
3314 3441 3655 3513 prtemedita-

2064 3551 2185 3590 mur
2210 3535 2444 3590 nondum
2469 3550 2618 3601 esse,
2651 3536 2771 3606 quia
2812 3534 2991 3589 futura
3033 3543 3142 3599 est;
3190 3549 3349 3603 quam
3393 3547 3515 3589 cum
3557 3548 3651 3604 ag-

2065 3627 2230 3697 gressi
2258 3625 2534 3692 fuerimus,
2567 3634 2621 3681 et
2646 3626 2787 3696 quod
2827 3624 3328 3695 praemeditabamur
3350 3638 3510 3695 agere
3535 3638 3652 3680 cm-

2066 3716 2336 3788 perimus,
2364 3727 2487 3772 tunc
2513 3718 2615 3773 erit
2660 3716 2748 3771 illa
2779 3717 2937 3781 actio,
2983 3716 3105 3786 quia
3147 3723 3275 3770 tunc
3300 3730 3407 3770 non
3450 3715 3650 3786 futura,

2066 3806 2159 3862 sed
2183 3822 2419 3879 praesens
2445 3816 2528 3863 est
2554 3808 2600 3859 ¹.

2135 3899 2225 3953 24.
2258 3899 2480 3969 Quoquo
2501 3897 2661 3953 modo
2690 3912 2749 3953 se
2778 3897 2957 3967 itaque
2978 3897 3170 3952 habeat
3197 3912 3389 3953 arcana
3417 3912 3652 3967 prresen-

2067 3991 2147 4044 sio
2179 3989 2500 4057 futurorum,
2528 3989 2696 4045 videri
2724 3988 2827 4043 nisi
2855 3989 2997 4059 quod
3033 3999 3118 4043 est
3140 4004 3246 4044 non
3277 3996 3471 4059 potest.
3500 3986 3655 4056 Quod

2067 4090 2244 4136 autem
2262 4081 2371 4153 jam
2415 4089 2519 4147 est,
2546 4096 2653 4136 non
2693 4079 2927 4134 futurum
2969 4079 3062 4134 sed
3108 4094 3343 4149 praesens
3387 4087 3487 4134 est.
3519 4075 3654 4133 Cum

2068 4188 2197 4243 ergo
2225 4173 2394 4227 videri
2438 4173 2685 4227 dicuntur
2732 4170 2929 4237 futura,
2976 4185 3083 4225 non
3127 4171 3247 4241 ipsa
3276 4185 3394 4241 quae
3418 4170 3656 4225 nondum

2068 4275 2211 4331 sunt,
2240 4264 2292 4318 id
2321 4273 2403 4319 est
2430 4281 2548 4334 quae
2577 4263 2749 4317 futura
2795 4270 2951 4328 sunt“,
2985 4262 3079 4317 sed
3107 4277 3292 4317 eorum
3327 4276 3501 4317 causa;
3520 4302 3535 4327 ,
3566 4259 3654 4318 vel

2068 4356 2217 4424 signa
2250 4355 2469 4410 forsitan
2505 4355 2773 4420 videntur,
2804 4368 2921 4423 quae
2955 4357 3063 4423 jam
3103 4361 3257 4419 sunt;
3293 4353 3412 4409 ideo
3441 4368 3547 4409 non
3576 4352 3658 4408 fu-

2070 4456 2209 4513 tura,
2241 4447 2334 4500 sed
2376 4446 2654 4515 prtesentia
2682 4453 2803 4499 sunt
2842 4445 2950 4514 jam
2978 4444 3310 4509 videntibus,
3356 4459 3423 4499 ex
3461 4444 3653 4515 quibus

2071 4536 2243 4591 futura
2270 4536 2627 4606 praedicantur
2656 4536 2834 4588 animo
2855 4544 3131 4604 concepta.
3161 4533 3292 4600 Quae
3320 4550 3504 4589 rursus
3532 4548 3658 4590 con-

2068 4628 2342 4698 ceptiones
2362 4627 2468 4696 jam
2500 4634 2654 4691 sunt,
2687 4634 2739 4679 et
2764 4641 2852 4680 eas
2882 4634 3176 4695 praesentes
3200 4625 3338 4696 apud
3367 4640 3425 4680 se
3446 4626 3656 4680 intuen-

2071 4730 2157 4774 tur
2180 4720 2270 4790 qui
2301 4720 2391 4773 illa
2422 4718 2731 4788 prmdicunt.
2765 4718 3038 4786 Loquatur
3072 4717 3200 4771 mihi
3230 4715 3439 4787 aliquod
3465 4730 3653 4769 exem.

2071 4814 2216 4883 plum
2266 4820 2408 4865 tanta
2458 4827 2639 4867 rerum
2688 4811 3060 4865 numerositas.
3114 4811 3329 4864 lntueor
3382 4823 3652 4875 auroram,

2071 4905 2328 4959 oriturum
2372 4903 2538 4958 solem
2583 4903 2879 4972 praenuntio
2909 4920 2921 4954 :
2954 4901 3095 4971 quod
3137 4902 3362 4965 intueor,
3414 4913 3654 4969 praesens

2072 5008 2183 5064 est;
2212 4996 2356 5068 quod
2385 4996 2713 5065 praenuntio,
2757 4994 3025 5049 futurum:
3076 4992 3289 5048 non'sol
3331 4992 3538 5047 futurus
3563 4991 3656 5063 qui

2068 5090 2178 5159 jam
2207 5098 2310 5156 est,
2335 5089 2427 5143 sed
2449 5097 2598 5143 ortus
2616 5088 2731 5157 ejus
2757 5086 2846 5157 qui
2880 5085 3112 5140 nondum
3134 5092 3217 5139 est
3244 5101 3257 5137 :
3291 5092 3468 5139 tamen
3494 5084 3656 5139 etiam

2073 5189 2248 5236 ortum
2280 5182 2451 5251 ipsum
2479 5180 2579 5234 nisi
2618 5180 2794 5233 animo
2821 5177 3159 5249 imaginarer,
3180 5177 3319 5232 sicut
3343 5175 3502 5231 modo
3528 5190 3654 5231 cum

2075 5271 2127 5327 id
2155 5273 2361 5342 loquor,
2386 5285 2495 5326 non
2533 5285 2653 5326 eum
2694 5284 2905 5339 possem
2940 5268 3246 5339 przedicere.
3281 5266 3387 5323 Sed
3428 5281 3527 5323 nec
3565 5265 3655 5323 illa

2075 5377 2265 5417 aurora
2292 5377 2449 5433 quam
2471 5361 2523 5415 in
2553 5360 2690 5415 coelo
2716 5359 2903 5425 video,
2933 5359 3058 5413 solis
3084 5367 3233 5414 ortus
3271 5366 3383 5426 est,
3415 5356 3657 5429 quamvis

2075 5472 2193 5512 eum
2224 5454 2518 5525 praecedat;
2561 5468 2658 5508 nec
2702 5451 2790 5505 illa
2827 5451 3132 5523 imaginatio
3177 5453 3232 5506 in
3276 5452 3454 5507 animo
3483 5463 3651 5505 meo:

2138 5575 2155 5606 ί
2183 5574 2299 5645 Edd.
2314 5571 2538 5645 plerique
2551 5608 2565 5633 ,
2584 5576 2927 5645 prtewntentur
2943 5568 3174 5645 imagines
3188 5584 3205 5633 ;
3221 5577 3278 5645 ᾳ
3294 5577 3581 5645 [auio-post,

2074 5634 2329 5701 ρνιεδρηιὶςὶ
2345 5634 2629 5701 futurorum.
2660 5635 2908 5701 Redditnus
2941 5634 3202 5683 lectionem
3233 5642 3337 5683 Mss.
3370 5635 3546 5695 quibus
3571 5642 3656 5694 po.

2075 5695 2282 5748 steriorc
2299 5695 2403 5746 loco
2419 5696 2708 5760 suffragatur
2732 5695 2976 5760 Arnaldus.

2144 5761 2165 5791 '
2184 5760 2305 5823 Erit,
2321 5760 2458 5824 juxta
2474 5765 2547 5809 Er.
2566 5758 2682 5809 \‘en.
2702 5758 2847 5821 tugd.
2927 5764 2982 5806 Μ.
