4078 6366
463 323 568 388 819

465 456 584 514 qua:
604 440 709 508 duo
734 438 1017 510 praesentia
1043 443 1349 508 ceruum,
1375 440 1436 492 ut
1468 433 1676 496 futurus
1697 434 1790 490 ille
1813 442 1936 489 ante
1961 433 2044 488 di-

467 542 634 589 catur.
671 531 868 599 Futura
895 545 1022 604 ergo
1044 529 1277 594 nonam
1308 536 1459 594 sum;
1489 535 1543 582 et
1569 526 1614 584 si
1638 525 1873 588 nondum
1897 533 2042 592 sunt.

467 637 573 677 non
599 632 723 689 sunt
749 639 761 676 :
792 631 845 680 et
873 622 918 677 si
943 637 1048 678 non
1069 628 1212 686 sunt,
1232 619 1400 678 videri
1422 616 1638 676 omnino
1662 630 1766 670 non
1787 622 2042 684 possunt;

466 714 557 769 sed
584 713 796 784 praedici
827 720 1047 788 possunt
1069 727 1134 780 ex
1154 709 1524 782 praesentibus,
1547 723 1666 778 quae
1685 707 1797 778 jam
1819 714 1966 775 sunt,
1991 714 2048 762 et

466 805 733 873 videntur.

1064 892 1287 960 CAPUT
1319 892 1457 954 XIX.

669 985 791 1042 Non
810 987 943 1056 capit
960 984 1182 1049 modum,
1209 1000 1307 1055 quo
1332 983 1466 1048 Deus
1491 982 1634 1038 docet
1663 982 1853 1050 fulua.

541 1081 631 1142 9.3.
659 1079 740 1138 Tu
770 1080 962 1149 itaque,
993 1087 1240 1150 regnator
1264 1085 1519 1134 creatum
1541 1086 1664 1140 tuae,
1695 1075 1812 1143 quis
1830 1080 1913 1128 est
1931 1086 2047 1127 o-

472 1172 571 1238 dus
597 1186 700 1244 quo
728 1169 887 1230 doces
928 1169 1131 1228 animas
1158 1184 1219 1222 ea
1265 1184 1382 1238 quae
1410 1167 1579 1224 futura
1623 1165 1782 1222 sunt?
1821 1163 2047 1222 docuisti

471 1265 610 1320 enim
629 1265 912 1334 prophetas
933 1271 1068 1317 tuos.
1093 1261 1344 1326 Quisnam
1364 1260 1452 1314 ille
1469 1258 1654 1313 modus
1669 1268 1751 1314 est
1770 1273 1874 1326 quo
1889 1257 2048 1311 doces

469 1351 671 1412 futura,
698 1353 780 1406 cui
812 1351 1047 1405 futurum
1078 1350 1361 1420 quidquam
1389 1365 1494 1404 non
1524 1358 1638 1414 est;
1671 1349 1752 1402 vel
1781 1347 1954 1418 potius
1981 1347 2047 1402 de

466 1442 659 1499 futuris
685 1443 846 1498 doces
873 1442 1187 1512 praesentia?
1227 1442 1356 1496 Nam
1385 1441 1526 1510 quod
1555 1456 1661 1494 non
1691 1449 1792 1504 est,
1827 1456 1925 1495 nec
1949 1439 2046 1493 do-

469 1538 579 1592 ceri
610 1537 790 1606 utique
818 1544 1008 1606 potest.
1033 1535 1200 1592 Nimis
1229 1535 1384 1604 longe
1412 1543 1492 1594 est
1513 1533 1700 1590 modus
1730 1533 1828 1588 iste
1847 1532 1916 1587 ab
1935 1532 2048 1586 acie

468 1644 584 1682 mea
608 1644 621 1693 ;
643 1627 858 1681 invaluit
873 1643 937 1682 ex
957 1642 1060 1694 me,
1080 1642 1184 1680 non
1197 1635 1380 1696 potero
1395 1625 1461 1680 ad
1479 1624 1624 1680 illum
1638 1623 1805 1696 (Psal.
1829 1638 2044 1689 cxxvut,

468 1718 558 1791 6);
588 1730 776 1791 potero
808 1728 984 1774 autem
1015 1735 1079 1773 ex
1112 1728 1180 1784 te,
1213 1733 1330 1772 cum
1357 1717 1565 1774 dederis
1596 1725 1671 1784 tu,
1699 1716 1853 1772 dulce
1873 1717 2046 1772 lumen

467 1812 792 1866 occultorum
823 1811 1094 1872 oculorum
1115 1823 1374 1864 meorum.

1052 1898 1274 1956 CAPUT
1318 1897 1438 1954 XX.

666 1975 976 2058 Diﬁ'erentire
997 1990 1231 2060 temporis
1256 1988 1503 2057 quomodo
1530 1988 1868 2042 nominanda.

539 2080 628 2134 26.
660 2080 810 2147 Quod
841 2089 1013 2133 autem
1045 2096 1182 2142 nunc
1221 2079 1382 2150 liquet
1410 2088 1461 2133 et
1490 2079 1691 2146 claret,
1733 2094 1832 2134 nec
1871 2077 2048 2141 futura

470 2181 611 2238 sunt,
655 2188 753 2226 nec
791 2171 1074 2242 praeterita.
1120 2171 1228 2224 Nec
1274 2170 1486 2239 proprie
1527 2169 1738 2236 dicitur,
1789 2169 2049 2240 Tempora

467 2273 590 2317 sunt
620 2262 751 2327 tria;
783 2263 1124 2331 prteteritnm,
1158 2277 1392 2330 praesens
1422 2271 1474 2316 et
1507 2259 1741 2314 futurum
1777 2278 1789 2314 :
1815 2260 1910 2315 sed
1940 2260 2051 2316 for—

468 2363 611 2410 tasse
651 2355 860 2425 proprie
891 2353 1176 2418 diceretur,
1210 2353 1471 2422 Tempora
1502 2361 1624 2406 sunt
1656 2352 1788 2416 tria;
1817 2366 2050 2420 prmsens

473 2444 540 2500 de
569 2445 878 2516 prmtcritis,
913 2459 1146 2514 praesens
1186 2444 1252 2498 de
1299 2444 1676 2512 praesentibus,
1709 2459 1942 2511 praesens
1984 2443 2051 2496 de

468 2529 681 2584 futuris.
709 2529 841 2584 Sunt
862 2530 1003 2583 enim
1033 2529 1146 2583 hmc
1169 2528 1219 2582 in
1241 2529 1416 2581 anima
1446 2528 1539 2582 tria
1563 2527 1823 2597 qumdam,
1855 2535 1907 2582 et
1926 2527 2051 2582 alibi

470 2637 534 2676 ea
563 2638 667 2676 non
709 2622 894 2686 video;
929 2635 1165 2690 prmscns
1196 2619 1263 2674 de
1293 2619 1576 2688 prasteritis
1605 2619 1880 2686 memoria,
1913 2635 2048 2688 pra:-

469 2729 592 2767 scns
612 2713 678 2767 de
703 2713 1052 2781 praesentibus
1077 2710 1360 2774 contuitus,
1387 2725 1623 2779 praesens
1649 2710 1714 2765 de
1744 2709 1930 2765 futuris
1955 2726 2051 2766 ex-

469 2805 750 2874 spectatio.
800 2805 855 2860 Si
904 2803 1018 2859 baec
1044 2803 1401 2873 permittimur
1430 2803 1626 2869 dicere,
1676 2803 1775 2859 tria
1817 2813 2051 2874 tempora

472 2898 648 2963 video,
680 2897 972 2968 fateorque,
1016 2897 1113 2951 tria
1154 2905 1294 2952 sunt.
1331 2896 1545 2952 Dicatur
1577 2896 1757 2961 etiam,
1791 2895 2053 2966 Tempora

470 2996 595 3043 sunt
626 2991 745 3052 tria,
772 2989 1118 3059 praeteritum,
1145 3002 1383 3059 praesens
1400 2995 1454 3046 et
1479 2987 1708 3042 futurum
1743 3004 1758 3054 ;
1790 2988 1930 3043 sicut
1961 2988 2055 3043 ab-

469 3080 635 3134 utitur
651 3081 995 3146 consuetudo,
1020 3081 1225 3136 dicatur
1249 3097 1261 3135 :
1285 3095 1409 3136 ecce
1426 3095 1528 3134 non
1551 3094 1700 3146 curo,
1720 3094 1818 3135 nec
1839 3080 2050 3144 resisto,

471 3185 575 3227 nec
600 3171 964 3240 reprehendo;
993 3171 1116 3226 dum
1139 3180 1312 3226 tamen
1341 3170 1662 3240 intelligatur
1681 3169 1820 3240 quod
1841 3169 2050 3235 dicitur,

470 3275 648 3332 neque
678 3260 728 3316 id
756 3261 895 3336 quod
926 3261 1156 3316 futurum
1187 3269 1291 3330 est,
1319 3276 1438 3316 esse
1461 3260 1593 3332 jam,
1624 3275 1797 3332 neque
1823 3259 1876 3314 id
1911 3259 2054 3330 quod

473 3353 802 3438 praeteritum
828 3364 927 3410 est.
957 3356 1128 3411 Pauca
1167 3364 1289 3409 sunt
1319 3357 1460 3410 enim
1501 3369 1618 3424 quae
1647 3354 1860 3425 preprie
1885 3353 2055 3424 loqui-

471 3459 614 3522 mur,
639 3445 787 3520 plura
814 3463 919 3510 non
945 3447 1181 3518 pr0prie;
1211 3445 1304 3500 sed
1330 3445 1632 3516 agnoscitur
1660 3443 1785 3516 quid
1807 3444 2048 3502 velimus.

1035 3537 1258 3593 CAPUT
1299 3537 1442 3592 XXI.

855 3628 1116 3698 Quomodo
1138 3638 1330 3700 tempus
1347 3627 1492 3688 liceat
1515 3629 1696 3682 metiri.

541 3719 633 3775 27.
663 3720 778 3774 Dixi
807 3735 933 3791 ergo
964 3720 1120 3790 paulo
1147 3727 1269 3774 ante
1288 3761 1302 3783 ,
1336 3718 1477 3789 quod
1519 3717 1889 3788 praetereuntia
1916 3725 2052 3780 tem.

471 3823 601 3880 pora
632 3813 910 3874 metimur,
942 3820 999 3865 ut
1027 3811 1290 3880 possimus
1314 3809 1491 3865 dicere
1533 3808 1751 3880 duplqu
1795 3825 1916 3868 esse
1953 3809 2056 3868 hoc

471 3904 724 3972 temporis
752 3903 818 3957 ad
845 3902 970 3956 illud
995 3902 1240 3970 simplum
1271 3941 1288 3974 ,
1314 3910 1406 3956 aut
1430 3909 1631 3958 tantum
1671 3901 1773 3957 hoc
1801 3909 2054 3972 quantum

472 3991 601 4050 illud
621 4035 636 4061 ,
666 3999 720 4047 et
749 3992 790 4047 si
817 3979 940 4063 quid
984 3992 1126 4047 aliud
1151 3992 1218 4048 de
1260 3993 1497 4063 partibus
1539 4002 1834 4064 temporttm
1864 4007 2054 4062 possu-

474 4098 596 4138 mus
643 4083 949 4138 renuntiare
997 4084 1286 4138 metiendo.
1333 4084 1620 4162 Quocirca,
1680 4091 1735 4139 ut
1789 4083 2050 4152 dicebam,

473 4175 852 4248 prmtercuntia
871 4176 1116 4230 metimur
1146 4185 1405 4246 tempora.
1436 4177 1500 4234 Et
1528 4177 1572 4232 si
1594 4176 1711 4246 quis
1736 4175 1866 4230 mihi
1892 4175 2053 4255 dicat,

472 4263 627 4322 Unde
655 4266 798 4321 scis?
823 4267 1193 4338 respondeam,
1226 4269 1347 4323 Scio
1372 4269 1495 4339 quia
1526 4268 1795 4334 metimur,
1820 4283 1916 4322 nec
1947 4283 2056 4324 me-

473 4357 561 4411 tiri
586 4373 704 4432 qum
746 4373 849 4412 non
890 4368 1011 4414 sunt
1051 4375 1348 4430 possumus,
1390 4369 1444 4416 et
1485 4376 1590 4416 non
1637 4368 1762 4414 sunt
1790 4359 2054 4429 praeterita

475 4448 561 4502 vel
588 4447 787 4504 futura.
816 4449 1056 4505 Praesens
1082 4467 1206 4506 vero
1235 4460 1442 4520 tempus
1483 4449 1749 4521 quomodo
1783 4449 2051 4516 metimur,

472 4539 683 4618 quando
710 4557 813 4594 non
841 4540 999 4596 habet
1025 4543 1284 4611 Spatium?
1310 4541 1519 4596 Metitur
1569 4555 1696 4610 ergo
1744 4555 1863 4594 cum
1913 4556 2052 4610 prte-

377 4708 383 4714 .
478 4631 624 4696 terit,
639 4646 756 4686 cum
779 4642 954 4687 autem
976 4632 1306 4703 praeterierit,
1321 4647 1429 4686 non
1459 4632 1673 4686 metitur
1701 4631 1741 4696 ‘;
1763 4630 1889 4700 quid
1909 4631 2054 4688 enim

475 4722 742 4791 metiatur,
772 4739 875 4778 non
906 4723 1028 4778 erit.
1070 4723 1175 4778 Sed
1204 4723 1341 4777 unde
1378 4731 1432 4777 et
1459 4737 1560 4792 qua
1585 4733 1638 4777 et
1666 4737 1770 4793 quo
1799 4724 2050 4792 praeterit,

471 4828 593 4867 cum
622 4815 873 4869 metitur?
903 4814 1087 4881 Unde,
1123 4814 1224 4869 nisi
1267 4830 1329 4870 ex
1373 4813 1591 4868 futuro?
1636 4830 1768 4884 qua,
1819 4816 1919 4870 nisi
1960 4831 2054 4885 per

472 4905 747 4976 praesens?
772 4921 896 4976 quo,
931 4906 1032 4960 nisi
1057 4906 1108 4959 in
1137 4905 1502 4976 praeteritum?
1528 4906 1606 4960 Ex
1640 4906 1732 4966 illo
1757 4922 1885 4977 ergo
1912 4907 2053 4978 quod

473 4996 709 5050 nondum
740 5005 841 5064 est,
865 5012 960 5066 per
981 4996 1106 5050 illud
1129 4995 1268 5066 quod
1295 4997 1465 5066 Spatio
1488 5005 1650 5061 caret,
1685 4997 1736 5052 in
1763 4997 1892 5052 illud
1912 4998 2053 5068 quod

471 5085 579 5156 jam
605 5102 709 5141 non
732 5097 832 5142 est.
859 5087 994 5156 Quid
1023 5097 1198 5142 autem
1227 5089 1497 5156 metimur,
1522 5089 1624 5146 nisi
1652 5098 1856 5160 tempus
1883 5090 1937 5145 in
1957 5091 2054 5144 ali-

475 5193 583 5248 quo
610 5179 822 5250 Spatio?
849 5179 1032 5254 Neque
1058 5180 1198 5234 enim
1227 5181 1451 5235 dicimus
1476 5181 1685 5252 simpla,
1713 5191 1766 5237 et
1793 5181 1970 5250 dupla,
2000 5189 2053 5242 et

473 5269 652 5338 tripla,
682 5279 737 5324 et
765 5271 1007 5344 aequalia,
1038 5282 1089 5326 et
1110 5271 1152 5326 si
1184 5272 1306 5342 quid
1335 5272 1436 5326 hoc
1457 5272 1614 5326 modo
1638 5273 1688 5329 in
1717 5281 1953 5343 tempore
1972 5271 2054 5327 di-

473 5361 668 5427 cimus,
697 5362 798 5414 nisi
826 5364 994 5432 spatia
1026 5372 1344 5433 temporum.
1375 5363 1430 5418 In
1457 5379 1560 5434 quo
1585 5379 1712 5434 ergo
1741 5365 1908 5432 spatio
1935 5379 2052 5418 me-

473 5451 637 5506 timur
685 5461 892 5522 tempus
937 5456 1290 5526 prreteriens?
1336 5457 1524 5512 Utrum
1570 5457 1622 5510 in
1668 5456 1862 5522 futuro,
1913 5456 2053 5512 unde

473 5542 747 5614 prteterit?
771 5541 875 5598 Sed
897 5546 1036 5615 quod
1073 5547 1303 5602 nondum
1335 5557 1438 5615 est,
1469 5564 1574 5603 non
1592 5550 1856 5603 metimur.
1889 5549 1971 5602 An
2000 5549 2051 5604 in

534 5696 684 5768 {.Edd.
700 5696 888 5768 aliquot
914 5705 966 5768 et
1000 5707 1130 5768 Mss.,_
1154 5700 1374 5764 metimur
1392 5714 1505 5766 ergo
1521 5715 1628 5768 cum
1649 5699 1941 5766 praeterit...
1961 5716 2056 5756 non

468 5761 690 5811 metimm
705 5773 723 5823 ;
739 5761 854 5826 quid
873 5761 998 5812 enim
1017 5761 1238 5816 metiatur
1259 5777 1275 5817 :
1293 5778 1390 5816 non
1411 5761 1663 5816 concinne;
1725 5770 1784 5815 It.

1557 316 2072 375 CONFESSIONW
2109 313 2167 371 S.
2209 315 2576 375 AUGUSTINI

2151 434 2420 503 prtesenu',
2451 446 2554 502 qua
2584 428 2820 501 prteterit
2837 429 2863 483 ?
2883 427 2990 485 Sed
3014 427 3216 484 nullum
3241 427 3468 498 spatium
3493 443 3600 484 non
3623 445 3742 493 mo-

2150 526 2328 579 timur.
2362 527 2442 578 An
2470 525 2522 578 in
2548 524 2838 594 prarterito,
2884 537 2991 592 quo
3020 521 3296 592 praeterit?
3331 520 3438 577 Sed
3464 523 3605 592 quod
3625 523 3740 594 jam

2152 632 2261 672 non
2285 627 2387 686 est,
2417 632 2523 672 non
2552 618 2820 672 metimur.

2709 704 2935 761 CAPUT
2973 703 3139 759 XIII.

2376 798 2513 853 Petit
2530 798 2811 869 amigmatis
2833 797 2979 850 istius
3007 796 3306 850 solutionem
3329 811 3362 848 α
3391 793 3520 850 Deo.

2217 893 2313 947 $8.
2345 892 2558 946 Exarsit
2585 891 2792 946 animus
2820 904 2969 943 meus
2996 902 3160 942 nosse
3199 885 3340 942 istud
3379 885 3771 976 implicatissi-(
3806 900 3808 902 '

2149 998 2296 1039 nam
2317 985 2560 1054 aenigma.
2585 984 2701 1037 Noli
2726 981 2993 1048 claudere,
3018 980 3244 1034 Domine
3265 981 3402 1034 Deus
3423 994 3576 1034 meus
3598 979 3748 1035 bone

2150 1077 2328 1143 Pater,
2363 1093 2460 1147 per
2485 1077 2751 1130 Christum
2781 1076 3024 1140 obsecro,
3052 1072 3162 1127 noli
3191 1071 3442 1126 claudere
3470 1069 3749 1128 desiderio

2151 1184 2272 1224 meo
2296 1170 2415 1235 ista,
2445 1177 2497 1222 et
2523 1169 2714 1221 usitata
2757 1176 2811 1221 et
2847 1165 3059 1232 abdita,
3086 1165 3376 1234 quominus
3436 1162 3490 1216 in
3543 1177 3611 1217 ea
3647 1175 3747 1232 pe-

2151 1269 2325 1315 netret
2345 1301 2360 1324 ,
2391 1267 2447 1314 et
2469 1259 2797 1313 dilucescant
2823 1258 3084 1311 allucente
3107 1253 3469 1310 misericordia
3489 1261 3604 1320 tua,
3635 1253 3748 1307 Do—

2153 1352 2315 1406 mine.
2357 1351 2523 1418 Quem
2564 1349 2914 1419 percontabor
2936 1347 3004 1402 de
3047 1348 3162 1402 his?
3188 1354 3242 1401 et
3283 1346 3369 1399 cui
3411 1344 3748 1399 fructuosius

2151 1444 2441 1500 conﬁtebor
2469 1443 2786 1512 imperitiam
2826 1457 2999 1496 meam
3025 1483 3042 1505 ,
3089 1441 3190 1494 nisi
3223 1439 3316 1494 tibi
3362 1439 3445 1493 cui
3476 1453 3589 1492 non
3621 1446 3751 1492 sunt

2151 1537 2370 1590 molesta
2401 1537 2571 1590 studia
2599 1551 2715 1589 mea
2734 1576 2747 1598 ,
2780 1533 3102 1588 ﬂammantia
3128 1532 3473 1587 vehementer
3499 1531 3553 1585 in
3583 1528 3740 1585 Scri-

2151 1636 2331 1697 pturas
2359 1627 2513 1681 tuas?
2541 1628 2615 1680 Da
2645 1625 2784 1695 quod
2810 1640 2929 1679 amo
2955 1642 2968 1678 :
3008 1639 3129 1677 amo
3151 1623 3314 1685 enim,
3346 1632 3398 1676 et
3427 1621 3530 1676 hoc
3562 1629 3621 1674 tu
3647 1619 3746 1674 de-

2151 1717 2292 1770 disti.
2327 1717 2422 1782 Da,
2455 1717 2608 1770 Pater
2628 1756 2643 1781 ,
2671 1715 2760 1784 qui
2788 1729 2917 1769 vere
2953 1714 3095 1768 nosti
3121 1713 3242 1766 data
3283 1712 3420 1765 bona
3461 1711 3597 1765 dare
3627 1708 3748 1764 [iliis

2154 1807 2256 1860 tuis
2291 1807 2501 1875 (Matth.
2551 1823 2644 1870 vn,
2679 1802 2789 1877 11).
2842 1805 2939 1870 Da,
2987 1805 3235 1873 quoniam
3280 1803 3488 1870 suscepi
3535 1814 3744 1870 cogno-

2153 1914 2303 1954 scere
2334 1900 2372 1963 ³,
2402 1909 2456 1953 et
2483 1899 2630 1952 labor
2653 1907 2734 1952 est
2761 1906 2885 1953 ante
2905 1912 2990 1952 me
3017 1895 3189 1965 (Psat.
3218 1911 3388 1961 utut,
3418 1892 3531 1964 l6),
3561 1891 3739 1947 donec

2153 1991 2380 2060 aperias.
2412 1991 2512 2044 Per
2534 1990 2802 2044 Christum
2829 1990 3072 2052 obsecro,
3105 1988 3156 2040 in
3180 1986 3396 2040 notitine
3422 1986 3539 2055 ejus
3561 1983 3748 2039 Sancti

2153 2091 2486 2145 sanctorum,
2542 2096 2699 2134 nemo
2741 2079 2868 2133 mihi
2915 2078 3208 2147 obstrepat.
3259 2077 3327 2130 Et
3372 2092 3470 2147 ego
3514 2073 3741 2140 credidi,

2152 2175 2372 2237 pmpter
2399 2165 2539 2234 quod
2563 2173 2617 2219 et
2647 2165 2831 2234 loquor
2857 2162 3026 2234 (Psal.
3057 2178 3195 2229 ειν,
3229 2161 3308 2232 l).
3337 2162 3460 2216 Haec
3500 2169 3587 2215 est
3625 2173 3748 2230 spes

2153 2271 2299 2320 mea;
2331 2256 2398 2309 ad
2446 2256 2581 2310 hanc
2621 2256 2742 2310 vivo
2783 2257 2804 2290 ⁸
2849 2264 2906 2309 ιιι
2949 2255 3280 2323 contempler
3331 2252 3746 2308 delectationem

2156 2347 2381 2401 Domini.
2399 2348 2537 2402 Ecce
2552 2355 2757 2402 veteres
2773 2346 2992 2415 posuisti
3006 2346 3119 2400 dies
3135 2360 3284 2400 meos
3302 2343 3474 2415 (Paul.
3496 2358 3744 2410 xxxvm,

2155 2437 2247 2507 6),
2275 2449 2328 2493 et
2365 2449 2668 2503 transeunt;
2711 2447 2764 2492 et
2807 2437 3095 2507 quomodo,
3140 2437 3340 2492 nescio.
3391 2437 3457 2491 Et
3491 2436 3746 2501 dicimus,

2155 2528 2387 2599 Tempus
2417 2537 2472 2585 et
2499 2539 2708 2600 tempus
2732 2572 2747 2596 ,
2783 2540 3020 2600 tempora
3063 2538 3118 2584 et
3161 2540 3434 2600 tempora;
3477 2528 3748 2596 Quamdiu

2155 2619 2293 2674 dixit
2320 2621 2419 2676 hoc
2445 2622 2557 2687 ille,
2583 2621 2837 2691 quamdiu
2858 2621 2986 2676 fecit
3011 2620 3114 2675 hoc
3137 2620 3260 2686 ille;
3288 2629 3361 2684 et,
3389 2611 3560 2686 Quam
3585 2619 3746 2688 longo

2157 2719 2399 2779 tempore
2437 2711 2562 2766 illud
2603 2728 2707 2766 non
2735 2712 2875 2766 vidi!
2922 2721 2995 2779 et,
3029 2712 3252 2782 Duplum
3299 2712 3553 2782 temporis
3586 2711 3748 2764 habet

2158 2801 2274 2857 haec
2293 2803 2490 2873 syllaba
2521 2803 2586 2857 ad
2616 2803 2760 2857 illam
2797 2804 3042 2872 simplam
3070 2803 3306 2859 brevem.
3345 2803 3580 2857 Dicimus
3604 2802 3738 2867 haec,

2154 2902 2210 2948 et
2238 2894 2483 2948 audimus
2511 2893 2626 2949 hzec
2644 2935 2659 2960 ,
2687 2904 2740 2948 et
2767 2894 3112 2964 intelligimur
3141 2903 3196 2950 et
3235 2894 3608 2964 intelligimus.
3643 2892 3746 2946 Ila-

2155 2986 2494 3042 nil'estissima
2522 2995 2578 3042 et
2601 2986 2941 3042 usitatissima
2970 2997 3122 3053 sunt;
3153 2995 3210 3041 et
3237 2985 3424 3041 eadem
3449 2998 3643 3040 rursus
3670 2981 3746 3037 ηε-

2156 3080 2260 3134 mis
2282 3080 2470 3147 latent,
2495 3088 2552 3135 et
2578 3093 2714 3135 nova
2738 3087 2821 3133 est
2844 3079 3080 3133 inventio
3109 3093 3314 3132 eorum.
3385 3122 3387 3124 .
3615 3087 3617 3089 '

2709 3170 2934 3227 CAPUT
2972 3170 3160 3226 XXI".

2721 3263 2856 3329 Quid
2874 3265 2940 3318 sit
2970 3275 3184 3334 tctnpus.

2227 3355 2318 3411 29.
2349 3354 2541 3410 Audivi
2565 3369 2595 3410 a
2629 3354 2858 3425 quodam
2898 3355 3113 3409 homine
3151 3353 3340 3420 docto,
3368 3350 3509 3423 quod
3539 3349 3676 3406 solis
3696 3359 3750 3408 σι

2161 3447 2304 3503 luna:
2333 3461 2396 3500 ac
2415 3445 2648 3502 siderum
2677 3455 2873 3513 motus,
2901 3446 3012 3514 ipsa
3039 3446 3145 3500 sint
3172 3444 3407 3515 tempore
3427 3483 3443 3510 ,
3473 3451 3524 3498 et
3553 3443 3630 3497 nil
3658 3457 3750 3497 an-

2157 3539 2250 3594 nui
2280 3538 2322 3591 ³.
2358 3537 2468 3593 Cur
2495 3539 2640 3593 enim
2665 3553 2770 3593 non
2797 3538 2972 3607 potius
2997 3537 3234 3591 omnium
3259 3550 3542 3605 corporum
3567 3543 3747 3589 motus

2155 3630 2262 3686 sint
2288 3627 2564 3698 tempora?
2603 3629 2684 3684 An
2712 3643 2838 3684 vero
2877 3628 2922 3683 si
2965 3635 3236 3683 cessarent
3277 3626 3400 3682 eali
3442 3625 3670 3690 lumina,
3694 3631 3748 3679 et

2157 3730 2462 3778 moveretur
2492 3729 2607 3776 rota
2637 3721 2802 3792 ﬁguli,
2844 3737 2948 3776 non
2980 3728 3123 3776 esset
3148 3729 3355 3790 tempus
3380 3733 3488 3790 quo
3523 3719 3746 3774 metire-

2157 3829 2278 3880 mur
2305 3828 2401 3870 eos
2423 3828 2584 3884 gyros
2603 3854 2618 3880 ,
2648 3822 2702 3869 et
2731 3814 3030 3869 diceremus
3056 3822 3148 3868 aut
3190 3813 3481 3883 aequalibus
3520 3811 3748 3866 merulis

2156 3905 2240 3975 agi
2265 3922 2279 3969 ;
2309 3913 2402 3959 aut
2443 3904 2488 3959 si
2530 3905 2659 3962 alias
2700 3905 2932 3971 tardius,
2976 3906 3108 3960 alias
3134 3905 3370 3961 velocius
3415 3912 3743 3969 moveretur,

2156 3994 2290 4052 alios
2309 3995 2478 4064 magis
2502 3995 2779 4051 diuturnos
2803 4011 2944 4061 esse,
2970 3997 3104 4050 alios
3128 3996 3340 4050 minus?
3374 3996 3482 4050 Aut
3499 4010 3620 4050 cum
3646 3995 3747 4049 hoc

2157 4083 2476 4151 diceremus,
2491 4101 2597 4140 non
2622 4095 2676 4140 et
2701 4101 2798 4140 nos
2828 4087 2880 4140 in
2906 4095 3142 4156 tempore
3171 4087 3530 4156 loqueremur,
3545 4094 3638 4140 aut
3661 4100 3747 4141 es-

2157 4184 2279 4231 sent
2307 4176 2359 4230 in
2391 4177 2566 4232 verbis
2591 4178 2788 4232 nostris
2829 4177 2948 4232 alia:
2978 4177 3148 4248 longae
3177 4176 3416 4248 syllabae,
3463 4176 3583 4230 aliae
3621 4175 3746 4231 bre-

2157 4282 2282 4334 ves,
2315 4267 2415 4322 nisi
2444 4269 2565 4337 quia
2603 4267 2706 4322 illae
2734 4268 2974 4338 longiore
2999 4278 3236 4338 tempore
3264 4268 3584 4334 sonuissent,
3619 4267 3740 4321 ista:

2157 4358 2439 4416 breviore?
2467 4359 2628 4427 Deus,
2651 4359 2790 4414 dona
2815 4359 3118 4420 hominibus
3136 4359 3316 4416 videre
3341 4361 3394 4414 in
3415 4374 3578 4430 parvo
3597 4371 3748 4412 com-

2157 4465 2347 4506 munes
2395 4450 2608 4506 notitias
2659 4465 2840 4512 rerum
2879 4466 3164 4520 parvarum
3210 4460 3367 4521 atque
3411 4464 3743 4519 magnarum.

2156 4541 2292 4598 Sunt
2316 4551 2370 4597 et
2394 4541 2566 4596 sidera
2593 4551 2648 4598 et
2675 4542 2959 4598 luminaria
2989 4545 3109 4599 cmli
3152 4544 3204 4599 in
3231 4545 3422 4613 signis,
3445 4554 3500 4598 et
3524 4543 3581 4599 in
3607 4551 3747 4596 tem-

2157 4632 2410 4702 poribus,
2436 4632 2565 4688 etin
2595 4633 2768 4698 annis,
2803 4641 2864 4688 et
2893 4634 2947 4688 in
2971 4634 3160 4690 diebus
3189 4633 3339 4707 (Gen.
3362 4636 3413 4700 ι,
3456 4635 3546 4704 η)
3575 4651 3590 4688 :
3622 4643 3746 4690 sunt

2155 4737 2317 4787 vero;
2346 4722 2439 4777 sed
2474 4738 2572 4777 nec
2599 4738 2697 4793 ego
2729 4723 2951 4779 dixerim
2977 4726 3254 4782 circuitum
3281 4725 3422 4782 illius
3450 4725 3698 4796 ligneolte
3722 4729 3746 4756 ⁸

2157 4824 2296 4883 τοιω,
2324 4814 2467 4868 diem
2513 4829 2661 4881 esse,
2697 4831 2798 4872 nec
2837 4825 3016 4874 nmen
3054 4818 3177 4876 ideo
3219 4827 3430 4890 tempus
3469 4833 3578 4873 non
3620 4830 3740 4872 esse

2156 4903 2244 4958 ille
2265 4904 2477 4958 dixerit.

2229 5002 2316 5058 50.
2360 5002 2471 5072 Ego
2494 5003 2632 5058 scire
2652 5004 2811 5076 cupio
2839 5005 2943 5058 vim
2967 5012 3315 5075 naturamque
3341 5006 3612 5075 temporis,
3636 5021 3743 5076 quo

2220 5093 2238 5125 ι
2260 5092 2369 5142 Bad.
2397 5101 2496 5142 Am.
2515 5099 2588 5144 Er.
2606 5101 2715 5146 Lov.
2746 5107 3023 5159 cognoscere
3055 5101 3117 5147 te.
3153 5097 3535 5159 Expuugendum
3562 5104 3642 5147 est
3667 5101 3741 5156 to,

2173 5161 2416 5228 nxta‘Mss.
2439 5162 2490 5204 et
2505 5164 2614 5228 Arn.
2633 5159 2746 5219 quia
2761 5158 2824 5207 de
2845 5165 3064 5221 tempore
3076 5193 3090 5219 ,
3103 5172 3198 5207 non
3212 5158 3277 5208 de
3294 5158 3394 5208 Deo
3410 5158 3742 5224 wgnosceudo

2244 5219 2730 5286 uiturAugustinus._
2945 5219 2961 5221 “
3017 5282 3069 5286 __
3253 5281 3270 5286 _
3473 5219 3495 5224 ”
3677 5280 3720 5286 __
3791 5241 3805 5286 ς

2221 5277 2241 5308 ί
2260 5285 2389 5338 Lov.,
2409 5277 2483 5344 ad
2488 5278 2612 5330 hanc
2629 5277 2758 5330 inhio
2779 5292 2796 5329 :
2813 5287 2969 5341 recte,
2981 5282 3070 5332 nisi
3088 5280 3172 5344 alii;
3189 5281 3615 5344 refragarenturet
3630 5280 3740 5330 add.
3786 5277 3797 5344 λ

2160 5344 2213 5391 et
2229 5347 2333 5403 Mss.
2350 5341 2436 5403 qui
2455 5353 2630 5402 magno
2647 5355 2885 5391 consensu
2905 5345 3064 5393 ferunt
3076 5379 3090 5403 ,
3108 5342 3172 5392 ad
3191 5343 3314 5392 hanc
3326 5341 3449 5393 'vivo.
3786 5341 3804 5369 ’⁵

2225 5402 2245 5432 ⁸
2262 5403 2333 5450 sic
2350 5402 2614 5464 legendum
2639 5404 2827 5452 videtur
2843 5418 2952 5452 eum
2973 5402 3288 5455 Mss.'vedast.
3314 5405 3527 5464 duobus,
3565 5411 3615 5454 et
3645 5414 3739 5452 uno

2157 5463 2316 5524 Corb.;
2336 5439 2542 5514 vercum
2565 5473 2696 5524 ,ιιι-[ιη
2714 5473 2757 5514 et
2773 5479 2866 5515 non
2882 5464 3043 5516 animi.
3064 5443 3149 5516 Ubi
3164 5439 3321 5515 ϐρῖἶιι.
3341 5439 3499 5516 (ἰδ’όθχ
3512 5439 3684 5523 hibet,
3696 5466 3739 5524 et

2158 5538 2250 5575 non
2263 5500 2424 5575 (tenui.
2438 5533 2545 5589 Lov.
2560 5500 2797 5576 vero’cum
2809 5500 3183 5589 θιῖιῖυοῖλιέξξὲι
3306 5500 3598 5588 ωΐῑιῗῖιζὲῑ

2158 5589 2377 5657 Denique
2397 5588 2504 5636 Bad.
2524 5595 2576 5636 et
2591 5597 2711 5656 Αιιι..
2729 5594 2773 5638 et
2795 5588 2903 5638 non,
2919 5588 3084 5640 (mimi.
3106 5611 3172 5629 -ι
3203 5598 3345 5640 Juxta
3363 5598 3478 5639 Ven.
3494 5623 3510 5648 ,
3529 5596 3737 5654 tempora

2159 5653 2208 5699 et
2223 5653 2367 5708 anui;
2385 5663 2477 5698 non
2492 5653 2654 5698 utut-ui.

2224 5709 2247 5742 ὀ
2269 5721 2444 5776 omnes
2463 5720 2566 5760 Mss.
2587 5711 2723 5774 Angl.
2747 5726 2758 5759 :
2779 5711 3041 5776 (inuitum
3055 5711 3201 5774 illius,
3222 5718 3305 5762 aut
3330 5709 3524 5776 deﬁnite
3539 5709 3738 5776 (lupina

2159 5769 2380 5836 tier-eota:
2395 5779 2531 5826 τοίω.
2549 5800 2613 5812 -—
2626 5769 2849 5836 ιῡηεοιω,
2863 5774 3002 5835 juxta
3019 5782 3092 5825 I'Lt'.
3113 5769 3212 5824 γετί·
3250 5769 3401 5836 ωειιί
3416 5782 3471 5824 ω.
