4078 6366
373 311 469 373 821

376 434 626 491 metimur
651 448 931 503 corporum
963 442 1170 501 motus,
1210 442 1265 489 et
1304 433 1527 488 dicimus
1554 432 1699 487 illum
1727 442 1947 493 motum,

370 524 519 581 verbi
552 526 752 599 gratia,
784 535 1020 601 tempore
1047 526 1206 595 duplo
1234 540 1352 582 esse
1390 524 1769 579 diuturniorem
1795 537 1950 593 quam

368 624 553 686 istum.
581 617 710 673 Nam
738 632 937 691 quaero,
969 618 1215 688 quoniam
1243 616 1357 671 dies
1383 615 1592 681 dicitur,
1614 630 1721 668 non
1746 621 1948 667 tantum

370 727 519 777 mora
538 711 661 769 solis
679 725 838 781 super
857 719 1070 779 terram,
1090 708 1377 771 secundum
1400 708 1540 779 quod
1561 705 1701 761 aliud
1718 714 1798 760 est
1812 704 1947 769 dies,

366 805 511 861 aliud
537 820 659 869 nos,
690 802 784 857 sed
808 802 969 858 etiam
1000 801 1159 856 totius
1190 802 1207 832 ¹
1236 799 1349 871 ejus
1378 799 1628 854 circuitus
1652 799 1717 853 ai;
1743 800 1949 856 oriente

364 912 536 966 usque
563 893 628 950 ad
658 894 939 957 orientem,
961 890 1250 948 secundum
1277 890 1415 973 quod
1446 891 1689 959 dicimus,
1713 890 1812 945 Tot
1835 905 1949 947 etes

367 990 721 1057 transierunt;
747 1003 866 1042 cum
887 988 995 1043 suis
1019 987 1157 1041 enim
1185 986 1423 1041 noctibus
1447 983 1695 1039 dicuntur
1716 992 1791 1038 tot
1810 984 1943 1051 dies,

366 1098 469 1137 nec
499 1090 645 1141 extra
682 1088 990 1148 reputantur
1030 1078 1195 1148 spatia
1235 1078 1464 1133 noctium
1495 1094 1506 1129 :
1532 1074 1781 1146 quoniam
1821 1091 1946 1145 ergo

319 1157 335 1194 ³
367 1174 483 1233 dies
508 1172 747 1242 expletur
772 1180 917 1237 motu
941 1170 1087 1235 solis,
1112 1178 1267 1238 atque
1288 1168 1505 1226 circuitu
1533 1168 1600 1221 ab
1624 1168 1826 1221 oriente
1854 1182 1945 1221 us—

362 1279 465 1334 que
502 1262 569 1321 ad
611 1262 899 1317 orientem;
928 1276 1105 1337 quaero
1139 1268 1310 1313 utrum
1350 1268 1521 1313 motus
1561 1258 1673 1329 ipse
1705 1259 1771 1311 sit
1805 1257 1941 1323 dies,

364 1368 434 1408 an
459 1368 606 1408 mora
638 1352 751 1421 ipsa
776 1360 969 1424 quanta
992 1350 1276 1422 peragitur,
1301 1366 1364 1404 an
1394 1359 1694 1418 utrumque.
1723 1349 1774 1403 Si
1802 1350 1941 1402 enim

360 1446 593 1518 primum
622 1442 734 1496 dies
760 1451 929 1506 esset;
958 1440 1069 1497 dies
1096 1458 1219 1510 ergo
1246 1450 1385 1497 esset
1414 1441 1620 1495 etiamsi
1654 1450 1795 1494 tanto
1817 1456 1940 1512 spa-

360 1534 436 1589 tio
463 1535 713 1603 temporis
737 1534 813 1587 sol
835 1549 1046 1588 cursum
1077 1532 1224 1587 illum
1255 1533 1557 1605 peregisset,
1588 1542 1839 1613 quantum
1863 1542 1943 1588 est

361 1626 510 1681 horae
537 1628 710 1681 unius.
753 1625 809 1679 Si
840 1626 1158 1692 secundum;
1193 1641 1294 1679 non
1323 1640 1449 1695 ergo
1480 1634 1618 1679 esset
1644 1626 1775 1689 dies,
1807 1626 1849 1679 si
1875 1625 1940 1680 ab

359 1728 481 1773 ortu
509 1718 637 1773 solis
675 1734 841 1787 usque
869 1718 917 1771 in
964 1726 1131 1770 ortum
1170 1718 1422 1783 alterum,
1449 1726 1553 1771 tam
1594 1717 1765 1771 brevis
1795 1734 1939 1770 mura

359 1820 503 1864 esset
528 1826 683 1877 quam
727 1818 807 1863 est
837 1810 978 1862 lim-1e
1005 1810 1186 1873 unius;
1217 1809 1306 1867 sed
1339 1810 1499 1862 vicies
1530 1816 1582 1861 et
1621 1818 1806 1879 quater
1833 1810 1937 1862 cir-

360 1903 585 1955 cumiret
615 1902 690 1955 sol
736 1910 791 1954 ut
819 1902 1054 1971 expleret
1092 1902 1251 1955 diem.
1294 1901 1347 1954 Si
1381 1912 1697 1970 utrumque;
1730 1917 1823 1954 nec
1854 1901 1938 1955 ille

360 1994 714 2063 appellaretur
741 1994 875 2060 dies,
908 1994 950 2047 si
992 1994 1134 2046 ItOl‘Jl
1162 1993 1329 2064 Spatio
1356 1993 1434 2046 sol
1466 2002 1628 2047 totum
1662 2010 1812 2047 suum
1844 2009 1941 2064 gy-

357 2099 479 2139 rum
508 2085 842 2149 circumiret;
874 2099 971 2137 ncc
999 2084 1084 2137 ille
1111 2085 1134 2114 ’
1155 2124 1170 2148 ,
1202 2085 1246 2137 si
1289 2084 1398 2137 sole
1454 2092 1695 2139 cessante
1736 2092 1937 2139 tantum

364 2179 619 2247 tamporis
645 2177 955 2246 prtetcriret,
984 2185 1177 2244 quanto
1206 2191 1454 2247 peragere
1477 2176 1555 2230 sol
1580 2183 1743 2229 totum
1767 2176 1935 2231 ambi-

361 2275 473 2323 tum
502 2266 566 2323 de
592 2282 747 2325 mane
774 2266 825 2318 in
855 2281 1007 2319 mane
1034 2267 1244 2319 assolet.
1288 2266 1399 2319 Non
1425 2266 1598 2335 itaque
1630 2283 1769 2321 nunc
1789 2284 1935 2338 qua:-

354 2373 469 2412 ram
492 2357 613 2426 quid
630 2356 697 2413 sit
721 2357 844 2411 illud
868 2355 1005 2425 quod
1026 2365 1237 2409 vocatur
1257 2355 1484 2422 dies,sed
1506 2357 1627 2428 quid
1649 2358 1715 2411 sit
1734 2365 1936 2429 tempus

356 2467 464 2519 quo
489 2450 766 2503 metientes
792 2450 919 2503 solis
944 2448 1239 2515 circuitum,
1258 2448 1552 2503 diceremus
1576 2465 1694 2504 cum
1717 2451 1935 2506 dimidio

351 2542 526 2611 spatio
557 2541 806 2610 temporis
836 2549 1109 2610 peractum
1138 2541 1313 2595 minus
1340 2557 1497 2610 quam
1527 2542 1681 2608 solet,
1713 2543 1756 2595 si
1787 2549 1933 2596 tanto

350 2633 528 2703 spatio
548 2633 801 2698 temporis
828 2642 1071 2702 peractus
1096 2641 1257 2698 esset,
1275 2641 1471 2703 quanto
1490 2642 1813 2704 peraguntur
1832 2633 1932 2689 bo-

349 2739 426 2779 ne
453 2724 729 2785 duodecim
751 2742 765 2790 ;
790 2734 845 2781 et
866 2734 1148 2794 utrumque
1168 2734 1373 2793 tempus
1396 2736 1763 2796 comparantes
1782 2727 1931 2783 dice-

352 2830 538 2871 remus
560 2816 687 2873 iiiud
713 2818 985 2886 simplum,
1015 2819 1115 2872 boc
1143 2818 1396 2889 duplum,
1419 2819 1624 2873 etiamsi
1654 2820 1933 2891 aliquando

354 2907 450 2962 illo
477 2908 686 2977 sintpio,
718 2909 1000 2979 alienatum
1025 2910 1126 2965 isto
1156 2910 1316 2980 duplo
1342 2910 1421 2967 sol
1449 2910 1513 2965 ab
1534 2911 1739 2965 oriente
1765 2927 1932 2980 usque

348 2998 419 3053 ad
446 3000 709 3056 orientem
739 3001 1059 3065 circumiret.
1100 3002 1265 3059 Nemo
1290 3017 1417 3071 ergo
1442 3002 1571 3063 mihi
1596 3003 1739 3059 dicat
1766 3004 1931 3060 etule-

346 3091 508 3145 stium
526 3106 807 3160 corporum
828 3102 1002 3149 motus
1018 3107 1135 3148 eSSe
1154 3102 1395 3163 tempora
1415 3111 1426 3145 :
1449 3094 1569 3167 quia
1590 3103 1642 3150 et
1658 3094 1929 3164 cujusdam

346 3194 475 3238 voto
493 3199 613 3240 eum
636 3186 718 3239 sol
750 3187 985 3243 stetisset
1013 3186 1187 3257 (Iosue
1208 3203 1267 3254 ιι,
1294 3187 1358 3242 15
1385 3187 1436 3257 );
1468 3196 1524 3249 υι
1549 3188 1887 3243 ιὶειοιτὶαειιιιι
1910 3189 1931 3221 ⁸

345 3275 587 3344 pretium
616 3286 931 3347 perageret,
960 3278 1039 3332 sol
1068 3279 1270 3346 stabat,
1302 3278 1395 3333 sed
1428 3286 1635 3347 tempus
1661 3278 1787 3332 ibat.
1830 3280 1931 3334 Per

336 3380 500 3420 suum
544 3368 736 3437 quippe
774 3368 1005 3438 Spatium
1050 3370 1338 3439 temporis,
1368 3368 1508 3438 quod
1548 3369 1599 3425 ei
1642 3368 1928 3436 sufﬁceret,

341 3454 433 3511 illa
461 3472 632 3527 pugna
658 3468 804 3529 gesta
831 3468 989 3530 atque
1020 3460 1164 3514 ﬁnita
1194 3470 1294 3517 est.
1330 3460 1495 3515 Video
1520 3460 1680 3530 igitur
1723 3470 1929 3530 tempus

345 3549 630 3618 quamdam
649 3565 768 3607 esse
788 3551 1182 3608 distentionem.
1206 3552 1309 3611 Sed
1328 3551 1496 3616 video,
1517 3568 1585 3613 an
1603 3552 1778 3615 videre
1796 3553 1927 3611 mihi

342 3641 570 3697 videor?
607 3642 687 3698 Tu
706 3642 1117 3711 demonstrabas,
1150 3643 1283 3710 Lux,
1316 3642 1542 3699 Veritas.

945 3758 1171 3813 CAPUT
1210 3758 1400 3813 XXIV.

503 3824 725 3899 femina
761 3838 833 3884 est
868 3845 967 3899 quo
1006 3830 1237 3884 metimur
1276 3839 1465 3885 malum
1500 3830 1746 3900 corporis.

417 3916 508 3972 δι.
547 3916 710 3973 Iubes
742 3928 801 3973 ut
836 3919 1121 3987 approbent
1169 3920 1213 3974 si
1247 3921 1367 3988 quis
1406 3918 1546 3976 dicat
1580 3929 1785 3989 tempus
1810 3934 1929 3975 esse

350 4018 547 4063 motum
568 4011 842 4079 corporis?
862 4011 974 4063 Non
998 4011 1174 4079 jubes.
1205 4011 1335 4075 Nam
1356 4026 1547 4080 corpus
1572 4013 1795 4081 nullum,
1820 4008 1926 4070 nisi

342 4098 397 4154 in
427 4108 682 4168 tempore,
706 4102 907 4157 moveri
928 4102 1121 4157 audio:
1151 4101 1384 4159 tudinis.
1412 4103 1588 4172 Ipsum
1610 4112 1787 4160 autem
1808 4122 1926 4160 cor-

342 4192 491 4262 poris
525 4200 727 4248 motum
761 4201 967 4262 tempus
1004 4209 1122 4252 esse
1161 4210 1268 4249 non
1296 4194 1491 4249 audio:
1522 4212 1624 4251 non
1675 4205 1731 4251 tu
1768 4197 1919 4253 dicis.

342 4279 478 4335 Cum
505 4282 645 4335 enim
670 4293 916 4337 movetur
943 4298 1136 4351 corpus
1153 4325 1167 4349 ,
1200 4292 1436 4353 tempore
1458 4288 1648 4341 metior
1674 4289 1922 4357 quamdiu

341 4381 636 4438 moveatur,
668 4388 734 4429 ex
762 4389 868 4443 quo
892 4375 1092 4433 moveri
1334 4376 1501 4432 donec
1526 4378 1750 4441 desinat.
1780 4381 1846 4435 Et
1874 4381 1919 4435 si

341 4479 449 4517 non
479 4463 584 4517 vidi
616 4478 683 4517 ex
716 4479 820 4534 quo
842 4466 1019 4533 coepit,
1050 4474 1103 4521 et
1128 4476 1432 4535 perseverat
1476 4472 1699 4537 moveri,
1727 4480 1787 4525 ut
1813 4487 1916 4528 non

340 4550 551 4606 videam
581 4568 701 4609 cum
738 4552 959 4621 desinit;
991 4571 1095 4611 non
1133 4557 1284 4613 valeo
1322 4559 1518 4626 metiri,
1552 4560 1651 4615 nisi
1680 4561 1817 4618 forte
1852 4579 1918 4620 ex

344 4655 453 4709 quo
479 4642 658 4697 videre
684 4644 882 4713 incipio
906 4646 1077 4703 donec
1101 4647 1361 4705 desinam.
1394 4650 1541 4717 Quod
1568 4652 1613 4706 si
1630 4652 1719 4707 diu
1741 4655 1913 4724 video,

340 4736 709 4792 tantummodo
728 4737 941 4807 longum
964 4749 1172 4811 tempus
1184 4758 1305 4797 esse
1324 4745 1590 4810 renuntio,
1614 4761 1719 4800 non
1740 4758 1915 4802 autem

335 4834 594 4892 quantum
608 4829 712 4893 sit;
735 4830 858 4899 quia
875 4838 932 4890 et
946 4842 1204 4902 quantum
1227 4849 1344 4888 cum
1366 4835 1608 4901 dicimus,
1635 4839 1915 4895 collatione

336 4912 602 4983 dicimus;
631 4919 793 4986 velut,
823 4919 1048 4976 Tantum
1078 4924 1177 4977 hoc
1197 4934 1449 4993 quantum
1481 4926 1641 4993 illud;
1668 4938 1777 4993 aut,
1808 4930 1916 4984 Du-

335 5005 484 5076 plum
509 5007 608 5064 hoc
624 5009 688 5064 ad
716 5010 865 5079 illud,
886 5021 944 5067 et
961 5013 1007 5066 si
1027 5013 1151 5082 quid
1170 5014 1309 5070 aliud
1334 5017 1436 5070 isto
1458 5017 1635 5072 modo.
1662 5018 1718 5074 Si
1738 5029 1911 5074 autem

310 5088 527 5155 \aotare
552 5103 877 5169 potuerimus
902 5104 1138 5160 locorum
1165 5108 1353 5176 spatia,
1372 5108 1514 5165 unde
1538 5120 1590 5165 et
1610 5127 1716 5181 quo
1741 5114 1915 5168 veniat

334 5201 534 5260 corpus
561 5193 702 5261 quod
732 5205 993 5263 movetur,
1023 5198 1102 5250 vel
1135 5208 1310 5266 partes
1334 5199 1446 5269 ejus
1465 5241 1480 5267 ,
1508 5204 1551 5256 si
1581 5211 1827 5273 tanquam
1857 5206 1909 5261 in

334 5290 493 5340 torno
513 5296 773 5352 movetur,
789 5304 1067 5358 possumus
1088 5290 1262 5346 dicere
1278 5302 1528 5361 quantum
1548 5296 1621 5349 sit
1640 5290 1909 5367 tempore,

327 5390 400 5434 ex
426 5392 535 5448 quo
560 5378 627 5434 ab
660 5379 752 5435 illo
776 5381 893 5435 loco
919 5395 1086 5451 usque
1119 5382 1185 5436 ad
1213 5383 1358 5439 illum
1382 5385 1559 5440 tecum
1580 5397 1761 5444 motus
1784 5406 1910 5446 cor-

328 5570 366 5623 s
381 5515 613 5623 ἕως,
630 5516 768 5578 juxta
797 5522 870 5567 Er.
900 5525 1019 5568 Ven.
1050 5520 1196 5585 Lugd.
1222 5528 1393 5571 Somm.
1419 5524 1538 5573 Dub.
1560 5530 1610 5575 et
1642 5526 1782 5575 ttond.
1803 5539 1914 5577 cum

729 5646 802 5690 Br.
824 5649 941 5692 ven.
960 5643 1106 5706 Lugd.
1169 5651 1207 5692 M

334 5682 1141 5813 Ιὼῶῗιιῖἑινιῖὀιῖτῶὶιι
1503 5717 1607 5761 uss.
1626 5717 1712 5775 ,ιιι
1754 5710 1913 5765 Victor

1669 316 1868 371 LIBER
1906 312 2315 375 UNDECISIUS.

3521 345 3626 401 8‘22

2059 438 2203 507 poris
2232 440 2313 493 vel
2344 443 2504 509 partis
2529 444 2641 513 ejus
2667 447 2882 505 effectus
2907 461 3004 505 est.
3022 452 3151 509 Cum
3181 456 3354 527 itaque
3383 458 3524 512 aliud
3555 460 3624 513 sit

2057 539 2229 585 motus
2255 536 2511 603 corporis,
2541 537 2681 591 aliud
2710 556 2812 609 quo
2838 543 3085 599 metimur
3108 546 3357 616 quamdiu
3379 549 3479 616 sit;
3507 550 3625 619 quis

2056 634 2160 707 non
2189 625 2381 679 sentiat
2405 628 2529 697 quid
2557 630 2743 685 borum
2769 634 2942 702 potius
2970 646 3175 707 tempus
3208 639 3487 694 dicendum
3525 642 3629 696 sit?

2055 705 2185 764 Nam
2223 714 2320 768 etsi
2348 717 2490 771 varie
2518 733 2708 789 corpus
2736 722 3017 795 aliquando
3042 705 3286 783 movetur
3304 770 3317 794 ,
3346 730 3627 800 aliquando

2054 808 2191 868 stat;
2226 819 2329 859 non
2360 810 2528 862 solum
2568 821 2768 867 motum
2796 815 2929 884 ejus,
2956 818 3048 872 sed
3078 819 3236 874 etiam
3266 829 3459 875 statum
3490 828 3625 875 tem--

2053 904 2181 960 pore
2210 898 2489 966 metimur;
2518 912 2571 957 et
2612 904 2835 961 dicimus
2856 949 2869 971 ,
2902 908 3127 963 Tantum
3166 913 3309 967 stetit
3331 955 3345 979 ,
3371 922 3623 983 quantum

2051 993 2252 1039 motum
2274 998 2351 1043 est
2376 1007 2389 1057 ;
2413 1000 2523 1061 aut,
2544 995 2714 1065 Duplo
2730 1000 2813 1053 vel
2837 999 2996 1069 triplo
3016 1003 3181 1070 stetit,
3200 1003 3265 1058 ad
3287 1004 3338 1058 id
3358 1004 3498 1074 quod
3521 1021 3621 1060 mo-

2053 1083 2163 1130 tum
2191 1089 2307 1145 est;
2341 1091 2393 1136 et
2431 1084 2475 1138 si
2513 1086 2635 1156 quid
2672 1090 2807 1143 aliud
2836 1101 3014 1147 nostra
3045 1094 3304 1149 dimensio
3332 1097 3442 1151 sive
3474 1112 3623 1152 com-

2052 1168 2387 1235 prehenderit
2416 1176 2524 1230 sive
2553 1179 2949 1249 existimaverit,
2983 1191 3041 1237 ut
3066 1185 3169 1239 dici
3191 1187 3327 1242 solet
3349 1226 3364 1253 ,
3384 1187 3500 1256 plus
3521 1189 3623 1242 mi-

2049 1273 2167 1314 nus.
2199 1261 2312 1317 Non
2342 1274 2421 1320 est
2448 1284 2572 1339 ergo
2604 1279 2809 1341 tempus
2837 1276 3073 1344 corporis
3099 1288 3291 1333 motus.

2628 1382 2851 1439 CAPUT
2888 1384 3055 1439 XXV.

2470 1450 2679 1526 Rursus
2702 1453 2863 1507 Deum
2898 1457 3196 1526 interpellat.

2115 1512 2223 1567 32;
2247 1515 2312 1569 Et
2340 1521 2600 1576 conﬁteor
2624 1524 2739 1589 tibi,
2768 1526 3008 1592 Domine,
3027 1512 3284 1597 ignorare
3330 1545 3416 1585 me
3444 1531 3621 1589 adhuc

2045 1605 2170 1673 quid
2193 1607 2258 1661 sit
2280 1616 2514 1679 tempus;
2534 1621 2583 1670 et
2606 1629 2786 1669 rursus
2807 1617 3061 1673 conﬁteor
3080 1619 3193 1683 tibi,
3218 1621 3458 1689 Domine,
3480 1624 3618 1679 so'u‘e

2045 1710 2129 1749 me
2152 1697 2206 1751 in
2227 1704 2464 1768 tempore
2490 1702 2587 1758 ista
2607 1704 2804 1773 dicere,
2820 1713 2875 1761 et
2897 1708 2983 1760 diu
3008 1724 3092 1763 me
3109 1709 3216 1779 jam
3241 1711 3379 1781 loqui
3401 1713 3466 1771 de
3490 1722 3619 1769 tem-

2045 1802 2191 1856 pore,
2215 1801 2370 1861 atque
2390 1794 2562 1863 ipsum
2584 1796 2669 1850 diu
2690 1813 2795 1851 non
2817 1812 2933 1853 esse
2952 1800 3041 1853 diu
3059 1801 3158 1855 nisi
3176 1817 3324 1856 mora
3340 1806 3615 1874 temporis.

2043 1880 2318 1947 Quomodo
2348 1886 2507 1954 igitur
2530 1889 2635 1944 boc
2658 1892 2790 1957 seio,
2820 1893 3031 1961 quando
3055 1894 3179 1963 quid
3204 1896 3270 1950 sit
3297 1904 3503 1965 tempus
3524 1913 3620 1952 ne-

2042 1973 2152 2025 scio
2168 1974 2190 2026 ?
2206 1978 2283 2028 An
2307 1976 2443 2033 (uno
2466 1982 2645 2035 nescio
2659 1984 3103 2052 quemadmodum
3121 1986 3290 2040 dicam
3310 1988 3449 2057 quod
3467 1988 3617 2043 scio?

2042 2064 2140 2121 Hei
2168 2070 2296 2123 milii
2327 2073 2413 2141 qui
2444 2076 2622 2129 nescio
2645 2077 2832 2131 saltem
2858 2078 2983 2148 quid
3011 2081 3279 2135 nesciam!
3306 2082 3463 2147 Ecce,
3478 2082 3617 2138 Deus

2040 2174 2212 2228 meus,
2245 2178 2422 2219 coram
2442 2176 2505 2221 'tc
2524 2208 2538 2235 ,
2567 2170 2688 2238 quia
2714 2185 2820 2224 non
2850 2173 3113 2239 mentior;
3142 2175 3279 2229 sicut
3308 2175 3512 2245 loquor,
3546 2176 3617 2231 ita

2040 2262 2123 2305 est
2136 2268 2229 2307 cor
2242 2270 2437 2311 meum.
2460 2258 2541 2313 Tu
2558 2260 2875 2317 illuminabis
2896 2264 3163 2319 lucernam
3185 2282 3378 2333 meam,
3395 2267 3618 2323 Domine

2040 2345 2180 2402 Deus
2201 2364 2369 2419 meus,
2386 2351 2708 2409 illuminabis
2730 2357 2973 2411 tenebras
2990 2374 3135 2414 meas
3164 2358 3330 2431 (Psal.
3350 2376 3477 2427 xvn,
3496 2361 3614 2430 ‘25).

2630 2445 2856 2502 CAPUT
2896 2449 3084 2504 XXVI.

2448 2533 2709 2599 Quomodo
2749 2546 2941 2607 tempus
2980 2541 3227 2594 metimur.

2110 2620 2196 2674 55.
2237 2620 2422 2677 Nonne
2462 2626 2555 2679 tibi
2592 2628 2869 2683 conﬁtetur
2907 2631 3079 2685 anima
3122 2647 3237 2685 mea
3281 2632 3617 2689 confessione

2037 2713 2266 2768 veridica
2314 2716 2487 2770 metiri
2514 2733 2598 2772 me
2632 2721 2905 2789 tempora?
2936 2721 3099 2786 Itane,
3133 2723 3268 2777 Deus
3306 2739 3475 2788 meus,
3501 2740 3617 2779 me-

2034 2804 2161 2871 tior,
2190 2814 2243 2860 et
2275 2807 2399 2877 quid
2440 2811 2626 2864 metiar
2654 2813 2877 2866 nescio?
2916 2813 3099 2867 Metior
3133 2818 3335 2868 motum
3372 2816 3614 2884 corporis

2038 2905 2276 2967 tempore
2294 2916 2307 2964 ;
2326 2900 2451 2955 item
2474 2902 2643 2972 ipsum
2664 2915 2869 2973 tempus
2886 2921 2989 2959 non
3011 2908 3234 2961 metior?
3250 2908 3329 2961 An
3354 2923 3483 2962 vero
3496 2922 3615 2962 cor-

2035 2989 2179 3057 poris
2199 3001 2399 3044 motum
2423 2994 2637 3049 metirer
2660 2996 2910 3064 quamdiu
2940 2998 3025 3062 sit,
3057 3007 3111 3050 et
3131 2998 3377 3065 quamdiu
3408 2998 3529 3051 hinc
3548 2998 3614 3051 Η·-

2034 3078 2122 3134 Iuc
2151 3090 2451 3151 perveniat,
2481 3084 2582 3139 nisi
2613 3095 2818 3156 tempus
2847 3089 2899 3142 in
2927 3104 3033 3158 quo
3074 3099 3317 3145 movetur
3354 3089 3613 3145 metirer?

2034 3172 2209 3241 Ipsum
2229 3190 2354 3245 ergo
2376 3185 2589 3246 tempus
2608 3179 2746 3234 unde
2768 3182 2991 3235 metior?
3013 3181 3093 3233 An
3114 3191 3351 3250 tempore
3367 3180 3613 3236 breviore

2030 3266 2284 3319 metimur
2307 3266 2531 3337 longius,
2561 3271 2696 3325 sicut
2721 3271 2893 3340 spatio
2918 3272 3077 3328 cubiti
3107 3274 3333 3341 spatium
3352 3273 3614 3328 transtri?

2028 3356 2120 3410 Sic
2140 3357 2281 3412 enim
2303 3360 2544 3415 videmur
2566 3365 2734 3431 spatio
2752 3364 2929 3418 brevis
2949 3365 3169 3436 syilabaz
3188 3366 3361 3420 metiri
3383 3365 3613 3435 spatium

2032 3446 2204 3517 longa:
2234 3450 2468 3520 syilabze,
2496 3461 2651 3523 atque
2686 3454 2736 3508 id
2763 3455 2981 3524 duplum
3008 3456 3204 3513 dicere.
3244 3456 3321 3512 Ita
3362 3457 3613 3519 metiatur

2030 3541 2201 3608 spatia
2228 3544 2519 3597 carminum
2544 3544 2729 3615 spatiis
2756 3561 3000 3601 versuum
3018 3587 3031 3611 ,
3065 3556 3119 3602 et
3152 3549 3319 3617 spatia
3358 3563 3611 3603 versuum

2032 3634 2217 3701 spatiis
2242 3633 2457 3703 pedum,
2480 3644 2534 3690 et
2561 3637 2729 3705 spatia
2754 3638 2944 3707 pedum
2974 3640 3158 3709 spatiis
3185 3639 3527 3708 syllabarum,
3555 3647 3612 3694 et

2026 3722 2200 3792 spatia
2231 3723 2505 3795 longarum
2528 3727 2711 3796 spatiis
2730 3727 2970 3783 brevium
2992 3745 3138 3787 anon
3162 3730 3215 3785 in
3236 3729 3441 3800 paginis
3460 3729 3609 3801 (nam

2030 3827 2100 3869 eo
2137 3816 2296 3871 modo
2320 3817 2439 3871 loca
2473 3819 2749 3885 metimur,
2778 3835 2883 3875 non
2922 3821 3213 3892 tempore),
3238 3821 3340 3881 sed
3367 3835 3487 3877 cum
3514 3835 3610 3876 vo-

2023 3919 2119 3961 ces
2145 3909 2535 3976 pronuntiando
2560 3918 2848 3977 transeunt,
2878 3921 2934 3967 et
2960 3913 3204 3981 dicimus,
3225 3913 3463 3984 Longum
3492 3929 3610 3969 car-

2029 4011 2153 4053 men
2181 4007 2294 4066 est,
2328 4015 2447 4055 nam
2475 4009 2556 4057 tot
2579 4004 2818 4059 versibus
2850 4006 3181 4071 contexitur;
3202 4005 3351 4076 iungi
3389 4020 3602 4073 verane,

2029 4105 2149 4144 nam
2182 4100 2261 4146 tot
2288 4093 2515 4163 pedibus
2555 4105 2833 4163 constant;
2863 4097 3004 4166 longi
3020 4096 3209 4165 pedes,
3230 4112 3360 4153 nam
3382 4105 3466 4152 (tot
3494 4098 3605 4168 syl-
3648 4094 3651 4097 ’

2024 4182 2160 4238 iubis
2188 4184 2510 4253 tenduntur;
2533 4187 2689 4258 longa
2718 4188 2938 4259 syiiaba,
2960 4203 3085 4242 nam
3104 4188 3267 4258 dupla
3284 4194 3368 4242 est
3390 4187 3455 4242 ad
3477 4187 3604 4243 bne-

2026 4289 2168 4329 vem.
2209 4275 2314 4331 Sed
2358 4292 2531 4347 neque
2559 4277 2628 4332 ita
2670 4279 3135 4349 comprehenditur
3173 4288 3318 4335 certe
3354 4294 3603 4337 mensura

2026 4367 2298 4433 temporis,
2324 4370 2749 4440 quandoquidem
2788 4372 2902 4426 ﬁeri
2932 4380 3183 4442 potestut
3206 4372 3450 4442 ampliori
3480 4386 3603 4442 spa-

2025 4456 2099 4511 tio
2126 4460 2412 4528 temporis,
2446 4471 2696 4528 personet
2733 4477 2917 4517 versus
2960 4463 3170 4518 brevior
3206 4464 3252 4517 si
3296 4464 3602 4533 productius

2022 4549 2411 4619 pronuntietur,
2435 4565 2591 4619 quam
2617 4551 2825 4621 longior
2844 4553 2885 4606 si
2913 4555 3226 4623 correptius.
3257 4554 3333 4608 Ita
3358 4570 3597 4623 eamea,

2016 4640 2094 4694 ita
2136 4654 2247 4709 pes,
2276 4640 2347 4693 ita
2386 4642 2605 4711 syllaba.
2644 4641 2773 4698 Inde
2800 4643 2932 4697 mibi
2962 4645 3131 4699 visura
3171 4646 3442 4713 est,nihil
3478 4660 3600 4703 esse

2020 4732 2161 4786 aliud
2187 4740 2396 4801 tempus
2431 4747 2588 4802 quam
2623 4733 2993 4790 distentionem
3028 4754 3042 4789 :
3073 4737 3167 4792 sed
3191 4739 3340 4808 cujus
3360 4738 3473 4805 rei,
3498 4753 3598 4793 ne-

2014 4823 2165 4888 scio;
2194 4833 2247 4877 ct
2266 4822 2458 4877 mirum
2480 4824 2525 4877 si
2546 4839 2651 4878 non
2678 4824 2841 4895 ipsius
2860 4826 3196 4894 animi.Quid
3220 4830 3360 4884 enim
3376 4827 3593 4897 metior,

2019 4914 2273 4980 oliseoro,
2301 4915 2441 4970 Deus
2464 4930 2618 4971 meus
2638 4958 2652 4984 ,
2684 4926 2739 4972 et
2774 4918 2893 4973 dico
2932 4927 3021 4973 aut
3046 4919 3334 4985 indeﬁnite,
3366 4920 3597 4991 Longius

2018 5014 2102 5061 est
2129 5007 2229 5061 hoc
2258 5015 2465 5077 tempus
2504 5024 2663 5078 quam
2702 5008 2862 5075 illud;
2892 5018 2983 5064 aut
3018 5011 3177 5066 etiam
3203 5011 3419 5067 deﬁnite
3438 5054 3453 5081 ,
3485 5013 3597 5068 Du-

2019 5097 2166 5166 plum
2204 5107 2285 5152 est
2326 5098 2427 5153 hoc
2460 5099 2527 5152 ad
2577 5100 2743 5154 illud?
2784 5102 3017 5170 Tempus
3058 5103 3279 5168 metior,
3320 5104 3432 5158 scio
3460 5122 3474 5158 :
3502 5104 3596 5161 sed

2019 5204 2125 5243 non
2155 5190 2344 5244 metior
2381 5191 2646 5258 futurum,
2670 5193 2789 5262 quia
2838 5193 3073 5248 nondum
3109 5203 3224 5258 est;
3257 5210 3365 5249 non
3403 5196 3597 5252 metior

2017 5293 2274 5349 praesens,
2302 5281 2424 5351 quia
2455 5282 2601 5337 nullo
2631 5284 2800 5352 spatio
2830 5283 3093 5351 tenditur;
3117 5300 3223 5339 non
3244 5287 3435 5342 metior
3459 5302 3589 5358 prte-

2012 5373 2253 5440 teritum,
2271 5374 2392 5443 quia
2410 5374 2518 5445 jam
2540 5384 2765 5431 nonest.
2793 5376 2931 5444 Quid
2954 5392 3081 5448 ergo
3100 5378 3331 5433 metior?
3355 5380 3435 5434 An
3458 5394 3591 5449 prm-

2017 5466 2279 5521 tereuntia
2306 5473 2565 5536 tempora,
2596 5482 2702 5522 non
2732 5469 3039 5538 praeterita?
3064 5470 3141 5525 sic
3163 5470 3303 5526 enim
3330 5471 3589 5528 dixeram.

2585 5582 2815 5640 CAPUT
2852 5582 3066 5638 XXVII.

2116 5672 2375 5739 Quomodo
2414 5675 2643 5728 metimur
2682 5684 2875 5748 tempus
2912 5692 3205 5747 permanens
3241 5677 3293 5731 in
3329 5693 3517 5731 animo.

2092 5768 2181 5824 54.
2221 5766 2430 5827 Insiste.
2460 5768 2634 5825 anime
2660 5784 2830 5830 meus.
2857 5778 2913 5827 et
2937 5768 3153 5828 attende
3179 5768 3386 5827 fortiter
3412 5787 3427 5826 :
3452 5770 3591 5826 Dem
