4078 6366
393 384 607 469 ossa

506 496 713 567 adjutor
740 502 947 558 noster;
982 493 1094 562 ipse
1120 488 1243 545 fecit
1270 499 1397 551 nos,
1430 491 1484 539 et
1520 496 1628 538 non
1653 482 1752 552 ipsi
1782 496 1879 538 nos
1904 479 2071 549 (Psal.

498 601 622 643 xcrx
647 627 662 651 ,
680 584 757 656 5).
798 572 1025 639 Attende
1045 583 1133 637 ubi
1152 580 1373 635 albescit
1396 578 1610 632 veritas.
1642 574 1778 628 Ecce
1800 577 1943 639 puta,
1964 578 2066 619 vox

495 677 734 747 corporis
760 675 941 745 incipit
979 687 1188 738 sonare,
1217 680 1272 728 et
1313 677 1498 736 sonat,
1525 676 1580 723 et
1602 665 1773 722 adhuc
1798 666 1982 723 sonat,
2014 663 2069 710 et

493 783 623 825 ecce
671 767 902 832 desinit;
946 767 1161 837 jamque
1195 763 1460 818 silentium
1487 766 1588 825 est,
1618 763 1673 813 et
1691 769 1793 809 vox
1813 752 1899 807 illa
1926 761 2065 820 prae-

496 859 650 916 terita
668 866 767 924 est,
784 867 838 914 et
851 871 955 913 non
971 864 1053 913 est
1066 856 1173 926 jam
1194 868 1317 910 vox.
1334 852 1529 908 Futura
1550 854 1662 904 erat
1680 852 1959 914 antequam
1980 853 2068 895 so-

496 961 667 1016 naret,
685 959 862 1008 etnon
883 958 1089 1021 poterat
1111 947 1306 1013 metiri,
1323 946 1445 1016 quia
1461 940 1694 999 nondum
1713 946 1846 1003 erat,
1860 944 1914 991 et
1928 946 2067 988 nunc

496 1059 603 1099 non
628 1050 824 1114 potest,
850 1042 969 1112 quia
994 1040 1100 1110 jam
1125 1054 1230 1095 non
1255 1046 1355 1093 est.
1385 1035 1537 1092 Tunc
1559 1047 1686 1103 ergo
1714 1035 1920 1101 poterat
1946 1040 2067 1081 cum

495 1134 737 1199 sonabat,
759 1134 878 1203 quia
908 1140 1032 1187 tunc
1051 1139 1164 1186 erat
1183 1142 1299 1198 quae
1319 1125 1493 1181 metiri
1518 1130 1715 1194 posset.
1742 1119 1851 1176 Sed
1874 1126 1927 1172 et
1944 1126 2068 1172 tunc

497 1239 603 1281 non
644 1225 855 1290 stabat;
898 1222 1005 1277 ibat
1030 1222 1173 1277 enim
1199 1228 1254 1275 et
1293 1216 1613 1289 praeteribat.
1646 1213 1725 1268 An
1756 1211 1872 1266 ideo
1903 1209 2069 1278 magis

497 1314 738 1386 poterat?
765 1312 1078 1369 Prteteriens
1111 1311 1253 1366 enim
1290 1307 1600 1364 tendebatur
1628 1304 1681 1358 in
1709 1300 1920 1371 aliquod
1949 1314 2070 1368 spa-

494 1406 625 1461 tium
663 1404 916 1473 temporis
951 1417 1057 1472 quo
1100 1400 1274 1455 metiri
1318 1405 1530 1467 posset,
1553 1394 1798 1466 quoniam
1832 1403 2068 1462 praesens

493 1495 695 1551 nullum
718 1495 874 1550 habet
892 1494 1142 1563 spatium.
1167 1490 1223 1546 Si
1243 1504 1371 1561 ergo
1391 1496 1515 1543 tunc
1531 1491 1756 1556 poterat,
1776 1498 1899 1537 ecce
1918 1490 2064 1551 puta,

493 1588 655 1642 altera
674 1586 836 1657 coepit
860 1598 1070 1648 sonare,
1094 1591 1148 1638 et
1168 1580 1341 1636 adhuc
1360 1586 1532 1643 sonat,
1555 1576 1859 1632 continuato
1884 1582 2069 1627 tenore

492 1678 607 1732 sine
627 1677 731 1731 ulla
751 1675 1087 1731 distinctione
1112 1691 1125 1727 :
1148 1672 1431 1726 metiamur
1451 1683 1565 1723 eam
1587 1666 1711 1722 dum
1736 1673 1922 1727 sonat;
1947 1678 2067 1720 cum

492 1768 636 1824 enim
665 1782 855 1823 sonare
878 1764 1185 1827 cessaverit,
1208 1763 1317 1833 jam
1338 1759 1606 1832 prteterita
1627 1758 1748 1821 erit,
1764 1765 1818 1812 et
1841 1771 1945 1811 non
1967 1755 2069 1810 erit

493 1874 612 1929 quae
628 1857 797 1927 possit
819 1856 994 1913 metiri
1016 1871 1033 1920 ;
1058 1856 1340 1920 metiamur
1358 1853 1512 1922 plane
1541 1858 1594 1906 et
1616 1850 1852 1905 dicamus
1873 1854 2068 1917 quanta

493 1952 579 2005 sit.
598 1950 702 2005 Sed
719 1949 891 2004 adhuc
906 1956 1077 2014 sonat,
1108 1962 1205 2002 nec
1234 1946 1407 2001 metiri
1426 1950 1597 2015 potest
1623 1942 1723 1996 nisi
1741 1940 1807 1994 ab
1823 1938 2068 1994 initiosui

494 2057 601 2110 quo
627 2055 821 2097 sonare
842 2039 1023 2110 coepit,
1056 2054 1221 2109 usque
1245 2037 1310 2092 ad
1339 2037 1497 2091 ﬁnem
1517 2049 1622 2105 quo
1652 2033 1862 2088 desiuit.
1894 2031 2067 2101 Ipsum

494 2134 688 2205 quippe
733 2133 1060 2187 intervallum
1101 2132 1347 2185 metimur
1388 2129 1456 2183 ab
1498 2128 1673 2197 aliquo
1711 2125 1861 2179 initio
1902 2138 2071 2193 usque

494 2225 561 2280 ad
589 2225 817 2293 aliquem
847 2223 1023 2277 ﬁnem.
1054 2222 1386 2291 Quapropter
1404 2234 1506 2273 vox
1531 2233 1647 2289 quae
1672 2215 1903 2272 nondum
1925 2216 2070 2269 ﬁnita

493 2324 597 2380 est,
626 2314 799 2370 metiri
830 2328 936 2368 non
961 2323 1153 2384 potest,
1183 2320 1240 2367 ut
1264 2312 1468 2366 dicatur
1487 2324 1643 2379 quam
1670 2308 1824 2377 longa
1852 2307 1931 2361 vel
1953 2306 2072 2361 bre-

494 2408 574 2463 vis
603 2408 709 2473 sit;
742 2422 841 2461 nec
877 2406 982 2461 dici
1025 2413 1116 2460 aut
1152 2404 1369 2475 aequalis
1408 2402 1585 2467 alicui,
1616 2407 1706 2455 aut
1738 2399 1804 2454 ad
1842 2397 2072 2468 aliquam

493 2500 682 2569 simpla
700 2498 785 2555 vel
805 2498 986 2569 dupla,
1006 2499 1089 2553 vel
1110 2497 1235 2566 quid
1256 2496 1414 2551 aliud.
1436 2495 1572 2550 Cum
1595 2501 1772 2549 autem
1795 2491 1940 2546 tinita
1959 2490 2075 2545 fue-

494 2593 583 2656 rit,
606 2592 715 2661 jam
745 2605 850 2646 non
879 2591 1000 2645 erit.
1040 2588 1159 2656 Quo
1186 2597 1341 2658 pacto
1367 2586 1523 2657 igitur
1546 2586 1719 2640 metiri
1745 2582 1978 2654 poterit?
2007 2582 2072 2637 Et

494 2684 745 2741 metimur
770 2692 945 2739 tamen
975 2691 1247 2751 tempora:
1284 2695 1381 2736 nec
1414 2694 1477 2735 ea
1514 2694 1633 2749 quae
1669 2678 1902 2733 nondum
1927 2684 2070 2742 sunt,

494 2791 597 2833 nec
620 2791 683 2835 ea
706 2790 823 2846 quae
843 2775 951 2845 jam
972 2788 1079 2829 non
1102 2781 1242 2835 sunt,
1282 2785 1380 2826 nec
1419 2785 1481 2825 ea
1505 2785 1623 2841 qua:
1652 2768 1795 2823 nulla
1815 2781 1959 2823 mora
1982 2780 2075 2821 ex-

498 2867 803 2932 tenduntur,
831 2879 932 2921 nec
955 2879 1018 2921 ea
1043 2864 1160 2934 qua!
1186 2862 1441 2917 terminos
1470 2875 1573 2915 non
1604 2859 1837 2924 habent;
1868 2872 1964 2913 nec
1990 2856 2073 2911 fu-

502 2969 618 3014 tura
644 2972 792 3029 ergo,
824 2971 926 3012 nec
954 2955 1240 3027 prarterita,
1272 2968 1372 3008 nec
1400 2951 1702 3023 praesentia,
1732 2964 1830 3005 nec
1854 2956 2074 3019 praeter-

498 3050 677 3107 euntia
698 3056 936 3118 tempora
960 3046 1242 3111 metimur;
1264 3055 1318 3100 et
1344 3043 1594 3099 metimur
1613 3051 1791 3097 tamen
1816 3049 2073 3110 tempora.

570 3143 659 3199 55.
699 3140 838 3197 Deus
862 3149 1057 3195 creator
1080 3140 1342 3202 omnium;
1367 3150 1552 3193 versus
1579 3136 1678 3191 iste
1701 3143 1821 3190 octo
1846 3132 2077 3205 syllaba-

499 3251 639 3303 rum,
660 3234 915 3291 brevibus
933 3241 987 3289 et
1005 3232 1176 3303 longis
1203 3231 1432 3286 alternat
1459 3228 1694 3300 syllabis.
1721 3226 1955 3295 Quatuor
1981 3226 2123 3280 ita--

499 3343 603 3398 que
620 3327 836 3393 breves;
855 3324 1047 3394 prima,
1063 3324 1237 3389 tertia,
1256 3322 1458 3392 quinta,
1472 3319 1715 3389 septima,
1732 3318 1936 3387 simplie
1956 3323 2082 3371 sunt

499 3418 566 3475 ad
582 3429 805 3490 quatuor
823 3416 1042 3486 longas;
1071 3412 1379 3475 secundam,
1401 3419 1661 3484 quartam,
1682 3416 1905 3475 sextam,
1935 3415 2082 3463 octa-

500 3526 641 3566 vam.
669 3510 762 3565 Haz
781 3508 1002 3580 singula:
1024 3506 1089 3562 ad
1114 3506 1231 3560 illas
1244 3503 1477 3575 singulas
1492 3502 1707 3571 duplum
1728 3500 1925 3556 habent
1943 3508 2080 3555 tem-

500 3602 648 3672 poris
666 3618 681 3667 ;
702 3598 1007 3671 pronuntio,
1023 3596 1291 3662 renuntio,
1308 3602 1362 3650 et
1382 3594 1451 3649 ita
1471 3602 1555 3648 est
1572 3599 1825 3663 quantum
1856 3593 2082 3647 sentitur

501 3696 660 3753 sensu
673 3693 971 3751 manifesto.
996 3692 1262 3761 Quantum
1282 3705 1470 3747 sensus
1487 3688 1797 3744 manifestus
1816 3694 1917 3751 est,
1936 3686 2082 3741 brevi

501 3787 703 3860 syllaba
729 3787 936 3856 longam
954 3785 1163 3848 metior,
1177 3797 1400 3852 eamque
1420 3781 1616 3836 habere
1634 3780 1716 3834 bis
1737 3786 1941 3833 tantum
1962 3792 2084 3833 sen-

504 3879 596 3933 tio.
626 3876 731 3934 Sed
746 3891 865 3932 cum
882 3874 1046 3930 altera
1071 3881 1190 3943 post
1213 3873 1434 3928 alteram
1458 3876 1633 3936 sonat,
1654 3868 1699 3923 si
1718 3868 1865 3940 prior
1882 3866 2078 3935 brevis,

502 3969 661 4038 longa
684 3965 964 4037 posterior,
990 3961 1254 4034 quomodo
1279 3960 1470 4016 tenebo
1488 3961 1791 4023 brevem,et
1815 3957 2084 4029 quomodo

442 4054 445 4057 λ
504 4073 623 4115 eam
649 4058 821 4129 longae
858 4055 1085 4111 metiens
1119 4053 1414 4125 applicabo,
1446 4059 1505 4107 ut
1542 4051 1805 4106 inveniam
1834 4050 1975 4121 quod
2001 4050 2084 4106 bis

504 4157 709 4204 tantum
731 4147 958 4211 habeat;
986 4142 1409 4217 quandoquidem
1431 4143 1586 4213 longa
1609 4155 1800 4196 sonare
1823 4156 1928 4196 non
1951 4141 2083 4195 inci-

506 4243 603 4313 pit,
634 4241 737 4296 nisi
765 4238 943 4297 brevis
971 4252 1162 4294 sonare
1186 4237 1489 4292 destiterit?
1516 4236 1688 4311 Ipsam
1728 4249 1937 4305 quoque
1962 4234 2082 4289 lon-

506 4344 627 4401 gam
652 4344 757 4385 non
782 4336 1100 4400 praesentem
1129 4328 1354 4394 metior,
1382 4325 1593 4397 quando
1621 4325 1723 4380 nisi
1748 4324 1948 4380 ﬁnitam
1978 4338 2084 4379 non

503 4422 719 4482 metior.
743 4422 874 4492 Ejus
909 4430 1086 4476 autem
1121 4419 1318 4487 ﬁnitio,
1344 4417 1634 4490 praeteritio
1660 4424 1758 4473 est.
1796 4416 1931 4484 Quid
1959 4430 2085 4487 ergo

502 4524 591 4573 est
618 4512 759 4584 quod
799 4511 1029 4567 metiar?
1065 4510 1154 4577 ubi
1198 4517 1313 4575 est,
1340 4523 1444 4579 qua
1469 4509 1487 4541 ³
1517 4508 1727 4573 metior,
1758 4505 1969 4563 brevis?
1996 4505 2085 4561 ubi

503 4616 587 4663 est
610 4603 763 4672 longa
778 4616 934 4673 quam
954 4600 1180 4656 metior?
1197 4598 1380 4654 Ambae
1394 4605 1706 4665 sonuerunt,
1722 4598 2080 4663 avolaverunt,

504 4695 894 4775 praeterierunt;
914 4695 1021 4763 jam
1044 4708 1149 4748 non
1171 4699 1313 4760 sunt;
1336 4700 1391 4748 et
1404 4707 1502 4762 ego
1522 4692 1731 4756 metior,
1756 4692 2086 4762 ﬁdenterque

502 4786 844 4858 respondeo,
882 4793 1136 4856 quantum
1177 4784 1466 4839 exercitato
1500 4797 1660 4838 sensu
1702 4783 1912 4847 ﬁditur,
1941 4784 2082 4838 illam

501 4877 751 4947 simplam
777 4890 917 4943 esse,
948 4873 1089 4928 illam
1117 4872 1352 4943 duplam,
1375 4873 1428 4928 in
1457 4874 1628 4943 spatio
1653 4873 1857 4929 scilicet
1881 4883 2086 4943 tempo—

503 4970 603 5026 ris.
642 4967 823 5038 Neque
851 4966 951 5022 hoc
969 4980 1207 5036 possum,
1230 4964 1332 5020 nisi
1360 4967 1479 5035 quia
1500 4966 1869 5035 praeterierunt
1890 4974 1943 5022 et
1968 4968 2085 5023 ﬁui-

508 5068 578 5116 ιω
602 5070 742 5116 sunt.
772 5060 887 5116 Non
911 5075 1037 5130 ergo
1058 5060 1198 5130 ipsas
1218 5074 1336 5129 qum
1356 5058 1465 5129 jam
1481 5074 1587 5113 non
1610 5067 1752 5125 sunt,
1775 5058 1871 5114 sed
1889 5060 2084 5129 aliquid

507 5149 563 5209 ﬁt
592 5152 846 5208 memoria
870 5167 988 5208 mea
1013 5151 1202 5207 metior
1225 5150 1367 5221 quod
1406 5150 1623 5205 inﬁxum
1652 5160 1847 5206 manet.

578 5242 668 5297 36.
698 5242 754 5296 in
781 5249 865 5309 te,
892 5242 1065 5296 anime
1092 5255 1271 5305 meus,
1302 5249 1537 5311 tempora
1564 5241 1785 5306 metior;
1820 5240 1928 5297 noli
1955 5242 2085 5299 mihi

508 5328 818 5401 obstrepere
849 5349 862 5386 :
890 5330 1033 5401 quod
1062 5340 1174 5397 est,
1208 5330 1326 5386 Noli
1354 5330 1446 5386 tibi
1481 5331 1789 5403 obstrepere
1817 5333 1983 5390 turbis
2010 5335 2088 5390 ai-

510 5421 794 5478 fectionum
822 5430 1047 5478 tuarum.
1085 5422 1140 5477 In
1179 5430 1233 5479 te
1255 5464 1269 5489 ,
1298 5421 1510 5494 inquam
1534 5463 1551 5489 ,
1597 5433 1832 5495 tempora
1856 5428 2083 5494 metior;

509 5512 842 5569 aﬁectionem
868 5529 1023 5585 quam
1065 5530 1150 5570 res
1174 5522 1557 5586 praetereuntes
1586 5516 1636 5570 in
1678 5525 1728 5573 te
1766 5516 2002 5585 faciunt,
2033 5530 2088 5574 et

510 5619 633 5660 cum
662 5604 765 5661 illa:
792 5606 1147 5677 praeterierint
1178 5614 1394 5673 manet,
1441 5606 1607 5676 ipsam
1634 5609 1826 5663 metior
1850 5624 2085 5678 praesen-

574 5743 591 5773 ι
617 5746 725 5791 ων.
746 5740 1396 5814 etantiqtnoreseditiones,
1423 5743 1884 5814 quammetiormed
1915 5745 2092 5814 melius

511 5815 747 5874 nucum
776 5812 878 5853 Mss.
897 5813 993 5865 qua
1012 5806 1206 5874 ;s_tatim
1228 5806 1409 5869 quippe
1426 5806 1616 5856 dixerat
1634 5814 1920 5869 Augustinus
1951 5808 2088 5859 brevi

511 5865 692 5924 syllaba
709 5864 898 5927 largam
912 5864 969 5915 Se
986 5864 1161 5915 metiri.

1629 367 2134 431 conressmnuu
2163 363 2237 449 s.
2262 352 2623 416 AUGUSTI.“

3648 346 3757 407 εει

2173 485 2280 531 tem
2299 517 2316 542 ,
2346 488 2453 528 non
2481 486 2572 527 eas
2598 485 2718 541 qua:
2745 471 3114 540 praeterierunt
3140 472 3197 518 ut
3222 462 3372 518 ﬁeret
3400 480 3414 517 :
3448 462 3610 533 ipsam
3636 479 3755 519 me-

2174 567 2302 631 tior,
2346 579 2469 620 cum
2496 572 2735 631 tempora
2761 558 2968 614 metior.
3017 556 3158 627 Ergo
3184 565 3275 609 aut
3316 554 3428 625 ipsa
3465 563 3587 609 sunt
3611 562 3754 609 tem-

2173 671 2331 729 pora,
2372 662 2464 709 aut
2502 668 2607 708 non
2645 659 2882 720 tempora
2928 647 3138 703 metior.
3181 644 3316 711 Quid
3358 659 3478 698 cum
3507 643 3760 698 metimur

2173 746 2416 812 silentia,
2457 752 2512 799 et
2557 743 2783 797 dicimus
2812 738 2940 794 illud
2983 736 3252 793 silentium
3292 744 3495 789 tantum
3526 734 3759 791 tenuisse

2175 837 2425 906 temporis
2446 876 2461 900 ,
2494 842 2746 905 quantum
2790 831 2877 885 illa
2916 844 3016 884 vox
3049 827 3251 883 tenuit?
3276 824 3461 880 Nonne
3483 825 3761 895 cogitatio-

2175 943 2295 982 nem
2320 926 2585 982 tendimus
2612 923 2678 978 ad
2708 935 3011 978 mensuram
3032 919 3208 984 vocis,
3239 917 3390 989 quasi
3420 924 3672 981 sonaret,
3700 924 3760 972 ut

2173 1017 2372 1088 aliquid
2417 1016 2484 1073 de
2513 1014 2799 1070 intervallis
2839 1011 3168 1089 silentiorum
3215 1010 3267 1064 in
3307 1009 3477 1078 spatio
3506 1009 3761 1079 temporis

2176 1108 2479 1164 renuntiare
2507 1104 2804 1177 possimus?
2826 1103 2955 1158 Nam
2980 1111 3035 1157 et
3054 1115 3184 1156 voce
3206 1107 3365 1169 atque
3383 1114 3477 1155 ore
3494 1106 3758 1162 cessante,

2177 1199 2475 1269 peragimus
2503 1194 2781 1267 cogitando
2823 1192 3087 1257 carmina,
3118 1198 3173 1246 et
3198 1204 3384 1246 versus
3413 1198 3466 1244 et
3496 1205 3761 1260 quemque

2174 1302 2499 1352 sermonem,
2523 1285 2921 1354 motionumque
2938 1282 3294 1337 dimensiones
3313 1279 3599 1351 quaslibet,
3621 1288 3675 1335 et
3694 1280 3762 1335 de

2175 1381 2360 1451 spatiis
2383 1389 2706 1450 temporum,
2735 1384 2991 1449 quantum
3019 1374 3146 1429 illud
3164 1373 3230 1428 ad
3252 1373 3378 1427 illud
3398 1373 3467 1427 sit
3485 1372 3761 1427 renuntia-

2174 1486 2327 1537 mus,
2372 1486 2477 1525 non
2506 1470 2661 1525 aliter
2705 1484 2769 1523 ac
2793 1468 2839 1523 si
2867 1483 2929 1523 ea
2958 1465 3196 1521 sonando
3215 1465 3533 1521 diceremus.
3563 1463 3623 1519 Si
3663 1478 3762 1518 vo-

2176 1563 2335 1618 luerit
2377 1563 2567 1633 aliquis
2607 1562 2766 1617 edere
2795 1558 3173 1630 longiusculam
3202 1571 3390 1612 vocem
3412 1597 3429 1622 ,
3463 1564 3519 1611 et
3557 1556 3763 1610 consti-

2178 1655 2340 1711 tuerit
2375 1653 2792 1725 praemeditando
2832 1666 2991 1723 quam
3026 1652 3180 1720 longa
3203 1648 3375 1704 futura
3400 1649 3501 1715 sit;
3528 1648 3764 1717 egitnti—

2176 1762 2280 1819 que
2306 1748 2405 1803 iste
2432 1747 2662 1817 spatium
2709 1744 2962 1814 temporis
2990 1744 3043 1797 in
3089 1742 3337 1803 silentio,
3383 1740 3763 1808 memoriaeque

2178 1838 2557 1893 commendans
2602 1834 2763 1906 coepit
2803 1834 2963 1891 edere
3013 1832 3155 1887 illam
3197 1845 3384 1885 vocem
3424 1844 3541 1899 qum
3578 1838 3763 1895 sonat,

2178 1927 2347 1983 donec
2372 1928 2438 1982 ad
2470 1926 2796 1997 propositum
2823 1923 3107 1979 terminum
3148 1920 3467 1991 perducatur
3495 1936 3509 1973 :
3542 1919 3655 1973 imo
3675 1932 3764 1971 so-

2180 2022 2293 2075 nuit
2311 2029 2365 2075 et
2390 2020 2631 2084 sonabit;
2660 2033 2782 2073 nam
2808 2015 2947 2087 quod
2967 2014 3082 2084 ejus
3102 2013 3211 2084 jam
3242 2018 3509 2082 peractum
3537 2019 3642 2076 est,
3673 2009 3771 2062 uti-

2180 2128 2283 2182 que
2313 2110 2530 2175 sonuit;
2561 2108 2700 2178 quod
2743 2116 2918 2161 autem
2974 2112 3171 2169 restat,
3219 2101 3461 2157 sonabit:
3488 2110 3651 2170 atque
3700 2097 3771 2152 ita

2184 2202 2448 2273 peragitur
2471 2240 2487 2265 ,
2517 2200 2641 2253 dum
2674 2210 2911 2269 praesens
2958 2194 3181 2250 intentio
3208 2191 3443 2247 futurum
3488 2192 3542 2245 in
3572 2198 3769 2260 praete-

2182 2292 2339 2347 ritum
2362 2289 2556 2359 trajicit
2576 2329 2591 2354 ,
2622 2288 2973 2343 diminutione
2994 2285 3152 2340 futuri
3181 2289 3457 2339 crescente
3474 2280 3771 2351 praeterito,

2183 2382 2353 2437 donec
2371 2379 2773 2449 consumptione
2796 2377 2954 2432 futuri
2982 2376 3051 2430 sit
3079 2382 3247 2429 totum
3278 2374 3630 2443 praeteritum.

2753 2466 2977 2523 CAPUT
3016 2463 3252 2521 XXVIII.

2617 2541 2799 2594 Animo
2828 2538 3061 2591 metimur
3088 2546 3335 2605 tempora.

2256 2637 2345 2692 3‘1.
2369 2634 2474 2691 Sed
2498 2631 2764 2704 quomodo
2778 2630 3040 2686 minuitur
3059 2634 3152 2682 aut
3164 2625 3498 2682 consumitur
3516 2623 3776 2688 futurum,

2186 2728 2328 2799 quod
2368 2727 2602 2782 nondum
2645 2726 2766 2781 est?
2808 2734 2900 2779 aut
2927 2721 3194 2793 quomodo
3231 2720 3424 2776 crescit
3446 2718 3779 2790 praeteritum

2189 2820 2330 2891 quod
2351 2820 2461 2891 jam
2491 2834 2596 2874 non
2625 2828 2706 2874 est
2726 2860 2741 2885 ,
2791 2817 2893 2872 nisi
2929 2816 3051 2886 quia
3079 2814 3132 2869 in
3159 2814 3338 2869 animo
3364 2813 3455 2882 qui
3497 2810 3632 2865 illud
3674 2810 3782 2879 agit

2193 2913 2293 2968 tria
2319 2910 2474 2967 sunt?
2502 2909 2632 2965 Nam
2655 2917 2710 2964 ct
2732 2915 3006 2977 exspectat
3033 2912 3088 2961 et
3107 2902 3333 2960 attendit
3355 2910 3411 2958 et
3433 2900 3701 2965 meminit,
3726 2908 3783 2954 ut

2192 3008 2244 3061 id
2266 3005 2407 3078 quod
2433 3012 2723 3075 exspectat,
2749 3017 2847 3073 per
2874 3001 2923 3057 id
2952 2999 3093 3071 quod
3119 2997 3367 3065 attendit,
3391 3003 3628 3051 transeat
3654 2995 3711 3049 in
3731 2992 3782 3048 id

2193 3098 2333 3170 quod
2354 3096 2671 3153 meminerit.
2693 3094 2824 3162 Quis
2839 3094 2997 3162 igitur
3018 3098 3177 3162 negat
3191 3089 3363 3144 futura
3380 3086 3618 3142 nondum
3636 3084 3781 3141 esse?

2193 3189 2297 3245 Sed
2326 3197 2502 3243 tamen
2542 3186 2651 3256 jam
2678 3193 2762 3241 est
2788 3185 2843 3239 in
2874 3183 3052 3238 animo
3095 3179 3419 3250 exspectatio
3457 3176 3781 3232 futurorum.

2196 3279 2266 3334 Et
2291 3278 2409 3348 quis
2438 3283 2596 3347 negat
2638 3274 2908 3345 praeterita
2953 3273 3063 3342 jam
3110 3286 3217 3326 non
3262 3269 3425 3325 esse?
3450 3267 3557 3324 Sed
3602 3276 3783 3321 tamen

2200 3370 2375 3426 adhuc
2400 3376 2484 3424 est
2509 3368 2565 3422 in
2594 3368 2771 3422 animo
2817 3364 3073 3420 memoria
3104 3362 3511 3433 praeteritorum.
3558 3358 3628 3413 Et
3667 3358 3788 3428 quis

2199 3471 2357 3533 negat
2395 3475 2631 3531 praesens
2662 3470 2870 3529 tempus
2893 3472 3079 3512 carere
3103 3454 3273 3526 spatio
3292 3496 3308 3519 ,
3354 3453 3473 3523 quia
3501 3452 3554 3505 in
3583 3460 3787 3521 puncto

2199 3552 2472 3624 praeterit?
2497 3550 2602 3608 Sed
2632 3558 2809 3606 tamen
2828 3548 3082 3621 perdurat
3103 3547 3324 3602 attentio
3347 3560 3445 3615 per
3477 3558 3640 3614 quam
3666 3558 3790 3612 per-

2200 3653 2289 3716 gat
2309 3646 2327 3677 ¹
2347 3644 2537 3699 abesse
2574 3641 2716 3713 quod
2744 3641 2933 3696 aderit.
2979 3639 3093 3694 Non
3146 3638 3305 3709 igitur
3333 3637 3549 3706 longum
3576 3642 3790 3703 tempus

2202 3737 2433 3791 futurum
2478 3734 2618 3804 quod
2664 3748 2770 3787 non
2798 3740 2912 3799 est,
2959 3729 3055 3785 sed
3084 3729 3299 3798 longum
3346 3726 3579 3781 futurum
3628 3726 3792 3795 longa

2202 3824 2525 3895 exspectatio
2545 3822 2703 3877 futuri
2726 3830 2839 3887 est;
2866 3834 3044 3890 neque
3067 3818 3277 3889 longum
3302 3816 3628 3887 praeteritum
3656 3824 3791 3870 tem-

2205 3931 2305 3987 pus
2328 3914 2467 3985 quod
2495 3929 2602 3968 non
2632 3922 2715 3969 est
2734 3952 2750 3978 ,
2780 3911 2875 3968 sed
2904 3912 3116 3982 longum
3148 3909 3469 3981 praeteritum
3497 3908 3655 3977 longa
3679 3921 3793 3961 me-

2204 4007 2372 4061 moria
2398 4004 2649 4075 praeteriti
2674 4011 2777 4060 est.

2277 4098 2366 4153 58.
2397 4097 2641 4151 Dicturus
2671 4110 2788 4149 sum
2813 4094 3076 4150 canticum
3121 4092 3263 4163 quod
3292 4095 3417 4147 novi
3444 4109 3458 4146 :
3501 4099 3789 4160 antequam

2208 4187 2472 4256 incipiam,
2506 4188 2557 4240 in
2586 4193 2753 4240 totum
2777 4183 3102 4255 exSpectatio
3130 4196 3247 4237 mea
3268 4180 3533 4245 tenditur;
3555 4194 3678 4234 cum
3699 4194 3793 4233 au-

2210 4288 2317 4334 tem
2346 4294 2565 4350 cmpero
2582 4321 2595 4344 ,
2644 4288 2896 4348 quantum
2923 4292 2989 4332 ex
3016 4276 3102 4331 illa
3123 4278 3145 4307 ³
3173 4276 3225 4330 in
3250 4275 3574 4345 praeteritum
3600 4272 3792 4328 decer-

2208 4388 2398 4442 psero,
2450 4372 2684 4428 tenditur
2712 4372 2763 4426 in
2803 4370 3060 4426 memoria
3092 4384 3209 4424 mea
3241 4387 3254 4424 :
3285 4378 3443 4438 atque
3471 4366 3794 4423 distenditur

2208 4465 2315 4519 vita
2345 4464 2501 4533 hujus
2528 4464 2749 4518 actionis
2773 4477 2904 4517 mea:
2930 4462 2983 4515 in
3010 4461 3355 4525 memoriam;
3403 4467 3617 4528 propter
3644 4458 3793 4529 quod

2209 4555 2350 4620 dixi;
2383 4563 2438 4609 et
2480 4554 2531 4608 in
2576 4554 3060 4623 exspectationem,
3107 4561 3324 4623 propter
3365 4549 3504 4621 quod
3547 4548 3794 4604 dicturus

2212 4662 2329 4701 sum
2356 4664 2368 4700 :
2402 4660 2636 4716 praesens
2673 4654 2845 4698 tamen
2876 4642 3026 4698 adest
3051 4643 3272 4696 attentio
3300 4655 3417 4697 mea
3441 4679 3455 4705 ,
3487 4654 3583 4709 per
3628 4654 3790 4709 quam

2212 4739 2505 4808 trajiciatur
2524 4736 2663 4807 quod
2686 4743 2799 4790 erat
2819 4734 3050 4790 futurum
3073 4742 3129 4788 ut
3157 4733 3245 4787 ﬁat
3262 4733 3606 4802 praeteritum.
3634 4729 3789 4798 Quod

2213 4835 2408 4896 quanto
2420 4827 2585 4895 magis
2608 4826 2779 4896 agitur
2794 4834 2848 4879 et
2874 4825 3067 4895 agitur,
3098 4830 3242 4877 tamn
3262 4822 3495 4877 breviata
3512 4828 3788 4889 exspecta-

2215 4920 2357 4974 tione
2382 4918 2721 4988 prolongatur
2762 4916 3049 4980 memoria;
3095 4914 3264 4969 donec
3306 4920 3415 4967 tota
3465 4912 3789 4982 exspectatio

2214 5018 2591 5072 consumatur,
2643 5021 2761 5061 cum
2794 5014 2900 5059 tota
2944 5004 3029 5059 illa
3074 5005 3211 5059 actio
3246 5003 3388 5057 ﬁnita
3418 5001 3687 5056 transierit
3732 5001 3790 5055 in

2214 5100 2549 5155 memoriam.
2583 5099 2648 5152 Et
2670 5096 2809 5167 quod
2841 5098 2891 5150 in
2933 5105 3045 5150 toto
3068 5096 3307 5160 cantico,
3351 5093 3453 5147 hoc
3486 5094 3537 5148 iu
3566 5092 3790 5162 singulis

2214 5190 2489 5263 particulis
2514 5192 2631 5259 ejus
2656 5189 2734 5255 ﬁt,
2760 5196 2923 5258 atque
2948 5188 2999 5242 in
3030 5186 3248 5257 singulis
3273 5186 3490 5257 syllabis
3515 5186 3661 5254 ejus;
3686 5185 3789 5238 hoc

2217 5281 2269 5334 in
2294 5281 2499 5335 actione
2517 5279 2770 5349 longiore,
2791 5276 2942 5346 cujus
2968 5275 3100 5330 forte
3123 5270 3375 5346 parlicula
3399 5284 3483 5331 est
3508 5274 3632 5329 illud
3655 5288 3787 5328 can-

2219 5374 2414 5437 ticum;
2443 5371 2544 5426 hoc
2570 5371 2621 5424 in
2653 5377 2760 5425 tota
2786 5369 2893 5423 vita
2939 5367 3167 5422 hominis
3188 5406 3203 5434 ,
3251 5367 3403 5436 cujus
3448 5374 3626 5436 partes
3666 5371 3787 5418 sunt

2286 5558 2305 5591 ι
2333 5561 2383 5605 tn
2412 5557 2547 5619 prius
2576 5555 2742 5619 editis,
2774 5555 2970 5619 peragat
3000 5552 3161 5601 abesse
3194 5549 3321 5613 quod
3352 5550 3525 5619 aderit.
3551 5551 3719 5598 Melius
3740 5551 3787 5619 in

2220 5624 2349 5679 Iss.,
2372 5612 2544 5680 pergat
2574 5616 2733 5680 abesse
2747 5612 2840 5675 ;'id
2864 5612 3079 5680 eIst,_per
3100 5612 3241 5675 quam
3270 5612 3600 5680 attentionem,
3622 5616 3787 5680 pergat

2223 5670 2428 5732 transire
2453 5670 2501 5747 in
2524 5670 2837 5747 pmteritum,
2851 5670 3091 5747 ‘qutid'est
3112 5670 3535 5724 futurum—utan.
3558 5679 3610 5720 et
3624 5670 3785 5727 itond.,

2223 5748 2390 5808 pergat
2405 5739 2568 5791 adesse
2585 5739 2711 5802 quod
2727 5739 2895 5787 aberit.
2971 5747 3024 5787 M.

2285 5807 2307 5835 ³
2324 5812 2397 5853 15.1:
2418 5802 2501 5851 illo
2514 5842 2525 5861 ,
2543 5804 2678 5863 juxta
2695 5809 2765 5849 t-Lr.
2787 5810 2902 5850 Ven.
2923 5801 3066 5861 Lugd.
3086 5806 3254 5847 50mm.
3275 5797 3394 5845 Dub.
3415 5792 3533 5844 Flor.
3556 5799 3608 5843 et
3645 5789 3784 5843 ﬂend.

2235 5878 2343 5916 cum
2362 5868 2387 5914 7
2412 5875 2514 5916 Mss.
2597 5874 2635 5913 Μ

2857 6008 2951 6029 Μ
