4078 6366
306 380 413 437 825

306 511 495 554 omnes
524 497 759 552 actiones
782 494 1047 561 hominis;
1089 495 1189 550 hoc
1214 495 1266 549 in
1297 500 1408 549 toto
1437 492 1631 549 steculo
1658 489 1884 544 ﬁliorum

314 589 587 645 hominum
614 626 632 655 ,
662 586 813 657 cujus
830 596 1007 657 partes
1035 594 1157 641 sunt
1181 600 1368 641 omnes
1383 585 1506 640 vitae
1532 582 1826 639 hominum.

872 676 1098 733 CAPUT
1132 676 1323 732 XXIX.

402 770 473 826 Se
488 771 542 824 in
564 769 865 840 temporalia
886 769 1155 824 distentum
1178 769 1315 840 cupit
1334 770 1388 823 in
1413 767 1578 824 Deum
1603 768 1792 839 colligi.

381 861 470 919 59.
497 861 601 916 Sed
626 862 874 932 quoniam
913 862 1103 917 melior
1127 870 1209 917 est
1233 860 1592 916 misericordia
1620 869 1703 915 tua
1728 875 1889 930 super

312 954 447 1008 vitas
473 950 641 1025 (Psal.
670 968 780 1008 uti
798 995 812 1019 ,
857 952 937 1026 4),
978 968 1104 1010 ecce
1127 952 1376 1009 distentio
1402 963 1483 1009 est
1507 955 1612 1009 vita
1652 969 1770 1008 mea
1794 994 1809 1021 ,
1836 961 1890 1009 et

313 1061 399 1099 me
420 1046 651 1114 suscepit
678 1045 892 1100 dextera
916 1055 1003 1099 tua
1026 1047 1080 1101 in
1102 1047 1323 1101 Domino
1345 1062 1464 1102 meo
1488 1047 1777 1101 mediatore
1805 1046 1891 1100 Fi-

313 1137 385 1190 lio
413 1136 642 1191 hominis
672 1136 811 1191 inter
859 1145 912 1191 te
939 1152 1100 1191 unum
1150 1146 1203 1192 et
1230 1152 1329 1191 nos
1355 1138 1547 1193 multos
1568 1179 1581 1204 ,
1631 1137 1683 1191 in
1712 1138 1891 1194 multis

314 1241 412 1294 per
436 1226 599 1281 multa
624 1268 638 1291 ,
686 1235 743 1281 ut
771 1242 865 1296 per
887 1242 1006 1281 eum
1052 1228 1443 1297 apprehendam
1484 1229 1537 1282 in
1567 1246 1670 1299 quo
1714 1240 1765 1284 et
1794 1245 1887 1299 ap-

315 1318 607 1387 prehensus
636 1332 773 1382 sum,
802 1327 856 1373 et
876 1334 905 1373 a
928 1320 1193 1373 veteribus
1220 1320 1406 1374 diebus
1429 1320 1644 1390 colligar
1664 1336 1891 1391 sequens

316 1425 520 1475 unum,
552 1411 818 1479 praeterita
862 1410 1096 1477 oblitus;
1141 1425 1247 1465 non
1294 1412 1349 1465 in
1391 1426 1452 1467 ea
1482 1428 1599 1481 qua:
1643 1413 1812 1465 futura
1839 1418 1892 1467 et

316 1503 598 1557 transitura
629 1510 784 1568 sunt,
812 1502 906 1557 sed
937 1503 987 1556 in
1011 1518 1070 1558 ea
1099 1518 1217 1572 quae
1243 1512 1364 1558 ante
1393 1511 1535 1569 sunt,
1565 1518 1666 1556 non
1690 1503 1889 1557 disten-

316 1603 421 1660 tus,
470 1594 561 1649 sed
587 1602 832 1649 extentus
852 1595 889 1659 ¹,
923 1609 1026 1648 non
1058 1595 1347 1649 secundum
1371 1594 1762 1661 distentionem,
1797 1593 1890 1649 sed

316 1684 609 1739 secundum
661 1686 1007 1740 intentionem
1056 1701 1250 1756 sequor
1286 1686 1351 1740 ad
1380 1687 1607 1757 palmam
1652 1702 1892 1757 supernae

314 1776 609 1831 vocationis
638 1775 906 1850 (Philipp.
936 1779 1139 1844 "1,13,
1173 1776 1260 1850 li)
1286 1794 1300 1842 ;
1328 1778 1416 1831 ubi
1456 1779 1663 1832 audiam
1704 1794 1889 1834 vocem

316 1866 488 1921 laudis
529 1876 661 1931 tuae,
690 1875 744 1922 et
769 1868 1097 1937 contempler
1141 1868 1542 1924 delectationem
1586 1877 1727 1924 tuam
1749 1911 1762 1934 ,
1794 1885 1893 1925 nec

314 1960 649 2023 venientem,
690 1974 788 2013 nec
828 1968 1261 2028 prmterenntem.
1295 1960 1443 2015 Nunc
1469 1976 1596 2016 vero
1635 1962 1756 2014 anni
1788 1962 1891 2016 mei

317 2050 371 2103 in
400 2050 696 2119 gemitibus.
739 2050 803 2103 Et
838 2059 894 2104 tu
934 2050 1178 2105 solatium
1208 2066 1381 2104 meum
1403 2092 1417 2117 ,
1456 2051 1676 2105 Domine
1700 2093 1714 2115 ,
1747 2061 1894 2121 pater

315 2155 469 2195 mens
509 2147 740 2195 mternus
777 2155 835 2195 es
863 2157 876 2193 :
908 2149 962 2193 at
988 2156 1085 2210 ego
1114 2140 1166 2194 in
1196 2148 1431 2210 tempora
1461 2142 1664 2196 dissilui
1691 2145 1732 2209 ³,
1758 2158 1892 2212 quo-

313 2245 435 2283 rum
462 2229 704 2285 ordinem
733 2232 943 2293 nescio;
974 2240 1028 2285 et
1056 2232 1393 2287 tumultuosis
1432 2234 1771 2288 varietatibus
1815 2235 1896 2289 di-

316 2321 581 2375 laniantnr
624 2321 970 2391 cogitationes
1021 2337 1187 2387 mem,
1245 2323 1424 2377 intima
1466 2324 1665 2379 viscera
1704 2326 1894 2378 animae

316 2429 472 2477 meae,
500 2413 669 2469 donec
702 2414 752 2467 in
782 2422 833 2469 te
876 2412 1137 2469 conﬂuam
1169 2424 1417 2485 purgatus
1441 2423 1495 2470 et
1522 2416 1746 2485 liquidus
1776 2416 1895 2485 igne

314 2505 516 2559 amoris
544 2506 638 2558 tui.
934 2532 937 2535 ι
1038 2538 1041 2539 ν

893 2576 1119 2634 CAPUT
1158 2577 1326 2633 XXX.

352 2667 590 2740 Coarguit
619 2685 820 2725 rursum
848 2670 1201 2737 obtrectantes,
1231 2672 1351 2741 quid
1379 2672 1547 2743 fecerit
1585 2672 1722 2727 Deus
1742 2682 1861 2750 ante

836 2761 1010 2814 mundi
1056 2762 1373 2815 creationem.

392 2852 481 2906 40.
505 2852 571 2906 Et
600 2853 751 2908 stabo
788 2861 945 2924 atque
973 2854 1238 2909 solidabor
1267 2856 1317 2909 in
1342 2864 1392 2910 te
1411 2896 1425 2921 ,
1458 2854 1513 2911 in
1544 2855 1709 2911 forma
1737 2873 1853 2913 mea
1877 2899 1892 2925 ,

318 2945 542 2999 veritate
578 2953 700 3008 tua;
751 2960 850 2999 nec
889 2946 1059 3014 patiar
1104 2947 1421 3014 quaestiones
1467 2946 1774 3015 hominum,
1807 2952 1896 3019 qui

323 3036 519 3105 ptenali
550 3036 737 3091 morbo
760 3038 876 3105 plus
919 3038 1102 3091 sitiunt
1125 3052 1281 3106 quam
1323 3040 1534 3108 capiunt
1579 3049 1631 3095 et
1670 3040 1893 3108 dicunt,

319 3126 456 3192 Quid
486 3126 712 3182 faciebat
747 3128 886 3182 Deus
931 3137 1211 3197 antequam
1260 3129 1458 3184 faceret
1482 3131 1675 3186 caelum
1706 3140 1760 3186 et
1784 3141 1895 3186 ter-

319 3218 479 3274 ram?
506 3220 611 3273 Aut
637 3219 762 3288 quid
794 3220 842 3274 ei
873 3221 1017 3275 venit
1063 3220 1116 3274 in
1163 3229 1394 3275 mentem
1418 3263 1432 3288 ,
1462 3228 1517 3275 ut
1539 3222 1733 3291 aliquid
1760 3222 1902 3277 face-

318 3318 435 3374 ret,
468 3325 587 3364 cum
614 3318 767 3365 antea
789 3327 1055 3382 nunquam
1080 3312 1275 3382 aliquid
1299 3312 1521 3368 fecerit?
1552 3314 1621 3367 Da
1643 3315 1764 3383 illis,
1796 3317 1896 3371 Do-

324 3403 505 3467 mine,
535 3402 671 3457 bene
709 3405 942 3473 cogitare
991 3404 1116 3475 quid
1160 3404 1369 3470 dicant,
1410 3414 1464 3460 et
1504 3406 1737 3462 invenire
1777 3409 1897 3478 quia

324 3508 427 3546 non
458 3493 677 3558 dicitur,
725 3493 1035 3563 Nunquam,
1076 3494 1166 3549 ubi
1198 3510 1303 3549 non
1327 3504 1410 3550 est
1440 3504 1665 3566 tempus.
1709 3497 1858 3565 Quod
1878 3500 1898 3531 ³

324 3598 456 3654 ergo
482 3583 693 3650 dicitur,
721 3600 987 3655 nunquam
1012 3584 1205 3641 fecisse
1222 3627 1236 3651 ,
1274 3586 1399 3657 quid
1425 3587 1566 3643 aliud
1592 3588 1781 3643 dicitur
1801 3590 1898 3645 nisi

388 3717 404 3747 ¹
422 3717 495 3765 sic
513 3723 638 3776 Mss;
659 3724 707 3767 at
733 3716 865 3777 add,
883 3716 1101 3768 intentus.

384 3780 404 3843 ξ
430 3785 535 3843 Mss.
556 3780 754 3843 benign.
775 3781 910 3828 corb.
934 3788 984 3829 et
1001 3781 1080 3828 alii
1100 3793 1194 3829 non
1210 3780 1508 3843 deteriores,
1528 3781 1742 3835 dissolui.

386 3838 407 3870 ⁸
423 3838 537 3899 Qui,
558 3838 698 3901 juxta
714 3848 786 3890 Er.
811 3849 930 3889 Ven.
950 3842 1095 3906 Lugd.
1124 3851 1251 3893 Meri.
1280 3850 1331 3892 et
1353 3838 1504 3894 ﬂend;
1521 3860 1629 3896 cum
1650 3846 1682 3895 8
1715 3856 1817 3898 Mss.
1844 3858 1897 3899 Μ.

1613 370 1812 428 LIBER
1844 364 2296 430 DUODECIMUS.

1992 487 2139 542 nullo
2170 495 2409 558 tempore
2438 486 2662 543 fecisse?
2679 486 2905 543 Videant
2928 486 3105 558 itaque
3127 484 3333 542 nullum
3360 493 3572 556 tempus

1993 592 2112 632 esse
2140 592 2296 647 posse
2323 579 2437 633 sine
2464 588 2728 644 creatura,
2757 587 2810 634 et
2835 577 3080 633 desinant
3105 576 3261 633 istam
3285 574 3573 631 vanitatem

1996 669 2160 738 loqui.
2194 670 2570 726 Extendantur
2597 672 2756 726 etiam
2783 671 2835 724 in
2861 684 2927 726 ea
2958 684 3076 740 quae
3095 677 3218 723 ante
3238 674 3397 736 sunt,
3419 674 3472 721 et
3496 666 3575 721 in-

1993 762 2231 832 telligant
2277 771 2331 819 te
2358 774 2481 819 ante
2508 764 2684 818 omnia
2721 772 2956 832 tempora
3003 771 3257 818 aeternum
3282 770 3576 815 creatorem

1994 856 2229 909 omnium
2257 864 2552 926 temporum
2574 897 2591 923 ,
2616 870 2787 926 neque
2807 855 2914 909 ulla
2941 861 3179 922 tempora
3202 852 3298 907 tibi
3326 865 3445 906 esse
3479 864 3573 905 co-

1996 955 2217 1014 aeterna,
2258 962 2358 1003 nec
2378 948 2538 1003 ullam
2566 957 2887 1013 creaturam,
2921 946 3080 1002 etiam
3104 945 3148 1000 si
3174 954 3257 1000 est
3281 943 3454 1014 aliqua
3483 956 3575 997 su-

1996 1053 2089 1109 pra
2113 1047 2371 1109 tempora.

2559 1108 2784 1165 CAPUT
2823 1108 3015 1163 XXXI.

2142 1178 2401 1243 Quomodo
2425 1180 2677 1250 cognoscit
2704 1180 2873 1246 Deus,
2901 1176 3147 1249 quomodo
3185 1185 3434 1231 creatura.

2071 1273 2158 1327 41.
2192 1273 2412 1327 Domine
2439 1273 2575 1327 Deus
2606 1287 2754 1326 meus
2774 1312 2789 1338 ,
2821 1271 2941 1340 quis
2968 1270 3053 1324 ille
3094 1269 3239 1323 sinus
3266 1275 3349 1323 est
3372 1267 3461 1321 alti
3488 1281 3576 1321 se-

1998 1363 2126 1417 creti
2158 1364 2231 1415 tni
2251 1405 2265 1427 ,
2298 1370 2350 1417 et
2377 1378 2530 1431 quam
2569 1363 2723 1432 longe
2749 1360 2871 1415 inde
2901 1376 2987 1413 me
3024 1359 3361 1429 proiecerunt
3386 1371 3577 1413 conse—
3612 1374 3631 1383 ί

1999 1454 2210 1522 quentia
2254 1452 2562 1508 delictorum
2609 1452 2881 1507 meorum?
2908 1452 3044 1505 Sana
3073 1450 3256 1504 oculos
3284 1462 3431 1503 meos
3455 1489 3470 1514 ,
3521 1455 3575 1502 et

1999 1545 2356 1616 congaudeam
2388 1545 2491 1598 luci
2520 1553 2643 1598 tum.
2669 1543 2823 1598 Certe
2845 1544 2889 1597 si
2916 1551 3120 1597 esttam
3148 1541 3329 1612 grandi
3359 1538 3576 1595 scientia

1999 1647 2051 1692 et
2081 1638 2407 1707 prmscientia
2447 1638 2653 1707 pollens
2693 1638 2900 1691 animus
2922 1678 2936 1702 ,
2983 1638 3065 1691 cui
3098 1645 3285 1691 cuncta
3314 1635 3577 1705 prmterita

2000 1736 2053 1782 et
2084 1728 2252 1781 futura
2278 1728 2349 1781 ita
2378 1737 2497 1781 nota
2531 1728 2654 1792 sint,
2682 1728 2820 1781 sicut
2851 1728 2978 1781 mihi
3010 1743 3170 1782 unum
3197 1728 3457 1781 canticum
3481 1739 3579 1779 no-

2001 1821 2292 1885 tissimum;
2344 1822 2562 1875 nimium
2614 1821 2871 1875 mirabilis
2898 1829 2981 1874 est
3019 1821 3230 1873 animus
3258 1820 3390 1884 iste,
3421 1827 3579 1887 atque

2000 1912 2066 1965 ad
2097 1912 2375 1966 horrorem
2407 1912 2698 1982 stupendus
2734 1931 2747 1966 :
2775 1912 2967 1981 quippe
2993 1926 3150 1981 quem
3186 1911 3256 1964 ita
3290 1924 3393 1964 non
3421 1909 3580 1963 lateat

2001 2003 2248 2072 quidquid
2271 2013 2540 2072 peractum
2562 2044 2576 2069 ,
2609 2013 2660 2058 et
2692 2002 2943 2073 quidquid
2974 2004 3237 2073 reliquum
3267 2002 3578 2056 surculorum

2001 2102 2114 2154 cst;
2146 2095 2587 2165 quemadmodum
2605 2110 2689 2149 me
2716 2110 2820 2149 non
2843 2097 2969 2148 latet
2990 2104 3288 2149 cantantem
3318 2092 3443 2146 illud
3464 2107 3581 2145 can-

2001 2187 2159 2241 ticum
2183 2229 2198 2253 ,
2228 2187 2353 2256 quid
2379 2196 2432 2241 et
2452 2197 2703 2256 quantum
2735 2187 2848 2254 ejus
2874 2185 3061 2239 abierit
3086 2186 3151 2239 ab
3172 2183 3388 2239 exordio
3408 2225 3422 2249 ,
3455 2180 3580 2250 quid

2001 2286 2053 2330 et
2082 2285 2329 2347 quantum
2364 2285 2526 2331 restet
2562 2277 2625 2330 ad
2654 2276 2835 2330 linem.
2864 2275 2970 2329 Sed
2998 2274 3135 2328 absit
3173 2282 3231 2327 ut
3256 2283 3312 2326 tu
3339 2271 3581 2327 conditor

2002 2368 2361 2421 universitatis
2382 2408 2395 2431 ,
2431 2367 2674 2422 conditor
2700 2367 2993 2420 animarum
3034 2373 3087 2419 et
3112 2379 3413 2435 corporum,
3442 2362 3581 2417 absit

2002 2468 2060 2513 ut
2086 2459 2153 2512 ita
2185 2459 2395 2512 noveris
2437 2459 2611 2512 omnia
2665 2456 2839 2511 futura
2867 2465 2921 2511 et
2949 2456 3234 2525 prmterita.
3277 2454 3457 2523 Longe
3484 2462 3536 2507 tu
3562 2493 3577 2518 ,

2002 2551 2154 2622 longe
2180 2550 2489 2612 mirabilius,
2521 2550 2779 2619 longeque
2801 2550 3074 2603 secretius.
3098 2548 3277 2615 Neque
3305 2547 3446 2602 enim
3476 2546 3580 2601 sic-

2003 2651 2058 2696 ut
2102 2651 2223 2697 nota
2251 2643 2513 2697 cantantis
2552 2651 2800 2695 notumve
2829 2642 3091 2696 canticum
3137 2638 3433 2703 audientis,
3476 2652 3575 2692 ex-

2004 2736 2328 2806 spectatione
2354 2749 2543 2788 vocmn
2585 2733 2878 2788 futurarum
2924 2742 2975 2787 et
3004 2731 3255 2787 memoria
3287 2730 3581 2800 praeterita-

2004 2845 2118 2883 rum
2150 2828 2383 2881 variatur
2412 2826 2633 2881 allectus
2654 2860 2675 2890 ,ι
2694 2840 2987 2895 sensusque
3016 2824 3360 2889 distenditur;
3392 2824 3462 2878 ita
3488 2824 3583 2877 tibi

2004 2918 2196 2988 aliquid
2226 2917 2409 2971 accidit
2434 2917 2933 2971 incommutabiliter
2955 2926 3177 2984 aeterno,
3208 2916 3308 2971 hoc
3329 2922 3430 2981 est,
3457 2930 3583 2970 vere

2005 3020 2203 3065 aeterno
2229 3011 2456 3064 creatori
2489 3011 2764 3064 mentium.
2814 3009 2962 3064 Sicut
2989 3024 3113 3080 ergo
3140 3010 3276 3064 nosti
3303 3010 3354 3063 in
3382 3008 3581 3078 princi-

2007 3104 2092 3172 pio
2120 3102 2312 3156 caelum
2344 3110 2397 3156 et
2432 3110 2625 3155 terram
2667 3103 2781 3155 sine
2826 3102 3076 3156 varietate
3109 3101 3307 3155 notitia:
3336 3108 3472 3165 tuae,
3514 3100 3584 3154 ita

2011 3193 2179 3247 fecisti
2204 3194 2255 3247 in
2287 3194 2543 3262 principio
2563 3193 2752 3249 caelum
2778 3202 2827 3248 et
2857 3202 3047 3247 terram
3079 3196 3193 3247 sine
3217 3192 3535 3247 distentione
3566 3193 3583 3223 ¹

2006 3284 2227 3338 actionis
2260 3293 2378 3337 tum.
2412 3283 2512 3350 Qui
2559 3283 2835 3352 intelligit,
2869 3283 3184 3337 conﬁteatur
3225 3283 3360 3347 tibi;
3404 3290 3458 3337 et
3494 3281 3584 3351 qui

2007 3391 2111 3430 non
2142 3376 2414 3445 intelligit,
2443 3375 2757 3429 confiteatur
2781 3373 2893 3428 tibi.
2922 3375 2964 3428 Ο
2986 3389 3141 3443 quam
3163 3373 3404 3428 excelsus
3427 3388 3503 3438 es,
3533 3381 3587 3427 et

2008 3467 2232 3520 humiles
2261 3465 2421 3519 corde
2462 3472 2585 3518 sunt
2611 3464 2800 3518 domus
2828 3465 2943 3518 tua!
2973 3464 3052 3518 Tu
3075 3465 3213 3519 enim
3240 3463 3398 3533 erigis
3427 3463 3586 3518 elisos

2006 3556 2178 3631 (Psal.
2202 3555 2524 3626 exev,8),et
2548 3572 2651 3610 non
2683 3556 2876 3609 cadunt
2896 3571 3119 3626 quorum
3141 3554 3399 3610 celsitudo
3426 3562 3479 3608 tu
3504 3568 3582 3608 es.

2072 3670 2088 3700 ί
2111 3675 2159 3737 tu
2182 3665 2386 3737 vulgatis
2403 3673 2459 3737 et
2482 3665 2663 3737 aliquot
2685 3674 2810 3737 hlss.,
2833 3664 2935 3737 sine
2955 3664 3281 3737 distinctione;
3311 3672 3361 3715 at
3392 3666 3440 3714 in
3478 3672 3584 3715 MSS.

2010 3728 2228 3793 pluribus
2250 3726 2301 3777 et
2320 3727 2536 3793 melioris
2544 3726 2691 3793 __hota3
2713 3728 2937 3793 habetur,
3075 3726 3356 3778 distentione
3376 3739 3399 3793 _:
3420 3739 3587 3793 muses

2009 3787 2247 3860 quentius‘
2271 3802 2413 3860 porro
2434 3791 2493 3839 ad
2526 3789 2640 3860 illud
2672 3789 2815 3860 quod
2838 3787 3094 3851 praéeedit:
3130 3802 3279 3860 neque
3466 3787 3586 3839 sicut

2012 3849 2123 3901 nota
2141 3849 2407 3901 cantantis.
2418 3888 2429 3900 .
2449 3850 2662 3901 variatur
2679 3849 2873 3913 directus
2889 3863 3142 3915 sensusque
3160 3849 3461 3902 distenditur.

327 3985 3571 4016 .______________—__________________________

1136 4067 1621 4173 LIBER
1688 4072 1798 4176 D
1821 4071 2560 4180 UODECIM
2579 4077 2777 4184 US.

386 4232 694 4302 Prosequitur
717 4228 1166 4302 interpretationem
1183 4226 1401 4302 ‘hujusce
1423 4229 1676 4302 versiculi,
1705 4240 1759 4281 In
1779 4231 2017 4297 principio
2037 4233 2149 4302 fecit
2172 4243 2299 4302 Deus
2321 4233 2489 4302 ctutum
2513 4241 2558 4285 et
2579 4241 2772 4302 terram.
2798 4237 2895 4287 Illic
2924 4239 3119 4289 nomine
3140 4238 3251 4289 σα»ιὶ
3280 4238 3588 4302 signiﬁcatam

325 4293 461 4348 putat
482 4287 780 4359 spiritualem
797 4287 877 4337 vel
901 4287 1281 4338 intellectualem
1305 4288 1432 4337 illam
1455 4287 1752 4359 creaturam,
1775 4287 1885 4359 qua:
1906 4287 2101 4359 semper
2126 4297 2295 4359 faciem
2317 4298 2402 4345 Dei
2420 4297 2787 4359 contemplatur;
2813 4306 2957 4350 terra:
2993 4287 3158 4351 autem
3193 4287 3422 4351 vocabulo
3444 4287 3587 4350 inibi:

325 4350 884 4426 metuas-latteriamrten
899 4363 1008 4426 qua
1035 4363 1200 4426 rerum
1222 4363 1561 4426 corporearum
1583 4350 1775 4426 species
1793 4350 1996 4426 luerunt
2014 4350 2218 4426 posthac
2232 4358 2462 4426 formatae.
2490 4350 2663 4407 Verum
2688 4350 2804 4426 alias
2839 4363 3187 4426 interpretandi
3211 4350 3424 4414 rationes
3443 4362 3589 4412 haud-

325 4421 564 4471 quaquam
586 4411 1078 4473 improbandas’esse;
1104 4414 1200 4461 imo
1223 4424 1288 4461 ex
1310 4413 1561 4476 Scriptura:
1582 4411 1757 4466 divinae
1780 4411 2101 4479 profunditate
2124 4419 2439 4483 multiplicem
2462 4433 2604 4482 posse
2630 4423 2735 4470 erui
2759 4435 2957 4472 sensum
2971 4411 3248 4474 conﬁtetur.

1683 4545 2244 4625 ψ

839 4684 1065 4743 CAPUT
1104 4684 1384 4744 PRIMUM.

773 4814 1002 4887 Difficilis
1050 4818 1301 4888 inquisitio
1343 4820 1464 4874 veri.

398 4947 453 5001 1.
483 4944 645 5002 Multa
674 4949 866 5019 satagit
884 4963 979 5005 cor
1003 4966 1203 5019 meum,
1234 4952 1475 5019 Domine,
1526 4953 1581 5009 in
1604 4926 1707 5011 hae
1729 4956 1904 5028 inopia

327 5035 450 5090 vita:
480 5051 614 5091 meae
640 5038 904 5107 pulsatum
931 5042 1111 5097 verbis
1147 5050 1347 5098 sanctae
1366 5043 1654 5114 Scriptura:
1680 5054 1784 5102 tua:
1809 5065 1823 5103 :
1852 5058 1906 5102 et

329 5125 450 5180 ideo
480 5127 789 5199 plerumque
829 5132 884 5185 in
927 5148 1175 5188 sermone
1200 5134 1415 5203 copiosa
1441 5143 1524 5191 est
1552 5145 1760 5207 egestas
1806 5139 1904 5194 hu-

328 5234 503 5275 mana:
567 5222 959 5294 intelligentiae;
1024 5226 1143 5296 quia
1191 5227 1306 5295 plus
1354 5228 1584 5298 loquitur
1637 5230 1905 5301 inquisitio

328 5325 488 5379 quam
518 5312 770 5382 inventio,
796 5323 851 5370 et
890 5316 1094 5387 longior
1134 5326 1215 5373 est
1244 5320 1424 5388 petitio
1464 5336 1620 5391 quam
1651 5321 1903 5392 impetra-

330 5400 425 5467 tio,
445 5410 502 5457 et
529 5406 802 5472 operosior
838 5415 918 5461 est
940 5423 1126 5463 manus
1138 5409 1353 5479 pulsans
1365 5425 1521 5480 quam
1542 5426 1776 5467 sumens.
1794 5413 1903 5469 Te-

333 5505 526 5546 nemus
537 5495 854 5563 promissum
872 5512 885 5561 ;
900 5499 1018 5568 quis
1039 5506 1344 5569 corrumpet
1374 5500 1542 5555 illud?
1571 5501 1627 5556 Si
1650 5503 1790 5558 Deus
1807 5519 1903 5574 pro

328 5582 502 5645 nobis,
530 5584 647 5653 quis
670 5594 856 5642 contra
883 5587 1178 5662 nos(Rom.
1220 5607 1333 5657 vm,
1364 5592 1502 5662 3i)?
1533 5591 1715 5661 Petite,
1749 5605 1795 5648 et
1818 5612 1904 5649 ac-

327 5676 554 5745 cipietis;
574 5681 797 5747 quarite,
819 5691 868 5735 et
903 5684 1157 5739 invenietis
1180 5702 1197 5749 ;
1223 5685 1438 5756 pulsate,
1472 5695 1517 5740 et
1535 5688 1786 5756 aperietur
1813 5705 1901 5743 uo-

328 5766 424 5823 bis.
475 5766 651 5823 Omnis
677 5772 809 5826 enim
836 5774 921 5842 qui
960 5776 1079 5846 petit
1104 5778 1322 5850 accipit,
1368 5787 1413 5833 et
1436 5793 1664 5849 qurerens
1694 5770 1898 5850 inuenit,

2011 4699 2057 4746 et
2087 4690 2312 4761 pulsanti
2355 4692 2850 4765 aperietur(.llatth.
2878 4713 2973 4765 vn,
3008 4698 3056 4765 7,
3084 4699 3171 4771 8).
3208 4701 3472 4758 Promissa
3499 4709 3586 4757 tua

2011 4790 2168 4850 sunt;
2190 4791 2244 4839 et
2266 4783 2384 4854 quis
2406 4784 2516 4839 falli
2538 4786 2739 4851 timeat,
2762 4803 2879 4844 cum
2901 4791 3159 4860 promittit
3174 4793 3414 4848 Veritas?

2621 4897 2846 4955 CAPUT
2885 4900 2949 4955 ll.

2434 4965 2510 5021 De
2548 4967 2739 5039 duplici
2773 4970 2897 5024 ccelo
2935 4980 2979 5026 et
3010 4980 3162 5027 terra.

2078 5054 2136 5106 2.
2161 5054 2453 5111 Confitetur
2481 5058 2745 5113 altitudini
2780 5069 2883 5115 tum
2925 5063 3192 5118 humilitas
3218 5064 3405 5137 lingua:
3430 5081 3578 5134 meae,

2008 5146 2255 5215 quoniam
2308 5156 2362 5201 tu
2404 5147 2571 5202 fecisti
2626 5151 2817 5204 coelum
2866 5160 2921 5206 et
2979 5162 3203 5219 terram;
3251 5155 3353 5211 hoc
3393 5158 3585 5213 malum

2008 5235 2149 5304 quod
2201 5236 2374 5303 video,
2421 5247 2723 5309 terramque
2768 5256 2922 5310 quam
2971 5243 3134 5308 calce,
3165 5243 3307 5301 unde
3353 5256 3432 5301 est
3475 5248 3587 5303 hare

2009 5333 2146 5379 terra
2172 5341 2327 5396 quam
2356 5338 2530 5397 porto,
2561 5338 2617 5383 tu
2646 5330 2832 5385 fecisti.
2862 5332 2964 5387 Sed
2993 5334 3080 5388 ubi
3106 5344 3187 5389 est
3217 5338 3411 5391 caelum
3441 5339 3584 5404 cmli,

2008 5415 2252 5484 Domine,
2302 5418 2367 5472 de
2397 5434 2503 5489 quo
2542 5420 2840 5477 audivimus
2882 5424 2932 5477 in
2962 5439 3093 5480 voce
3132 5425 3325 5481 Psalmi
3356 5446 3370 5482 :
3396 5427 3588 5484 Caelum

2007 5509 2118 5563 coeli
2141 5507 2395 5574 Domino;
2422 5520 2607 5565 terram
2627 5522 2794 5567 autem
2823 5516 2957 5569 dedit
2982 5517 3103 5586 ﬁliis
3123 5518 3380 5575 hominum
3403 5522 3422 5592 (
3444 5521 3583 5578 Psal.

2005 5614 2154 5666 cxnt,
2184 5601 2325 5671 16)?
2351 5601 2453 5657 Ubi
2498 5612 2581 5657 est
2613 5605 2804 5660 cmlum
2843 5608 2984 5676 quod
3032 5624 3139 5665 non
3177 5612 3462 5678 cernimus,
3504 5616 3588 5668 cui

2007 5701 2145 5746 terra
2172 5701 2254 5748 est
2282 5694 2381 5748 hoc
2401 5709 2559 5751 omne
2605 5697 2745 5767 quod
2771 5700 3070 5756 cernimus?
3098 5701 3215 5758 Hoc
3248 5705 3389 5758 enim
3420 5713 3586 5761 totum

2005 5798 2317 5857 corporeum
2343 5828 2359 5855 ,
2391 5802 2497 5843 non
2545 5789 2740 5862 ubique
2780 5800 2947 5850 totum
2979 5796 3050 5850 ita
3097 5797 3301 5868 accepit
3345 5797 3579 5867 speciem

3094 5950 3099 5953 “
3158 5950 3191 5967 ‘I
