4078 6366
555 347 666 405 ιω
1703 347 2127 398 (λυΜίιδδιυω

558 466 836 540 pulchram
861 463 920 520 in
941 461 1265 530 novissimis,
1285 459 1439 532 mritis
1463 459 1482 494 ⁸
1511 456 1702 516 fundus
1752 464 1838 517 est
1862 463 2002 514 terra
2030 465 2127 508 nor

1703 330 2216 398 CONFESSIONUM
2255 333 2312 390 S.
2355 335 2719 399 AUGUSTINI

2255 363 2312 390 ο.
2355 363 2719 399 ηυυυδιιω
3700 363 3809 424 εει

2237 447 2329 509 hat
2341 453 2674 522 animus,sed
2695 457 2890 518 formas
2916 467 3125 531 tamen;
3146 465 3804 546 «inﬁrmamth

555 571 705 626 atra;
743 561 836 617 sed
877 560 945 616 ad
971 558 1099 614 illud
1143 561 1338 615 σοιιιεη
1371 557 1525 619 casti,
1563 555 1727 610 etiam
1756 559 1913 606 teme
1937 558 2132 608 nostra
2238 559 2342 609 non
2357 547 2712 616 quidemet-ct
2729 551 2920 622 forma,
2946 554 3038 614 sed
3057 557 3199 626 quod
3224 559 3381 618 talem
3401 561 3638 632 haberet,
3658 571 3804 634 una

559 654 760 711 uel",
785 663 926 709 me
956 661 1058 708 ω,
1095 651 1163 712 ει
1188 651 1289 706 hoc
1331 659 1612 720 mm“
1653 660 1902 716 magna,“
1941 657 2131 714 οοηωδ
2235 647 2530 705 appareret,
2561 640 2832 699 insolitum
2859 652 2913 702 et
2942 644 3284 718 incongruum
3323 665 3655 712 aversaretur
3679 674 3803 715 sen-

565 764 670 804 nou
709 745 941 803 absurdo
975 754 1116 801 terra
1146 752 1248 811 ost,
1292 743 1362 798 ad
1386 742 1516 798 illud
1543 741 1724 797 nescio
1749 740 1910 811 quale
1931 738 2128 796 metu

563 840 708 916 quod
749 839 974 896 Domino
1000 846 1101 906 est,
1131 852 1238 892 non
1268 836 1389 890 llliis
1414 835 1708 890 hominum.

1173 948 1398 1005 CAPUT
1438 945 1521 1002 Ill.

843 1022 977 1089 Quid
1007 1023 1219 1077 tenebrae
1256 1036 1404 1091 super
1433 1019 1611 1093 faciem
1657 1017 1842 1088 abyssi.

629 1119 682 1174 ’5.
714 1117 784 1180 Ει
814 1115 1060 1178 nimirum
1091 1113 1204 1168 hmc
1235 1125 1365 1167 terra
1389 1119 1496 1167 erat
1519 1111 1778 1166 invisibilis
1807 1121 1851 1166 et
1871 1111 2124 1180 incompo-

555 1211 673 1278 sita,
699 1217 754 1266 et
773 1207 953 1268 nescio
973 1222 1089 1280 quae
1111 1206 1438 1277 profunditas
1465 1204 1639 1274 abyssi
1661 1220 1821 1274 super
1843 1220 2122 1278 quamnon

557 1313 674 1367 erat
699 1304 823 1370 lux;
851 1303 972 1374 quia
1003 1302 1145 1358 nulla
1172 1301 1374 1372 species
1403 1309 1516 1360 erat
1541 1300 1649 1365 illi;
1681 1297 2043 1366 undejussisti
2067 1305 2124 1350 ut

549 1393 887 1458 scriberetur,
913 1392 1050 1463 quod
1073 1393 1284 1448 tenebra:
1301 1400 1440 1452 erant
1459 1407 1608 1460 super
1625 1387 1892 1461 abyssum(
1914 1387 2037 1442 Gen.
2065 1388 2116 1454 l,

551 1484 623 1556 2)
645 1501 659 1552 ;
683 1484 811 1556 quid
840 1484 979 1544 aliud
997 1499 1153 1555 quam
1185 1483 1314 1540 lucis
1333 1481 1718 1544 absentia?libi
1749 1481 1888 1538 enim
1912 1481 2000 1535 lux
2029 1496 2118 1534 es-

549 1585 656 1644 set,
689 1577 735 1634 si
759 1584 917 1644 esset,
948 1575 1046 1634 nisi
1072 1582 1375 1644 superesset
1395 1572 1674 1628 eminendo
1692 1581 1743 1626 et
1761 1571 2070 1626 illustrando
2095 1569 2117 1623 ?

551 1668 651 1735 Ubi
681 1684 807 1738 ergo
833 1668 920 1728 lux
947 1665 1182 1728 nondum
1199 1673 1334 1731 erat,
1357 1662 1480 1736 quid
1502 1670 1616 1718 erat
1642 1662 1828 1716 adesse
1849 1660 2112 1730 tenebras,

548 1765 647 1824 nisi
677 1765 865 1826 abesse
894 1761 1103 1824 lucem?
1130 1759 1300 1830 Super
1322 1759 1498 1828 itaque
1527 1764 1680 1811 erant
1709 1755 1960 1818 tenebrae,
1990 1754 2112 1822 quia

547 1855 638 1912 lux
667 1870 830 1926 super
856 1855 1065 1920 aberat;
1095 1854 1232 1910 sicut
1255 1865 1418 1910 sonus
1446 1849 1534 1905 ubi
1563 1865 1665 1904 non
1708 1857 1808 1916 est,
1848 1847 2111 1901 silentium

546 1955 649 2004 est.
699 1947 765 2001 Et
806 1945 932 2016 quid
979 1956 1058 2002 est
1102 1959 1221 2002 esse
1267 1943 1338 1998 ibi
1365 1943 1652 2006 silentium,
1685 1941 1782 1994 nisi
1824 1957 2010 1996 sonum
2044 1940 2113 1994 ibi

547 2051 652 2094 non
677 2035 831 2093 esse?
854 2035 1040 2093 Nonne
1067 2043 1143 2103 tu,
1176 2035 1415 2100 Domine,
1461 2032 1683 2090 docuisti
1723 2031 1860 2089 hanc
1884 2032 2111 2088 animam

548 2145 667 2202 qua:
696 2129 788 2184 tibi
820 2129 1135 2186 conﬁtetur?
1164 2129 1350 2186 Nonne
1375 2139 1450 2194 tu,
1481 2128 1719 2192 Domine,
1753 2126 1977 2181 docuisti
2004 2142 2107 2196 me,

544 2218 684 2290 quod
712 2220 1015 2294 priusquam
1045 2221 1198 2276 istam
1227 2220 1506 2280 informem
1537 2221 1812 2278 materiam
1856 2220 2110 2282 formares

539 2318 706 2381 atque
731 2311 1100 2383 distingueres,
1131 2328 1243 2372 non
1268 2321 1383 2372 erat
1410 2313 1642 2383 aliquid;
1675 2329 1780 2368 non
1809 2315 1975 2382 color,
2006 2330 2107 2372 non

523 2384 736 2471 'figtu'a,
759 2411 867 2460 non
901 2417 1113 2474 corpus,
1145 2421 1248 2462 non
1279 2405 1531 2476 spiritus?
1554 2407 1668 2462 Non
1699 2416 1872 2465 tamen
1895 2411 2110 2467 omnino

544 2493 674 2552 nihil
699 2515 715 2552 :
736 2505 852 2554 erat
885 2497 1126 2568 quaadam
1155 2497 1450 2557 iuformitas
1474 2499 1590 2556 sine
1611 2500 1716 2556 ulla
1741 2501 1936 2572 specie.

1159 2610 1385 2668 CAPUT
1421 2613 1509 2668 IV.

799 2681 934 2748 Quid
954 2691 1087 2740 terra
1131 2685 1392 2742 invisibilis
1416 2694 1465 2738 et
1509 2688 1862 2757 incomposita.

612 2774 667 2829 4.
695 2773 833 2840 Quid
865 2791 994 2847 ergo
1029 2785 1326 2842 vocaretur,
1361 2779 1501 2849 quod
1539 2779 1698 2836 etiam
1726 2796 1886 2836 sensu
1916 2783 2110 2840 tardio-

551 2864 698 2920 ribus
724 2875 1007 2938 utcumque
1049 2867 1420 2935 insinuaretur,
1448 2870 1551 2926 nisi
1589 2873 1780 2928 usitato
1807 2873 1986 2943 aliquo
2019 2890 2110 2928 vo—

541 2956 766 3012 cabulo?
792 2957 930 3024 Quid
955 2967 1130 3014 autem
1157 2961 1210 3014 in
1244 2961 1490 3016 omnibus
1532 2964 1711 3020 mundi
1759 2967 1992 3034 partibus
2018 2983 2108 3023 re-

539 3050 702 3122 periri
729 3060 903 3121 potest
927 3053 1269 3123 propinquius
1293 3053 1560 3110 informati
1585 3058 1923 3126 omnimodm,
1950 3074 2107 3130 quam

541 3148 682 3196 terra
710 3150 764 3198 et
783 3143 1039 3217 abyssus?
1063 3145 1236 3202 Minus
1259 3147 1398 3206 enim
1427 3149 1665 3218 speciosa
1702 3160 1844 3218 sunt,
1875 3167 1970 3220 pro
2011 3168 2108 3208 suo

541 3231 709 3301 gradu
740 3233 940 3297 infimo,
971 3251 1129 3306 quam
1153 3247 1343 3294 cietera
1368 3242 1638 3309 superiora
1666 3245 1930 3314 perlucida
1958 3254 2010 3301 et
2035 3247 2110 3302 lu-

539 3325 752 3382 culenta
792 3328 987 3386 omnia.
1017 3328 1123 3384 Cur
1148 3345 1276 3401 ergo
1321 3347 1426 3388 non
1456 3335 1706 3405 accipiam
1738 3337 2105 3393 informitatem

539 3418 801 3485 materiai,
846 3435 1004 3490 quam
1035 3421 1150 3478 sine
1178 3423 1353 3492 specie
1377 3423 1598 3494 feneras,
1630 3421 1768 3482 unde
1810 3431 2106 3499 speciosum

539 3508 792 3578 mundum
816 3509 1041 3580 faceres,
1070 3512 1140 3568 ita
1160 3515 1439 3570 commode
1467 3516 1768 3574 hominibus
1793 3520 2104 3590 intimatam,

537 3606 598 3658 at
619 3601 974 3674 appellaretur
998 3614 1132 3666 terra
1158 3605 1417 3664 invisibilia
1440 3617 1487 3664 et
1511 3609 1874 3682 incomposita?

1131 3717 1358 3776 CAPUT
1395 3719 1460 3776 ν.

712 3780 816 3844 Cur
837 3785 910 3846 sic
938 3786 1192 3859 appetiuit!
1225 3789 1418 3848 videtur
1443 3791 1651 3850 materia
1679 3793 1930 3867 informis.

611 3873 665 3928 5.
694 3873 900 3933 Utcum
926 3878 977 3931 in
1017 3895 1078 3934 ea
1106 3882 1126 3911 ²
1158 3882 1342 3950 qumrit
1384 3886 1632 3953 cogitatio
1660 3886 1783 3956 quid
1813 3902 2000 3942 sensus
2025 3897 2106 3943 at-

539 3965 729 4036 tingat,
758 3977 811 4022 et
836 3969 965 4023 dicit
987 3971 1107 4038 sibi,
1143 3972 1257 4027 Non
1287 3984 1368 4030 est
1398 3977 1740 4048 intelligihilis
1779 3979 1945 4034 forma
1974 3983 2106 4037 sicut

537 4058 667 4126 vita,
694 4059 830 4115 sicut
850 4061 1071 4130 justitia,
1111 4066 1229 4135 quia
1273 4068 1521 4125 materies
1550 4078 1628 4126 est
1668 4085 1982 4142 corporum;
2008 4091 2105 4130 ne-

539 4164 645 4220 que
670 4152 954 4220 sensibilis,
1000 4156 1246 4224 quoniam
1295 4161 1437 4228 quod
1466 4161 1705 4218 videatur
1728 4172 1783 4220 et
1821 4167 1961 4237 quod
1987 4184 2106 4224 scn-

541 4239 703 4298 tiatur
726 4240 778 4300 in
801 4241 1059 4306 invisibili
1095 4254 1154 4302 et
1177 4247 1527 4320 incomposita
1557 4269 1661 4310 non
1691 4265 1772 4311 est
1799 4273 1812 4310 :
1844 4256 1967 4314 dum
2008 4259 2106 4315 sibi

537 4329 660 4386 line
703 4333 833 4391 dicit
869 4336 1099 4394 humana
1131 4343 1396 4418 cogitatio,
1437 4355 1658 4403 conetur
1683 4364 1798 4405 eam
1823 4351 1906 4412 vel
1948 4367 2105 4410 masc

545 4423 858 4496 ignorando,
888 4431 972 4485 Vel
997 4427 1238 4502 ignorare
1267 4437 1553 4493 noscendo.

1123 4545 1349 4604 CAPUT
1389 4548 1474 4605 Vl.

540 4629 678 4698 Quid
697 4632 818 4698 olim
841 4650 956 4694 cum
991 4635 1289 4763 Monk/tau:
1313 4643 1519 4764 seugerit
1540 4642 1602 4700 de
1628 4645 1840 4700 materia
1876 4645 2101 4717 informi,

1166 4727 1249 4764 aut
1307 4728 1385 4763 mo
1424 4730 1471 4764 ο.

1166 4727 1285 4786 qma
1307 4727 1471 4765 ηιοαο.

609 4793 664 4848 6.
680 4791 791 4865 Ego
802 4804 951 4865 vero,
965 4795 1206 4866 Domine,
1227 4801 1268 4854 si
1289 4811 1452 4856 totum
1470 4801 1756 4859 conﬁtear’
1775 4804 1863 4859 tibi
1877 4822 1968 4862 ore
1985 4822 2103 4863 meo

532 4897 589 4945 et
608 4890 814 4947 calamo
827 4908 966 4959 meo,
983 4896 1233 4972 quidquid
1247 4896 1314 4952 de
1325 4897 1420 4953 ista
1439 4900 1654 4956 materia
1666 4901 1887 4956 docuisti
1904 4917 2004 4968 me,
2019 4912 2104 4956 ctr-

527 4981 616 5053 jus
630 4993 785 5039 antea
803 5001 993 5046 nomen
1011 4987 1230 5045 audiens
1251 4997 1303 5044 et
1329 5007 1433 5044 non
1450 4992 1741 5063 intelligens
1770 4997 2102 5056 narrantibus

533 5073 664 5129 mihi
686 5077 765 5131 eis
785 5076 873 5147 qui
894 5093 997 5132 non
1014 5080 1378 5151 intelligerent,
1396 5098 1511 5138 eam
1527 5099 1646 5139 cum
1659 5085 1933 5154 speciebus
1949 5088 2101 5148 innu-

535 5167 702 5222 meris
726 5176 779 5222 et
792 5170 946 5229 variis
967 5171 1258 5240 cogitabam
1279 5183 1353 5242 ;et
1369 5173 1487 5229 ideo
1509 5191 1611 5231 non
1629 5192 1744 5231 eam
1770 5181 2095 5248 cogitabam;

533 5252 605 5316 foe
618 5257 712 5311 das
722 5266 775 5314 et
787 5256 1066 5318 horribiles
1086 5261 1282 5318 formas
1301 5265 1621 5336 perturbatis
1640 5265 1910 5334 ordinibus
1925 5271 2101 5330 volve-

595 5387 749 5453 fCui,
770 5391 910 5453 juxta
928 5397 1002 5441 Ir.
1019 5395 1165 5453 uad.
1186 5403 1303 5445 Ven.
1325 5403 1435 5447 ιον.
1463 5406 1515 5448 Μ.

594 5449 895 5528 ξξιξμὶιιξξιεε.
913 5460 964 5528 et
977 5449 1253 5508 ooncinnius
1269 5471 1409 5528 quam
1420 5461 1459 5509 si
1479 5461 1615 5523 legas
1635 5470 1689 5513 ut
1715 5465 1764 5528 in
1786 5463 1992 5528 vulgatis
2013 5481 2024 5516 ;
2044 5470 2101 5518 [ι

530 5518 643 5625 m
656 5511 911 5626 ign
939 5522 1129 5580 sonum,
1157 5511 1320 5582 neque
1350 5527 1395 5571 et
1433 5511 2066 5588 neqhevutadwmitwteon—srsid
2079 5511 2093 5576 Ξ

1343 5679 1357 5704 ν
1398 5645 1442 5718 ii
1458 5651 1639 5718 10mm-
1661 5649 1884 5718 War
1914 5667 1932 5703 ε
1964 5657 2098 5712 cuius

528 5701 867 5762 propositionis
881 5714 1055 5755 sensus
1071 5717 1136 5757 ex
1145 5704 1250 5758 istis
1263 5701 1529 5775 completur
1539 5713 1716 5777 verbis,
1728 5701 1832 5779 duis
1847 5701 2098 5788 tegentium

523 5774 701 5823 (tun-ra
713 5762 908 5820 dtu!“
915 5760 946 5819 ἒ

2234 740 2324 780 sus
2351 742 2521 798 meus,
2546 738 2602 792 et
2640 735 3050 798 eonturbaretur
3103 739 3381 802 infirmitas
3427 743 3674 806 hominis.
3701 751 3803 809 Ve-

2231 827 2562 914 rum-autem
2594 822 2611 853 ί
2654 823 2783 880 illud
2809 827 2952 896 quod
2997 830 3313 901 cogitabam,
3361 850 3468 892 non
3507 841 3800 914 privatione

2229 910 2403 964 omnis
2427 909 2629 980 formae,
2644 914 2740 969 sed
2762 920 3154 989 comparatione
3177 922 3547 988 formosiorum
3567 941 3682 989 erat
3707 911 3794 991 in;

2231 997 2402 1060 forme
2426 1019 2438 1054 :
2469 1010 2522 1057 et
2545 1005 2798 1064 suadebat
2824 1023 2949 1064 vera
2975 1012 3130 1082 ratio,
3161 1023 3220 1069 ut
3244 1020 3419 1079 omnis
3445 1019 3627 1080 forma
3651 1041 3786 1095 qua-

2227 1091 2531 1165 lescumque
2557 1098 2806 1169 reliquias
2845 1105 3062 1160 omnino
3105 1106 3464 1178 detraherem,
3513 1114 3559 1170 si
3597 1091 3790 1174 uellem

2228 1200 2442 1252 prorsus
2488 1189 2709 1245 informe
2757 1195 3022 1264 cogitare;
3063 1207 3120 1254 et
3165 1214 3272 1256 non
3317 1213 3574 1271 poteram.
3624 1207 3794 1268 Gtiu

2226 1277 2368 1332 enim
2396 1294 2501 1336 non
2531 1297 2649 1339 esse
2675 1287 2978 1356 censebam,
3019 1292 3160 1361 quod
3190 1296 3332 1352 omni
3360 1295 3528 1353 forma
3566 1301 3798 1370 privare-

2225 1374 2328 1432 tur,
2355 1383 2509 1439 quam
2548 1374 2839 1442 cegitabam
2866 1379 3114 1448 quiddam
3146 1383 3282 1440 inter
3309 1385 3593 1444 formatum
3621 1400 3678 1447 et
3706 1393 3790 1447 ni-

2224 1457 2321 1552 hil,
2350 1476 2448 1515 nec
2478 1465 2496 1492 ²
2548 1463 2833 1524 formatum
2879 1485 2986 1526 nec
3006 1472 3156 1541 nihil,
3188 1475 3410 1540 informe
3437 1495 3603 1552 prope
3641 1483 3776 1539 nihil

2222 1550 2288 1610 Et
2340 1556 2562 1610 cessavit
2603 1573 2753 1614 mens
2801 1577 2918 1620 mea
2976 1563 3306 1638 interrogare
3368 1571 3497 1628 hinc
3537 1550 3790 1644 spiritum

2220 1658 2395 1700 meum
2427 1645 2639 1714 plenum
2674 1649 2988 1720 imaginibus
3016 1654 3362 1715 formatoru
3401 1676 3713 1733 corporum,
3741 1675 3796 1723 et

2219 1749 2310 1790 eas
2333 1750 2428 1804 pro
2477 1738 2696 1794 arbitrio
2737 1753 3027 1804 mutantem
3068 1757 3227 1820 atque
3264 1754 3592 1820 variantem;
3621 1766 3680 1814 ot
3711 1759 3793 1815 in-

2221 1828 2360 1882 tendi
2387 1830 2438 1884 in
2469 1831 2580 1899 ipsa
2610 1847 2852 1902 corpora,
2882 1853 3172 1910 eorumque
3202 1845 3606 1903 mutabilitatem
3631 1850 3792 1906 altius

2216 1918 2442 1989 inSpexi,
2473 1938 2572 1990 qua
2594 1923 2842 1981 desinunt
2865 1943 2982 1984 esse
3003 1931 3144 2000 quod
3174 1933 3398 2002 fuerant,
3430 1947 3484 2002 et
3524 1940 3784 2009 incipiunt

2216 2023 2337 2063 esse
2366 2010 2506 2078 quod
2528 2026 2633 2067 non
2657 2024 2840 2082 erant;
2861 2018 3210 2091 eumdemque
3230 2025 3508 2081 transitum
3530 2026 3600 2082 de
3619 2028 3790 2085 forma

2215 2097 2266 2162 in
2287 2100 2505 2156 formam
2532 2117 2627 2171 per
2646 2105 2869 2162 informe
2896 2109 3143 2178 quiddam
3172 2112 3288 2169 ﬁeri
3317 2117 3616 2186 suspicatus
3641 2135 3785 2189 sum,

2213 2205 2317 2252 non
2346 2207 2441 2260 per
2463 2195 2679 2254 omnino
2710 2197 2836 2254 nihil
2861 2218 2874 2253 :
2906 2201 3002 2256 sed
3041 2217 3199 2260 nosse
3229 2207 3538 2278 cupiebam,
3568 2225 3681 2266 non
3700 2227 3790 2267 su-

2211 2282 2423 2350 spicari.
2450 2285 2514 2340 Et
2541 2286 2585 2342 si
2609 2295 2772 2346 totum
2795 2290 2887 2345 tibi
2906 2293 3218 2351 confiteatur
3239 2313 3340 2354 vox
3361 2309 3413 2356 et
3435 2301 3588 2359 stilus
3611 2319 3784 2372 meus,

2213 2373 2463 2464 quidquid
2488 2375 2556 2431 de
2583 2378 2679 2434 ista
2705 2382 2995 2450 quaestione
3023 2386 3263 2442 enodasti
3288 2390 3437 2457 mihi,
3461 2393 3583 2462 quis
3605 2393 3786 2464 legen-

2213 2462 2345 2516 tium
2389 2479 2578 2535 capere
2619 2468 2860 2526 durabit?
2905 2473 3012 2530 Nec
3058 2475 3179 2532 ideo
3208 2487 3380 2535 tamen
3418 2462 3788 2542 cessabit—cor

2210 2567 2388 2608 meum
2412 2555 2538 2612 dare
2581 2559 2671 2612 tibi
2715 2560 2968 2618 honorem
3011 2575 3067 2622 et
3094 2569 3354 2624 canticum
3393 2571 3564 2628 laudis
3603 2574 3676 2630 de
3719 2576 3782 2630 iis

2210 2659 2326 2713 qua:
2347 2643 2546 2702 dictare
2570 2663 2675 2702 non
2701 2650 2913 2708 sufficit.
2954 2653 3273 2713 Mutabilitas
3296 2665 3438 2714 enim
3463 2677 3646 2718 rerum
3673 2681 3786 2719 mu-

2211 2735 2446 2789 tabilium
2477 2737 2588 2806 ipsa
2632 2754 2796 2808 capax
2837 2752 2920 2797 est
2961 2745 3251 2803 formarum
3293 2752 3532 2807 omnium
3567 2755 3623 2808 in
3653 2771 3783 2826 quas

2210 2834 2479 2886 mutantur
2506 2843 2593 2883 res
2631 2832 2932 2889 mutabiles.
2963 2836 3027 2890 Et
3057 2837 3171 2892 haec
3204 2841 3329 2910 quid
3371 2844 3492 2898 est?
3517 2843 3785 2916 Numquid

2209 2918 2455 2974 animus?
2483 2923 2736 2991 numquid
2783 2929 3016 2994 corpus?
3062 2933 3317 3000 numquid
3361 2937 3568 3003 species
3617 2939 3782 2992 animi

2212 3009 2293 3064 vel
2315 3012 2592 3079 corporis?
2614 3013 2672 3068 Si
2700 3014 2802 3069 dici
2831 3028 3030 3085 posset,
3043 3020 3181 3074 Nihil
3213 3023 3427 3094 aliquid,
3457 3035 3532 3093 et,
3555 3028 3656 3082 Est
3681 3045 3783 3084 non
3893 3096 3898 3100 δ

2181 3107 2294 3168 est
2341 3100 2383 3166 ³,
2426 3100 2528 3155 hoc
2569 3118 2688 3160 eam
2729 3105 2992 3174 dicerem;
3040 3118 3096 3165 et
3137 3121 3312 3168 tamen
3351 3116 3460 3185 jam
3497 3125 3787 3189 utcumque

2208 3200 2347 3260 erat,
2375 3201 2432 3248 ut
2455 3196 2658 3264 species
2686 3208 2900 3268 caperet.
2925 3202 3054 3256 istas
3093 3206 3325 3262 visibiles
3360 3218 3413 3264 et
3436 3214 3781 3282 compositas.

2787 3310 3012 3370 CAPUT
3051 3316 3162 3372 νη.

2209 3394 2348 3452 Deus
2391 3399 2506 3470 fecit
2536 3400 2778 3486 denihiio
2811 3406 3008 3486 emittm,
3035 3407 3090 3460 id
3117 3419 3189 3462 est
3214 3407 3466 3486 Angelos;
3489 3423 3535 3468 et
3572 3423 3783 3486 terram,

2603 3473 2658 3525 id
2699 3482 2770 3526 sat
2819 3475 3084 3546 informem
3123 3473 3403 3535 mter-inm.
3446 3473 3459 3480 ’
3589 3507 3594 3510 ·

2281 3559 2333 3614 7.
2365 3561 2433 3616 Et
2459 3563 2598 3619 unde
2623 3573 2903 3636 utcunque
2923 3576 3058 3636 erat,
3085 3570 3188 3625 nisi
3208 3581 3353 3628 esset
3375 3575 3473 3630 abs
3497 3584 3551 3630 te
3573 3618 3588 3643 ,
3617 3592 3653 3632 a
3681 3593 3787 3648 quo

2209 3661 2332 3706 sunt
2355 3656 2530 3708 omnia
2571 3657 2621 3710 in
2663 3667 3142 3732 quantumcumque
3171 3665 3330 3720 sunt?
3353 3665 3458 3727 Sed
3498 3675 3649 3729 tanto
3677 3680 3785 3726 ate

2211 3741 2440 3813 longius,
2473 3755 2668 3815 quanto
2687 3747 2996 3806 dissimilius
3019 3767 3034 3817 ;
3057 3767 3230 3822 neque
3252 3755 3395 3810 enim
3421 3757 3572 3812 locis.
3601 3756 3787 3834 Itaque

2206 3843 2287 3899 tu,
2317 3837 2561 3905 Domine,
2587 3840 2676 3909 qui
2701 3856 2805 3895 non
2829 3857 2887 3897 es
2907 3844 3037 3898 alias
3055 3845 3194 3900 aliud
3214 3845 3238 3878 ⁸
3254 3857 3307 3902 ct
3327 3847 3458 3903 alias
3486 3850 3662 3917 aliter,
3693 3851 3787 3907 sed

2209 3926 2436 3998 idipsum
2461 3938 2514 3984 et
2533 3929 2759 4000 idipsum
2779 3941 2833 3987 et
2849 3933 3098 4004 idipsum,
3115 3938 3354 4006 Sanctus,
3375 3940 3620 4007 Sanctus,
3647 3943 3785 3998 San-

2207 4029 2343 4087 ctus,
2361 4021 2613 4079 Dominus
2634 4025 2773 4081 Deus
2786 4027 3290 4100 ornnipotensusai.
3315 4048 3388 4097 vr,
3421 4033 3512 4104 5);
3544 4034 3595 4088 in
3629 4034 3786 4090 Prin-

2209 4111 2350 4181 cipio
2375 4113 2515 4182 quod
2545 4119 2628 4169 est
2667 4113 2740 4170 de
2769 4126 2843 4183 te,
2884 4117 2940 4170 in
2971 4118 3242 4188 Sapientia
3287 4129 3376 4175 tua
3402 4138 3520 4191 quae
3545 4133 3673 4179 nata
3701 4133 3782 4180 est

2207 4202 2277 4259 de
2301 4204 2589 4260 substantia
2613 4215 2724 4273 tua,
2756 4206 2924 4262 fetiali
2951 4209 3154 4280 aliquid
3189 4211 3332 4266 etde
3357 4213 3546 4268 nihilo.
3577 4213 3778 4272 Fecisti

2207 4294 2349 4356 enim
2372 4295 2566 4358 coelum
2593 4305 2646 4358 et
2675 4305 2902 4364 terram;
2927 4312 3029 4358 non
3060 4299 3127 4360 de
3149 4308 3202 4358 te
3224 4319 3237 4358 :
3261 4317 3383 4358 nam
3409 4311 3550 4362 esset
3573 4305 3784 4375 atqualc

2210 4385 2493 4458 Uuigenlto
2520 4398 2630 4455 tuo,
2666 4405 2730 4450 ac
2757 4406 2853 4461 per
2878 4391 2980 4446 hoc
3014 4401 3069 4448 et
3088 4393 3187 4449 sibi
3210 4409 3226 4458 ;
3253 4403 3310 4450 at
3337 4396 3484 4450 nullo
3511 4396 3678 4454 modo
3697 4398 3784 4467 με

2209 4487 2347 4533 stum
2366 4489 2526 4546 esset,
2551 4490 2606 4534 ut
2625 4482 2824 4552 mquale
2853 4482 2948 4538 tibi
2968 4491 3131 4548 esset,
3160 4484 3300 4553 quod
3318 4485 3384 4539 de
3405 4493 3458 4540 te
3478 4500 3582 4540 non
3608 4495 3774 4542 esset.

2210 4570 2280 4625 Et
2308 4572 2449 4626 aliud
2498 4582 2689 4642 printer
2714 4583 2765 4629 te
2806 4591 2910 4629 non
2958 4584 3072 4631 erat
3095 4576 3234 4631 unde
3277 4577 3478 4634 faceres
3517 4593 3600 4646 ea,
3634 4579 3780 4634 Deus

2208 4677 2313 4716 una
2339 4661 2591 4731 Trinitas,
2622 4674 2675 4719 et
2704 4665 2842 4720 trina
2875 4665 3060 4722 Ulitas
3087 4683 3106 4722 :
3131 4675 3187 4722 at
3211 4667 3336 4723 ideo
3365 4668 3433 4724 de
3461 4668 3628 4724 nihilo
3653 4668 3791 4752 feci-l

2207 4754 2276 4809 sti
2307 4754 2501 4810 caelum
2529 4764 2584 4810 et
2635 4764 2853 4825 terram,
2903 4773 3152 4830 magnum
3189 4760 3440 4832 quiddam
3471 4771 3526 4817 et
3555 4777 3778 4833 parvum

2205 4845 2480 4916 quiddam;
2529 4847 2776 4917 quoniam
2827 4850 3158 4918 omnipotens
3203 4857 3258 4905 et
3296 4849 3469 4908 bonus
3511 4869 3569 4908 es
3597 4851 3666 4907 ad
3702 4853 3778 4907 fa-

2202 4935 2391 4990 cienda
2414 4937 2594 4991 omnia
2634 4937 2791 5004 bona,
2821 4953 3070 5009 magum
3099 4941 3292 4997 emtum
3320 4951 3375 4997 et
3417 4957 3637 5013 parum
3667 4951 3775 4999 ter-

2201 5040 2340 5083 ram.
2371 5028 2451 5084 Tu
2489 5043 2629 5094 eras,
2673 5037 2727 5084 et
2769 5031 2913 5086 aliud
2953 5033 3083 5087 nihil
3113 5035 3254 5090 unde
3291 5035 3462 5090 fecisti
3489 5037 3682 5093 coelum
3722 5045 3778 5094 et

2204 5126 2424 5187 terram,
2445 5119 2550 5175 duo
2571 5121 2842 5191 quasdam;
2869 5137 3030 5177 unum
3056 5139 3221 5194 prope
3244 5133 3316 5192 te,
3343 5126 3567 5182 alterum
3597 5140 3770 5199 prope

2199 5221 2231 5294 ς
2266 5223 2284 5256 ι
2310 5229 2436 5294 um.
2463 5233 2526 5270 ex
2541 5221 2730 5294 duobus
2744 5230 2846 5294 Mss.
2867 5231 3184 5276 uerumtamen
3203 5238 3222 5277 :
3239 5228 3311 5277 sic
3330 5228 3480 5279 suam
3493 5240 3620 5280 unus
3649 5229 3777 5294 ataui

2203 5283 2350 5340 haud.
2373 5285 2739 5346 mamiscriptus.
2803 5293 2859 5335 II.

2263 5345 2285 5376 I
2303 5345 2552 5376 ςαηιιίηπιι·
2577 5351 2660 5376 Nec
2705 5347 2882 5376 ιὶοηίηη
2921 5347 3184 5376 Ἰ-ῑιΛΛΑι-ιινὲη
3237 5358 3315 5376 Διί.
3342 5357 3439 5376 νη..
3458 5354 3592 5376 υκρξ

2303 5347 2557 5418 sequimur
2577 5351 2685 5418 Mss;
2705 5347 2901 5418 Benign.
2921 5347 3220 5418 Theo-doris”
3237 5358 3329 5401 etc.
3340 5357 3442 5418 non
3457 5354 3775 5418 pauci

2199 5407 2438 5456 cumtum
2465 5413 2515 5455 et
2538 5414 2646 5454 Arn.
2673 5407 2877 5469 habent,
2904 5408 3138 5472 quiddam
3172 5407 3294 5462 inter
3327 5407 3598 5476 fonm'zmet
3626 5407 3768 5473 nili,

2199 5480 2304 5506 mc-
2325 5476 2416 5506 am-
2441 5468 2612 5506 “uad-
2632 5477 2712 5506 Am
2751 5479 2795 5506 ιιι
2812 5478 2870 5506 np
2899 5473 3207 5506 mnaadnnham
3222 5482 3307 5506 Iam
3339 5475 3578 5506 sum...
3601 5486 3768 5506 ..ι-...ι

2199 5480 2309 5540 nec,
2325 5476 2419 5519 etc.
2438 5468 2613 5538 Attiad.
2629 5477 2801 5540 Amet
2812 5478 2887 5522 Er.
2899 5468 3007 5521 enim
3021 5473 3209 5542 duobus
3222 5468 3410 5526 ussisie
3421 5475 3583 5527 ferunt
3597 5491 3613 5546 _:
3627 5468 3773 5546 quam

2202 5528 2466 5601 cogitabam
2481 5527 2714 5601 quiddam
2729 5533 2928 5596 mforme
2944 5541 2989 5584 et
3004 5531 3123 5584 mliti
3151 5536 3432 5600 formatum,
3451 5550 3539 5590 nec
3556 5535 3672 5589 nihil
3703 5548 3772 5587 ut-

2718 5657 2953 5725 exceptis.
2973 5662 3029 5706 At
3043 5661 3150 5706 Inv.
3167 5670 3278 5707 ctua
3299 5660 3651 5730 antiquia'ihm
3669 5657 3770 5711 adi-

2200 5717 2410 5770 tiomhus
2427 5749 2442 5770 .
2543 5711 2580 5764 tt
2596 5713 2778 5770 aliquid
2793 5722 2888 5770 est.
2907 5724 2953 5770 et
2967 5729 3061 5770 non
3077 5725 3171 5770 est.
3193 5717 3280 5770 hoc
3298 5732 3406 5770 am
3421 5720 3644 5770 ἀπειθοίη.

2269 5729 2410 5766 mnus
2427 5749 2442 5776 ,

2500 5711 2778 5787 ῑρξιμιέιιιιξά
2793 5711 2888 5783 esi,
2907 5724 3061 5770 etnon
3077 5725 3171 5784 est,
3193 5717 3280 5772 hoc
3298 5732 3406 5772 eam
3417 5711 3644 5779 dicerem.

2273 5773 2455 5840 ‘lld'li',
2476 5773 2594 5829 diu
2615 5773 2766 5829 aliud.
2869 5773 2886 5783 ’
3155 5773 3170 5784 ’
3385 5795 3388 5797 ’
