4078 6366
301 338 408 396 829

299 453 433 508 nihil
465 469 478 505 :
507 465 689 515 unum,
714 463 819 520 quo
843 463 1084 519 superior
1106 461 1162 504 tu
1189 461 1369 516 esses;
1398 446 1643 512 alterum,
1665 459 1770 514 quo
1798 444 1879 499 in-

300 546 465 602 ferius
497 544 633 600 nihii
657 553 821 599 esset.

895 633 1118 690 CAPUT
1151 634 1280 689 VIII.

355 727 572 784 Materia
598 727 832 797 informis
862 742 924 781 ex
949 726 1106 780 nihilo
1137 741 1156 780 :
1183 742 1245 781 ea:
1268 725 1363 779 hac
1387 724 1558 779 omnia
1583 720 1818 778 visibilia.

370 820 426 874 8.
457 819 564 875 Sed
593 817 721 873 illud
747 817 941 873 caelum
967 816 1090 872 coeli
1119 817 1230 882 tibi,
1261 817 1515 881 Domine;
1542 823 1681 870 terra
1701 821 1878 866 autem

295 925 457 986 quam
485 909 674 965 dedisti
702 907 825 963 filiis
854 907 1126 962 hominum
1159 906 1327 979 (Psal.
1358 921 1502 972 cxnI,
1536 905 1624 976 15)
1653 918 1877 959 cernen-

293 1000 420 1056 dam
465 1010 624 1074 atque
673 999 1010 1068 tangendam,
1054 1014 1160 1052 non
1203 1007 1318 1053 erat
1351 997 1472 1052 talis
1501 996 1708 1067 qualem
1739 1009 1880 1050 nunc

294 1095 565 1149 cernimus
595 1102 648 1147 et
674 1093 956 1162 tangimus.
989 1091 1271 1146 Invisibilis
1298 1091 1439 1146 enim
1470 1099 1580 1144 erat
1606 1098 1658 1143 et
1680 1090 1876 1142 incom-

296 1191 465 1258 posita
492 1229 506 1253 ,
553 1195 606 1241 et
651 1186 873 1258 abyssus
902 1193 1016 1239 erat
1057 1199 1216 1252 super
1259 1199 1417 1254 quam
1458 1197 1566 1237 non
1599 1190 1711 1236 erat
1749 1179 1874 1245 lux;

293 1287 384 1332 aut
415 1279 455 1342 ⁸,
487 1277 726 1330 Tenebrae
751 1286 892 1330 erant
913 1292 1064 1345 super
1089 1277 1323 1350 abyssum
1350 1273 1498 1348 (Gen.
1523 1289 1560 1338 ι,
1588 1273 1668 1342 2),
1694 1273 1742 1325 id
1770 1282 1872 1338 est,

293 1371 464 1439 magis
494 1384 650 1439 quam
682 1369 732 1421 in
759 1370 969 1439 abysso.
1018 1368 1119 1421 Ista
1160 1368 1353 1440 quippe
1377 1365 1599 1436 abyssus
1623 1378 1874 1432 aquarum

290 1459 400 1530 jam
444 1458 729 1513 visibilium
776 1459 935 1511 etiam
977 1458 1028 1510 in
1063 1455 1334 1526 profundis
1362 1457 1470 1509 suis
1499 1454 1652 1507 habet
1680 1452 1875 1522 speciei

292 1567 405 1607 sua:
436 1551 608 1605 lucem
639 1560 924 1620 utcumque
966 1549 1268 1604 sensibiicm
1309 1547 1558 1618 piscibus,
1590 1555 1644 1600 et
1680 1561 1873 1614 repen-

295 1649 434 1702 tibus
480 1647 532 1700 in
578 1661 676 1700 suo
707 1645 867 1698 fundo
905 1643 1260 1697 animantibus
1289 1660 1301 1694 :
1333 1640 1461 1695 illud
1498 1649 1671 1694 autem
1705 1647 1873 1693 totum

291 1753 459 1809 prope
511 1737 639 1791 nihil
687 1745 820 1803 erat,
868 1737 1114 1805 quoniam
1169 1733 1339 1787 adhuc
1387 1733 1602 1786 omnino
1648 1730 1873 1784 informe

291 1828 567 1898 erat;jam
593 1838 764 1881 tamen
795 1837 906 1880 erat
935 1825 1074 1895 quod
1105 1823 1318 1879 formari
1349 1832 1572 1892 poterat.
1603 1822 1680 1875 Tu
1705 1821 1867 1885 enim,

291 1918 552 1982 Domine,
598 1917 766 1972 fecisti
811 1903 1064 1970 mundum
1097 1915 1163 1968 de
1203 1913 1419 1967 materia
1451 1910 1681 1974 informi,
1715 1925 1872 1980 quam

289 2007 464 2064 fecisti
509 2007 575 2064 de
619 2009 760 2062 nulla
801 2021 858 2061 re
909 2021 1044 2075 pene
1089 2006 1287 2058 nullam
1328 2020 1460 2064 rem,
1493 2003 1634 2057 unde
1668 2001 1872 2058 faceres

289 2115 482 2170 magna
511 2115 628 2168 qua:
668 2100 920 2153 miramur
951 2098 1038 2152 lilii
1079 2096 1371 2151 hominum.
1403 2095 1570 2151 Valde
1598 2096 1738 2149 enim
1769 2095 1870 2148 mi-

290 2190 461 2245 rabile
509 2190 612 2245 hoc
664 2191 860 2245 caelum
907 2204 1242 2259 corporeum,
1291 2189 1431 2259 quod
1481 2189 1870 2242 firmamentum

289 2281 433 2336 inter
456 2296 646 2351 aquam
671 2290 724 2335 et
751 2295 942 2351 aquam
971 2281 1205 2335 secundo
1241 2279 1326 2333 die
1369 2288 1487 2349 post
1513 2279 1869 2332 conditionem

287 2372 425 2426 lucis
453 2371 651 2437 dixisti,
683 2371 843 2438 Fiat;
883 2379 938 2425 et
973 2371 1049 2425 sic
1092 2371 1287 2424 factum
1327 2378 1409 2425 est
1448 2370 1467 2440 (
1510 2369 1671 2434 Ibid.,
1706 2370 1758 2430 6,
1789 2369 1865 2439 7).

289 2467 445 2534 Quod
473 2468 862 2522 firmamentum
890 2467 1088 2520 vocasti
1118 2465 1345 2530 omium;
1375 2464 1466 2518 sed
1493 2464 1683 2518 coelum
1717 2473 1871 2517 terrtc

287 2560 452 2631 hujus
479 2569 532 2615 et
559 2560 721 2614 maris
745 2575 863 2629 quae
893 2558 1063 2613 fecisti
1091 2558 1248 2613 tertio
1289 2558 1396 2624 die,
1439 2556 1613 2610 dando
1640 2556 1870 2625 speciem

287 2653 553 2708 visibilem
596 2651 805 2706 informi
849 2652 1084 2706 materiae
1113 2665 1269 2720 quam
1305 2648 1480 2704 fecisti
1509 2657 1632 2703 ante
1660 2663 1870 2702 onmem

289 2744 458 2799 diem.
485 2743 600 2798 Jam
623 2744 762 2797 enim
792 2744 990 2797 feceras
1013 2750 1066 2796 et
1091 2742 1282 2795 coelum
1313 2749 1435 2794 ante
1461 2756 1674 2794 omnem
1701 2739 1866 2806 diem,

292 2836 390 2892 sed
409 2837 602 2893 caelum
629 2836 748 2891 caeli
775 2835 950 2904 hujus;
970 2835 1089 2904 quia
1117 2835 1168 2888 in
1189 2835 1442 2905 principio
1457 2833 1659 2888 feceras
1674 2833 1871 2888 coelum

289 2936 347 2983 et
387 2936 601 2982 terram.
625 2926 791 2982 Terra
823 2934 1000 2980 autem
1035 2926 1145 2995 ipsa
1179 2941 1334 2994 quam
1364 2924 1600 2991 feceras,
1631 2924 1872 2980 informis

289 3020 546 3076 materies
571 3025 708 3086 erat,
739 3018 860 3088 quia
891 3018 1167 3072 invisibilis
1192 3023 1384 3071 eratet
1422 3015 1785 3085 incomposita,
1819 3024 1874 3069 et

291 3115 532 3171 tenebras
567 3127 730 3183 super
757 3111 1007 3181 abyssum
1032 3113 1052 3140 ¹
1087 3128 1101 3164 :
1139 3109 1206 3164 de
1239 3125 1342 3179 qua
1378 3117 1517 3163 terra
1546 3106 1794 3162 invisibili
1820 3114 1874 3161 et

293 3204 660 3274 incomposita,
694 3202 762 3258 de
789 3217 892 3271 qua
927 3200 1271 3268 informitate,
1313 3200 1377 3254 de
1415 3215 1520 3269 quo
1545 3213 1681 3268 pene
1707 3197 1873 3252 nihilo

291 3297 504 3353 iaceres
543 3296 661 3350 haec
706 3295 884 3350 omnia
931 3295 1123 3364 quibus
1176 3294 1274 3348 iste
1322 3291 1590 3347 mutabilis
1645 3290 1873 3345 mundus

292 3396 525 3456 constat,
556 3397 609 3442 et
635 3401 742 3442 non
773 3394 997 3451 constat,
1021 3385 1074 3439 in
1102 3400 1206 3455 quo
1233 3385 1342 3454 ipsa
1370 3383 1690 3437 mutabilitas
1715 3398 1875 3453 appa-

293 3482 449 3538 retin
477 3495 578 3551 qua
599 3479 782 3534 sentiri
805 3486 858 3534 et
877 3478 1197 3542 dinumerari
1220 3486 1439 3548 possunt
1460 3486 1727 3545 tempora;
1751 3475 1872 3545 quia

294 3587 472 3628 rerum
515 3570 895 3626 mutationibus
937 3569 1068 3624 ﬁunt
1098 3577 1334 3639 tempora
1365 3569 1490 3628 dum
1516 3569 1784 3626 variantur
1822 3575 1876 3622 et

293 3671 574 3718 vertuntur
588 3662 813 3734 species,
833 3675 1056 3731 quarum
1077 3662 1322 3717 materies
1352 3660 1601 3731 przedicta
1629 3667 1712 3716 est
1736 3667 1876 3715 terra

302 3753 597 3810 invisibilis.

891 3818 1116 3877 CAPUT
1153 3820 1242 3874 IX.

301 3916 406 3972 απ
429 3917 616 3987 absque
643 3916 836 3969 dierum
864 3916 1110 3968 mentione
1142 3913 1385 3980 scriptum
1414 3920 1488 3967 est
1521 3910 1682 3966 Deum
1705 3910 1877 3982 fecisse

662 4007 718 4060 in
745 4006 991 4078 principio
1013 4003 1191 4058 caelum
1217 4013 1266 4057 et
1297 4013 1497 4058 terram.

370 4119 423 4177 9.
457 4119 684 4194 ideoque
711 4120 937 4190 Spiritus
968 4119 1154 4176 doctor
1180 4118 1358 4174 famuli
1387 4119 1482 4182 tui,
1509 4133 1628 4172 cum
1659 4127 1875 4180 tecom-

296 4221 562 4267 memorat
601 4210 789 4267 fecisse
818 4212 871 4268 iu
900 4211 1156 4284 principio
1183 4211 1377 4265 caelum
1400 4219 1454 4266 et
1481 4219 1692 4276 terram,
1740 4219 1879 4266 tacet

297 4302 366 4359 de
394 4304 740 4374 temporibus,
770 4303 889 4360 silet
913 4303 980 4357 de
1007 4302 1212 4357 diebus.
1238 4302 1493 4356 Nimirum
1521 4303 1661 4358 enim
1683 4303 1876 4358 coelum

298 4399 420 4455 coeli
467 4397 607 4470 quod
651 4398 704 4452 in
752 4397 1008 4469 principio
1056 4395 1244 4462 fecisti,
1291 4407 1531 4451 creatura
1577 4405 1658 4452 est
1701 4397 1874 4468 aliqua

299 4491 712 4558 intellectualis;
763 4506 1063 4563 quanquam
1122 4505 1450 4560 nequaquam
1497 4488 1591 4544 tibi
1635 4489 1876 4544 Trinitati

299 4594 584 4654 coazterna,
617 4585 877 4655 particeps
906 4593 1076 4640 tamen
1102 4582 1409 4637 aeternitatis
1434 4592 1553 4647 tuae,
1583 4582 1733 4636 valde
1759 4599 1876 4637 mu-

301 4675 608 4731 tabilitatem
649 4691 800 4730 suam
842 4691 947 4744 prae
975 4674 1252 4730 dulcedine
1294 4673 1610 4730 felicissima:
1639 4683 1876 4728 contem-

203 4817 208 4822 .
301 4765 554 4842 plationis
583 4774 686 4821 tua:
711 4765 954 4831 cohibet,
985 4774 1038 4820 et
1063 4767 1176 4822 sine
1205 4767 1312 4820 ullo
1339 4767 1488 4836 lapsu
1517 4783 1580 4822 ex
1609 4783 1713 4838 quo
1741 4766 1876 4822 facta

301 4866 382 4912 est
411 4857 719 4913 inlimrcndo
762 4859 886 4924 tibi,
937 4859 1145 4916 excedit
1174 4875 1384 4916 omnem
1417 4859 1696 4914 volubilem
1726 4860 1880 4914 vicis-

300 4950 586 5006 situdinem
615 4961 928 5023 temporum.
960 4951 1062 5006 Ista
1085 4967 1212 5012 vero
1239 4951 1552 5017 informitas,
1586 4963 1724 5010 terra
1752 4951 1772 4982 ³
1797 4951 1878 5006 in-

300 5041 525 5097 visibilis
550 5052 603 5096 et
629 5042 998 5113 incomposita,
1032 5057 1133 5100 nec
1166 5043 1280 5116 ipsa
1307 5043 1360 5096 in
1394 5043 1579 5097 diebus
1603 5052 1876 5098 numerata

301 5143 400 5188 est.
425 5130 527 5189 Ubi
553 5135 693 5190 enim
722 5134 861 5188 nulla
893 5134 1096 5207 species
1117 5175 1133 5201 ,
1173 5134 1346 5188 nullus
1388 5134 1547 5200 ordo;
1594 5149 1700 5190 nec.
1735 5135 1879 5190 venit

301 5221 622 5298 quidquam,
674 5240 772 5279 nec
820 5223 1054 5302 prasterit
1099 5241 1111 5276 :
1153 5232 1206 5282 et
1249 5224 1336 5277 ubi
1378 5225 1477 5278 hoc
1509 5240 1612 5279 non
1644 5224 1732 5291 ﬁt;
1772 5241 1876 5280 non

303 5324 429 5373 Sunt
474 5316 655 5387 utique
689 5315 828 5385 dies,
865 5331 965 5371 nec
1011 5315 1316 5385 vicissitudo
1350 5317 1639 5388 spatiorum
1678 5325 1880 5390 tempo—

301 5407 514 5463 ralium.

334 5521 381 5582 *A
409 5527 480 5570 tta
496 5522 545 5569 in
569 5520 850 5574 melioribus
866 5529 970 5571 Mss.
998 5529 1050 5572 et
1070 5521 1178 5571 Bad.
1203 5529 1346 5570 Porro
1363 5521 1412 5570 in
1431 5519 1538 5570 aliis
1551 5520 1682 5582 Edd.,
1705 5523 1790 5572 sed
1818 5527 1882 5574 to-

303 5580 468 5709 ηὲξνιίιξ
483 5589 882 5708 giig'vulgatis,
900 5649 948 5695 et
971 5643 1183 5696 tenebris
1211 5651 1504 5709 erarrtauper
1519 5645 1758 5709 abyssum.
1791 5643 1883 5697 Sed

305 5706 452 5758 abest
471 5706 606 5757 erant
621 5720 650 5756 a
673 5706 775 5757 Mss.

372 5769 394 5802 ³
417 5775 510 5822 Lov
552 5768 918 5822 cumaiiisldd.
940 5766 1634 5823 biformitaaterrteinvisibilia.

1615 327 1819 392 LlBER
1853 327 2301 413 accusemus.

1905 5131 1907 5133 .
1983 5090 2089 5139 Bad.
2115 5098 2213 5136 Am.
2234 5094 2286 5136 et
2301 5093 2394 5147 Er.,
2419 5090 2575 5149 impac

3455 340 3560 404 830

2580 449 2805 514 CAPUT
2844 452 2912 508 X.

2477 520 2520 573 Α
2553 519 2655 574 Deo
2683 523 2821 592 cupit
2847 522 3061 577 edoceri.

2059 609 2144 663 10.
2172 610 2216 664 0
2241 609 2466 679 Veritas,
2494 611 2669 667 lumen
2699 613 2876 668 cordis
2899 613 3022 680 mei,
3049 627 3156 668 non
3173 613 3406 670 tenebrae
3421 630 3556 672 mea!

1982 699 2263 769 loquantur
2277 701 2426 755 mihi.
2444 701 2644 757 Delluxi
2661 702 2725 757 ad
2752 704 2851 758 ista
2868 711 2922 758 et
2941 702 3255 760 obscuratus
3275 719 3392 759 sum
3412 721 3428 773 ;
3460 707 3552 763 sed

1984 793 2107 849 hinc
2131 795 2308 860 etiam,
2329 795 2450 850 hinc
2473 795 2714 851 adamavi
2730 805 2800 852 te.
2823 796 3008 851 Eri-avi
3033 805 3088 853 et
3114 797 3421 854 recordatus
3436 813 3554 854 sum

1983 888 2077 941 tui.
2111 888 2300 943 Audivi
2341 903 2523 944 vocem
2565 899 2708 944 tuam
2741 898 2860 962 post
2889 905 2974 946 me
3011 899 3069 945 ut
3098 891 3346 961 redirem,
3375 900 3432 947 et
3466 893 3552 948 vix

1981 981 2156 1035 audivi
2181 989 2397 1051 propter
2425 983 2678 1039 tumultus
2705 985 3081 1055 impacatorum
3104 984 3142 1038 ί.
3167 983 3235 1038 Et
3257 1000 3397 1041 nunc
3425 999 3552 1042 ecce

1981 1071 2142 1125 redeo
2166 1083 2391 1126 :cstuans
2412 1079 2467 1127 et
2485 1073 2738 1129 anhelans
2761 1073 2826 1129 ad
2856 1074 3052 1130 fontem
3082 1082 3250 1130 tuom.
3279 1074 3446 1131 Nemo
3467 1091 3552 1132 me

1981 1163 2291 1231 prohibeat;
2319 1164 2460 1220 hunc
2488 1166 2682 1234 bibam,
2721 1177 2774 1223 et
2814 1166 2935 1223 hinc
2959 1167 3152 1222 vivam.
3179 1166 3293 1222 Non
3320 1183 3419 1240 ego
3443 1169 3550 1225 vita

1979 1269 2096 1309 mea
2123 1257 2256 1319 sim;
2287 1257 2424 1311 male
2451 1257 2556 1311 vixi
2585 1271 2647 1312 ex
2675 1272 2779 1323 mc,
2803 1273 2948 1313 mors
2972 1257 3100 1312 mihi
3122 1257 3195 1313 fui
3219 1276 3233 1313 ε
3258 1259 3309 1313 in
3332 1267 3384 1314 te
3403 1261 3545 1315 revi-

1979 1345 2124 1399 visco
2149 1348 2188 1398 ‘.
2213 1345 2290 1399 Tu
2317 1362 2402 1401 me
2427 1347 2716 1418 alioquere,
2748 1357 2802 1402 tu
2844 1348 2972 1402 mihi
3012 1349 3389 1406 sermocinare.
3418 1351 3519 1408 Cra

1978 1437 2085 1492 didi
2116 1437 2288 1494 Libris
2313 1440 2435 1508 tuis,
2471 1449 2525 1496 et
2548 1440 2706 1495 verba
2737 1456 2920 1499 eorum
2952 1457 3144 1499 arcana
3177 1443 3349 1500 valde.

2591 1531 2813 1586 CAPUT
2849 1532 2941 1586 XI.

2470 1601 2604 1666 Quid
2631 1619 2664 1655 a
2692 1601 2798 1656 Deo
2821 1604 3072 1658 didicerit.

2051 1693 2136 1746 il.
2162 1691 2277 1747 iam
2307 1693 2483 1748 dixisti
2512 1695 2662 1760 mihi,
2693 1695 2930 1761 Domine,
2961 1711 3091 1753 voce
3116 1695 3241 1752 forti
3268 1697 3324 1752 in
3362 1711 3548 1754 aurem

1976 1783 2302 1849 interiorem,
2335 1786 2455 1854 quia
2485 1793 2539 1840 tu
2566 1794 2798 1841 αξιοι-μυί
2823 1801 2901 1851 es,
2928 1788 3074 1842 solus
3100 1787 3299 1844 habens
3323 1790 3547 1844 immor-

1973 1879 2228 1932 talitatem
2276 1877 2336 1951 (I
2369 1878 2500 1932 Tim.
2537 1894 2612 1945 Vl,
2659 1879 2783 1952 I6);
2832 1881 3078 1950 quoniam
3115 1896 3180 1936 ex
3206 1881 3349 1936 nulla
3373 1883 3549 1953 specie

1975 1978 2190 2024 motuve
2211 1970 2452 2037 mutaris,
2471 1985 2571 2026 nec
2587 1972 2910 2041 temporibus
2927 1972 3157 2027 variatur
3171 1973 3418 2028 voluntas
3438 1984 3546 2041 tua;

1974 2063 2096 2132 quia
2143 2078 2245 2116 non
2285 2072 2367 2117 est
2396 2063 2708 2118 immortalis
2748 2065 3025 2131 voluntas,
3075 2079 3194 2134 qua:
3233 2065 3335 2120 alia
3364 2074 3419 2120 et
3445 2065 3548 2122 alia

1975 2163 2075 2208 est.
2105 2154 2216 2208 Hoc
2242 2156 2294 2208 in
2319 2166 2606 2225 conspectu
2638 2165 2731 2211 tuo
2755 2157 2920 2213 claret
2962 2157 3124 2225 mihi,
3155 2169 3210 2214 et
3238 2160 3406 2228 magis
3431 2173 3547 2214 ma-

1974 2245 2160 2315 gisque
2186 2247 2464 2312 clarescat,
2511 2263 2607 2302 oro
2647 2257 2718 2314 te,
2764 2259 2921 2319 atque
2951 2251 3002 2304 in
3032 2265 3093 2305 ea
3121 2251 3550 2307 manifestatione

1977 2339 2253 2408 persistam
2283 2339 2492 2394 sobrius
2517 2341 2616 2396 sub
2637 2341 2738 2396 aiis
2757 2342 2879 2396 tuis.
2909 2342 3036 2396 item
3065 2342 3244 2397 dixisti
3271 2343 3422 2408 mihi,
3447 2343 3550 2397 Do-

1974 2430 2137 2496 mine,
2168 2446 2297 2485 voce
2339 2431 2461 2486 forti
2508 2432 2560 2486 in
2607 2447 2786 2488 aurem
2833 2433 3163 2500 interiorem,
3193 2435 3335 2506 quod
3362 2444 3548 2490 Omnes

1974 2531 2188 2578 naturas
2210 2532 2366 2592 atque
2391 2524 2710 2579 substantias
2739 2540 2855 2595 quae
2880 2540 2986 2580 non
3011 2534 3132 2581 sunt
3157 2526 3299 2597 quod
3321 2536 3375 2581 tu
3396 2541 3476 2594 es,
3494 2535 3550 2583 et

1975 2621 2151 2669 tamen
2178 2622 2321 2680 sunt,
2348 2623 2403 2668 tu
2425 2614 2592 2671 fecisti
2618 2634 2631 2668 :
2657 2616 2833 2672 ethoc
2855 2618 3026 2672 solum
3050 2633 3079 2671 a
3104 2627 3159 2674 te
3180 2634 3282 2674 non
3301 2627 3384 2674 est
3406 2619 3547 2689 quod

1975 2719 2081 2759 non
2110 2715 2210 2771 est,
2239 2715 2515 2777 motusque
2539 2707 2820 2762 voluntatis
2847 2724 2875 2762 a
2904 2718 2975 2776 te,
3001 2709 3090 2779 qui
3115 2725 3194 2776 es,
3222 2711 3288 2765 ad
3318 2709 3370 2765 id
3407 2710 3547 2781 quod

1976 2799 2151 2852 minus
2179 2807 2292 2863 est;
2323 2799 2443 2868 quia
2469 2798 2587 2854 talis
2611 2806 2786 2856 motus
2807 2799 3058 2858 delictum
3091 2810 3254 2870 atque
3274 2809 3547 2870 peccatum

1977 2900 2058 2944 est
2086 2906 2101 2943 :
2132 2900 2184 2944 et
2212 2891 2350 2961 quod
2381 2891 2576 2946 nullius
2602 2899 2875 2961 peceatum
2894 2900 2984 2946 aut
3003 2893 3094 2947 tibi
3120 2902 3295 2960 nocet,
3315 2901 3405 2948 aut
3425 2909 3547 2964 per-

1977 2983 2154 3037 turbat
2179 2983 2417 3038 ordinem
2463 2983 2670 3054 imperii
2713 2985 2786 3038 tui
2823 2986 2905 3040 vel
2946 2986 2997 3040 in
3043 2988 3213 3055 primo
3235 2987 3318 3041 vel
3341 2987 3394 3040 in
3418 2987 3544 3042 imo.

1977 3074 2088 3129 Hoc
2115 3076 2168 3128 in
2194 3084 2480 3144 conspectu
2506 3083 2598 3130 tuo
2616 3076 2780 3130 claret
2807 3077 2956 3141 milii,
2999 3085 3053 3132 et
3089 3079 3256 3148 magis
3279 3079 3550 3149 magisque

1976 3168 2250 3234 clarescat,
2279 3183 2375 3222 oro
2404 3175 2646 3239 te,atque
2666 3168 2717 3223 in
2739 3183 2799 3224 ea
2820 3169 3246 3226 manifestatione
3272 3171 3548 3240 persistam

1977 3259 2184 3312 sobrius
2210 3260 2308 3314 sub
2328 3259 2426 3315 alis
2445 3260 2568 3316 tuis.

2050 3350 2136 3404 η.
2163 3350 2289 3404 Item
2307 3349 2483 3404 dixisti
2503 3336 2630 3405 mihi
2646 3366 2777 3407 voce
2797 3351 2919 3407 forti
2939 3353 2988 3406 in
3011 3368 3192 3409 aurem
3220 3353 3546 3424 interiorem,

1977 3442 2117 3512 quod
2145 3457 2242 3497 nec
2266 3442 2352 3496 illa
2382 3451 2623 3498 creatura
2655 3443 2748 3498 tibi
2777 3452 3037 3499 coaeterna
3063 3451 3162 3510 est,
3184 3447 3335 3514 cujus
3358 3445 3549 3500 volun-

1979 3541 2060 3588 tas
2088 3535 2109 3568 ³
2138 3543 2190 3588 tu
2219 3535 2363 3590 solus
2400 3549 2490 3603 es,
2545 3543 2701 3606 teque
2745 3536 3262 3606 perseverantissime
3307 3537 3550 3592 castitate

1980 3623 2228 3680 hauriens
2297 3627 2700 3682 mutabilitatem
2725 3641 2876 3682 suam
2901 3642 3168 3697 nunquam
3193 3635 3250 3683 et
3288 3642 3548 3698 nusquam

1977 3720 2195 3782 exserit,
2233 3727 2290 3775 et
2324 3727 2377 3775 te
2401 3719 2501 3776 sibi
2529 3734 2741 3791 semper
2761 3729 3024 3790 praesente
3051 3721 3118 3776 ad
3147 3736 3304 3792 quem
3331 3729 3444 3776 toto
3468 3721 3547 3776 ai-

1978 3809 2118 3866 fectu
2143 3825 2201 3867 se
2231 3818 2402 3878 tenet,
2435 3826 2540 3867 non
2584 3812 2786 3867 habens
2823 3811 2966 3882 quod
2991 3821 3262 3883 exspectet
3289 3812 3544 3882 futurum,

1979 3917 2080 3958 nec
2106 3903 2160 3956 in
2192 3903 2512 3972 praeteritum
2541 3903 2810 3974 trajiciens
2841 3904 2983 3974 quod
3023 3906 3323 3962 meminerit
3343 3948 3359 3974 ,
3407 3907 3550 3962 nulla

1980 3994 2095 4048 vice
2121 3994 2389 4062 variatur,
2439 4009 2537 4050 nec
2583 3995 2636 4050 in
2685 4002 2926 4064 tempora
2977 3996 3081 4051 ulla
3131 3996 3466 4052 distenditur.
3507 3997 3552 4053 0

1980 4084 2163 4151 beata,
2202 4087 2248 4140 si
2289 4100 2390 4155 qua
2428 4085 2528 4140 ista
2559 4095 2678 4154 est,
2725 4086 3033 4143 inhaerendo
3069 4087 3377 4144 beatitudini
3404 4096 3548 4156 tute;

1979 4178 2134 4234 beata
2184 4179 2504 4248 sempiterno
2549 4175 2897 4236 inhabitatore
2934 4189 3019 4248 te,
3049 4190 3207 4252 atque
3233 4182 3552 4258 illustratore

1981 4272 2112 4326 suo!
2141 4271 2248 4325 Nec
2275 4271 2486 4327 invenio
2514 4271 2640 4341 quid
2681 4271 2928 4328 libentius
2955 4273 3326 4344 appellandum
3365 4276 3551 4332 existi-

1983 4378 2123 4417 mem
2155 4361 2345 4416 letmt
2382 4363 2493 4417 cali
2532 4363 2765 4430 Domino,
2796 4379 2952 4434 quam
2977 4364 3195 4422 domum
3224 4375 3389 4435 tuam,
3421 4383 3552 4424 cono

1984 4457 2323 4526 templantem
2365 4455 2768 4511 delectationem
2818 4463 2958 4510 tnam
3014 4457 3132 4513 sine
3181 4459 3292 4513 ullo
3343 4459 3553 4516 defectu

1985 4546 2287 4617 egrediendi
2338 4547 2390 4600 in
2431 4545 2604 4611 aliud;
2637 4553 2870 4600 mentem
2899 4561 3108 4616 puram,
3139 4551 3553 4606 concordisslme

1982 4655 2142 4694 unam
2175 4639 2536 4693 stabilimento
2553 4639 2698 4708 pacis
2717 4648 3019 4694 sanctorum
3041 4640 3340 4710 spirituum,
3359 4643 3549 4698 civium

1983 4733 2211 4789 civitatis
2237 4741 2339 4786 tua:
2369 4731 2421 4785 in
2445 4731 2749 4787 coelestibus
2775 4745 2937 4803 super
2962 4732 3064 4787 ista
3090 4734 3347 4790 caelestia.

2055 4825 2142 4880 15.
2191 4823 2339 4885 Unde
2396 4823 2652 4894 intelligat
2699 4823 2874 4880 anima
2926 4827 3079 4896 cujus
3131 4826 3488 4901 peregrinatio
3531 4827 3551 4859 ⁸

2428 5029 2625 5096 propter
2658 4973 2883 5075 tumultus
2913 5027 3236 5096 peccatorum
3259 5023 3350 5096 sed
3381 5022 3555 5075 melius

2577 5092 2778 5137 alarm.
2797 5085 2994 5136 Nam'ita
3012 5096 3112 5135 Mss.
3137 5085 3268 5136 nullo
3288 5089 3388 5136 fere
3412 5099 3556 5136 exce-

2045 5029 2061 5060 ¹
2086 5034 2193 5076 bov.
2215 5031 2265 5076 et
2280 5032 2410 5085 Arn.,

1982 5161 2096 5216 pto;
2123 5159 2269 5212 atque
2310 5149 2399 5197 hoc
2430 5148 2632 5216 nomine
2645 5150 2884 5216 designati
2906 5148 3129 5199 videntur
3162 5149 3417 5210 litanichtei,
3441 5149 3556 5204 Scri-

1981 5210 2226 5276 pturarurh
2238 5223 2482 5276 sacrarum
2503 5210 2700 5276 inimici.

2047 5279 2066 5307 ί
2085 5277 2154 5323 sic
2176 5274 2381 5335 habetur
2401 5274 2453 5321 in
2494 5273 2627 5335 prius
2641 5273 2772 5335 sua,
2947 5269 3134 5331 bibam.
3176 5277 3222 5322 et

1981 5350 2095 5448 nostri
2110 5349 2200 5385 non
2223 5346 2307 5403 ego
2324 5333 2418 5383 vita
2439 5331 2559 5382 mea.
2580 5331 2628 5382 si
2649 5333 2772 5386 male
2789 5333 2906 5399 vixi,
2931 5346 2995 5386 ex
3017 5346 3091 5392 me
3112 5346 3240 5386 nwrs
3255 5332 3374 5388 mihi
3386 5333 3462 5398 βά
3474 5372 3490 5398 ,
3511 5331 3557 5387 εἰ

1982 5411 2034 5448 tn
2075 5411 2099 5447 e
2122 5407 2358 5445 remnsco.

1982 5407 2034 5450 tn
2055 5407 2099 5448 te
2122 5407 2358 5445 remmco.

2049 5461 2069 5527 ξ
2094 5467 2143 5508 in
2161 5466 2262 5527 Mss.
2283 5463 2438 5505 Germ.
2457 5461 2632 5527 Posset.
2651 5456 2824 5527 etlaiiis
2837 5469 2946 5527 sex,
2967 5455 3195 5527 nam.

2047 5521 2068 5552 ’δ
2085 5528 2192 5570 Lov.
2221 5526 2271 5568 et
2291 5527 2417 5586 arm:
2451 5519 2584 5586 (inde
2600 5516 2831 5586 intelligat
2861 5516 3021 5572 anima
3048 5516 3270 5583 diluiuum
3286 5521 3558 5586 peregrina-

1984 5581 2124 5632 tione.
2148 5579 2441 5629 Przrtulimus
2463 5579 2719 5644 lectionem
2743 5579 2848 5631 Bad.
2883 5590 2982 5633 Am.
3019 5579 3071 5632 et
3090 5587 3164 5630 Er.
3189 5579 3298 5644 qusi
3321 5595 3385 5633 ex
3398 5579 3556 5644 pluri-

1984 5646 2078 5695 bus
2101 5653 2201 5693 MSS.
2226 5644 2580 5713 comprobatur,
2603 5643 2753 5713 etohic
2767 5645 2981 5754 maxime
3000 5643 3373 5716 convenit;nam
3391 5643 3561 5698 mea:

1987 5708 2164 5754 verba.
2189 5705 2318 5754 unde
2340 5701 2569 5754 tmelltaat
2590 5717 2766 5754 antma.
2780 5718 2808 5754 a
2860 5705 2944 5754 illa
2961 5707 3558 5754 reiemnmr.munnlmm

1987 5708 2164 5772 verba,
2189 5705 2318 5778 unde
2333 5701 2569 5778 intelligat
2590 5704 2766 5778 animo,
2780 5701 2842 5760 ad
2860 5705 2944 5762 illa
2961 5701 3558 5776 referunturimw

1987 5781 2132 5824 woer
2155 5772 2312 5820 omnia
2327 5772 2539 5830 tempora
2559 5772 2621 5818 sit
2639 5772 2860 5820 aeternus.
