4078 6366
543 334 636 394 1151

543 452 825 522 longinqua
851 452 986 509 facta
1013 460 1114 517 est,
1141 453 1184 506 si
1209 453 1315 522 jam
1345 451 1456 505 sitit
1479 451 1605 515 libi;
1635 452 1680 504 si
1702 451 1809 519 jam
1833 449 1981 503 facta:
2000 456 2123 500 sunt

541 546 587 600 ei
633 548 881 617 lacrymae
920 561 1032 601 suae
1070 548 1254 615 panis,
1286 546 1408 600 dum
1442 544 1636 599 dicitur
1669 544 1717 598 ei
1766 558 1859 612 per
1886 542 2121 612 singulos

541 634 675 703 dies,
710 636 803 691 Ubi
850 645 930 690 est
967 636 1107 690 Deus
1134 645 1251 689 tuus
1280 635 1449 702 (Psal.
1482 652 1587 696 xu,
1617 635 1670 698 5,
1700 635 1755 699 4,
1792 632 1917 703 ll)?
1944 632 1989 686 si
2010 632 2121 700 jam

490 714 493 717 I
539 729 669 799 petit
692 744 720 782 a
748 738 798 784 te
828 744 985 782 unam
1010 738 1065 783 et
1086 729 1218 782 hanc
1235 728 1474 798 requirit,
1498 736 1555 781 ut
1595 726 1850 780 inhabitet
1889 725 1941 777 in
1962 724 2121 777 domo

540 830 626 873 tua
653 836 748 889 per
769 836 953 875 omnes
978 819 1091 874 dies
1117 820 1237 873 vitae
1263 834 1372 873 sua:
1397 817 1566 890 (Psal.
1590 834 1734 883 xxvi,
1759 819 1813 887 4)
1841 834 1853 869 :
1880 816 1980 889 (Et
2002 831 2120 886 qua:

544 914 642 967 vita
675 913 791 983 ejus
822 912 923 967 nisi
953 913 1043 967 tu?
1073 921 1126 968 et
1150 913 1238 981 qui
1267 912 1381 966 dies
1424 912 1497 966 tui
1542 911 1642 966 nisi
1685 910 1952 965 aeternitas
1990 918 2076 964 tua
2099 950 2116 975 ,

541 1005 671 1059 sicut
714 1005 837 1059 anni
884 1007 957 1079 tui
1001 1006 1088 1074 qui
1133 1021 1236 1058 non
1267 1004 1537 1069 deficiunt,
1571 1004 1690 1074 quia
1732 1004 1868 1058 idem
1907 1002 2021 1072 ipse
2060 1017 2118 1057 es

551 1094 705 1167 {PsaL
731 1111 802 1160 Cl,
822 1094 980 1167 28])?
1003 1095 1124 1150 hinc
1150 1111 1275 1166 ergo
1299 1096 1553 1165 intelligat
1577 1094 1746 1149 anima
1776 1111 1893 1165 qua:
1921 1104 2113 1165 potest,

538 1200 693 1254 quam
722 1186 880 1255 longe
896 1201 1055 1255 super
1072 1187 1243 1239 omnia
1269 1194 1507 1255 tempora
1533 1186 1606 1240 sis
1627 1195 1886 1250 aeternus;
1905 1185 2116 1255 quando

539 1285 623 1329 tua
650 1276 841 1331 domus
871 1293 989 1347 quae
1020 1278 1352 1347 peregrinata
1382 1293 1486 1331 non
1509 1285 1609 1341 est,
1642 1276 1880 1346 quamvis
1910 1292 2015 1329 non
2047 1276 2116 1330 sit

534 1369 628 1425 tibi
657 1379 944 1437 coteterna,
972 1380 1145 1425 tamen
1178 1370 1539 1425 indesinenter
1558 1376 1614 1424 et
1635 1369 1997 1423 indelicienter
2020 1368 2113 1423 tibi

531 1461 851 1518 cohcerendo
893 1463 1093 1517 nullam
1128 1462 1321 1532 patitur
1349 1462 1764 1516 vicissitudinem
1796 1471 2109 1530 temporum.

535 1553 645 1608 lloc
670 1554 721 1608 in
753 1563 1043 1623 conspectu
1073 1564 1162 1608 tuo
1189 1555 1354 1610 claret
1379 1553 1531 1618 mihi,
1572 1561 1625 1608 et
1648 1554 1814 1623 magis
1842 1554 2113 1622 magisque

529 1646 803 1711 clarescat,
832 1661 928 1700 oro
972 1656 1044 1711 te,
1073 1656 1232 1715 atque
1262 1646 1317 1699 in
1361 1646 1461 1700 hac
1508 1645 1935 1700 manifestatione
1985 1660 2109 1713 per-

530 1736 710 1791 sistam
736 1737 944 1792 sobrius
968 1738 1065 1792 sub
1090 1736 1188 1791 alis
1216 1737 1339 1790 tuis.

605 1830 690 1884 ll.
724 1831 861 1884 Ecce
889 1830 1069 1884 nescio
1094 1829 1219 1899 quid
1251 1828 1477 1883 informe
1503 1828 1556 1882 in
1582 1828 1697 1882 istis
1726 1827 2108 1882 mutationibus

529 1935 704 1975 rerum
734 1930 1089 1976 extremarum
1126 1930 1283 1990 atque
1308 1920 1655 1973 inﬁrmarum.
1704 1918 1769 1972 Et
1809 1919 1929 1987 quis
1969 1918 2109 1972 dicet

529 2012 679 2077 mihi,
712 2012 810 2064 nisi
842 2011 1079 2082 quisquis
1128 2026 1222 2079 per
1264 2011 1439 2063 inania
1486 2008 1661 2063 cordis
1701 2008 1785 2063 sui
1832 2023 1951 2062 cum
1998 2008 2106 2063 suis

526 2105 979 2174 phantasmatibus
995 2111 1212 2173 vagatur
1227 2110 1280 2157 et
1299 2102 1557 2165 volvitur;
1581 2101 1699 2171 quis
1717 2100 1817 2154 nisi
1837 2100 1952 2154 talis
1969 2100 2108 2154 dicet

527 2196 674 2261 mihi,
701 2194 839 2265 quod
864 2194 1118 2248 diminuta
1142 2203 1299 2261 atque
1325 2200 1639 2261 consumpta
1669 2191 1813 2245 omni
1838 2190 2035 2259 specie,
2060 2190 2104 2244 si

521 2286 633 2340 sola
662 2294 929 2340 remaneat
959 2284 1271 2349 informitas,
1302 2299 1397 2353 per
1418 2298 1574 2353 quam
1600 2282 1665 2337 de
1686 2282 1862 2351 specie
1894 2280 1947 2333 in
1974 2295 2102 2349 spe-

522 2377 656 2432 ciem
700 2392 787 2431 res
836 2377 1140 2431 mutabatur
1186 2384 1240 2431 et
1286 2376 1610 2439 vertebatur,
1654 2374 1819 2441 possit
1849 2371 2103 2427 exhibere

525 2471 666 2524 vices
698 2470 1027 2539 temporum?
1054 2468 1281 2523 Omnino
1310 2468 1581 2521 enimnon
1614 2473 1806 2534 potest,
1838 2465 1960 2534 quia
1989 2465 2104 2519 sine

521 2562 775 2616 varietate
806 2562 1096 2615 motionum
1126 2576 1229 2614 non
1261 2569 1383 2613 sunt
1425 2568 1659 2629 tempora
1692 2575 1705 2610 :
1737 2566 1789 2612 et
1826 2557 1968 2612 nulla
2007 2573 2101 2613 va—

525 2654 706 2717 rietas,
740 2653 825 2709 ubi
857 2654 994 2707 nulla
1025 2653 1249 2722 Species.

1138 2765 1361 2821 CAPUT
1400 2764 1513 2818 XII.

851 2838 1091 2892 (Ireatura
1118 2837 1308 2907 duplex
1331 2852 1503 2888 carens
1528 2844 1766 2905 tempore.

596 2929 681 2984 15.
702 2929 903 2994 Quibus
923 2926 1269 2983 consideratis
1290 2934 1541 2996 quantum
1563 2925 1752 2989 donas,
1770 2926 1907 2979 Deus
1926 2940 2095 2992 meus,

519 3030 773 3091 quantum
827 3036 912 3076 me
954 3021 1019 3075 ad
1078 3019 1389 3090 pulsandum
1446 3019 1686 3083 excitas,
1742 3026 2099 3088 quantumque

520 3112 751 3183 pulsanti
780 3113 987 3182 aperis;
1016 3111 1122 3167 duo
1142 3110 1347 3180 reperio
1369 3126 1485 3179 quae
1505 3108 1676 3165 fecisti
1702 3110 1934 3165 carentia
1963 3120 2096 3165 tem-

517 3203 767 3272 poribus,
800 3218 918 3257 cum
966 3202 1056 3256 tibi
1115 3210 1357 3256 neutrum
1402 3210 1723 3257 comternum
1768 3202 1853 3256 sit.
1899 3201 2093 3266 Unum,

516 3297 655 3365 quod
695 3297 763 3349 ita
804 3296 1083 3351 formatum
1113 3304 1213 3357 est,
1254 3304 1312 3349 ut
1347 3295 1461 3349 sine
1488 3294 1593 3349 ullo
1631 3294 1835 3349 defectu
1861 3303 2096 3349 contem-

517 3388 786 3456 plationis,
829 3388 943 3442 sine
990 3387 1098 3441 ullo
1138 3386 1414 3441 intervallo
1458 3385 1796 3449 mutationis,
1855 3386 2095 3454 quamvis

516 3482 766 3536 mutabile
810 3490 983 3537 tamen
1034 3496 1138 3536 non
1187 3490 1464 3545 mutatum,
1495 3490 1581 3534 tua
1610 3481 1900 3535 aeternitate
1938 3490 2095 3550 atque

516 3575 1044 3630 ineommntabilitate
1074 3575 1378 3645 perfruatur
1408 3591 1419 3626 :
1450 3574 1674 3627 alterum
1718 3572 1857 3643 quod
1902 3573 1970 3626 ita
2016 3574 2097 3627 in-

515 3664 685 3720 forme
713 3675 863 3732 erat,
913 3676 971 3720 ut
1018 3683 1081 3720 ex
1129 3680 1229 3736 qua
1275 3666 1461 3727 forma,
1494 3665 1544 3718 in
1575 3680 1728 3734 quam
1762 3664 1981 3719 formam
2011 3665 2094 3720 vel

516 3758 765 3819 motionis
792 3758 873 3811 vel
902 3757 1145 3811 stationis
1171 3764 1485 3821 mutaretur,
1518 3772 1621 3825 quo
1650 3757 1873 3824 tempori
1901 3755 2096 3810 subde-

516 3855 682 3907 retur.
715 3863 821 3901 non
852 3846 1087 3902 haberet.
1121 3846 1223 3901 Sed
1258 3848 1358 3901 hoc
1382 3854 1440 3899 ut
1468 3845 1695 3900 informe
1723 3856 1861 3900 esset
1887 3860 1991 3899 non
2014 3862 2095 3901 re-

516 3939 736 4009 liquisti,
770 3940 1018 4009 quoniam
1048 3938 1221 3993 fecisti
1250 3946 1372 3992 ante
1396 3952 1608 3993 omnem
1636 3938 1795 4003 diem,
1822 3939 1871 3991 in
1896 3938 2093 4005 princi-

522 4031 611 4099 pio
638 4030 828 4085 caelum
873 4038 927 4083 et
963 4039 1175 4095 terram,
1206 4029 1318 4083 litec
1345 4029 1450 4083 duo
1476 4045 1594 4098 quae
1623 4029 1881 4083 dicebam.
1927 4030 2092 4085 Terra

521 4129 699 4174 autem
723 4120 997 4174 invisibilis
1024 4130 1137 4173 erat
1155 4130 1206 4173 et
1224 4122 1587 4188 incomposita,
1603 4130 1655 4173 et
1679 4121 1908 4175 tenebrae
1938 4136 2095 4191 super

515 4214 787 4284 abyssum.
837 4213 1037 4279 Quibus
1084 4214 1259 4268 verbis
1308 4214 1603 4265 insinuatur
1656 4212 1991 4279 informitas,
2038 4223 2095 4269 ut

516 4306 775 4375 gradatim
816 4307 1163 4376 excipiantur,
1190 4308 1279 4376 qui
1307 4306 1663 4361 omnimodam
1698 4309 1891 4376 speciei
1923 4309 2094 4377 priva-

517 4398 715 4452 tionem
743 4412 841 4452 nec
867 4408 1041 4452 tamen
1068 4397 1134 4451 ad
1161 4397 1289 4451 nihil
1313 4399 1713 4468 perventionem
1737 4399 1967 4469 cogitare
1989 4414 2090 4453 non

517 4496 757 4557 possunt,
788 4488 927 4543 unde
955 4487 1107 4542 fieret
1130 4488 1353 4541 alterum
1380 4485 1592 4551 coelum,
1628 4496 1677 4542 et
1707 4497 1844 4543 terra
1871 4489 2093 4543 visibilis

514 4589 672 4648 atque
712 4580 1024 4647 composita,
1058 4588 1111 4633 et
1136 4594 1267 4648 aqua
1292 4578 1552 4648 speciosa,
1581 4585 1635 4634 et
1660 4579 1909 4649 quidquid
1940 4579 2091 4635 dein-

514 4688 639 4742 ceps
670 4673 721 4726 in
761 4672 1133 4727 constitutione
1173 4671 1330 4740 hujus
1367 4672 1548 4726 mundi
1600 4687 1705 4727 non
1748 4673 1864 4728 sine
1908 4673 2093 4728 diebus

516 4764 707 4820 factum
734 4773 1202 4829 commemoratur;
1225 4765 1346 4834 quia
1372 4765 1493 4819 talia
1520 4774 1642 4819 sunt
1672 4774 1728 4819 ut
1756 4766 1805 4818 in
1834 4766 1909 4821 eis
1928 4781 2090 4836 agan-

519 4868 604 4914 tur
646 4859 1036 4915 vicissitudines
1064 4866 1382 4929 temporum,
1414 4868 1627 4927 propter
1653 4858 1920 4913 ordinatas
1940 4874 2088 4914 com-

521 4951 841 5007 mutationes
870 4951 1161 5006 motionum
1190 4958 1347 5019 atque
1377 4949 1684 5004 formarum.

1112 5061 1121 5073 '
1149 5062 1374 5119 CAPUT
1410 5062 1550 5118 XIII.

516 5152 620 5211 Cur
644 5156 752 5210 sine
778 5156 970 5209 dierum
1002 5155 1472 5209 commemoratione
1497 5154 1617 5207 dicit
1652 5154 1936 5223 Scriptura,
1958 5157 2093 5225 quod

730 5228 783 5279 in
809 5228 1060 5297 principio
1084 5227 1199 5297 fecit
1224 5226 1360 5280 Deus
1381 5226 1560 5280 caelum
1585 5235 1630 5279 et
1653 5236 1853 5279 terram.

588 5316 676 5371 lli.
706 5317 818 5371 I’loc
844 5318 1052 5372 interim
1084 5317 1274 5381 sentio,
1305 5317 1444 5371 Deus
1472 5331 1640 5381 meus,
1668 5330 1787 5369 cum
1819 5316 1975 5370 audio
2011 5317 2090 5370 lo-

514 5417 764 5480 quentem
804 5408 1130 5477 Scripturam
1178 5418 1321 5463 tuam
1347 5449 1362 5474 ,
1394 5407 1459 5462 In
1504 5409 1749 5480 principio
1804 5408 1920 5481 fecit
1957 5407 2093 5462 Deus

516 5500 692 5554 caelum
721 5508 766 5553 et
796 5508 979 5553 terram
1004 5508 1173 5553 :terra
1213 5511 1379 5553 autem
1414 5510 1519 5554 erat
1544 5501 1804 5555 invisibilis
1829 5508 1875 5554 et
1902 5500 2093 5553 incom-

515 5590 699 5662 posita,
722 5599 766 5644 et
797 5591 1008 5645 tenebras
1030 5600 1174 5644 erant
1194 5608 1346 5663 super
1372 5592 1606 5662 abyssum
1635 5591 1781 5663 (Gen.
1811 5607 1847 5656 ι,
1884 5592 1960 5663 I),
1994 5607 2090 5646 ne-

515 5698 622 5754 que
662 5692 1165 5739 commemorantem
1207 5693 1368 5756 quoto
1396 5685 1479 5739 die
1518 5683 1705 5741 feceris
1730 5685 1862 5740 haec.
1894 5684 1982 5741 Sic
2008 5686 2091 5740 in-

515 5778 677 5837 terim
718 5777 910 5845 sentio,
956 5786 1172 5845 promer
1210 5778 1337 5836 illud
1375 5781 1569 5841 coelum
1613 5782 1752 5849 εαξη,
1781 5779 1970 5838 coelum
2010 5776 2093 5835 iu-

1677 330 2191 391 CONI’ESSIUNUM
2230 330 2286 386 S.
2331 328 2697 391 AUGUSTINI

2233 448 2545 513 tellectuale,
2576 451 2661 504 ubi
2709 458 2790 505 est
2835 451 3131 507 intellectus
3177 466 3334 508 nosse
3374 455 3549 519 simul,
3590 470 3700 510 non
3740 471 3822 513 ex

2230 550 2398 611 parte,
2433 558 2534 596 non
2588 544 2639 597 in
2684 545 2988 615 aenigmate,
3022 562 3128 601 non
3159 562 3254 617 per
3281 548 3586 618 speculum;
3618 549 3714 605 sed
3740 561 3814 611 et

2230 642 2357 697 toto,
2389 634 2440 695 in
2478 635 2897 691 manifestatione
2920 636 2960 703 ‘,
2989 636 3117 692 facie
3157 637 3223 693 ad
3250 637 3434 694 faciem
3466 637 3658 712 (ICor.
3688 655 3813 709 xm,

2229 724 2317 796 12)
2352 745 2365 780 :
2395 742 2499 780 non
2544 727 2699 782 modo
2744 728 2844 783 hoc
2866 771 2881 794 ,
2930 730 3091 784 tnodo
3124 730 3286 796 illud;
3320 731 3413 787 sed
3436 732 3577 803 quod
3605 732 3817 789 dictum

2226 826 2324 883 est,
2353 833 2507 872 nosse
2529 819 2682 874 simul
2713 821 2829 875 sine
2858 820 2965 876 ulla
2992 821 3359 878 vicissitudine
3386 832 3684 894 temporum
3716 836 3816 882 τοι

2226 920 2442 981 prepter
2480 911 2797 967 invisibilem
2840 920 3000 980 atque
3030 914 3431 984 incompositam
3462 926 3659 971 terram
3687 918 3815 973 sine

2225 1002 2329 1055 ulla
2370 1002 2725 1058 vicissitudine
2756 998 3076 1073 temporum,
3108 1022 3226 1077 quae
3253 1008 3388 1062 solet
3411 1008 3613 1064 habere
3644 1010 3810 1065 modo

2224 1094 2325 1148 hoc
2351 1102 2403 1148 et
2433 1095 2591 1149 modo
2620 1096 2780 1162 illud;
2809 1097 2929 1167 quia
2959 1097 3049 1152 ubi
3090 1098 3232 1153 nulla
3275 1100 3508 1166 Species,
3537 1117 3806 1172 nusquam

2221 1194 2303 1238 est
2328 1183 2429 1238 hoc
2455 1193 2510 1239 et
2539 1185 2686 1239 illud.
2715 1186 2939 1256 Propter
2967 1187 3069 1242 duo
3101 1188 3215 1243 haec
3245 1189 3485 1259 primitus
3513 1190 3806 1246 formatum

2220 1285 2274 1329 et
2318 1277 2528 1345 penitus
2568 1277 2824 1343 informe;
2856 1278 3008 1346 illud,
3036 1279 3253 1339 malum.
3290 1281 3383 1335 sed
3408 1282 3603 1338 coelum
3642 1283 3802 1350 coeli;

2220 1366 2321 1422 hoc
2340 1383 2485 1429 vero,
2518 1375 2733 1435 terram,
2763 1369 2854 1424 sed
2882 1381 3076 1426 terram
3106 1372 3420 1426 invisibilem
3443 1382 3496 1428 et
3522 1374 3805 1444 incompo-

2218 1458 2369 1513 sitam
2403 1478 2415 1514 :
2444 1470 2659 1531 propter
2686 1461 2790 1516 duo
2821 1463 2934 1517 hzec
2961 1464 3169 1517 interim
3205 1465 3377 1519 sentio
3404 1466 3519 1519 sine
3560 1480 3806 1521 comme-

2216 1551 2512 1607 moratione
2540 1553 2742 1607 dierum
2770 1554 2950 1609 dicere
2980 1554 3306 1625 Scripturam
3337 1565 3501 1623 tuam,
3522 1556 3585 1611 In
3605 1558 3804 1628 princi-

2216 1645 2299 1712 pio
2325 1645 2439 1715 fecit
2469 1644 2606 1699 Deus
2638 1648 2818 1700 cretum
2848 1656 2896 1702 et
2924 1658 3127 1702 terram.
3146 1647 3333 1703 Statim
3356 1650 3551 1719 quippe
3570 1651 3803 1721 subjecit

2214 1750 2371 1803 quam
2395 1743 2589 1790 terram
2610 1737 2823 1791 dixerit.
2854 1736 2922 1792 Et
2942 1738 3084 1808 quod
3105 1739 3337 1794 secundo
3359 1740 3446 1795 die
3470 1756 3804 1798 commemo-

2214 1836 2360 1879 ratur
2385 1827 2575 1881 factum
2609 1828 3019 1895 firmamentum,
3051 1838 3105 1884 et
3131 1837 3373 1885 vocatum
3401 1831 3632 1896 omium;
3664 1832 3803 1887 insid

2214 1927 2340 1970 nuat
2364 1917 2430 1973 de
2461 1933 2565 1988 quo
2594 1919 2730 1974 casto
2755 1920 2897 1988 prius
2922 1920 3035 1974 sine
3056 1920 3241 1974 diebus
3267 1935 3446 1975 sermo
3467 1921 3670 1976 locutus
3697 1922 3797 1976 sit.

2797 2030 3024 2087 CAPUT
3063 2030 3202 2087 XIV.

2669 2120 2950 2190 Scriptura:
2986 2121 3325 2191 profunditas.

2284 2211 2369 2265 17.
2400 2211 2527 2265 Mira
2558 2212 2885 2278 profunditas
2914 2213 3239 2281 eloquiorum
3271 2222 3518 2280 tuorum,
3563 2229 3797 2282 quorum

2210 2316 2333 2356 ecce
2386 2312 2507 2356 ante
2558 2319 2653 2358 nos
2701 2304 3007 2373 superficies
3054 2303 3332 2358 blandiens
3377 2306 3650 2372 parvulis:
3690 2305 3795 2361 sed

2208 2391 2343 2444 mira
2388 2392 2757 2461 profunditas,
2807 2393 2948 2449 Deus
2996 2409 3180 2461 meus,
3232 2395 3365 2448 mira
3417 2393 3791 2464 profunditas!

2209 2481 2407 2537 llorror
2453 2491 2536 2537 est
2577 2483 2853 2540 intendere
2904 2485 2954 2538 in
2993 2500 3143 2549 eam;
3192 2485 3382 2539 horror
3430 2485 3681 2553 honoris,
3730 2496 3798 2543 et

2209 2583 2408 2629 tremor
2450 2576 2667 2630 amoris.
2724 2575 2822 2632 Odi
2862 2576 3040 2631 hostes
3085 2578 3200 2646 ejus
3242 2576 3604 2634 vehementer.
3656 2578 3700 2633 Ο
3737 2580 3790 2634 si

2206 2668 2416 2722 occidas
2453 2684 2547 2725 eos
2578 2670 2648 2725 de
2683 2671 2855 2741 gladio
2879 2672 2899 2702 ²
2929 2671 3012 2726 bis
3049 2680 3203 2726 acuto
3226 2712 3242 2738 ,
3288 2682 3342 2726 et
3383 2687 3489 2726 non
3536 2673 3641 2727 sint
3685 2673 3795 2727 ho-

2206 2768 2311 2811 stes
2361 2760 2503 2828 ejus!
2561 2758 2650 2816 Sc
2697 2761 2840 2816 enim
2889 2777 3010 2816 amo
3057 2778 3150 2817 eos
3196 2762 3365 2817 occidi
3412 2762 3551 2830 sibi,
3602 2773 3658 2817 ut
3700 2762 3791 2818 vi-

2206 2860 2326 2901 vant
2355 2851 2467 2906 tibi.
2514 2852 2650 2907 Ecce
2693 2862 2869 2907 autem
2908 2854 2997 2907 alii
3042 2869 3145 2908 non
3194 2854 3639 2923 reprehensores,
3683 2857 3783 2912 sed

2207 2939 2506 2996 laudatores
2532 2942 2650 2997 libri
2676 2944 2946 2998 Geneseos
2979 2961 2990 2996 :
3024 2944 3163 3010 Non,
3196 2945 3460 3016 inquiunt,
3494 2947 3593 3001 hoc
3616 2948 3789 3004 voluit

2205 3030 2257 3083 in
2305 3031 2385 3085 his
2413 3033 2590 3088 verbis
2630 3034 2856 3104 intelligi
2893 3035 3121 3104 Spiritus
3158 3036 3284 3101 Dei,
3324 3038 3413 3107 qui
3447 3054 3542 3108 per
3564 3038 3784 3111 Moysen

2206 3123 2464 3179 famulum
2488 3124 2606 3194 ejus
2626 3127 2725 3181 ista
2748 3129 3097 3199 conscripsit;
3126 3145 3229 3184 non
3249 3130 3351 3184 hoc
3378 3131 3540 3187 voluit
3560 3132 3787 3201 intelligi

2202 3216 2341 3286 quod
2370 3226 2422 3271 tn
2450 3218 2616 3285 dicis,
2659 3219 2753 3274 sed
2792 3220 2934 3275 aliud
2963 3220 3105 3291 quod
3146 3236 3246 3277 nos
3285 3220 3532 3277 dicimus.
3578 3221 3786 3290 Quibus

2201 3324 2299 3378 ego
2323 3350 2337 3375 ,
2381 3318 2431 3364 te
2480 3310 2681 3366 arbitro
2705 3353 2720 3380 ,
2771 3312 2950 3379 Deus,
3000 3312 3235 3367 omnium
3288 3321 3589 3369 nostrorum
3615 3313 3669 3380 ³,
3708 3314 3784 3369 ita

2197 3402 2515 3473 respondeo.

2795 3473 3021 3530 CAPUT
3058 3473 3173 3529 XV.

2202 3563 2328 3630 Qua:
2362 3564 2424 3619 de
2452 3564 2560 3619 Deo
2600 3564 2757 3633 deque
2795 3564 2998 3637 Angelis
3037 3575 3081 3620 et
3122 3567 3329 3638 informi
3376 3569 3584 3623 materia
3629 3570 3780 3624 sentit

2362 3656 2694 3726 Augustinus,
2724 3673 2824 3711 non
2854 3666 3059 3728 possunt
3084 3657 3392 3714 oblocutores
3416 3677 3615 3731 negare.

2275 3745 2360 3800 I8.
2388 3745 2519 3800 Num
2556 3745 2742 3800 dicetis
2768 3744 2897 3800 falsa
2929 3762 3077 3814 esse,
3116 3762 3233 3817 qua:
3271 3748 3402 3802 mihi
3427 3751 3621 3805 veritas
3649 3766 3780 3805 voce

2201 3834 2319 3888 forti
2367 3836 2420 3889 in
2466 3850 2647 3890 aurem
2702 3836 3011 3891 interiorem
3054 3837 3181 3892 dicit
3222 3837 3290 3894 de
3323 3855 3450 3894 vera
3484 3840 3779 3896 aeternitate

2198 3924 2499 3992 Creatoris,
2529 3925 2669 3995 quod
2699 3930 3029 3996 nequaquam
3060 3927 3175 3997 ejus
3205 3929 3492 3984 substantia
3523 3946 3616 4000 per
3641 3940 3778 3985 temo

2199 4032 2324 4086 pora
2344 4018 2591 4083 varietur,
2612 4032 2710 4072 nec
2729 4017 2843 4088 ejus
2862 4018 3102 4074 voluntas
3124 4029 3273 4075 extra
3295 4020 3410 4091 ejus
3430 4023 3777 4078 substantiam

2199 4107 2297 4160 sit?
2314 4106 2464 4163 Unde
2477 4124 2577 4175 non
2598 4124 2717 4162 eum
2734 4109 2890 4163 modo
2907 4110 3041 4164 velle
3055 4109 3174 4175 hoc,
3190 4110 3347 4166 modo
3358 4112 3494 4167 velle
3507 4113 3631 4167 illud
3648 4130 3663 4180 ;
3680 4113 3775 4168 sed

2199 4200 2362 4253 semel
2381 4210 2433 4254 et
2451 4200 2605 4254 simul
2622 4209 2675 4255 et
2693 4216 2905 4269 semper
2921 4201 3056 4255 velle
3072 4202 3246 4256 omnia
3264 4217 3379 4273 quae
3394 4204 3505 4257 vult
3525 4220 3538 4263 ;
3568 4219 3669 4258 non
3687 4204 3776 4258 ite.

2198 4306 2314 4343 rum
2329 4300 2379 4343 et
2394 4292 2601 4357 iterum,
2621 4306 2788 4362 neque
2800 4308 2940 4346 nunc
2952 4292 3049 4347 ista
3062 4309 3202 4347 nunc
3214 4293 3321 4359 illa,
3335 4309 3433 4348 nec
3444 4294 3577 4349 velle
3594 4305 3776 4364 postea

2200 4381 2339 4449 quod
2367 4381 2600 4448 uolebat,
2629 4390 2720 4436 aut
2746 4382 2886 4458 nolle
2907 4383 3046 4452 quod
3071 4382 3217 4452 prius
3242 4384 3486 4439 volebat:
3507 4386 3627 4455 quia
3655 4386 3775 4441 talis

2199 4473 2442 4526 voluntas
2485 4473 2748 4527 mutabilis
2788 4482 2901 4541 est,
2950 4482 3003 4528 ct
3031 4490 3188 4530 omne
3228 4476 3478 4531 mutabile
3520 4486 3774 4533 mternum

2200 4578 2302 4617 non
2334 4572 2450 4629 est;
2494 4564 2634 4617 Deus
2660 4573 2839 4618 autem
2879 4573 3059 4619 noster
3086 4574 3316 4620 aeternus
3345 4575 3447 4622 est.
3477 4567 3605 4622 Item
3635 4568 3774 4637 quod

2202 4655 2328 4709 mihi
2355 4656 2481 4709 dicit
2508 4654 2529 4685 ⁸
2560 4656 2610 4709 in
2636 4671 2819 4710 aurem
2858 4656 3160 4712 interiorem
3186 4698 3201 4722 ,
3240 4659 3566 4727 exspectatio
3597 4673 3774 4713 rerum

2199 4755 2538 4800 venturarum
2566 4745 2623 4800 fit
2644 4748 2908 4802 contuitus
2935 4763 3053 4802 cum
3085 4748 3359 4814 venerint;
3386 4748 3632 4819 idemque
3656 4764 3777 4804 con-

2202 4840 2363 4894 tuitus
2409 4839 2467 4892 ﬁt
2508 4840 2760 4893 memoria
2801 4855 2919 4894 cum
2968 4842 3362 4910 praeterierint:
3402 4842 3577 4897 omnis
3617 4858 3775 4912 porro

2200 4930 2421 4984 intentio
2447 4946 2565 5000 quae
2594 4932 2661 4986 ita
2680 4932 2948 4996 variatur,
2978 4932 3244 4986 mutabilis
3268 4941 3383 4989 est;
3411 4942 3464 4987 ct
3489 4949 3645 4988 omne
3661 4950 3776 4988 mu-

2201 5021 2358 5076 tabile
2389 5030 2649 5075 aeternum
2688 5036 2797 5081 non
2819 5029 2901 5076 est
2930 5040 2943 5075 :
2974 5021 3115 5077 Deus
3137 5030 3311 5076 autem
3339 5032 3520 5078 noster
3544 5033 3774 5080 teternus

2197 5123 2295 5168 est.
2313 5113 2435 5168 llaec
2448 5114 2636 5183 eolligo
2647 5115 3098 5185 atquemnjungo,
3113 5124 3166 5170 et
3178 5117 3386 5172 invenio
3397 5118 3560 5174 Deum
3574 5134 3770 5185 meum,

2199 5206 2364 5260 Deum
2385 5216 2665 5274 :cternum,
2695 5223 2799 5262 non
2822 5207 2994 5279 aliqua
3022 5225 3155 5263 nova
3178 5210 3445 5267 voluntate
3474 5214 3775 5269 condidisse

2197 5308 2513 5363 creaturam,
2532 5314 2631 5354 nec
2642 5299 2913 5355 scientiam
2932 5301 3046 5369 ejus
3060 5302 3419 5356 transitorium
3434 5304 3627 5372 aliquid
3644 5303 3772 5373 pati.

2271 5389 2355 5444 19.
2387 5390 2523 5458 Quid
2540 5404 2668 5460 ergo
2682 5389 2887 5457 dicetis,
2910 5392 3367 5450 contradictores?
3394 5396 3475 5450 An
3492 5394 3623 5450 falsa
3651 5406 3776 5453 sunt

2196 5483 2341 5537 ista?
2368 5481 2503 5548 Non,
2535 5482 2793 5552 inquiunt.
2825 5482 2961 5550 Quid
2990 5484 3158 5539 illud?
3186 5501 3309 5540 uum
3339 5485 3524 5541 falsum
3545 5494 3626 5542 est
3653 5500 3744 5543 om
3765 5495 3783 5511 ‘

2262 5600 2278 5631 ι
2309 5605 2363 5645 In
2381 5594 2679 5659 ntanifestata
2692 5594 2841 5659 facie,
2862 5596 3003 5659 juxta
3023 5602 3131 5646 ιον.
3157 5605 3213 5646 st.

2260 5662 2279 5691 ⁸
2303 5666 2480 5707 Somni.
2508 5655 2559 5706 et
2582 5655 2848 5720 ttond.,_eos
2864 5655 3043 5720 gladio.
3070 5666 3125 5708 M.

2263 5723 2281 5753 ³
2304 5722 2377 5769 sic
2398 5721 2541 5768 noua.
2571 5732 2585 5767 :
2614 5729 2670 5769 'l'e
2687 5718 2881 5777 arbitro;
2905 5721 3258 5771 Deusomm'wn
3277 5730 3505 5775 nosti-tun.
3524 5731 3582 5777 κ.

2262 5783 2283 5815 ι
2307 5783 2377 5835 Sic
2406 5778 2667 5845 legendum
2684 5782 2821 5844 juxta
2843 5788 2949 5832 Mss.
2974 5783 3110 5848 Angl.
3137 5782 3373 5853 [dicitur].
