4078 6366
319 360 425 417 855

320 488 443 530 nem
477 479 721 528 naturam
743 469 1024 527 formatam
1057 471 1401 529 materiamve
1431 471 1761 530 formabilem
1793 488 1898 528 non

319 583 441 625 esse
461 610 477 636 ,
514 566 616 622 nisi
645 564 826 620 abillo
863 565 953 636 qui
977 580 1186 623 summe
1211 566 1383 622 bonus
1405 575 1518 633 est,
1545 568 1666 636 quia
1692 580 1900 621 summe

313 662 439 718 est?
476 659 660 730 Neque
684 658 787 714 hoc
812 673 1068 729 negamus
1085 699 1102 726 ,
1140 658 1402 730 inquiunt.
1442 657 1577 726 Quid
1603 658 1802 730 igitur?
1830 673 1895 712 an

314 751 448 810 illud
475 750 699 823 negatis,
721 749 1003 806 sublimem
1018 749 1300 821 quamdam
1323 763 1441 806 esse
1467 761 1762 807 creaturam
1791 760 1896 804 tam

316 852 472 900 casto
496 857 681 897 amore
704 839 1062 897 cohaerentem
1089 841 1199 897 Deo
1221 855 1350 896 vero
1368 849 1422 896 et
1439 856 1566 896 vere
1591 850 1812 908 aeterno,
1839 849 1897 895 ut

313 934 557 1007 quamvis
595 933 644 990 ei
679 941 944 989 ceteterna
973 947 1078 988 non
1104 933 1205 1000 sit,
1243 930 1296 987 in
1332 933 1530 987 nullam
1551 941 1726 988 tamen
1755 941 1893 987 tem-

308 1041 507 1100 porum
534 1027 844 1082 varietatem
863 1033 920 1082 et
939 1025 1352 1082 vicissitudinem
1376 1027 1444 1082 ab
1469 1027 1562 1082 illo
1581 1041 1641 1083 se
1664 1029 1893 1084 resolvat

306 1134 376 1176 ac
403 1118 622 1187 deﬂuat,
649 1117 749 1174 sed
775 1117 832 1173 in
863 1116 980 1188 eius
1006 1117 1171 1174 solius
1196 1119 1534 1175 veracissima
1561 1123 1890 1192 contempla-

308 1211 460 1267 tione
479 1211 818 1282 requiescat?
836 1209 1096 1277 Quoniam
1117 1219 1192 1278 tu,
1217 1211 1375 1277 Deus,
1396 1210 1632 1283 diligenti
1655 1225 1705 1270 te
1725 1231 1890 1284 quan-

306 1311 423 1357 tum
451 1302 696 1374 prtecipis
719 1343 736 1369 ,
781 1301 1017 1358 ostendis
1054 1303 1101 1357 ei
1133 1313 1184 1358 te
1222 1311 1276 1358 et
1315 1301 1516 1358 sufficis
1543 1305 1627 1370 ei;
1671 1313 1725 1360 et
1769 1306 1888 1362 ideo

303 1409 416 1450 non
445 1394 723 1451 declinata
745 1402 798 1450 te
820 1435 836 1460 ,
863 1409 962 1450 nec
986 1394 1052 1448 ad
1077 1409 1156 1450 se.
1189 1394 1315 1450 Haec
1339 1405 1421 1450 est
1443 1395 1633 1451 domus
1656 1397 1750 1452 Dei
1781 1414 1887 1453 non

311 1495 544 1552 terrena,
576 1500 750 1556 neque
773 1485 878 1541 ulla
906 1485 1113 1541 caelesti
1140 1485 1279 1541 mole
1304 1500 1580 1556 corporea,
1609 1487 1702 1542 sed
1730 1488 1887 1556 spiri-

306 1577 461 1633 tualis
487 1585 542 1632 et
566 1576 831 1647 particeps
855 1577 1166 1632 aeternitatis
1207 1586 1309 1632 tute
1331 1619 1348 1646 ,
1394 1578 1515 1648 quia
1542 1579 1656 1633 sine
1683 1578 1797 1634 labe
1831 1580 1886 1634 in

300 1677 566 1723 aeternum
597 1669 638 1721 ⁸.
685 1667 923 1723 Statuisli
952 1667 1092 1723 enim
1117 1683 1236 1724 eam
1263 1668 1315 1723 in
1341 1668 1590 1724 saeculum
1621 1679 1676 1724 et
1701 1670 1754 1725 in
1779 1686 1882 1725 sa:-

297 1758 484 1814 culum
509 1757 724 1822 saeculi;
755 1767 1078 1830 praeceptum
1118 1760 1338 1829 posuisti
1370 1771 1425 1817 et
1463 1777 1567 1816 non
1594 1763 1884 1832 praeteribit

299 1847 475 1913 (Psal.
507 1863 706 1910 chvm
724 1890 741 1917 ,
768 1850 844 1922 6).
873 1850 981 1906 Nec
1000 1861 1175 1905 tamen
1198 1851 1289 1906 tibi
1310 1851 1420 1908 Deo
1439 1861 1722 1922 coaaterna,
1751 1870 1883 1926 quu-

294 1941 442 1995 niam
473 1957 580 1996 non
599 1941 717 1999 sine
742 1942 894 1998 initio
923 1960 936 1997 :
962 1941 1102 1998 facta
1128 1954 1210 1999 est
1227 1945 1391 2000 enim.

366 2030 459 2086 20.
491 2031 624 2086 Nam
667 2033 769 2088 etsi
806 2047 912 2088 non
960 2033 1261 2090 invenimus
1298 2044 1508 2108 tempus
1545 2047 1668 2094 ante
1711 2038 1876 2105 illam,

293 2121 440 2191 prior
461 2123 648 2192 quippe
672 2124 894 2177 omnium
915 2134 1082 2179 creata
1109 2136 1182 2180 est
1212 2126 1458 2198 sapientia
1483 2127 1670 2200 (Eccli.
1696 2145 1749 2197 ι,
1779 2131 1877 2200 4);

191 2219 193 2221 ’
291 2225 398 2267 nec
424 2213 611 2283 utique
639 2213 725 2268 illa
755 2213 1025 2284 Sapientia
1053 2215 1174 2283 tibi,
1206 2217 1349 2272 Deus
1374 2229 1558 2275 noster
1576 2261 1590 2286 ,
1612 2221 1755 2276 Patri
1783 2237 1880 2276 suo

290 2301 451 2372 plane
481 2312 746 2360 coacterna
778 2313 835 2361 et
866 2307 1083 2377 aequalis
1121 2317 1176 2362 et
1206 2324 1306 2380 per
1339 2325 1497 2380 quam
1539 2323 1716 2368 creata
1756 2324 1881 2370 sunt

287 2395 473 2449 omnia
495 2435 510 2461 ,
551 2405 606 2452 et
631 2397 682 2451 in
715 2389 826 2467 quo
855 2399 1116 2470 Principio
1145 2400 1313 2456 fecisti
1342 2404 1536 2459 caelum
1563 2413 1616 2459 et
1644 2414 1876 2473 terram;

283 2487 385 2541 sed
422 2487 663 2558 profecto
703 2490 964 2560 sapientia
999 2507 1117 2562 quae
1144 2502 1319 2548 creata
1355 2503 1470 2562 est,
1509 2497 1879 2552 intellectualis

284 2587 482 2634 natura
495 2580 718 2647 scilicet,
733 2596 852 2650 qua:
871 2584 1315 2652 contemplatione
1335 2587 1547 2642 luminis
1567 2586 1746 2642 lumen
1761 2599 1843 2644 est
1861 2608 1874 2644 :

282 2670 491 2724 dicitur
511 2671 654 2725 enim
678 2681 730 2726 et
755 2670 869 2742 ipsa
889 2713 902 2738 ,
933 2675 1172 2744 quamvis
1199 2685 1376 2730 creata
1393 2718 1406 2740 ,
1443 2679 1720 2747 sapientia.
1773 2681 1877 2736 Sed

280 2768 546 2829 quantum
568 2763 790 2817 interest
813 2762 950 2818 inter
965 2764 1144 2820 lumen
1155 2765 1295 2835 quod
1310 2766 1571 2822 illuminat
1584 2777 1639 2824 et
1658 2771 1796 2840 quod
1815 2772 1879 2826 il-

281 2849 600 2917 luminatur,
615 2859 819 2907 tantum
845 2853 983 2909 inter
997 2856 1310 2925 sapientiam
1323 2874 1442 2928 qua:
1463 2871 1609 2915 creat
1639 2871 1692 2916 et
1721 2863 1876 2918 istam

279 2955 409 3011 quae
429 2950 608 2996 creata
633 2951 754 3010 est;
790 2945 928 3000 sicut
949 2946 1088 3002 inter
1106 2947 1365 3017 justitiam
1381 2951 1788 3022 justificantem,
1826 2966 1880 3010 et

171 3085 178 3092 .
277 3033 550 3104 justitiam
570 3051 691 3107 qua:
711 3038 1092 3108 justificatione
1114 3040 1251 3097 facta
1269 3051 1368 3098 est.
1400 3044 1531 3099 Nam
1560 3054 1616 3101 et
1637 3063 1733 3102 nos
1750 3048 1878 3104 dicti

280 3139 479 3181 sumus
500 3127 702 3196 justitia
735 3138 842 3184 tua.
875 3132 962 3186 Ait
994 3133 1136 3187 enim
1170 3135 1382 3204 quidam
1409 3153 1594 3194 servus
1635 3142 1778 3210 tuus,
1824 3153 1878 3199 ut

281 3235 377 3273 nos
397 3220 559 3275 simus
575 3222 780 3290 justitia
804 3223 901 3278 Dei
918 3225 971 3278 in
986 3226 1098 3296 ipso
1127 3225 1204 3300 (ΙΙ
1223 3227 1340 3284 Cor.
1372 3245 1425 3297 v,
1455 3231 1566 3303 21).
1598 3234 1736 3305 Ergo
1757 3239 1876 3306 quia

281 3312 436 3381 prior
464 3314 702 3370 omnium
717 3327 895 3373 creata
919 3328 1002 3374 est
1028 3322 1268 3390 quaedam
1287 3325 1542 3394 sapientia
1563 3343 1679 3398 quae
1701 3342 1876 3386 creata

281 3413 411 3473 est,
444 3421 601 3462 mens
643 3408 916 3465 rationalis
955 3422 1009 3468 et
1043 3413 1412 3473 intellectualis
1455 3428 1613 3474 castae
1649 3423 1878 3479 civitatis

277 3503 391 3552 tua:
422 3540 438 3564 ,
478 3500 664 3556 matris
694 3511 887 3558 nostra:
934 3521 1051 3575 quae
1100 3522 1308 3564 sursum
1347 3520 1462 3579 est,
1498 3523 1553 3568 et
1595 3515 1757 3570 libera
1797 3528 1880 3573 est

277 3587 484 3657 (Galat.
514 3607 568 3646 iv
587 3634 601 3659 ,
634 3591 730 3667 26)
755 3605 809 3651 et
835 3606 1034 3652 mterna
1060 3599 1111 3653 in
1139 3602 1287 3656 caelis
1306 3644 1321 3670 ,
1351 3601 1561 3674 (quibus
1576 3608 1744 3671 caelis,
1776 3611 1875 3665 nisi

278 3683 374 3751 qui
397 3692 448 3737 te
465 3683 682 3740 laudant
697 3687 817 3742 caeli
836 3689 1091 3744 etelorum
1111 3691 1277 3763 (Psal.
1294 3710 1516 3763 CXLVIII,
1531 3697 1584 3769 4)
1604 3717 1616 3764 ;
1637 3701 1754 3770 quia
1776 3703 1876 3757 hoc

275 3781 366 3827 est
390 3782 444 3829 et
461 3776 653 3830 cwlum
666 3779 787 3833 οωιί
814 3779 1091 3853 Domino?)
1103 3798 1120 3850 ;
1141 3784 1242 3840 etsi
1267 3801 1375 3840 non
1402 3788 1699 3844 invenimus
1732 3801 1836 3847 tem
1851 3825 1873 3837 -

273 3880 380 3936 pus
405 3878 530 3924 ante
555 3869 722 3938 illam,
753 3873 872 3943 quia
898 3882 953 3929 et
976 3885 1275 3934 creaturam
1303 3883 1553 3951 temporis
1577 3887 1861 3955 antecedit,

272 3972 403 4030 quae
431 3962 576 4031 prior
600 3965 834 4018 omnium
881 3977 1057 4022 creata
1094 3978 1206 4038 est;
1251 3981 1374 4028 ante
1407 3975 1548 4030 illam
1580 3984 1756 4033 tamen
1782 3990 1864 4036 est

275 4052 452 4122 ipsius
476 4056 736 4112 creatoris
761 4062 1025 4115 aeternitas
1047 4103 1060 4128 ,
1105 4078 1135 4116 a
1165 4080 1270 4134 quo
1299 4066 1433 4122 facta
1459 4071 1683 4140 sumpsit
1709 4087 1865 4128 exor-

277 4145 452 4213 dium,
479 4149 720 4216 quamvis
745 4166 850 4204 non
881 4157 1132 4224 temporis
1154 4158 1278 4226 quia
1316 4160 1548 4216 nondum
1574 4174 1689 4219 erat
1720 4175 1859 4221 tem~

273 4251 399 4306 pus,
432 4237 598 4306 ipsius
626 4249 799 4297 tamen
825 4245 1144 4301 conditionis
1163 4261 1291 4303 suae.
1647 4316 1650 4320 ,

267 4337 308 4401 ι
351 4332 442 4386 21.
476 4332 628 4390 Unde
651 4336 722 4390 ita
748 4339 939 4394 estabs
957 4349 1007 4396 te
1027 4342 1132 4421 Dep
1152 4353 1355 4412 nostro,
1387 4356 1444 4400 ut
1466 4348 1604 4403 aliud
1623 4351 1688 4408 sit
1708 4353 1866 4422 plane

285 4441 453 4496 quam
486 4435 541 4483 tu
562 4471 578 4497 ,
620 4439 675 4486 et
711 4447 815 4486 non
845 4433 1096 4503 idipsum.
1141 4438 1398 4504 Quoniam
1423 4443 1521 4496 etsi
1551 4460 1655 4499 non
1697 4447 1868 4504 solum

278 4529 412 4575 ante
445 4520 610 4586 illam,
633 4523 726 4578 sed
752 4540 851 4580 nec
876 4526 929 4581 in
950 4527 1040 4582 illa
1067 4528 1362 4587 invenimus
1392 4542 1618 4606 tempus,
1650 4541 1770 4609 quia
1787 4553 1870 4597 est

285 4609 484 4666 idonea
527 4611 716 4670 faciem
752 4623 892 4670 tuam
933 4632 1144 4689 semper
1179 4621 1360 4680 videre
1391 4640 1490 4682 nec
1529 4629 1730 4699 uspiam
1769 4631 1866 4688 de-

276 4699 517 4759 ﬂectitur
538 4705 607 4760 ab
640 4721 738 4774 ea,
779 4723 884 4781 quo
922 4709 979 4765 fit
1008 4722 1068 4767 ut
1098 4715 1239 4770 nulla
1277 4721 1570 4777 mutatione
1597 4725 1859 4794 varietur;

267 4796 422 4853 inest
445 4798 497 4854 ei
525 4808 702 4856 tamen
738 4803 851 4873 ipsa
877 4808 1199 4864 mutabilitas
1223 4811 1362 4868 unde
1392 4817 1782 4877 tenebresceret
1809 4832 1865 4878 et

271 4887 610 4958 frigesceret,
645 4894 744 4950 nisi
771 4911 953 4952 amore
977 4900 1162 4968 grandi
1189 4902 1282 4958 tibi
1315 4906 1590 4964 cohaerens
1613 4921 1860 4982 tanquam

266 4995 488 5050 semper
526 4986 776 5040 meridies
817 4988 1019 5046 luceret
1042 5001 1096 5048 et
1133 4991 1363 5052 ferveret
1388 5014 1452 5054 ex
1484 5008 1554 5056 te.
1603 5002 1648 5058 Ο
1671 5003 1858 5061 domus

263 5071 537 5130 luminosa
565 5087 620 5131 et
647 5080 907 5148 speciosa,
936 5081 1094 5138 dilexi
1117 5084 1362 5142 decorem
1395 5098 1574 5158 tuum,
1605 5104 1657 5148 et
1685 5095 1855 5150 locum

267 5161 618 5224 habitationis
656 5170 840 5240 gloria:
884 5174 1091 5229 Domini
1135 5178 1241 5233 mei
1286 5178 1615 5238 fabricatoris
1651 5197 1703 5241 et
1732 5204 1854 5257 pos-

262 5259 500 5314 sessoris
527 5261 601 5316 tui
635 5261 806 5332 (Psal.
831 5279 965 5333 xxv,
988 5266 1078 5340 8)!
1108 5268 1223 5325 Tibi
1246 5273 1474 5342 suspiret
1501 5279 1854 5349 peregrinatio

269 5363 394 5404 mea
418 5366 432 5414 ;
459 5361 516 5407 et
543 5353 662 5409 dico
691 5357 739 5411 ei
761 5358 851 5428 qui
878 5357 1002 5414 fecit
1027 5369 1104 5427 te,
1139 5371 1196 5418 ut
1224 5366 1488 5434 possideat
1510 5381 1563 5425 et
1587 5388 1672 5428 me
1698 5376 1750 5431 in
1779 5389 1849 5447 te,

263 5442 392 5511 quia
410 5441 537 5499 fecit
565 5455 618 5500 et
647 5464 752 5504 me.
781 5449 968 5506 Erravi
985 5455 1120 5510 sicut
1133 5457 1248 5513 ovis
1270 5461 1468 5528 perdita
1490 5463 1655 5535 (Psal.
1677 5441 1848 5543 cxvu,

264 5531 296 5588 Ι
308 5532 398 5605 76)
417 5551 430 5599 ;
458 5536 553 5591 sed
577 5537 628 5592 in
646 5537 882 5597 humeris
896 5547 1122 5614 pastoris
1143 5550 1266 5618 mei,
1287 5531 1561 5611 structoris
1579 5561 1671 5624 tui,
1693 5531 1850 5633 spero

264 5638 360 5682 me
383 5631 645 5698 reportari
674 5633 764 5688 tibi
789 5634 936 5706 (Luc.
968 5653 1064 5706 xv,
1095 5639 1174 5710 5).

327 5783 482 5836 ‘Arn.
507 5797 742 5843 muas.
769 5803 1012 5858 quatuor,
1036 5798 1688 5887 mlabestattutvtemum.
1783 5855 1785 5858 a

1635 359 1838 416 LIBER
1861 357 2312 422 DUODECIMUS.
2385 393 2387 395 -

2074 473 2309 542 22.Quid
2321 478 2493 534 dicitis
2505 480 2635 537 mihi
2649 499 2783 554 quos
2798 485 3126 560 alloquebar,
3139 495 3577 565 contradictores,

2003 568 2094 633 qui
2124 576 2299 623 tamen
2326 579 2377 625 et
2395 571 2608 644 Moysen
2633 577 2778 646 pium
2803 579 3057 638 famulum
3074 585 3184 653 Dei,
3209 596 3262 642 et
3283 589 3445 646 libros
3465 594 3578 664 ejus

1981 659 2219 732 oracula
2243 663 2410 718 sancti
2432 661 2659 734 Spiritus
2680 669 2937 726 creditis?
2962 673 3126 730 Estne
3139 675 3238 732 ista
3253 677 3442 736 domus
3465 659 3578 749 Dei,

2001 763 2108 804 non
2150 751 2363 821 quidem
2407 755 2518 811 Deo
2555 767 2818 816 comterna
2841 803 2858 831 ,
2913 764 3008 820 sed
3063 774 3238 828 tamen
3285 773 3578 831 secundum

1999 841 2215 897 modum
2251 859 2407 901 suum
2435 857 2632 904 aeterna
2663 851 2718 906 in
2745 854 2925 922 caelis,
2976 856 3064 912 ubi
3095 859 3240 916 vices
3280 871 3577 932 temporum

1997 931 2190 990 frustra
2220 940 2488 1008 quaeritis,
2514 945 2634 1012 quia
2673 961 2780 1000 non
2823 948 3140 1007 invenietis?
3183 931 3578 1026 supergreditur

1996 1027 2138 1082 enim
2172 1045 2383 1086 omnem
2425 1033 2835 1107 distentionem,
2875 1049 2930 1095 et
2954 1058 3112 1098 omne
3145 1047 3373 1115 spatium
3401 1049 3572 1104 aetatis

1970 1120 2252 1188 volubile,
2281 1125 2366 1179 cui
2388 1141 2596 1197 semper
2621 1129 2882 1187 inhaerere
2921 1135 3032 1190 Deo
3059 1139 3256 1193 bonum
3285 1147 3372 1196 est
3398 1139 3567 1210 (Psal.

1994 1227 2126 1280 Lxu,
2145 1215 2258 1285 28).
2283 1217 2395 1282 Est,
2421 1219 2680 1291 inquiunt.
2707 1223 2844 1292 Quid
2863 1225 3022 1296 igitur
3035 1243 3100 1284 ex
3117 1229 3310 1301 iisquae
3326 1233 3572 1291 clamavit

1992 1320 2086 1360 cor
2099 1323 2277 1364 meum
2297 1310 2362 1366 ad
2382 1312 2546 1368 Deum
2571 1331 2767 1382 meum,
2795 1334 2914 1374 eum
2930 1321 3135 1378 audiret
3149 1324 3370 1382 interius
3386 1343 3568 1386 vocem

1991 1396 2159 1453 laudis
2178 1399 2323 1470 ejus,
2345 1405 2469 1473 quid
2499 1408 2710 1463 tandem
2742 1411 2930 1487 falsum
2954 1429 3074 1470 esse
3101 1418 3460 1476 contenditis?
3484 1423 3569 1477 An
3615 1458 3618 1460 η

1990 1490 2112 1560 quia
2139 1502 2250 1547 erat
2277 1493 2521 1552 informis
2549 1503 2796 1558 materies
2814 1543 2830 1570 ,
2873 1505 2961 1560 ubi
2988 1517 3204 1577 propter
3228 1511 3424 1566 nullam
3453 1511 3566 1569 for-

1988 1595 2129 1636 mam
2161 1583 2336 1640 nullus
2377 1587 2508 1643 ordo
2535 1591 2692 1645 erat?
2721 1593 2823 1650 Ubi
2853 1603 3030 1652 autem
3057 1599 3233 1656 nullus
3261 1602 3394 1658 ordo
3419 1614 3563 1672 erat,

1987 1674 2129 1729 nulla
2174 1691 2291 1732 esse
2325 1678 2634 1738 vicissitudo
2673 1692 2969 1758 temporum
3016 1700 3269 1760 poterat;
3299 1703 3353 1750 et
3388 1703 3566 1753 tamen

1965 1763 2092 1820 hoc
2115 1783 2250 1837 pene
2275 1770 2427 1838 nihil,
2460 1774 2516 1828 in
2537 1785 2788 1845 quantum
2818 1795 2924 1834 non
2944 1784 3160 1839 omnino
3186 1784 3317 1841 nihil
3339 1796 3471 1856 erat,
3498 1788 3568 1844 ab

1921 1915 1933 1923 _
1986 1854 2077 1911 illo
2097 1858 2276 1930 utique
2293 1871 2458 1918 erata
2481 1881 2587 1935 quo
2613 1876 2696 1923 est
2715 1869 2968 1941 quidquid
2993 1882 3098 1941 est,
3121 1877 3262 1946 quod
3282 1854 3569 1951 utcumque

1983 1947 2181 2018 aliquid
2210 1959 2310 2008 est.
2339 1952 2451 2010 Hoc
2474 1972 2704 2028 quoque,
2734 1961 2902 2030 aiunt,
2928 1980 3038 2019 non
3063 1981 3340 2038 negamus.

2582 2068 2805 2127 CAPUT
2841 2072 2978 2130 XVI.

1984 2152 2111 2208 Rem
2137 2155 2318 2213 habere
2350 2176 2451 2214 non
2479 2163 2584 2217 vult
2610 2167 2806 2289 cuztoiis
2826 2209 2841 2231 ,
2883 2171 2967 2236 qui
2995 2173 3344 2229 contradicunt
3366 2177 3563 2233 ueritati

2713 2253 2876 2289 wtme.
3445 2261 3448 2264 ‘

2713 2253 2876 2292 ιυιηιε.
3445 2261 3448 2264 ⁴

2053 2315 2142 2371 25.
2171 2317 2306 2374 Cum
2335 2319 2419 2376 his
2461 2323 2602 2378 enim
2634 2327 2753 2382 volo
2791 2343 2968 2385 coram
2998 2339 3050 2388 te
3080 2333 3276 2404 aliquid
3313 2337 3564 2409 colloqui,

1985 2404 2126 2462 Deus
2154 2424 2305 2464 meus
2324 2450 2340 2476 ,
2370 2413 2456 2481 qui
2482 2414 2594 2471 lizec
2619 2419 2817 2488 omnia,
2849 2437 2966 2491 qua:
2995 2423 3138 2482 intus
3165 2427 3219 2482 in
3243 2439 3422 2486 mente
3445 2447 3566 2486 mea

1965 2513 2088 2570 non
2120 2507 2258 2555 tacet
2281 2502 2476 2558 veritas
2503 2515 2588 2561 tua
2611 2547 2625 2573 ,
2657 2524 2781 2564 vera
2820 2527 2938 2568 esse
2964 2516 3282 2572 concedunt.
3314 2519 3446 2574 Nam
3477 2523 3567 2591 qui

1983 2587 2098 2643 haec
2114 2601 2327 2661 negant,
2356 2593 2816 2668 latrentquantum
2838 2604 3019 2660 volunt
3037 2616 3089 2661 et
3107 2607 3420 2680 obstrepant
3434 2587 3564 2679 sibi;

1983 2681 2545 2749 persuadereconabor
2572 2699 2626 2744 ut
2653 2692 2948 2762 quiescant,
2963 2705 3017 2751 et
3039 2699 3175 2754 viam
3206 2702 3476 2770 praebeant
3501 2705 3568 2761 ad

1981 2786 2041 2826 sc
2056 2775 2218 2829 verbo
2235 2785 2324 2831 tuo
2343 2793 2356 2830 :
2379 2779 2521 2847 quod
2537 2781 2581 2834 si
2600 2782 2864 2839 noluerint
2891 2795 2945 2841 et
2961 2789 3250 2855 repuleriut
3263 2808 3351 2849 me
3369 2810 3384 2859 ;
3407 2795 3556 2852 obse-

1983 2876 2094 2930 cro,
2119 2864 2258 2919 Deus
2283 2882 2452 2933 meus,
2475 2886 2543 2926 ne
2569 2880 2623 2926 tu
2647 2874 2807 2930 sileas
2829 2891 2858 2930 a
2880 2893 2965 2933 me
2991 2877 3160 2950 (Psal.
3177 2898 3356 2951 xxvn,
3377 2884 3454 2958 1).
3486 2887 3567 2942 T-u

1982 2954 2201 3025 loquere
2217 2958 2270 3012 in
2285 2961 2444 3015 corde
2459 2978 2581 3019 meo
2595 2968 2854 3023 veraciter
2869 2984 2885 3034 ;
2903 2970 3047 3025 solus
3059 2973 3198 3028 enim
3213 2975 3291 3030 sic
3301 2976 3536 3047 loqueris
3551 2996 3566 3045 ;

1982 3048 2304 3106 etdimittam
2319 3067 2410 3108 eos
2422 3053 2550 3110 foris
2562 3058 3200 3135 sufflantesiupulverem,
3215 3072 3571 3129 ctexcitantes

1983 3147 2178 3194 terram
2205 3141 2256 3196 in
2285 3145 2468 3200 oculos
2492 3161 2648 3215 suos;
2693 3159 2748 3205 et
2774 3151 2966 3208 intrem
2988 3155 3040 3210 in
3075 3158 3248 3214 cubile
3281 3177 3481 3228 meum,
3514 3175 3568 3221 et

1965 3240 2197 3305 cantem
2227 3234 2316 3288 tibi
2353 3239 2610 3293 amatoria
2629 3280 2644 3305 ,
2671 3257 2892 3311 gemens
2935 3245 3315 3307 inenarrabiles
3345 3256 3570 3323 gemitus

1981 3322 2034 3376 in
2054 3327 2478 3395 peregrinatione
2494 3344 2634 3397 mea,
2648 3341 2704 3387 et
2721 3335 3011 3392 recordans
3024 3338 3339 3410 Jerusalem,
3353 3322 3570 3404 extento

1983 3414 2036 3467 in
2066 3431 2184 3470 eam
2219 3433 2429 3473 sursum
2462 3423 2644 3489 corde,
2670 3424 2963 3483 Jerusalem
2992 3433 3216 3501 patriam
3254 3451 3448 3506 meam,
3477 3439 3568 3495 Je~

1981 3506 2214 3561 rusalem
2238 3518 2462 3566 matrem
2485 3529 2678 3582 meam,
2703 3525 2860 3588 teque
2879 3533 3039 3590 super
3062 3539 3179 3578 eam
3208 3539 3564 3600 regnatorem,

1982 3597 2355 3657 illustratorem
2384 3645 2396 3669 ,
2424 3615 2627 3675 patrem
2645 3650 2659 3673 ,
2701 3618 2925 3668 tutorem
2951 3655 2964 3679 ,
2998 3597 3282 3689 maritum,
3309 3633 3482 3680 castas
3511 3597 3567 3682 et

1981 3689 2143 3743 fortes
2174 3691 2423 3763 delicias,
2473 3707 2528 3752 et
2555 3700 2779 3757 solidum
2809 3706 3091 3777 gaudium,
3143 3721 3198 3767 et
3220 3717 3396 3770 omnia
3426 3717 3563 3774 bona

1982 3777 2268 3837 ineffabilia
2286 3785 2442 3840 simul
2461 3790 2637 3844 omnia
2661 3809 2676 3856 ;
2707 3794 2830 3863 quia
2851 3813 3012 3853 unum
3033 3814 3298 3859 summum
3313 3815 3365 3862 et
3379 3823 3564 3865 verum

1984 3867 2181 3925 bonum
2218 3891 2232 3929 :
2263 3883 2316 3929 et
2343 3891 2448 3932 non
2477 3889 2718 3951 avertar,
2753 3885 2923 3943 donec
2945 3889 2998 3944 in
3031 3892 3356 3964 ejus‘pacem
3383 3903 3564 3957 matris

1986 3961 2340 4034 cliarissitnaz,
2361 3969 2448 4024 ubi
2471 3985 2594 4026 sunt
2610 3974 2857 4044 primitia:
2879 3981 3096 4049 spiritus
3124 3961 3248 4056 mei,
3277 3989 3416 4046 unde
3435 3993 3563 4049 mihi

1980 4053 2080 4109 ista
2109 4066 2254 4112 certa
2284 4070 2436 4127 sunt,
2481 4065 2699 4136 colligas
2726 4077 2891 4125 totum
2929 4075 3070 4144 quod
3104 4053 3256 4147 sum,
3295 4097 3324 4135 a
3354 4082 3560 4152 disper-

1981 4147 2132 4203 sione
2158 4158 2212 4204 et
2235 4150 2571 4211 deformitate
2597 4157 2729 4226 hac,
2767 4170 2822 4215 et
2849 4164 3150 4224 conformes
3183 4179 3340 4241 atque
3362 4147 3552 4229 conﬁr-

1978 4255 2093 4294 mes
2114 4240 2167 4294 in
2197 4252 2475 4313 aeternum,
2511 4247 2650 4302 Deus
2667 4266 2838 4320 meus,
2862 4256 3222 4314 misericordia
3251 4278 3386 4318 mea.
3427 4264 3558 4320 Cum

1979 4331 2066 4387 liis
2093 4345 2271 4390 autem
2293 4337 2381 4406 qui
2423 4347 2608 4395 cuncta
2641 4342 2725 4396 illa
2750 4360 2869 4414 qua:
2898 4363 3024 4404 vera
3061 4365 3216 4418 sunt,
3266 4353 3397 4410 falsa
3438 4373 3558 4414 esse

1977 4439 2082 4478 nou
2126 4427 2343 4495 dicunt,
2403 4429 2724 4490 honorantes
2770 4446 2824 4492 et
2880 4437 2936 4493 in
2985 4441 3214 4499 culmine
3270 4450 3557 4519 sequenda:

1974 4520 2308 4576 auctoritatis
2321 4523 2596 4581 nobiscum
2624 4530 3007 4588 constituentes
3027 4535 3169 4590 illam
3194 4553 3290 4608 per
3312 4551 3554 4598 sanctum

1979 4611 2197 4683 Moysen
2224 4613 2420 4668 editam
2449 4627 2686 4673 sanctam
2720 4620 3050 4692 Scripturam
3077 4636 3242 4699 tuam,
3287 4640 3343 4687 et
3374 4641 3551 4690 tamen

1973 4702 2130 4757 nobis
2153 4702 2350 4772 aliquid
2374 4707 2760 4774 contradicunt,
2789 4712 2860 4767 ita
2889 4714 3114 4786 loquor:
3140 4717 3217 4774 Tu
3243 4731 3379 4790 esto,
3411 4722 3552 4780 Deus

1969 4803 2152 4850 noster
2174 4837 2188 4861 ,
2221 4796 2418 4850 arbiter
2447 4800 2584 4854 inter
2617 4801 2980 4862 confessiones
3015 4825 3162 4866 meas
3193 4821 3247 4867 et
3280 4816 3549 4871 contradi-

1967 4890 2170 4944 ctiones
2193 4905 2396 4945 eorum.
2533 4901 2536 4903 λ
2803 4929 2806 4932 -

2464 4967 2487 4999 -"
2550 4965 2778 5025 CAPUT
2817 4969 2978 5026 XVII.

1968 5050 2038 5108 Ut
2062 5054 2172 5109 σεειί
2190 5063 2236 5109 et
2257 5064 2403 5112 terra:
2430 5060 2712 5115 nominibus
2730 5064 2874 5118 aliud
2897 5076 2944 5120 et
2966 5068 3112 5122 aliud
3129 5070 3344 5144 intelligi
3363 5083 3541 5144 potest.

2033 5165 2123 5220 24.
2157 5167 2350 5223 Dicunt
2383 5171 2526 5224 enim
2557 5189 2569 5224 :
2601 5172 2851 5240 Quamvis
2877 5192 2998 5232 vera
3029 5180 3136 5235 sint
3162 5181 3306 5253 haec,
3347 5200 3453 5242 non
3479 5204 3543 5244 ea
3593 5179 3606 5194 ³

1965 5264 2145 5312 tamen
2175 5258 2281 5313 duo
2299 5259 2508 5332 Moyses
2535 5264 2838 5319 intuebatur
2860 5308 2874 5331 ,
2900 5283 3021 5322 cum
3054 5272 3242 5341 spiritu
3270 5278 3539 5336 revelante

1958 5346 2162 5404 diceret
2194 5367 2208 5404 :
2241 5347 2308 5404 In
2337 5353 2584 5422 principio
2610 5356 2728 5426 fecit
2749 5356 2888 5412 Deus
2908 5359 3088 5415 caelum
3111 5373 3159 5417 et
3186 5374 3369 5422 terram
3385 5369 3537 5440 (ϐοή.

1956 5452 2008 5506 ι,
2043 5441 2116 5511 1).
2150 5439 2267 5496 Non
2286 5443 2405 5498 eteli
2428 5445 2642 5500 nomine
2664 5447 2990 5517 spiritualem
3021 5454 3104 5510 vel
3129 5454 3535 5518 intellectualem

1958 5530 2107 5587 illam
2134 5543 2449 5602 creaturam,
2498 5551 2711 5606 semper
2743 5539 2930 5597 faciem
2963 5544 3053 5600 Dei
3090 5553 3534 5622 contemplantem

1955 5623 2298 5694 significavit;
2333 5642 2432 5682 nec
2466 5637 2619 5684 terrae
2656 5633 2870 5688 nomine
2911 5635 3189 5696 informem
3234 5646 3530 5702 materiam.

1956 5715 2095 5782 Quid
2117 5718 2318 5788 igitur?
2345 5721 2498 5790 Quod
2526 5741 2624 5780 nos
2648 5727 2891 5798 dicimus,
2922 5733 3182 5807 inquiunt,
3211 5737 3314 5796 hoc
3338 5742 3428 5798 illc
3452 5745 3534 5800 vir

2319 5817 2496 5893 verbis
2534 5819 2647 5891 istis
2672 5821 2910 5880 elocutus
2938 5838 3038 5884 est.
3083 5829 3219 5896 Quid
3258 5843 3342 5889 est
3367 5835 3530 5893 illud!
