4078 6366
592 492 817 552 Nomine
837 533 852 557 ,
878 489 1024 545 aiunt
1048 529 1063 554 ,
1093 484 1216 542 coeli
1243 486 1295 542 et
1318 490 1499 549 terrae,
1532 488 1696 537 totum
1722 480 1880 534 istum
1904 477 2161 531 visibilem

593 585 848 642 mundum
892 582 1040 652 prius
1090 578 1456 634 universalitcr
1497 581 1552 629 et
1587 572 1819 627 breviter
1870 570 2165 639 significare

592 677 798 743 volun,
849 682 905 729 tit
952 680 1133 743 postea
1182 671 1446 740 digereret
1496 665 1701 720 dierum
1747 663 2163 727 enumeratione,

595 766 743 841 quasi
771 766 1108 830 articulatim,
1133 763 1376 817 universa
1400 770 1515 831 qum
1533 766 1715 813 sancto
1731 757 1948 827 Spiritui
1972 755 2169 825 placuit

594 862 675 916 sic
706 860 1000 915 enuntiare.
1048 854 1200 909 Tales
1240 854 1432 923 quippe
1462 850 1703 904 homines
1728 854 1877 902 erant
1904 846 2047 901 rudis
2078 844 2167 900 ille

597 956 755 1021 atque
779 948 1004 1005 carnalis
1031 945 1254 1017 populus
1288 943 1372 997 cui
1409 941 1751 1011 laquebatur,
1794 947 1851 993 ut
1889 940 1967 993 eis
2009 944 2169 1007 opera

598 1040 692 1095 Dei
728 1048 836 1095 non
877 1039 979 1093 nisi
1016 1036 1127 1091 sola
1159 1035 1383 1089 tisibilia
1430 1030 1847 1088 commendanda
1886 1031 2165 1099 iudicaret.

597 1130 820 1188 Terram
843 1138 972 1184 vero
1014 1126 1334 1182 invisibil‘cm
1361 1132 1416 1179 et
1455 1122 1893 1192 incompositam,-
1929 1120 2173 1175 tenebro-

598 1229 819 1293 eamque
856 1220 1103 1292 abyssum
1123 1260 1136 1284 ,
1178 1218 1321 1272 trude
1347 1223 1733 1285 consequenter
1756 1212 2048 1269 ostenditur
2079 1222 2173 1281 per

598 1314 717 1368 titus
738 1313 854 1367 dies
874 1311 1011 1366 facta
1030 1318 1187 1380 atque
1206 1308 1459 1377 disposita
1482 1320 1600 1360 esse
1621 1313 1807 1359 cuncta
1831 1304 1928 1357 ista
1950 1302 2170 1357 visibilis

597 1411 717 1476 gnte
736 1411 863 1458 nota
889 1409 1012 1458 sunt
1034 1402 1300 1466 omnibus,
1332 1413 1434 1452 non
1466 1398 1871 1465 incongruenter
1893 1395 2171 1449 informem

598 1497 751 1551 istam
771 1495 1046 1550 materiam
1073 1489 1467 1561 intelligendam
1494 1503 1612 1543 esse
1636 1488 1991 1542 consentiunt.

665 1588 755 1644 25.
784 1588 923 1656 Quid
951 1587 996 1641 si
1021 1587 1163 1641 dicat
1186 1584 1339 1648 alius,
1366 1581 1607 1635 eamdem
1627 1579 2024 1644 inlormitatem,
2042 1590 2172 1630 con-

596 1679 963 1747 fusionemth
990 1675 1246 1739 materiae,
1280 1673 1401 1729 casti
1430 1681 1483 1726 et
1511 1680 1666 1726 terra:
1693 1672 1901 1724 nomine
1924 1669 2070 1739 prius
2092 1668 2172 1721 in-

596 1771 877 1833 sinuatam,
1070 1778 1133 1822 ex
1160 1780 1220 1820 ea
1249 1764 1475 1818 mundus
1496 1764 1595 1817 iste
1622 1760 1843 1816 visibilis
1863 1775 1980 1814 cum
2002 1758 2172 1814 omni-

596 1860 695 1915 bus
725 1860 925 1914 naturis
952 1872 1073 1928 quae
1112 1858 1165 1911 in
1193 1870 1259 1911 eo
1288 1853 1719 1909 manifestissime
1761 1858 2037 1922 apparent,
2082 1852 2173 1920 qui

596 1953 716 2007 cmli
763 1960 815 2006 et
854 1959 1012 2005 terrae
1041 1950 1255 2004 nomine
1281 1962 1422 2016 saepe
1448 1946 1699 2017 appellari
1735 1946 1888 2011 solet,
1930 1944 2172 1999 conditus

596 2052 753 2112 atque
772 2041 1040 2113 perfectus
1068 2041 1186 2095 est?
1226 2038 1365 2105 Quid
1396 2038 1438 2093 si
1464 2037 1603 2092 dicat
1630 2046 1683 2091 et
1710 2036 1863 2100 alius,
1893 2036 2084 2089 coelum
2118 2044 2173 2090 et

598 2143 795 2189 terram
822 2133 1033 2202 quidem
1060 2131 1375 2187 invisibiiem
1400 2130 1761 2199 visibilemque
1792 2138 2034 2182 naturam
2064 2143 2171 2182 non

598 2226 912 2282 indecenter
939 2226 1288 2295 appellatam;
1320 2238 1382 2277 ac
1421 2237 1516 2292 per
1563 2224 1663 2277 hoc
1692 2224 1995 2277 universam
2020 2237 2170 2274 crea-

596 2323 767 2371 turam
812 2328 968 2384 quam
1006 2314 1128 2369 iecit
1159 2315 1211 2368 in
1246 2313 1536 2382 Sapientia,
1567 2313 1616 2366 id
1657 2322 1738 2367 est
1781 2314 1832 2366 in
1882 2313 2167 2380 Principio,

597 2406 757 2473 Dem,-
776 2404 1141 2474 h‘ujuseemttdi
1157 2404 1361 2458 duobus
1391 2403 1660 2457 vocabulis
1679 2417 1799 2458 esse
1824 2402 2170 2472 comprehen-

594 2512 710 2553 sam
741 2512 757 2553 ε
783 2506 1149 2553 Verumtamen
1176 2496 1297 2566 quia
1328 2508 1434 2549 non
1469 2495 1536 2550 de
1572 2497 1683 2564 ipsa
1723 2496 2015 2550 substantia
2052 2496 2167 2563 Dei,

595 2590 691 2646 sed
715 2600 781 2646 ex
807 2590 975 2644 nihilo
992 2596 1182 2643 cuncta
1209 2586 1342 2642 facta
1359 2595 1501 2650 sunt,
1519 2587 1638 2657 quia
1666 2600 1771 2640 non
1792 2593 1911 2640 sunt
1940 2588 2167 2656 idipsum

594 2680 735 2753 quod
772 2678 935 2744 Deus,
986 2687 1041 2732 et
1085 2679 1223 2732 inest
1271 2677 1512 2746 quaedam
1561 2677 1876 2731 mutabilitas
1902 2678 2171 2750 omnibus,

594 2772 710 2828 sive
735 2778 1003 2834 nmmum,
1025 2769 1164 2823 sicut
1189 2776 1383 2823 aeterna
1408 2768 1595 2821 domus
1627 2768 1753 2833 Dei;
1798 2767 1910 2822 sive
1956 2776 2167 2823 muten-

594 2862 719 2930 tur,
765 2862 901 2918 sient
947 2864 1120 2914 anima
1173 2859 1399 2914 hominis
1449 2870 1502 2914 et
1559 2870 1777 2929 corpus;
1834 2875 2167 2916 communem

594 2958 832 3011 multm
871 2968 1051 3011 rerum
1087 2956 1423 3010 invisibilium
1462 2956 1849 3025 visibiliumque
1894 2949 2167 3011 materiem

592 3048 773 3104 aldine
806 3047 1109 3111 inlisi-mem,
1141 3048 1235 3101 sed
1277 3054 1421 3101 certe
1449 3046 1799 3111 formsbilem,
1840 3048 1978 3103 unde
2020 3050 2170 3105 fieret

588 3138 788 3193 emtum
814 3146 869 3193 et
898 3144 1062 3203 terra,
1092 3137 1147 3192 id
1189 3144 1272 3193 est
1309 3138 1587 3192 invisibilis
1618 3147 1776 3208 atque
1805 3139 2022 3194 visibilis
2058 3140 2166 3209 jam

594 3236 819 3298 Itaque
842 3227 1065 3282 fortuna
1090 3236 1352 3292 creatura,
1386 3227 1466 3282 his
1492 3230 1792 3283 nominibus
1820 3231 2164 3299 enuntiatam,

591 3317 786 3387 quibus
807 3318 1160 3387 appellaretur
1183 3315 1343 3371 Terra
1365 3318 1625 3372 invisibilis
1654 3328 1698 3372 et
1714 3322 2064 3389 ἱησοηιροδὶτα,
2089 3328 2160 3388 et,

593 3409 829 3465 Tenebris
850 3426 1000 3480 super
1026 3411 1259 3481 abyssum
1282 3427 1299 3465 :
1322 3422 1385 3465 ea
1412 3404 1768 3479 distinctione,
1800 3420 1856 3466 ut
1882 3420 2015 3467 terra
2040 3414 2171 3467 limi-

588 3502 749 3557 sibitis
789 3512 837 3557 et
860 3505 1192 3574 incarnposita
1230 3503 1551 3571 intelligatur
1592 3507 1839 3560 materies
1876 3507 2167 3577 corporalis

584 3601 714 3648 ante
745 3592 1051 3663 qualitatem
1089 3593 1306 3657 formae;
1338 3593 1549 3647 tenebris
1599 3604 1777 3649 autem
1822 3613 1972 3667 super
2013 3598 2163 3669 abys-

587 3694 733 3749 sum,
783 3684 1074 3754 spiritualis
1132 3685 1383 3739 materies
1429 3695 1549 3740 ante
1594 3687 1968 3743 cohibitionem
2015 3691 2161 3760 quasi

589 3774 803 3830 ﬂuctuis
839 3776 1289 3832 immoderationis
1329 3785 1386 3831 et
1433 3785 1555 3832 ante
1603 3778 2039 3835 illuminationem
2075 3782 2165 3838 Sa-

592 3866 840 3938 pientia?

656 3956 746 4011 26.
775 3957 869 4011 Est
901 3956 1076 4011 adhuc
1116 3957 1257 4027 quod
1289 3956 1429 4013 dicat
1465 3960 1509 4015 si
1545 3961 1663 4031 quis
1706 3962 1839 4015 alius
1869 3963 2017 4029 velit,
2054 3980 2161 4019 non

586 4048 783 4104 scilicet
810 4049 921 4119 jam
951 4048 1210 4119 perfectas
1231 4059 1390 4120 atque
1421 4052 1670 4105 formatas
1701 4053 1985 4108 invisibiles
2032 4057 2159 4110 visi-

589 4137 828 4208 bilesque
846 4146 1081 4204 naturas,
1109 4141 1228 4195 coeli
1248 4150 1298 4195 et
1320 4150 1473 4195 terra:
1498 4143 1713 4197 nomine
1738 4145 2018 4213 signiﬁcari
2040 4160 2160 4201 cum

586 4229 802 4299 legitur,
838 4228 908 4283 In
943 4230 1188 4300 principio
1227 4232 1341 4302 fecit
1366 4230 1500 4285 Deus
1528 4233 1708 4286 malum
1741 4242 1786 4287 et
1821 4244 2037 4299 terram;
2067 4238 2160 4291 sed

585 4318 754 4391 ipsum
779 4321 951 4375 adhuc
979 4320 1259 4376 informem
1302 4322 1691 4377 inchoationem
1738 4339 1914 4379 rerum
1960 4325 2158 4380 forma-

585 4412 751 4470 bilem
783 4414 1169 4484 creabiiemque
1193 4415 1464 4468 materiam
1495 4414 1575 4469 his
1602 4417 1901 4471 nominibus
1929 4420 2159 4487 appella-

584 4512 715 4569 tam,
745 4506 884 4575 quod
931 4506 982 4559 in
1027 4518 1089 4559 ea
1128 4505 1239 4574 jam
1268 4514 1451 4559 essent
1496 4505 1596 4559 ista
1642 4508 1878 4573 confusa,
1921 4510 2157 4565 nondum

582 4597 921 4669 qualitatibus
962 4596 1251 4666 turmisque
1290 4596 1557 4663 distincta,
1600 4614 1717 4668 quae
1747 4614 1888 4654 nunc
1923 4602 2032 4670 jam
2079 4602 2158 4656 di-

578 4695 729 4759 gesta
750 4688 1149 4744 misorlinibus
1163 4698 1416 4742 vocantur
1435 4689 1627 4744 coelum
1653 4698 1706 4746 et
1731 4700 1902 4759 terra;
1936 4694 2024 4747 illa
2045 4695 2155 4764 spi~

574 4781 805 4848 titulis,
828 4780 944 4835 hac
964 4780 1257 4849 corporalis
1279 4787 1541 4835 creatura.

1166 4870 1389 4927 CAPUT
1427 4870 1609 4925 XVIII.

892 4959 1015 5026 Quis
1040 4977 1179 5015 error
1198 4963 1432 5016 innoxius
1460 4963 1511 5016 in
1534 4960 1833 5033 Scripturis.

647 5050 737 5106 9⁸1.
767 5048 970 5120 Quibus
998 5053 1242 5107 omnibus
1285 5054 1476 5108 auditis
1516 5062 1570 5108 et
1615 5054 1983 5125 consideratis,
2028 5058 2152 5115 nolo

580 5142 761 5198 verbis
782 5142 1139 5207 contendere;
1167 5143 1233 5197 ad
1260 5144 1389 5198 nihil
1406 5145 1547 5199 enim
1570 5145 1694 5199 utile
1711 5155 1791 5200 est
1812 5148 1909 5201 nisi
1941 5149 2004 5203 ad
2027 5152 2151 5205 sub-

576 5235 881 5291 versionem
914 5234 1237 5290 audientium
1278 5236 1297 5304 (
1332 5237 1375 5289 Il
1404 5236 1533 5290 Tim.
1562 5254 1620 5303 ll,
1651 5239 1761 5307 M‘).
1803 5241 1883 5295 Ad
1921 5242 2151 5298 aedifica-

577 5323 781 5379 tionem
806 5334 981 5379 autem
1009 5325 1145 5380 bona
1173 5336 1257 5381 est
1280 5327 1384 5394 lex,
1403 5328 1583 5396 siquis
1603 5344 1663 5383 ea
1684 5330 1914 5400 legitime
1940 5343 2144 5401 utatur;

576 5414 703 5485 quis
716 5414 838 5470 linis
855 5416 973 5485 ejus
994 5426 1078 5471 est
1099 5417 1329 5473 charitas
1349 5418 1417 5474 de
1441 5420 1603 5474 corde
1618 5436 1770 5491 puro,
1794 5434 1849 5478 et
1870 5427 2150 5483 consciena

577 5508 651 5562 tia
690 5507 851 5574 bona,
893 5516 948 5563 et
978 5508 1082 5565 [ide
1110 5525 1217 5566 non
1251 5511 1367 5565 ﬁcta
1399 5512 1450 5581 (l
1478 5512 1607 5568 Tim.
1646 5515 1691 5578 l,
1721 5515 1773 5579 8,
1802 5515 1875 5587 ὃ).
1911 5519 1975 5571 Et
2002 5521 2146 5575 novit

574 5600 826 5670 magister
871 5610 1051 5657 noster
1092 5602 1144 5656 in
1185 5604 1376 5670 quibus
1426 5604 1637 5661 duobus
1673 5610 1950 5678 przrccptis
1982 5619 2143 5666 totam

572 5690 767 5762 besem
806 5694 1200 5764 Prophetasque
1234 5696 1565 5764 suspenderit
1602 5699 1823 5769 (Manli.
1849 5717 1983 5769 xm,
2025 5703 2139 5775 40).

572 5781 703 5855 ουδὲ
730 5783 859 5843 mihi
885 5785 1134 5847 ardenter
1153 5786 1450 5856 conﬁtenti,
1474 5788 1615 5845 Deus
1629 5807 1798 5859 uicus,
1817 5794 2139 5857 iumen'ocu-

1723 343 2231 422 conrssstontnii
2268 348 2327 415 s.
2370 352 2733 422 AUGUSTINI

3733 384 3842 445 8‘56

2270 474 2441 531 lorum
2469 493 2703 533 meorum
2736 482 2786 535 in
2810 484 3035 551 ecculm,
3076 486 3202 556 quid
3236 491 3366 547 mihi
3411 493 3579 560 obeSt,
3611 499 3726 553 cum
3751 501 3840 557 di-

2270 578 2423 621 versa
2454 569 2505 622 in
2548 569 2628 623 bis
2664 574 2841 629 verbis
2874 576 3089 649 intelligi
3121 583 3341 651 possint,
3371 600 3487 654 qua:
3523 594 3696 645 tamen
3722 609 3850 652 vera

2270 658 2397 726 sint,
2430 662 2574 729 quid,
2595 663 2829 734 inquam,
2854 668 3004 735 mihi,
3034 672 3203 738 obest,
3241 675 3284 728 si
3311 670 3452 732 aliud
3478 688 3576 750 ego
3602 694 3846 754 sensero,

2272 765 2427 818 quam
2457 754 2621 808 sensit
2650 756 2786 809 alius
2812 766 2929 811 eum
2971 762 3201 817 sensisse
3240 766 3329 833 qui
3367 770 3613 839 scripsit?
3642 774 3843 832 Omne‘s

2274 842 2485 911 quidem
2515 845 2602 913 qui
2632 844 2875 917 legimus,
2896 848 3112 933 nitimur
3142 852 3241 909 hoc
3268 855 3512 927 indagare
3526 870 3686 933 atque
3706 876 3860 921 com-

2275 934 2624 1002 prehendere,
2655 939 2795 1008 quod
2834 942 2995 997 Voluit
3037 941 3125 999 ille
3151 956 3305 1015 quem
3336 949 3579 1020 legimus.
3632 946 3848 1014 Etcum

2275 1042 2395 1082 eum
2423 1030 2709 1087 veridicum
2738 1034 3022 1104 credimus,
3055 1036 3184 1093 nihil
3210 1040 3349 1110 quod
3387 1040 3578 1100 falsum
3605 1060 3722 1103 eSSe
3766 1053 3848 1108 vel

2276 1119 2518 1177 nevimus
2578 1124 2659 1178 vel
2715 1132 2985 1197 putarhtts,
3041 1130 3296 1187 addemus
3360 1142 3479 1190 eum
3545 1140 3849 1200 existimare

2275 1213 2492 1269 dixisse.
2524 1214 2656 1269 Dum
2686 1230 2812 1287 ergo
2838 1221 3058 1290 quisque
3082 1232 3302 1278 conatur
3331 1225 3383 1280 id
3414 1230 3610 1285 sentire
3632 1232 3683 1286 in
3711 1224 3852 1289 Scri-

2276 1306 2444 1373 pturis
2484 1307 2709 1371 sanctis,
2757 1309 2895 1378 quod
2936 1311 2988 1365 in
3029 1313 3105 1367 eis
3148 1316 3311 1370 sensit
3351 1317 3440 1373 ille
3475 1322 3563 1390 qui
3604 1324 3848 1394 scripsit;

2278 1397 2402 1466 quid
2433 1398 2555 1452 mali
2586 1408 2665 1452 est
2695 1400 2738 1454 si
2756 1400 2856 1455 hoc
2881 1404 3245 1475 sentiat,’quod
3265 1418 3339 1475 tu,
3372 1409 3463 1465 lux
3493 1416 3731 1470 omnium
3754 1432 3851 1471 ve-

2275 1488 2557 1543 ridicarum
2584 1491 2860 1556 mentium,
2888 1496 3122 1550 ostendis
3148 1513 3329 1553 verum
3364 1514 3501 1568 esse,
3530 1506 3737 1560 etiamsi
3752 1505 3853 1563 bo’c

2277 1592 2381 1635 non
2409 1581 2574 1636 sensit
2618 1583 2704 1638 ille
2734 1601 2891 1654 quem
2939 1588 3092 1656 legit;
3125 1596 3244 1644 cum
3291 1596 3346 1647 et
3388 1592 3477 1649 ille
3520 1609 3726 1665 verum,
3756 1614 3851 1655 nec

2276 1678 2452 1729 tamen
2482 1673 2582 1731 hoc
2606 1678 2868 1733 senserit?

2874 1768 3099 1827 CAPUT
3137 1772 3277 1829 XIX.

2805 1884 2929 1951 Quae
2962 1886 3149 1957 liquida
3184 1905 3317 1944 vera.

2346 1994 2435 2048 28.
2468 1994 2663 2050 Verum
2691 2004 2773 2051 est
2800 1998 2962 2065 enim,
2993 2000 3236 2068 Domine,
3268 2000 3455 2057 fecisse
3482 2010 3533 2058 te
3568 2004 3768 2060 caelum
3800 2013 3853 2061 et

2278 2092 2501 2150 terram;
2548 2095 2603 2140 et
2644 2102 2827 2142 verum
2868 2097 2951 2143 est
2996 2090 3316 2160 Principium
3360 2108 3478 2147 esse
3522 2093 3850 2163 Sapientiam

2276 2186 2417 2231 tuam
2443 2178 2495 2233 in
2522 2195 2621 2249 qua
2635 2178 2805 2235 fecisti
2829 2183 3005 2235 omnia
3031 2182 3202 2249 (Psal.
3230 2200 3343 2251 Cill,
3372 2185 3487 2255 24).
3509 2187 3637 2241 item
3664 2203 3852 2243 verum

2276 2276 2375 2330 est,
2412 2268 2551 2337 quod
2577 2270 2804 2325 mundus
2844 2271 2942 2325 iste
2980 2273 3197 2328 visibilis
3229 2275 3387 2330 habet
3413 2291 3629 2345 magnas
3670 2287 3851 2347 partes

2275 2372 2396 2413 suas
2422 2359 2614 2414 cuslum
2642 2369 2695 2415 et
2719 2370 2948 2429 terram,
2992 2362 3136 2417 brevi
3188 2367 3551 2435 complexione
3596 2368 3855 2425 factarum

2276 2450 2511 2504 omnium
2555 2452 2987 2522 conditarumquc
3045 2464 3368 2508 naturarum.
3416 2456 3484 2510 Et
3520 2472 3709 2511 verum
3752 2468 3853 2526 est,

2275 2544 2415 2612 quod
2444 2559 2598 2598 omne
2615 2546 2869 2601 mutabile
2890 2546 3117 2601 insinuat
3143 2549 3341 2603 notitia:
3356 2558 3551 2604 nostra;
3564 2550 3853 2619 quamdam

2275 2634 2677 2701 informitatem,
2704 2653 2804 2706 qua
2836 2639 3055 2692 formam
3083 2641 3242 2710 capit,
3284 2641 3369 2695 vel
3397 2657 3501 2711 qua
3531 2652 3774 2698 mutatur
3803 2651 3857 2700 et

2276 2726 2516 2779 vertitur.
2552 2726 2744 2781 Verum
2777 2738 2878 2794 est,
2910 2730 3053 2784 nulla
3085 2741 3318 2800 tempora
3368 2734 3570 2803 perpeti
3610 2735 3758 2803 quod
3786 2735 3855 2790 ita

2274 2815 2505 2871 conteret
2520 2816 2704 2872 formae
2718 2820 3147 2883 incommutabili,
3165 2831 3219 2876 ut
3234 2824 3473 2892 quamvis
3486 2825 3555 2878 sit
3573 2825 3853 2895 mutabile,

2275 2924 2379 2961 non
2407 2918 2656 2963 mutetur.
2688 2910 2883 2964 Verum
2912 2922 3023 2977 est,
3055 2912 3450 2978 informitatem,
3495 2930 3611 2985 qua:
3642 2930 3816 2985 prope
3837 2917 3854 2948 ¹

2274 2998 2403 3052 nihil
2425 3010 2527 3068 est,
2556 3001 2698 3056 vices
2729 3012 3023 3072 temporum
3072 3003 3268 3060 habere
3296 3020 3399 3060 non
3428 3022 3606 3075 posse.
3652 3007 3855 3064 Verum

2274 3099 2376 3157 est,
2408 3093 2548 3162 quod
2576 3094 2718 3148 unde
2740 3093 2798 3147 ﬁt
2826 3094 3042 3163 aliquid,
3080 3105 3252 3164 potest
3279 3096 3507 3165 quodam
3534 3112 3739 3167 genere
3775 3099 3854 3153 lo-
3886 3093 3890 3098 ’

2272 3186 2498 3241 cutionis
2528 3186 2837 3255 haberejam
2859 3201 3051 3240 nomen
3071 3186 3184 3256 ejus
3207 3187 3282 3241 rei
3310 3203 3429 3256 qua":
3448 3188 3569 3242 inde
3592 3189 3679 3254 lit;
3716 3189 3856 3245 unde

2272 3280 2442 3345 potuit
2473 3278 2647 3332 vocari
2675 3278 2868 3333 caelum
2894 3288 2947 3333 et
2970 3287 3110 3333 terra
3122 3280 3371 3350 quaelibet
3396 3279 3856 3337 informitasunde

2274 3368 2466 3424 factum
2496 3378 2577 3424 est
2617 3371 2810 3424 cmlum
2835 3380 2889 3425 et
2918 3380 3076 3425 terra.
3124 3373 3316 3427 Verum
3348 3380 3449 3439 cst,
3480 3375 3725 3429 omnium
3752 3376 3857 3431 for-

2273 3471 2536 3515 malorum
2564 3462 2692 3516 nihil
2734 3477 2852 3517 esse
2876 3462 3089 3517 informi
3120 3464 3340 3519 vicinius
3382 3480 3541 3535 quam
3572 3476 3774 3521 terram
3800 3475 3854 3523 et

2270 3551 2538 3622 abyssum.
2564 3553 2757 3607 Verum
2788 3564 2888 3619 cst,
2912 3554 3049 3623 quod
3082 3571 3188 3609 non
3226 3555 3397 3609 solum
3426 3564 3660 3611 creatum
3692 3568 3854 3628 atque

2270 3640 2574 3708 formatum,
2602 3643 2695 3698 sed
2719 3644 2877 3698 etiam
2905 3644 3154 3714 quidquid
3184 3646 3414 3700 creabile
3443 3656 3601 3717 atque
3640 3645 3851 3704 forma-

2272 3738 2377 3791 bile
2408 3746 2508 3801 est,
2540 3745 2594 3791 tu
2644 3737 2816 3792 fecisti
2846 3754 2911 3792 ex
2952 3754 3056 3807 quo
3098 3747 3222 3793 sunt
3269 3741 3468 3794 omnia.
3501 3740 3702 3795 Verum
3746 3750 3847 3808 est,

2270 3842 2425 3883 omne
2454 3828 2591 3897 quod
2623 3842 2689 3883 ex
2733 3828 2943 3885 informi
2975 3828 3247 3898 formatur,
3280 3832 3425 3902 prius
3456 3846 3573 3888 esse
3594 3834 3848 3904 informe,

2268 3920 2459 3977 deinde
2480 3920 2785 3977 formatum.

2863 4014 3088 4073 CAPUT
3127 4013 3245 4072 XX.

2418 4130 2473 4185 In
2501 4130 2759 4201 principio
2803 4133 3026 4200 creavit,
3056 4143 3184 4201 etc.,
3216 4134 3352 4189 varie
3373 4134 3702 4189 intellectum.

2337 4241 2427 4294 29.
2473 4243 2548 4297 Ex
2587 4243 2669 4297 his
2690 4245 2934 4299 omnibus
2960 4247 3121 4313 veris,
3148 4247 3216 4301 de
3244 4247 3433 4317 quibus
3456 4262 3561 4301 non
3597 4247 3849 4303 dubitant

2267 4350 2489 4405 quorum
2542 4337 2782 4391 interiori
2835 4339 2990 4391 oculo
3038 4339 3163 4392 talia
3194 4340 3375 4393 videre
3402 4339 3633 4404 donasti,
3668 4348 3728 4394 et
3756 4339 3844 4409 qui

2266 4429 2483 4500 Moysen
2527 4428 2776 4482 famulum
2810 4436 2957 4483 tuum
2996 4429 3049 4483 in
3100 4430 3296 4499 Spiritu
3340 4431 3575 4484 veritatis
3604 4430 3843 4485 locutum

2265 4535 2387 4575 esse
2416 4520 2757 4575 immobiliter
2777 4520 3032 4587 credunt;
3067 4524 3129 4575 eat
3158 4522 3238 4575 his
3267 4534 3399 4592 ergo
3416 4525 3662 4577 omnibus
3698 4523 3844 4577 aliud

2264 4612 2363 4665 sibi
2396 4611 2531 4665 tollit
2552 4612 2639 4681 qui
2662 4612 2792 4665 dicit
2816 4630 2829 4665 :
2857 4612 2925 4665 In
2970 4614 3218 4683 principio
3259 4616 3374 4683 fecit
3418 4614 3557 4668 Dm
3580 4617 3763 4668 caelum
3798 4624 3843 4668 et

2264 4712 2469 4767 terram,
2514 4703 2567 4757 id
2594 4713 2705 4770 est,
2734 4703 2794 4757 In
2821 4704 2993 4759 Verbo
3008 4720 3105 4759 suo
3138 4705 3237 4759 sibi
3260 4716 3525 4760 cotcterno
3546 4707 3670 4761 fecit
3700 4708 3841 4762 Deus

2261 4794 2645 4863 intelligi’biiem
2673 4804 2829 4865 atque
2846 4796 3169 4861 sensibilem,
3188 4798 3273 4851 vel
3290 4799 3611 4867 spirituaiem
3641 4812 3841 4869 corpo-

2260 4886 2532 4955 ralemque
2561 4897 2877 4942 creaturam.
2903 4889 3057 4944 Aliud
3078 4892 3163 4959 qui
3190 4891 3348 4947 dicit:
3386 4891 3450 4945 In
3480 4893 3730 4964 principio
3760 4896 3841 4964 fe-

2259 4977 2324 5029 cit
2354 4975 2492 5031 Deus
2530 4978 2709 5033 cretum
2752 4989 2798 5032 et
2827 4989 3027 5045 terram,
3076 4981 3129 5036 id
3170 4991 3274 5049 est,
3309 4984 3364 5037 In
3394 4982 3572 5038 Verbo
3596 4998 3694 5039 suo
3733 4986 3841 5041 sibi

2259 5080 2527 5125 eoaeterno
2570 5070 2693 5125 fecit
2741 5074 2882 5127 Deus
2926 5074 3222 5129 universam
3271 5076 3423 5129 istam
3468 5078 3664 5131 molem
3710 5091 3837 5131 cor-

2258 5160 2407 5230 porei
2460 5163 2641 5216 mundi
2697 5162 2850 5231 hujus
2878 5203 2895 5231 ,
2931 5180 3052 5218 eum
3116 5168 3361 5223 omnibus
3394 5182 3525 5237 quas
3596 5170 3837 5224 continet
3871 5171 3879 5245 ς

2257 5252 2553 5307 manifestis
2601 5255 2844 5324 notisque
2896 5258 3118 5312 naturis.
3183 5258 3341 5313 Aliud
3396 5263 3485 5330 qui
3536 5260 3712 5316 dicit:
3764 5261 3880 5338 In,

2256 5346 2503 5414 principio
2528 5347 2644 5417 fecit
2674 5346 2812 5399 Dem
2836 5348 3015 5402 cretum
3039 5359 3086 5403 et
3127 5359 3329 5417 terram,
3365 5352 3413 5405 id
3442 5361 3540 5419 est,
3567 5352 3623 5407 In
3653 5353 3834 5408 Verbo

2254 5452 2352 5493 suo
2374 5440 2471 5492 sibi
2494 5449 2756 5494 cozcterno
2773 5440 2896 5495 fecit
2917 5443 3054 5497 Deus
3073 5442 3345 5498 intbrmem
3376 5446 3648 5500 materiam
3671 5460 3829 5500 crea-

2252 5535 2385 5585 tum:
2432 5530 2719 5599 spirituaiis
2752 5540 2806 5587 et
2854 5535 3163 5603 corporalis.
3218 5535 3371 5589 Aliud
3410 5538 3499 5605 qui
3536 5536 3705 5591 dicit:
3754 5524 3835 5591 I'u'

2250 5626 2498 5697 principio
2523 5628 2640 5697 fecit
2673 5630 2806 5685 Deus
2835 5634 3014 5687 caelum
3038 5642 3091 5688 et
3112 5643 3313 5702 terram,
3344 5636 3395 5691 id
3424 5644 3526 5704 est,
3560 5638 3617 5693 In
3646 5637 3825 5694 Verbo

2315 5812 2330 5843 ί
2357 5816 2487 5871 Lov.,
2506 5810 2713 5872 proprie.
