4078 6366
263 337 368 396 857

263 465 363 511 suo
411 449 513 506 sibi
560 452 826 502 cemterno
870 441 992 498 fecit
1038 441 1178 497 Deus
1228 439 1510 496 informem
1572 437 1850 492 materiam

263 554 532 605 creature
553 536 845 610 corporalis
863 536 954 591 ubi
972 533 1250 591 confusum
1295 533 1468 588 adhue
1516 539 1631 587 erat
1655 530 1850 584 caelum

265 649 319 698 et
349 648 522 702 tem,
549 649 665 704 qua:
711 643 850 685 nunc
895 630 1008 699 iam
1037 628 1284 683 distincta
1321 636 1481 696 atque
1523 624 1748 679 formata
1798 623 1853 677 in

265 731 424 788 istius
443 727 630 782 medi
655 723 797 780 mole
819 721 1098 777 sentimus.
1135 719 1290 774 Miud
1316 720 1408 789 qui
1425 718 1556 772 dicit
1579 735 1593 771 :
1623 715 1688 769 In
1711 716 1853 786 prin-

264 823 402 894 cipio
423 820 542 892 fecit
568 816 703 872 Deus
717 815 896 870 calum
919 823 964 866 et
990 823 1196 876 terrain,
1215 809 1267 864 id
1285 817 1393 876 est,
1413 809 1472 863 in
1502 808 1616 876 ipso
1634 805 1854 860 exordio

266 911 504 970 faciendi
527 905 949 978 atqueoperandi
965 903 1092 959 fecit
1115 903 1254 957 Deus
1272 900 1556 956 informem
1578 898 1856 953 materiam

265 1003 496 1062 confine
537 1000 821 1056 habentem
846 996 1042 1054 omium
1083 1003 1139 1051 et
1187 1003 1404 1060 terram,
1453 992 1591 1048 unde
1632 991 1857 1046 formata

265 1103 419 1152 nunc
443 1091 687 1149 eminent
722 1097 780 1146 et
807 1094 1068 1160 apparent
1088 1099 1213 1142 eum
1257 1083 1510 1140 omnibus
1539 1098 1658 1154 quae
1698 1081 1754 1136 in
1777 1080 1858 1138 eis

266 1196 418 1244 sunt.

874 1281 1102 1347 CAPUT
1137 1281 1283 1344 XXIV

408 1400 580 1469 Terra
605 1417 718 1466 erat
743 1403 1044 1474 invisibilis,
1077 1411 1204 1469 etc.,
1232 1401 1368 1457 varie
1387 1399 1716 1456 intellectum.

343 1531 440 1586 50.
469 1528 606 1584 item
631 1524 772 1596 quod
801 1523 994 1577 attinet
1026 1519 1092 1575 ad
1120 1518 1441 1574 intellectum
1464 1515 1744 1571 verborum
1769 1528 1856 1569 se-

275 1620 584 1695 quentium,
607 1633 671 1673 ex
693 1615 796 1672 illis
819 1613 1066 1669 omnibus
1089 1611 1247 1675 veris,
1277 1608 1418 1664 aliud
1449 1608 1548 1663 sibi
1590 1607 1728 1662 tollit
1772 1605 1862 1677 qui

271 1713 446 1769 dicit:
492 1711 648 1764 Terra
677 1715 842 1761 autem
883 1713 988 1758 erat
1027 1701 1288 1756 invisibilis
1330 1708 1375 1754 et
1429 1698 1777 1770 incomposita,
1818 1703 1864 1750 et

274 1806 504 1860 tenebrae
521 1811 664 1857 erant
689 1816 840 1870 super
867 1797 1124 1868 abyssum,
1153 1794 1204 1849 id
1236 1802 1336 1861 est,
1366 1791 1654 1862 Corporale
1681 1792 1697 1822 ⁵
1737 1788 1864 1845 illud

273 1895 577 1968 qxtndfecit
622 1893 784 1957 Deus,
823 1889 997 1945 adhuc
1035 1886 1287 1941 materies
1333 1892 1446 1940 erat
1490 1898 1869 1954 corporearum-

269 2003 460 2043 rerum
513 1984 790 2051 informis,
832 1981 947 2036 sine
984 1979 1172 2035 ordine
1201 2021 1216 2046 ,
1265 1978 1380 2033 sine
1413 1977 1547 2032 luce.
1595 1975 1750 2031 Aliud
1777 1977 1868 2044 qui

268 2079 404 2134 dicit
450 2094 466 2131 :
517 2075 673 2130 Terra
713 2081 878 2126 autem
930 2079 1035 2125 erat
1085 2067 1345 2127 invisibilis
1398 2077 1444 2122 et
1495 2067 1820 2136 incomposita
1846 2105 1863 2132 ,

269 2181 318 2226 et
364 2170 587 2226 tenebrae
622 2174 762 2223 erant
803 2182 955 2237 super
991 2163 1258 2234 abyssum,
1299 2160 1353 2216 id
1381 2167 1482 2226 est,
1543 2159 1654 2214 lloc
1702 2167 1868 2212 totum

273 2264 425 2335 quod
454 2261 652 2320 uelum
689 2267 745 2315 et
768 2268 908 2314 terra
947 2256 1265 2327 appellatum
1287 2262 1390 2319 est,
1426 2253 1599 2307 adhuc
1631 2249 1869 2306 informis

269 2366 327 2411 et
359 2354 649 2411 tenebrosa
690 2349 938 2405 materies
981 2355 1130 2412 erat,
1179 2345 1480 2401 undelieret
1509 2343 1700 2399 cmlum
1751 2357 1872 2397 cor-

268 2462 507 2518 poreum
547 2453 602 2499 et
642 2451 782 2498 terra
831 2454 1085 2510 corporea
1112 2480 1128 2506 ,
1180 2452 1302 2493 cum
1342 2435 1588 2490 omnibus
1637 2450 1756 2504 qua:
1812 2433 1864 2487 in

269 2542 354 2596 eis
384 2546 516 2594 sunt
562 2533 836 2604 corporeis
881 2530 1132 2586 sensibus
1167 2536 1313 2584 nota.
1365 2525 1525 2581 Aliud
1577 2527 1665 2596 qui
1696 2523 1867 2581 dicit:

270 2630 443 2685 Terra
476 2637 646 2681 autem
690 2633 797 2678 erat
835 2620 1096 2676 invisibilis
1129 2629 1179 2676 et
1210 2619 1560 2688 incomposita,
1590 2627 1635 2670 et
1664 2615 1875 2670 tenebras

248 2721 424 2776 ’θωπί
450 2734 604 2787 aper
627 2715 882 2786 abyssum,
915 2711 967 2766 id
988 2718 1092 2774 est.
1122 2709 1234 2764 Hoc
1251 2718 1416 2764 totum
1446 2707 1585 2778 quod
1612 2708 1801 2762 malum
1821 2714 1875 2760 et

273 2821 423 2868 terra
463 2792 789 2879 appellatum
827 2812 939 2869 est,
989 2802 1163 2857 adhuc
1201 2800 1444 2856 informis
1493 2808 1548 2854 et
1593 2798 1874 2854 tenebrosa

277 2900 543 2958 materies
586 2905 722 2962 erat,
770 2895 910 2950 unde
939 2893 1091 2947 ﬁeret
1133 2893 1329 2949 coelum
1379 2890 1707 2960 intelligibilc
1735 2889 1875 2959 quod

273 2994 408 3052 alibi
435 2993 630 3047 dicitur
657 2991 858 3045 coelum
902 2987 1023 3043 coeli
1061 2983 1228 3059 (Psal.
1273 3000 1422 3050 cxut,
1459 2982 1582 3055 l6);
1631 2991 1683 3037 et
1712 2990 1871 3048 terra,

273 3085 490 3143 scilicet
517 3082 690 3136 omnis
719 3089 908 3136 natura
937 3093 1213 3148 corporea,
1231 3076 1330 3132 sub
1355 3093 1457 3146 quo
1489 3076 1700 3130 nomine
1723 3074 1880 3129 intel-

275 3178 480 3248 ligatur
498 3175 660 3228 etiam
685 3173 786 3226 hoc
820 3171 1016 3226 cmlum
1043 3184 1392 3240 corporeum;
1434 3167 1484 3222 id
1515 3177 1596 3222 est
1621 3167 1760 3222 unde
1784 3167 1878 3223 lie-

274 3274 370 3324 ret
392 3264 573 3320 omnis
620 3259 901 3317 invisibilis
940 3260 1269 3329 visibilisque
1307 3268 1569 3314 creatura.
1607 3258 1764 3312 Aliud
1789 3259 1876 3328 qui

279 3359 460 3416 dicit:
497 3357 658 3411 Terra
690 3364 858 3410 autem
886 3363 992 3408 erat
1036 3353 1300 3408 invisibilis
1331 3361 1375 3406 et
1420 3352 1747 3421 incomposita
1771 3393 1787 3419 ,
1833 3360 1878 3405 et

279 3451 508 3507 tenebrae
533 3457 672 3504 erant
693 3465 848 3518 super
873 3447 1112 3517 abyssum
1133 3461 1154 3510 ;
1182 3460 1286 3499 non
1317 3445 1460 3499 illam
1500 3443 1876 3498 informitatem

284 3545 517 3602 nomine
553 3543 672 3598 cceli
704 3549 758 3596 et
779 3549 938 3595 terrae
963 3538 1232 3608 Scriptura
1279 3536 1590 3605 appellavit;
1636 3536 1728 3590 scd
1771 3536 1877 3603 jam

286 3642 438 3701 erat,
463 3632 653 3701 inquit,
681 3630 790 3699 ipsa
828 3628 1124 3682 informitas
1148 3642 1308 3697 quam
1335 3634 1528 3680 terram
1563 3625 1878 3678 invisibilem

287 3734 346 3782 et
372 3722 782 3794 incompositam
808 3719 1252 3787 tenebrosamque
1274 3716 1526 3788 abyssum
1568 3716 1876 3778 nominavit,

287 3815 360 3871 de
399 3829 508 3885 qua
535 3811 731 3867 coelum
777 3817 832 3864 et
876 3817 1070 3865 terram
1119 3808 1284 3862 Deum
1327 3807 1518 3863 fecisse
1540 3805 1878 3878 przedixerat,

285 3904 628 3977 spiritualem
653 3901 872 3966 scilicet,
900 3898 1340 3969 corporalemque
1378 3905 1697 3952 creaturam.
1725 3895 1880 3950 Aliud

289 3997 383 4068 qui
413 3993 544 4050 dicit
579 4011 593 4046 :
625 3992 781 4047 Terra
806 4000 974 4046 autem
1016 3999 1121 4044 erat
1146 3988 1408 4044 invisibilis
1435 3998 1479 4042 et
1528 3989 1877 4058 incomposita,

283 4098 338 4144 ιι
387 4086 606 4141 teneer
646 4092 787 4138 erant
830 4099 980 4154 super
1007 4081 1262 4153 abyssum,
1297 4081 1348 4136 id
1397 4088 1513 4148 cst,
1582 4080 1883 4134 luformitas

289 4179 545 4252 quadam
583 4178 694 4246 jam
726 4175 978 4231 materies
1021 4181 1174 4240 erat,
1223 4173 1358 4227 unde
1387 4173 1581 4227 coelum
1607 4183 1659 4226 et
1687 4182 1882 4226 terram

291 4274 471 4329 Deum
503 4270 694 4326 fecisse
720 4268 990 4338 Scriptura
1017 4265 1262 4337 praedixit
1291 4284 1304 4320 :
1340 4274 1500 4320 totam
1530 4266 1734 4319 scilicet
1766 4281 1884 4319 cor-

291 4377 524 4434 poream
552 4359 734 4415 mundi
755 4359 970 4425 molem,
1000 4357 1052 4410 in
1070 4357 1201 4410 duas
1227 4355 1484 4410 maximas
1511 4363 1710 4424 partes,
1727 4370 1885 4424 supe-

291 4456 498 4511 riorem
525 4461 682 4522 atque
717 4448 1022 4505 inferiorem
1064 4448 1395 4504 distributam
1419 4487 1434 4515 ,
1474 4463 1596 4502 cum
1641 4447 1886 4503 omnibus

291 4562 419 4618 qua
446 4546 503 4600 in
527 4544 607 4600 eis
624 4550 748 4598 sunt
767 4543 973 4599 usitatis
997 4542 1246 4611 notisque
1271 4539 1550 4595 creaturis.

901 4650 1130 4706 CAPUT
1171 4649 1339 4705 XXII.

408 4744 623 4817 Aliquid
645 4761 756 4800 esse
777 4761 810 4797 a
849 4743 957 4798 Deo
978 4741 1253 4807 conditum,
1286 4743 1348 4797 de
1370 4760 1466 4815 quo
1495 4743 1637 4798 sileat
1658 4743 1782 4799 liber

768 4835 996 4904 Genesis,
1021 4836 1151 4890 nihil
1175 4845 1438 4907 repugnat.

373 4935 468 4990 51.
499 4929 644 4989 Cum
670 4930 812 4986 enim
840 4930 1042 4985 duabus
1072 4929 1187 4984 istis
1211 4929 1468 5007 extremis
1500 4929 1780 4985 sententiis
1804 4945 1884 4985 re-

298 5026 500 5081 sistere
521 5024 802 5093 quisquam
829 5020 902 5075 ita
941 5019 1222 5076 tentaverit
1251 5036 1264 5072 :
1304 5018 1360 5073 Si
1387 5035 1493 5073 non
1518 5019 1677 5074 vultis
1704 5021 1725 5052 ³
1752 5019 1891 5076 banc

301 5097 694 5175 iuformitatem
733 5114 971 5169 materire
999 5112 1118 5167 (εαξιί
1156 5119 1211 5166 et
1235 5120 1389 5166 terra:
1410 5113 1628 5168 nomine
1655 5113 1892 5182 appella-

303 5219 418 5266 tam
446 5207 619 5264 videri
642 5223 658 5274 ;
686 5216 804 5264 erat
831 5222 958 5277 ergo
987 5203 1182 5274 aliquid
1207 5203 1346 5275 quod
1375 5219 1478 5258 non
1495 5206 1694 5260 fecerat
1732 5205 1887 5271 Deus,

304 5301 454 5358 unde
479 5299 677 5356 cmlum
707 5308 762 5355 et
791 5308 986 5353 terram
1017 5296 1248 5361 faceret;
1281 5311 1451 5364 neque
1469 5296 1607 5350 enim
1626 5295 1895 5365 Scriptura

305 5390 712 5463 narravitquod
738 5390 890 5444 istam
912 5389 1187 5443 materiem
1217 5387 1356 5442 Deus
1379 5385 1582 5453 fecerit,
1609 5387 1709 5442 nisi
1738 5388 1896 5442 intel-

375 5530 394 5563 ι
418 5532 494 5577 ιω
529 5521 703 5586 plures
745 5530 798 5573 et
815 5523 1035 5586 potiores
1072 5529 1179 5586 uss.
1204 5530 1314 5572 clm
1338 5527 1468 5586 Arn;
1493 5526 1542 5570 at
1562 5519 1672 5570 Bad.
1698 5528 1796 5569 Am.

305 5599 490 5650 sanun.
509 5581 630 5638 Bias.
654 5600 764 5636 cum
786 5581 1002 5650 quinque
1025 5592 1128 5633 Mss.
1154 5585 1362 5644 habent,
1385 5581 1437 5632 id
1454 5588 1540 5644 est,
1569 5582 1900 5648 Incorporale;

301 5647 447 5712 "tum,
475 5650 532 5701 id
555 5655 643 5709 est,
666 5646 979 5712 cqrpo'rabile.

377 5718 399 5746 ι
997 5704 1257 5769 tentaverit,
1278 5705 1323 5757 si
1340 5717 1431 5758 non
1454 5705 1552 5760 vult
1571 5705 1730 5760 istum.
1749 5713 1898 5761 mn:

310 5777 362 5831 Si
390 5790 488 5828 non
503 5772 598 5826 vult
611 5773 752 5824 hanc.
801 5779 855 5824 Μ.

1569 322 1773 380 LIBER
1809 320 2242 380 DUODECIMUS

3420 311 3528 382 838

1957 434 2180 504 ligamus
2209 436 2226 466 ι
2253 448 2371 490 eam
2401 434 2522 491 coeli
2565 440 2620 491 et
2658 439 2836 504 terra},
2873 443 2962 492 aut
2990 424 3153 492 solius
3179 443 3334 492 terrae
3371 454 3528 494 voca-

1953 525 2080 582 bulo
2099 527 2444 597 significatam
2470 543 2593 584 cum
2603 529 2890 595 diceretur,
2909 528 2974 585 In
2994 529 3239 600 principio
3255 531 3369 602 fecit
3388 520 3528 587 Deus

1955 618 2133 673 caelum
2171 629 2218 673 et
2259 630 2479 686 terram;
2523 631 2579 676 ut
2634 622 2686 678 id
2710 623 2851 693 quod
2880 625 3136 694 sequitur,
3167 613 3326 681 Terra
3363 637 3530 682 autem

1955 722 2059 764 erat
2081 712 2348 782 invisibilis
2375 724 2424 767 et
2447 714 2798 782 incomposita,
2844 717 3084 785 quamvis
3111 717 3388 774 informem
3419 733 3533 772 ma-

1957 802 2143 856 teriam
2168 802 2244 856 sic
2266 803 2522 872 placuerit
2541 804 2829 874 appellare,
2857 821 2962 860 non
2986 816 3158 863 tamen
3180 807 3532 878 intelligamus

1956 892 2056 946 nisi
2080 908 2198 949 eam
2225 910 2382 962 quam
2435 892 2562 950 fecit
2589 896 2730 950 Deus
2783 896 2836 952 in
2866 911 2931 950 eo
2970 897 3110 968 quod
3163 899 3530 968 praescriptum

1955 991 2058 1048 est,
2090 986 2207 1055 fecit
2225 983 2363 1040 Deus
2387 986 2566 1040 caelum
2584 996 2631 1040 et
2653 995 2856 1042 terram.
2881 985 3537 1058 Respondebuntasserto-

1955 1089 2044 1129 res
2067 1074 2293 1129 duarum
2319 1075 2537 1130 istarum
2566 1078 2946 1133 sententiarum
2987 1093 3118 1149 quas
3147 1089 3412 1135 extremas
3436 1094 3535 1150 po-

1958 1166 2182 1230 suimus,
2212 1177 2302 1222 aut
2348 1167 2512 1236 illius,
2547 1177 2641 1223 aut
2685 1169 2848 1237 illius,
2875 1185 2995 1225 cum
3025 1170 3140 1226 hrec
3176 1161 3458 1240 audierint,
3485 1182 3541 1228 ct

1959 1255 2172 1311 dicent:
2203 1257 2489 1314 lnformem
2519 1260 2734 1330 quidem
2771 1261 2930 1318 istam
2977 1263 3250 1318 materiam
3291 1279 3396 1320 non
3444 1279 3544 1319 ne-

1957 1362 2145 1418 gamus
2169 1363 2199 1404 a
2230 1350 2338 1404 Ι)ρο
2371 1350 2600 1418 factam,
2631 1352 2743 1407 Deo
2784 1368 2816 1408 a
2866 1368 2974 1422 quo
3015 1364 3140 1412 sunt
3177 1356 3357 1412 omnia
3397 1355 3542 1412 bona

1961 1440 2113 1495 valde
2141 1458 2155 1496 :
2195 1441 2316 1511 quia
2346 1444 2479 1496 sicut
2510 1441 2735 1498 dicimus
2753 1444 2980 1514 amplius
3008 1446 3205 1501 bonum
3240 1462 3358 1503 esse
3396 1445 3538 1517 quod

1961 1539 2198 1586 creatum
2229 1541 2389 1602 atque
2422 1533 2704 1588 formatum
2732 1543 2834 1602 est,
2889 1536 2958 1590 ita
2995 1536 3220 1595 fatemur
3247 1539 3420 1594 minus
3446 1538 3542 1594 bo-

1964 1640 2094 1680 num
2119 1640 2240 1680 esse
2266 1625 2408 1696 quod
2438 1625 2634 1680 factum
2674 1636 2756 1681 est
2807 1629 3035 1683 creabile
3060 1639 3215 1700 atque
3243 1631 3540 1699 formabile,

1965 1717 2059 1772 56d
2090 1725 2263 1772 tamen
2291 1719 2492 1772 bonum
2520 1736 2533 1772 ἓ
2566 1734 2672 1773 non
2705 1728 2880 1774 autem
2923 1737 3370 1780 commemorasse
3399 1723 3544 1780 Scri-

1965 1817 2195 1880 pturam,
2223 1809 2369 1880 quod
2398 1809 2534 1865 hanc
2566 1809 2943 1867 informitatem
2985 1812 3166 1868 fecerit
3204 1813 3363 1880 Deus,
3409 1813 3546 1870 sicut

1967 1902 2067 1956 alia
2090 1903 2253 1956 multa
2280 1917 2384 1958 non
2413 1903 2864 1968 commemoravit,
2899 1914 2957 1959 ut
2979 1903 3263 1960 Cherubim
3296 1913 3350 1962 et
3386 1905 3546 1963 Scra-

1967 1995 2110 2065 phim
2155 1993 2308 2065 (Isai.
2351 1994 2514 2061 “,2;
2546 2003 2591 2050 et
2619 2011 2831 2062 xxxvii,
2867 1994 2980 2067 l6),
3009 2004 3064 2052 et
3102 2012 3220 2067 quae
3262 1997 3552 2067 Apostolus

1970 2085 2214 2141 distincte
2234 2085 2329 2151 ait,
2353 2086 2530 2152 Sedes,
2561 2085 2974 2163 Dominationes,
3005 2085 3331 2158 Principalus
3349 2128 3366 2154 ,
3395 2087 3550 2146 Pote-

1971 2185 2124 2231 states
2146 2175 2360 2247 (Coloss.
2393 2192 2432 2244 ι,
2462 2177 2578 2247 16),
2599 2193 2716 2247 qua:
2739 2185 2915 2232 tamen
2947 2178 3124 2232 omnia
3165 2167 3331 2234 Deum
3360 2178 3553 2236 fecisse

1971 2269 2306 2324 mamfestum
2351 2276 2453 2324 est.
2498 2269 2603 2324 Aut
2641 2269 2686 2323 si
2714 2269 2771 2324 in
2813 2284 2878 2324 eo
2900 2269 3042 2340 quod
3066 2270 3264 2325 dictum
3299 2280 3399 2338 est,
3430 2273 3551 2344 fecit

1973 2357 2153 2414 costum
2179 2368 2226 2413 et
2271 2368 2455 2414 unum
2477 2399 2492 2426 ,
2521 2360 2901 2429 comprehensa
2942 2367 3066 2414 sunt
3093 2361 3300 2425 omnia;
3329 2361 3453 2432 quid
3484 2361 3552 2419 de

1973 2452 2126 2521 aquis
2170 2452 2416 2519 dicimus,
2446 2467 2606 2522 super
2635 2468 2764 2522 quas
2787 2451 3054 2508 ferebatur
3079 2453 3306 2524 Spiritus
3333 2455 3466 2510 Dei?
3493 2453 3553 2512 Si

1976 2546 2140 2612 enim,
2167 2553 2306 2601 terra
2335 2547 2622 2611 nominata,
2643 2545 2800 2600 simul
2829 2545 3190 2616 intelliguntur
3214 2563 3230 2614 ;
3285 2547 3552 2618 quomodo

1968 2637 2077 2708 jam
2146 2647 2301 2693 terrae
2359 2638 2577 2693 nomine
2638 2638 2890 2693 materies
2950 2638 3189 2694 informis
3251 2640 3553 2709 accipitur,

1975 2727 2186 2798 quando
2215 2737 2321 2783 tam
2350 2729 2619 2798 speciosus
2641 2743 2806 2798 aquas
2831 2727 3112 2784 videmus?
3145 2729 3250 2784 Aut
3283 2730 3340 2784 .si
3373 2730 3443 2785 ita
3468 2744 3560 2786 ac-

1977 2817 2208 2887 cipitur;
2242 2834 2336 2873 cur
2355 2834 2419 2872 ex
2449 2819 2634 2873 eadem
2665 2818 2990 2874 informilate
3033 2819 3287 2890 scriptum
3325 2826 3444 2889 est,
3477 2819 3558 2876 fa-

1976 2918 2120 2964 ctum
2151 2908 2544 2964 firmamentum
2581 2918 2634 2965 et
2658 2917 2904 2964 vocatum
2931 2910 3157 2978 coelum,
3208 2925 3382 2980 neque
3423 2911 3560 2967 scri—

1975 3011 2126 3074 ptum
2147 3010 2228 3056 est
2257 3000 2419 3058 factas
2447 3016 2565 3057 esse
2593 3000 2794 3072 aquas?
2820 3000 2936 3056 Non
2959 3002 3099 3056 enim
3119 3001 3291 3057 adhuc
3307 3001 3561 3059 informes

1979 3101 2104 3149 sunt
2131 3101 2184 3147 et
2206 3092 2408 3158 invisze,
2427 3107 2557 3162 quas
2587 3092 2658 3145 ita
2683 3091 2872 3147 decora
2900 3092 3078 3161 specie
3090 3091 3256 3148 fluere
3271 3094 3558 3151 cernimus.

1977 3184 2085 3238 Aut
2109 3183 2154 3238 si
2185 3191 2309 3238 tunc
2337 3192 2656 3254 acceperunt
2685 3183 2836 3239 istam
2853 3184 3082 3253 speciem
3110 3199 3229 3238 cum
3246 3184 3379 3240 dixit.
3397 3186 3559 3253 Deus,

1981 3275 2318 3346 Congregetur
2343 3291 2474 3348 aqua
2509 3289 2623 3344 quae
2647 3282 2720 3328 est
2757 3273 2846 3328 sub
2875 3274 3191 3341 ﬁrmamento
3221 3273 3375 3345 (Gen.
3405 3291 3444 3342 ι,
3477 3274 3558 3346 9),

1981 3377 2038 3424 ut
2074 3367 2409 3438 congregatio
2431 3367 2503 3422 sit
2537 3367 2649 3436 ipsa
2680 3365 2959 3432 formatio;
2991 3367 3116 3438 quid
3155 3366 3561 3436 respondebitur

1981 3459 2050 3516 de
2075 3459 2226 3530 aquis
2249 3475 2372 3530 quae
2395 3473 2555 3528 super
2584 3458 2976 3514 lit'tnamentum
3027 3457 3189 3512 sunt?
3210 3457 3330 3528 quia
3385 3473 3559 3528 neque

1982 3551 2238 3606 informes
2257 3559 2360 3605 tam
2376 3549 2738 3604 bonorabilem
2758 3550 2942 3605 sedem
2963 3549 3202 3620 accipere
3222 3549 3559 3617 meruissent,

1982 3657 2084 3698 nec
2112 3642 2367 3711 scriptum
2397 3648 2479 3697 est
2497 3655 2599 3706 qua
2628 3655 2758 3695 voce
2789 3639 3027 3694 formata:
3052 3640 3177 3693 sint.
3206 3638 3359 3694 Unde
3388 3640 3430 3692 si
3465 3639 3562 3694 ali-

1981 3733 2108 3805 quid
2140 3731 2362 3790 Genesis
2388 3732 2550 3788 tacuit
2575 3731 2740 3787 Deum
2762 3730 2973 3800 fecisse,
3019 3730 3159 3802 quod
3195 3739 3370 3786 tamen
3396 3730 3563 3787 Deum

1985 3825 2171 3882 fecisse
2198 3840 2296 3881 nec
2347 3840 2474 3880 sana
2501 3824 2651 3890 fides,
2668 3839 2765 3880 nec
2787 3832 2966 3880 certus
2982 3823 3198 3894 ambigit
3225 3822 3560 3888 intellectus;

1987 3933 2088 3973 nec
2113 3916 2232 3972 ideo
2248 3916 2354 3971 ulla
2375 3915 2551 3970 sobria
2579 3915 2820 3970 doctrina
2836 3913 3015 3970 dicere
3025 3913 3239 3969 audebit
3258 3913 3386 3968 istas
3400 3928 3565 3984 aquas

1985 4015 2278 4067 coaeternus
2297 4007 2428 4072 Deo,
2449 4006 2571 4076 quia
2591 4006 2644 4060 in
2672 4006 2806 4060 libro
2830 4004 3100 4060 cheseos
3123 4011 3566 4061 commemoratas

1987 4099 2201 4170 quidem
2223 4098 2516 4154 audivimus
2545 4100 2586 4165 ³,
2635 4096 2722 4153 ubi
2750 4104 2927 4153 autem
2958 4097 3106 4152 facta:
3135 4099 3243 4153 sint
3266 4113 3373 4153 non
3416 4098 3566 4153 inve-

1988 4193 2165 4247 nimus
2196 4209 2209 4246 :
2238 4207 2332 4246 cur
2358 4206 2465 4245 non
2494 4188 2774 4246 infamem
2811 4205 3020 4261 quoque
3060 4190 3203 4245 illam
3249 4189 3528 4246 materiem
3548 4229 3566 4258 ,

1987 4298 2144 4354 quam
2175 4281 2445 4352 Scriptura
2474 4280 2590 4336 huic
2633 4290 2830 4336 terram
2870 4279 3184 4336 iuvisibilem
3212 4290 3267 4336 et
3288 4280 3570 4354 incompo~

1989 4375 2166 4440 sitam,
2197 4373 2638 4444 tenebrosamque
2656 4373 2908 4444 abyssum
2929 4373 3178 4445 appellat,
3192 4373 3416 4430 docente
3435 4375 3575 4430 veri-

1991 4474 2098 4522 tate
2123 4465 2476 4535 intelligamus
2503 4481 2534 4519 a
2562 4466 2671 4520 Deo
2716 4464 2909 4520 factam
2951 4480 3072 4522 esse
3096 4467 3164 4523 de
3194 4467 3398 4537 nihilo,
3427 4469 3577 4524 ideo-

1991 4574 2096 4629 que
2123 4557 2202 4612 illi
2236 4571 2342 4612 non
2367 4571 2488 4613 esse
2516 4566 2855 4624 coaeternam,
2899 4559 3137 4629 quamvis
3180 4560 3269 4617 ubi
3296 4560 3431 4618 facta
3483 4561 3572 4627 sit,

1991 4649 2232 4706 omiserit
2251 4648 2532 4705 enuntiare
2557 4649 2657 4704 ista
2683 4648 2952 4704 narratio?

2547 4761 2777 4818 CAPUT
2815 4761 3006 4818 XXIII.

1991 4833 2110 4888 Duo
2151 4833 2514 4888 dissensionum
2548 4850 2732 4904 genera
2769 4833 2824 4887 in
2863 4832 3141 4905 Scripturis
3164 4835 3572 4907 interpretandis.

2068 4922 2156 4978 52.
2192 4922 2283 4978 llis
2311 4938 2437 4993 ergo
2465 4923 2658 4977 auditis
2682 4932 2844 4994 atque
2871 4925 3164 4995 perspectis
3183 4941 3279 4996 pro
3307 4936 3463 4996 captu
3493 4927 3576 4984 in-

1995 5017 2262 5073 ﬁrmitatis
2285 5031 2449 5084 mea},
2495 5033 2652 5088 quam
2684 5017 2776 5072 tibi
2803 5017 3063 5074 confiteor
3084 5019 3268 5074 scienti
3297 5020 3406 5075 Deo
3431 5036 3574 5089 meo,

1996 5110 2102 5166 duo
2129 5111 2283 5165 video
2321 5110 2711 5166 dissensionum
2761 5126 2956 5182 genera
2994 5112 3191 5168 oboriri
3242 5098 3418 5183 posse,
3457 5128 3580 5170 cum

1998 5200 2194 5272 aliquid
2237 5216 2267 5254 a
2318 5201 2514 5253 nuntiis
2572 5201 2844 5256 veracibus
2893 5218 2991 5271 per
3025 5201 3174 5274 signa
3231 5205 3578 5261 enuntiatur:

2002 5309 2162 5349 unum
2191 5293 2236 5346 si
2269 5292 2338 5350 de
2367 5294 2587 5347 veritate
2618 5309 2816 5360 rerum,
2865 5295 3089 5352 alterum
3126 5295 3173 5352 si
3201 5295 3272 5352 de
3305 5297 3470 5368 ipsius
3493 5299 3585 5370 qui

2001 5386 2243 5442 enuntiat
2271 5385 2540 5439 voluntate
2554 5384 2816 5440 dissensio
2829 5393 2930 5441 est.
2959 5387 3125 5443 Aliter
3139 5389 3280 5456 enim
3298 5391 3586 5460 quan-imus

2002 5477 2072 5534 de
2094 5483 2350 5532 creatura:
2394 5476 2698 5530 conditione
2724 5475 2848 5546 quid
2887 5493 3068 5532 verum
3097 5479 3193 5544 sit;
3221 5481 3376 5536 aliter
3409 5489 3587 5538 autem

2041 5589 2059 5621 ι
2086 5595 2137 5656 In
2169 5587 2392 5656 omnibus
2425 5587 2527 5636 fere
2558 5586 2694 5656 libris
2724 5586 2904 5650 legitur
2927 5627 2941 5650 ,
2967 5588 3061 5640 nisi
3091 5596 3150 5656 ut
3171 5591 3510 5656 uitelligamus,
3537 5595 3593 5647 ιιο

2007 5650 2280 5720 limior-um
2304 5647 2465 5710 lapsu,
2490 5650 2579 5720 qui
2603 5650 2734 5720 forte
2749 5647 2990 5720 mutarunt
3006 5657 3093 5720 [aut
3133 5655 3186 5720 in
3206 5661 3274 5705 ut.
3299 5647 3427 5720 lianc
3447 5647 3592 5720 porro

2010 5711 2296 5782 particulam
2318 5712 2612 5782 removimus
2629 5712 2768 5782 juxta
2793 5719 2899 5782 λιτὶ.
2927 5721 2978 5762 et
3003 5713 3105 5764 bss.
3131 5711 3493 5781 Benignianum.

2078 5775 2099 5829 ἒ
2124 5771 2379 5830 audimus,
2404 5773 2542 5833 juxta
2565 5771 2708 5824 Itond.
2733 5786 2843 5825 cum
2865 5775 2892 5824 7
2917 5783 3019 5826 Mss.
3045 5784 3100 5827 tt.
