4078 6366
1701 105 1841 132 δάιε-θ’
1859 113 1871 129 ›

555 207 662 268 859

554 325 679 397 quid
708 323 760 379 in
802 321 885 379 liis
911 322 1089 379 verbis
1109 322 1338 395 Moyses,
1377 318 1615 391 egregius
1644 317 1966 373 domesticus
2011 316 2129 370 ﬁdei

553 426 680 484 ture,
700 416 987 486 intelligere
1004 416 1256 470 lectorem
1274 412 1670 480 auditoremque
1692 409 1935 463 voluerit.
1958 408 2014 462 In
2037 407 2129 461 illo

553 510 723 580 primo
748 523 941 579 genere
969 505 1241 562 discedant
1264 520 1293 558 a
1310 520 1395 558 me
1415 517 1620 566 omnes,
1640 502 1731 571 qui
1756 516 1817 556 ea
1847 515 1967 570 quze
2000 500 2127 555 falsa

552 608 695 667 sunt,
746 614 804 655 se
836 598 975 654 scire
1017 597 1352 651 arbitrantur.
1405 595 1461 649 ln
1492 594 1593 649 hoc
1617 593 1741 648 item
1762 593 1928 647 altero
1953 591 2126 646 disce-

552 692 681 748 dant
705 706 735 745 a
762 706 846 747 me
862 704 1048 745 omnes
1062 688 1150 758 qui
1167 703 1225 742 ea
1250 701 1368 756 qua:
1384 684 1513 740 falsa
1535 694 1677 750 sunt,
1701 684 1915 755 Moysen
1932 682 2128 737 dixisse

551 782 892 837 arbitrantur.
922 779 1223 849 Conjungar
1254 784 1427 831 autem
1458 775 1581 841 illis,
1621 773 1861 839 Domine,
1886 772 1937 825 in
1968 780 2041 836 te,
2074 780 2128 826 et

550 875 783 930 delecter
807 888 927 928 cum
954 872 1031 927 eis
1067 871 1118 925 in
1162 879 1234 935 te,
1264 870 1351 939 qui
1376 867 1595 923 veritate
1630 877 1716 920 tua
1745 872 2031 934 pascuntur
2073 864 2124 917 in

549 965 825 1020 latitudine
852 962 1151 1027 charitatis;
1177 970 1231 1015 et
1254 958 1568 1014 accedamus
1592 957 1748 1011 simul
1765 954 1830 1009 ad
1856 955 2013 1009 verba
2041 953 2127 1007 Li-

549 1058 630 1111 bri
662 1058 756 1123 tui,
788 1065 841 1111 et
859 1068 1155 1125 qumramus
1176 1052 1227 1107 in
1265 1053 1342 1107 eis
1367 1051 1687 1105 voluntatem
1717 1057 1863 1101 tuam
1901 1061 1994 1116 per
2028 1059 2125 1099 vo-

550 1146 804 1203 luntatem
830 1145 1011 1200 famuli
1039 1145 1131 1209 tui,
1162 1145 1311 1211 cujus
1335 1142 1537 1226 calamo
1563 1138 1875 1209 dispensasti
1899 1152 1980 1192 ea.

1095 1236 1319 1293 CAPUT
1358 1233 1547 1290 XXIV.

548 1328 631 1384 Ea:
655 1328 823 1384 multis
862 1329 989 1384 veris
1030 1344 1130 1382 non
1168 1326 1307 1381 debet
1347 1326 1557 1395 ﬁdenter
1581 1322 1738 1378 asseri
1764 1323 1857 1376 hoc
1881 1328 1967 1374 aut
1994 1319 2126 1374 illud

1100 1420 1312 1473 sensisse
1341 1417 1572 1487 Moysen.

619 1512 704 1567 55.
719 1511 824 1567 Sed
842 1511 959 1582 quis
979 1519 1214 1566 nostrum
1230 1510 1307 1564 sic
1319 1508 1517 1563 invenit
1533 1508 1549 1539 ¹
1562 1521 1678 1562 eam
1692 1506 1829 1561 inter
1846 1513 1949 1559 tam
1962 1504 2124 1588 multa

547 1620 671 1659 vera
701 1606 742 1669 ³,
768 1619 885 1673 qua:
910 1603 963 1656 in
992 1602 1095 1657 illis
1126 1601 1304 1656 verbis
1318 1600 1472 1655 aliter
1498 1608 1653 1667 atque
1675 1595 2123 1651 aliterintellectis

546 1701 833 1749 occurrunt
859 1692 1243 1763 quaerentibus;
1277 1700 1334 1744 ut
1362 1698 1468 1744 tam
1490 1688 1712 1742 ﬁdenter
1729 1686 1869 1741 dicat
1887 1685 1987 1739 hoc
2004 1699 2126 1739 sen-

552 1788 688 1843 sisse
714 1787 952 1857 Moysen,
983 1794 1138 1854 atque
1167 1783 1269 1838 hoc
1295 1783 1347 1837 in
1378 1782 1464 1836 illa
1486 1780 1785 1835 narratione
1802 1778 2033 1832 voluisse
2052 1777 2105 1830 in

548 1878 736 1948 telligi,
778 1892 935 1947 quam
966 1876 1187 1930 ﬁdenter
1209 1872 1335 1928 dicit
1361 1872 1463 1928 hoc
1495 1886 1681 1925 verum
1719 1883 1857 1935 esse,
1895 1868 2006 1922 sive
2035 1868 2124 1923 ille

546 1969 650 2024 hoc
679 1968 904 2024 senserit
931 1967 1044 2021 sive
1069 1964 1243 2019 aliud?
1272 1964 1407 2019 Ecce
1448 1960 1613 2029 enim,
1641 1961 1779 2015 Deus
1824 1974 1994 2025 meus,
2026 1973 2125 2027 ego

547 2075 732 2114 servus
752 2068 870 2112 tuus
898 2057 989 2127 qui
1004 2057 1120 2110 vovi
1142 2054 1233 2109 tibi
1255 2053 1569 2109 sacriﬁcium
1587 2048 1933 2105 confessionis
1962 2048 2014 2101 in
2042 2048 2123 2100 bis

547 2150 756 2216 litteris,
785 2157 837 2203 et
859 2162 952 2202 oro
972 2156 1030 2202 ut
1051 2162 1116 2201 ex
1144 2144 1503 2201 misericordia
1521 2151 1610 2197 tua
1640 2141 1854 2197 reddam
1883 2140 1977 2193 tibi
2005 2148 2123 2193 vota

547 2255 694 2306 mea;
736 2253 860 2294 ecce
898 2253 995 2308 ego
1037 2253 1193 2308 quam
1238 2236 1462 2291 ﬁdenter
1498 2235 1617 2290 dico
1642 2235 1695 2288 in
1726 2241 1816 2287 tuo
1840 2231 2015 2286 Verbo
2042 2232 2124 2284 in-

545 2331 901 2386 commutabili
939 2329 1114 2384 omnia
1148 2338 1200 2383 te
1232 2328 1439 2393 fecisse,
1473 2324 1753 2380 invisibilia
1781 2331 1836 2380 et
1877 2321 2120 2388 visibilia,

545 2423 795 2493 numquid
823 2431 928 2477 tam
958 2422 1181 2477 ﬁdenter
1202 2421 1322 2477 dico
1352 2434 1457 2473 non
1483 2417 1622 2472 aliud
1648 2432 1803 2487 quam
1832 2415 1935 2469 hoc
1954 2422 2124 2468 atten-

552 2517 695 2571 disse
737 2516 952 2586 Moysen
979 2529 1103 2570 cum
1140 2514 1397 2570 scriberet
1428 2530 1443 2567 :
1472 2510 1537 2565 In
1566 2510 1811 2581 principio
1849 2508 1963 2578 fecit
1987 2507 2126 2561 Deus

545 2608 724 2662 cwlum
758 2617 803 2661 et
828 2608 1056 2662 terram?
1083 2606 1219 2674 Quia
1249 2620 1355 2660 non
1390 2605 1527 2659 sicut
1548 2603 1601 2656 in
1626 2611 1715 2657 tua
1757 2602 1977 2656 veritate
2024 2600 2126 2654 hoc

545 2696 747 2753 certum
774 2698 949 2762 video,
972 2697 1043 2752 ita
1061 2696 1113 2751 in
1134 2698 1249 2766 ejus
1274 2704 1450 2750 mente
1466 2694 1618 2749 video
1638 2694 1689 2747 id
1718 2708 1838 2748 eum
1867 2693 2125 2762 cogitasse

545 2805 665 2844 cum
709 2790 823 2843 haec
865 2788 1137 2844 scriberet.
1166 2787 1341 2841 Potuit
1368 2786 1506 2840 enim
1535 2786 1768 2853 cogitare
1810 2783 1863 2838 in
1898 2784 2013 2851 ipso
2040 2782 2123 2838 fa-

544 2882 717 2937 ciendi
751 2880 989 2948 exordio,
1020 2895 1140 2935 cum
1176 2879 1393 2943 diceret,
1425 2876 1490 2930 In
1533 2876 1777 2946 principio
1810 2891 1828 2929 :
1860 2877 2027 2945 potuit
2071 2883 2127 2932 et

545 2972 737 3027 caelum
764 2980 817 3026 et
838 2980 1035 3025 terram
1063 2968 1165 3025 hoc
1186 2969 1323 3033 loco,
1345 2966 1667 3036 nullamjam
1692 2966 1968 3020 formatam
1997 2982 2125 3036 per-

543 3062 839 3132 fectamque
886 3070 1123 3115 naturam
1184 3061 1296 3114 sive
1344 3058 1668 3128 spiritualem
1717 3058 1832 3112 sive
1874 3072 2127 3128 corpora-

543 3157 665 3221 lem,
685 3157 778 3211 sed
798 3164 1071 3225 utramque
1103 3155 1402 3210 inchoatam
1418 3164 1471 3209 et
1488 3152 1661 3210 adhuc
1687 3152 1965 3207 informem
1989 3153 2125 3208 velle

543 3249 782 3321 intelligi.
833 3249 1001 3305 Video
1034 3250 1224 3319 quippe
1260 3265 1384 3304 vere
1429 3248 1665 3317 potuisse
1705 3247 1827 3313 diei,
1870 3246 2123 3317 quidquid

543 3341 731 3396 horum
779 3342 1073 3407 diceretur;
1101 3341 1192 3395 sed
1222 3340 1345 3410 quid
1394 3340 1583 3395 borum
1625 3341 1675 3394 in
1704 3339 1786 3394 his
1814 3339 1989 3394 verbis
2034 3339 2123 3394 ille

541 3432 867 3503 cogitaverit,
900 3447 1004 3486 non
1037 3434 1105 3486 ita
1132 3431 1287 3486 video
1335 3449 1348 3484 :
1395 3431 1633 3501 quamvis
1662 3431 1773 3485 sive
1799 3430 1993 3500 aliquid
2022 3430 2121 3485 ho-

540 3538 683 3587 rum,
707 3525 816 3577 sive
833 3522 1027 3592 aliquid
1043 3522 1183 3576 aliud
1205 3522 1342 3591 quod
1367 3537 1398 3576 a
1418 3537 1503 3576 me
1518 3531 1988 3577 commemoratum
2015 3538 2118 3576 non

542 3622 645 3680 est,
680 3623 854 3668 tantus
881 3615 961 3669 vir
986 3613 1076 3669 ille
1098 3624 1272 3669 mente
1298 3613 1652 3682 conspexerit,
1679 3627 1797 3666 cum
1822 3611 1935 3666 haec
1960 3613 2119 3668 verba

541 3714 825 3773 promeret,
858 3720 1040 3759 verum
1087 3719 1207 3759 eum
1234 3704 1430 3759 vidisse
1458 3713 1683 3772 apteque
1726 3703 1777 3757 id
1820 3705 2121 3760 enuntiasse

544 3811 650 3849 non
677 3795 933 3849 dubitem.

1103 3884 1326 3941 CAPUT
1368 3885 1529 3940 XXV.

542 3976 789 4031 Adversus
817 3994 899 4032 eos
926 3977 1011 4048 qui
1038 3978 1251 4031 aliorum
1280 3975 1642 4046 interpretandi
1669 3977 1916 4030 rationem
1941 3986 2120 4030 temere

1196 4068 1447 4137 reﬁciunt.

609 4158 697 4211 '54.
729 4158 893 4212 Nemo
920 4156 1047 4211 mihi
1063 4156 1172 4228 jam
1201 4157 1455 4212 molestus
1484 4158 1551 4213 sit
1577 4158 1799 4214 dicendo
1819 4159 1948 4213 mibi
1968 4177 1982 4214 :
2004 4159 2115 4215 Non

539 4247 641 4302 hoc
666 4250 830 4304 sensit
853 4249 1057 4319 Moyses
1087 4248 1225 4319 quod
1253 4248 1488 4315 tudicis;
1519 4249 1612 4305 sed
1641 4251 1739 4306 hoc
1776 4252 1941 4305 sensit
1978 4253 2117 4321 quod

538 4356 637 4408 ego
658 4340 793 4394 dico.
826 4341 880 4397 Si
909 4342 1049 4396 enim
1077 4341 1206 4395 mihi
1235 4338 1435 4396 diceret
1463 4360 1475 4395 :
1511 4341 1657 4397 Unde
1682 4344 1783 4397 scis
1806 4342 1904 4397 hoc
1921 4344 2120 4398 sensis-

538 4447 599 4486 se
637 4431 849 4500 Moysen
893 4434 1033 4503 quod
1059 4435 1126 4490 de
1156 4434 1239 4489 liis
1265 4435 1438 4490 verbis
1480 4436 1593 4504 ejus
1639 4435 1937 4505 eloqueris?
1965 4453 2117 4506 aequo

537 4522 716 4576 animo
760 4520 898 4577 ferre
936 4524 1187 4579 deberem
1232 4536 1288 4580 et
1330 4526 1709 4595 responderem
1749 4526 1971 4582 fortasse
2000 4545 2116 4598 quae

538 4612 778 4681 superius
834 4616 1111 4684 respondi,
1149 4616 1231 4670 vel
1277 4616 1543 4686 aliquanto
1587 4618 1840 4685 uberius,
1892 4619 1936 4673 si
1976 4630 2116 4675 esset

537 4704 739 4759 durior.
779 4704 907 4760 Cum
950 4723 1077 4762 vero
1114 4708 1242 4762 dicit
1274 4725 1288 4761 :
1316 4708 1430 4763 Non
1451 4709 1552 4763 hoc
1596 4709 1682 4765 ille
1709 4711 1875 4766 sensit
1894 4712 2030 4781 quod
2062 4722 2116 4768 tu

537 4794 688 4859 dicis,
735 4798 827 4851 sed
862 4798 999 4867 quod
1035 4815 1133 4868 ego
1160 4800 1311 4867 dico;
1343 4816 1513 4870 neque
1542 4811 1716 4858 tamen
1756 4815 1929 4874 negat,
1974 4807 2114 4876 quod

536 4894 758 4957 uterque
783 4898 1022 4943 nostrum
1050 4890 1194 4958 dicit,
1224 4901 1504 4961 utrumque
1542 4910 1725 4948 verum
1762 4910 1916 4952 esse:
1952 4914 1984 4953 ο
2009 4900 2115 4953 vita

536 4992 824 5048 pauperum
852 4981 990 5035 Deus
1019 4997 1188 5050 meus,
1217 4983 1269 5036 in
1295 4984 1445 5053 cujus
1474 4985 1591 5040 sinu
1614 5003 1718 5041 non
1746 4999 1827 5043 est
1847 4991 2113 5045 contradi-

537 5069 660 5134 ctio,
700 5070 821 5137 plue
850 5070 978 5124 mihi
1010 5072 1363 5142 mitigationes
1393 5075 1444 5128 in
1472 5091 1585 5139 cor,
1616 5086 1670 5131 ut
1699 5080 1956 5147 patienter
1983 5084 2114 5138 tales

538 5158 703 5214 feram
730 5162 818 5229 qui
846 5178 949 5216 non
970 5162 1098 5216 mihi
1130 5163 1229 5219 hoc
1251 5164 1453 5232 dicunt,
1485 5169 1604 5234 quia
1626 5168 1787 5223 divini
1814 5182 1954 5238 sunt,
1982 5184 2035 5227 et
2061 5174 2113 5229 in

537 5251 698 5305 corde
719 5251 897 5307 famuli
919 5254 990 5308 tui
1014 5255 1257 5310 viderunt
1277 5258 1415 5327 quod
1439 5260 1644 5324 dicunt;
1673 5262 1764 5316 sed
1786 5264 1905 5334 quia
1931 5280 2113 5334 supcr-
2188 5274 2189 5277 ‘

540 5343 591 5396 bi
623 5353 783 5398 sunt:
816 5360 912 5399 nec
937 5359 1200 5402 noverunt
1227 5347 1390 5421 Moysi
1435 5352 1774 5418 sententiam,
1808 5355 1899 5409 sed
1932 5368 2113 5412 amant

539 5447 719 5496 suam;
758 5447 859 5488 non
885 5437 1005 5505 quia
1031 5454 1153 5493 vera
1179 5448 1279 5519 est.
1308 5440 1402 5496 sed
1442 5442 1564 5512 quia
1597 5458 1688 5498 sua
1723 5454 1822 5499 est.
1865 5446 2112 5517 Alioquin

603 5565 620 5637 ξ
649 5565 869 5637 Inveniet,
892 5570 1029 5631 juxta
1050 5579 1181 5633 bov.,
1203 5584 1374 5625 somm.
1402 5585 1454 5628 et
1476 5579 1616 5629 ﬂend.
1645 5594 1753 5632 cum
1774 5582 1806 5632 9
1828 5590 1931 5633 Mss.
1960 5592 2013 5635 M.

600 5636 621 5670 ι
652 5626 822 5690 Verba,
832 5626 973 5691 juxta
994 5639 1100 5684 ων.
1125 5626 1295 5689 stilum.
1322 5646 1377 5691 μ.

1610 198 2131 261 CONFESSIONUM
2169 198 2229 256 S.
2270 201 2637 262 AUGUSTINI

3719 209 3820 269 840

2238 325 2292 371 et
2319 317 2471 371 aliam
2497 334 2677 373 veram
2706 318 2905 387 pariter
2942 328 3204 388 amarent,
3239 321 3377 378 sicut
3395 337 3498 394 ego
3523 336 3647 379 amo
3685 325 3822 395 quod

2235 408 2437 476 dicunt,
2475 411 2686 480 quando
2708 427 2891 467 verum
2917 412 3130 480 dicunt;
3162 430 3268 470 non
3301 417 3424 486 quia
3465 417 3705 487 ipsorum
3724 427 3818 486 est,

2235 500 2329 554 sed
2355 502 2477 570 quia
2510 517 2689 556 verum
2709 513 2824 569 est;
2852 512 2907 558 et
2922 504 3043 561 ideo
3062 505 3173 575 jam
3201 522 3303 562 nec
3329 506 3565 577 ipsorum
3586 518 3690 577 est,
3708 511 3822 580 quia

2233 606 2417 648 verum
2464 602 2565 649 est.
2606 594 2664 650 Si
2717 605 2891 652 autem
2925 596 3047 652 ideo
3072 608 3251 654 ament
3293 599 3424 655 illud
3474 600 3596 671 quia
3637 616 3818 657 verum

2233 692 2335 749 est,
2371 683 2480 754 jam
2522 694 2577 740 et
2618 686 2855 756 ipsorum
2900 696 2986 743 est
3030 697 3085 744 et
3122 704 3300 745 meum
3337 700 3456 756 est;
3489 691 3739 760 quoniam
3768 693 3815 747 in

2232 791 2516 833 commune
2534 779 2770 833 omnium
2796 788 2878 835 est
2897 781 3135 836 veritatis
3156 792 3468 837 amatorum.
3498 783 3627 838 Illud
3649 793 3818 840 autem

2232 866 2372 936 quod
2397 868 2723 924 contendunt
2747 884 2853 924 non
2892 870 2995 925 hoc
3021 872 3253 927 sensisse
3290 872 3506 942 Moysen
3535 873 3681 943 quod
3723 889 3816 943 ego

2231 956 2373 1023 dico,
2404 959 2497 1014 sed
2522 959 2663 1029 quod
2692 960 2789 1031 ipsi
2816 960 3032 1027 dicunt;
3057 963 3205 1031 nolo,
3235 979 3343 1018 non
3369 978 3493 1020 amo
3524 982 3537 1018 :
3567 966 3694 1035 quia
3723 968 3813 1022 etsi

2232 1048 2321 1104 ita’
2344 1058 2442 1115 est,
2494 1062 2669 1107 tamen
2696 1054 2798 1107 ista
2824 1055 3097 1110 temeritas
3122 1071 3226 1110 non
3271 1058 3508 1113 scientia:
3534 1058 3629 1113 sed
3658 1059 3819 1115 auda-

2230 1138 2323 1192 ciae
2343 1148 2458 1204 est;
2487 1156 2585 1195 nec
2613 1142 2778 1207 visus,
2824 1144 2919 1198 sed
2949 1144 3139 1214 typbus
3165 1160 3284 1200 eam
3315 1146 3535 1216 peperit.
3574 1147 3818 1219 Ideoque,

2231 1231 2473 1297 Domine,
2499 1234 2772 1289 tremenda
2793 1240 2916 1290 sunt
2942 1236 3141 1305 judicia
3187 1246 3303 1303 tua;
3338 1241 3587 1307 quoniam
3629 1241 3819 1295 veritas

2230 1328 2319 1374 tua
2344 1336 2443 1376 nec
2477 1336 2593 1377 mea
2618 1332 2719 1389 est,
2747 1339 2847 1379 nec
2870 1324 3011 1379 illius
3038 1334 3129 1380 aut
3146 1326 3307 1393 illius,
3340 1326 3436 1382 sed
3460 1329 3703 1383 omnium
3730 1345 3819 1385 no-

2230 1422 2397 1467 strum
2427 1429 2561 1483 quos
2586 1415 2651 1469 ad
2672 1415 2788 1485 ejus
2815 1418 3241 1473 communionem
3272 1420 3480 1489 publice
3507 1436 3692 1487 vocas,
3717 1430 3819 1479 ter-

2230 1503 2458 1559 ribiliter
2493 1505 2788 1562 admonens
2812 1523 2931 1575 nos,
2960 1517 3019 1562 ut
3036 1509 3265 1565 nolimus
3293 1526 3410 1565 eam
3433 1511 3628 1568 habere
3652 1513 3819 1584 priva-

2230 1601 2359 1660 tam,
2387 1610 2453 1649 ne
2488 1597 2759 1665 privemur
2783 1613 2863 1653 ea.
2896 1598 3027 1653 Nam
3049 1600 3288 1669 quisquis
3315 1601 3366 1656 id
3388 1603 3529 1671 quod
3560 1614 3616 1658 tu
3650 1607 3817 1660 omni-

2227 1683 2327 1739 bus
2368 1685 2435 1739 ad
2473 1684 2754 1741 fruendum
2794 1690 3066 1759 proponis,
3099 1691 3198 1745 sibi
3229 1694 3439 1762 proprie
3484 1694 3736 1760 vindicat,
3770 1704 3819 1751 et

2228 1790 2382 1830 suum
2402 1779 2512 1831 vult
2531 1793 2649 1834 esse
2670 1780 2809 1849 quod
2830 1782 3066 1836 omnium
3085 1790 3198 1846 est;
3221 1797 3249 1836 a
3272 1787 3540 1840 communi
3568 1787 3817 1856 propelli-

2228 1856 2315 1923 'ur
2330 1869 2395 1923 ad
2416 1884 2529 1934 sua,
2552 1872 2651 1925 hoc
2671 1880 2773 1940 est,
2802 1887 2833 1925 a
2852 1875 3071 1928 veritate
3091 1874 3157 1929 ad
3174 1876 3526 1931 mendacium.
3555 1876 3658 1943 Qui
3678 1879 3814 1935 enim

2230 1958 2462 2030 loquitur
2490 1962 2846 2028 mendacium,
2889 1964 2956 2019 de
2986 1981 3083 2021 suo
3104 1967 3337 2036 loquitur
3356 1967 3531 2038 (Joan.
3555 1985 3673 2037 vm,
3704 1972 3816 2043 44).

2299 2054 2389 2107 55.
2418 2054 2663 2121 Attende,
2685 2055 2848 2125 judex
2875 2057 3095 2125 optime,
3125 2058 3264 2113 Deus
3285 2059 3397 2128 ipsa
3415 2061 3633 2127 veritas,
3659 2072 3819 2117 atten-

2228 2142 2297 2197 de
2322 2143 2443 2211 quid
2470 2144 2642 2199 dicam
2674 2146 3052 2201 contradictori
3082 2148 3224 2216 huic,
3256 2150 3505 2217 attende;
3556 2167 3737 2207 coram
3768 2163 3816 2209 te

2228 2236 2368 2290 enim
2402 2234 2540 2301 dico,
2563 2245 2616 2290 et
2643 2251 2823 2291 coram
2843 2236 3094 2293 fratribus
3120 2237 3273 2303 meis,
3299 2240 3390 2309 qui
3412 2241 3646 2311 legitime
3665 2252 3819 2297 utun-

2229 2331 2316 2378 tur
2331 2325 2471 2395 Lege
2500 2340 2664 2396 usque
2687 2327 2754 2382 ad
2774 2326 2932 2383 ﬁnem
2953 2329 3255 2400 charitatis(
3269 2331 3289 2385 l
3310 2330 3444 2385 Tim.
3464 2348 3503 2397 1,
3529 2333 3623 2403 8);
3652 2342 3820 2390 atten-

2229 2413 2316 2481 de,
2346 2425 2400 2471 et
2423 2416 2541 2471 vide
2566 2418 2691 2488 quid
2720 2420 2768 2474 ei
2794 2419 2987 2488 dicam,
3035 2421 3082 2475 si
3108 2421 3286 2491 placet
3325 2423 3439 2478 tibi.
3486 2423 3631 2479 Hanc
3676 2426 3816 2482 enim

2229 2521 2415 2562 vocem
2459 2508 2579 2563 huic
2614 2510 2789 2564 refero
2835 2510 3120 2567 fraternam
3155 2522 3209 2568 et
3235 2513 3505 2583 paciﬁcam
3538 2533 3551 2569 :
3579 2515 3636 2571 Si
3664 2517 3819 2574 ambo

2230 2595 2471 2651 videmus
2496 2612 2678 2652 verum
2705 2613 2824 2654 esse
2851 2600 2992 2670 quod
3022 2600 3175 2667 dicis,
3200 2612 3254 2657 et
3278 2604 3434 2660 ambo
3458 2605 3701 2661 videmus
3726 2623 3817 2663 ve-

2228 2701 2347 2741 rum
2371 2702 2488 2742 esse
2504 2689 2642 2758 quod
2666 2690 2813 2757 dico;
2844 2691 2953 2758 ubi,
2983 2708 3183 2762 ίιιιωδο,
3214 2692 3266 2748 id
3284 2695 3565 2752 videmus?
3587 2696 3699 2756 Nec
3720 2715 3818 2770 ego

2228 2779 2410 2849 utique
2440 2782 2491 2833 in
2519 2792 2591 2847 te,
2620 2795 2719 2837 nec
2746 2782 2868 2836 tuin
2888 2798 3004 2848 me;
3036 2783 3128 2838 sed
3163 2784 3319 2839 ambo
3339 2786 3393 2839 in
3421 2786 3557 2857 ipsa,
3588 2804 3707 2858 qua:
3731 2804 3818 2845 su-

2229 2885 2323 2940 pra
2352 2879 2554 2927 mentes
2580 2883 2791 2929 nostras
2830 2883 2931 2938 est,
2955 2875 3371 2933 incommutabili
3394 2878 3649 2935 Veritate.
3681 2880 3813 2940 Cum

2230 2978 2355 3033 ergo
2374 2963 2439 3018 de
2466 2966 2578 3034 ipsa
2601 2966 2810 3022 Domini
2831 2968 2924 3023 Dei
2948 2970 3115 3024 nostri
3145 2971 3261 3026 luce
3286 2988 3391 3026 non
3413 2974 3813 3042 contendamus;

2229 3067 2324 3108 cur
2346 3055 2412 3109 de
2437 3056 2661 3125 proximi
2690 3059 3006 3128 wgitatione
3033 3062 3424 3129 contendimus,
3455 3081 3611 3135 quam
3642 3068 3720 3121 sic
3741 3055 3845 3122 vi?

2227 3142 2356 3199 dere
2382 3160 2485 3199 non
2514 3160 2791 3215 possumus
2819 3158 2877 3204 ut
2899 3149 3108 3205 videtur
3125 3153 3574 3211 incommutabilis
3591 3156 3811 3223 Veritas;

2226 3236 2441 3305 quando
2467 3238 2512 3293 si
2550 3238 2662 3309 ipse
2696 3239 2902 3310 Moyses
2925 3243 3256 3311 apparuisset
3282 3244 3442 3300 nobis
3466 3254 3626 3317 atque
3650 3247 3814 3302 dixis-

2227 3335 2331 3394 set,
2358 3326 2469 3382 Hoc
2497 3330 2753 3399 cogitavi;
2787 3347 2886 3387 nec
2912 3334 2989 3388 sic
3016 3349 3133 3388 eam
3158 3334 3479 3405 videremus,
3515 3338 3608 3393 sed
3635 3339 3817 3395 crede-

2226 3418 2441 3471 remus?
2470 3418 2585 3473 Non
2608 3420 2784 3490 itaque
2805 3436 2961 3492 supra
2988 3439 3144 3493 quam
3170 3426 3427 3496 scriptum
3446 3436 3548 3493 est,
3568 3445 3705 3486 unus
3721 3446 3816 3501 pro

2226 3505 2397 3560 altero
2425 3506 2643 3562 infletur
2670 3509 2924 3567 adversus
2959 3513 3186 3569 alterum
3218 3515 3257 3587 (Ι
3278 3514 3395 3571 Cor.
3420 3534 3494 3584 IV,
3522 3519 3599 3591 6).
3625 3521 3817 3591 Diliga-

2225 3612 2345 3651 tnus
2373 3597 2654 3654 Dominum
2677 3602 2840 3657 Deum
2871 3614 3112 3660 nostrum
3138 3623 3202 3661 ex
3229 3618 3342 3664 toto
3367 3611 3550 3677 corde,
3569 3622 3623 3666 et
3645 3629 3710 3668 ex
3736 3623 3817 3669 to-

2225 3696 2279 3743 ta
2302 3690 2497 3757 anima,
2543 3701 2596 3747 et
2623 3709 2688 3747 ex
2720 3703 2825 3749 tota
2854 3705 3032 3751 mente
3074 3708 3275 3764 nostra,
3308 3710 3361 3755 et
3389 3704 3688 3771 proximum
3721 3721 3815 3761 no-

2223 3789 2391 3836 strum
2410 3783 2544 3837 sicut
2567 3788 2919 3857 nosmetipsos
2936 3787 3109 3861 (Deut.
3136 3808 3207 3857 vr,
3238 3793 3303 3859 ὃς
3332 3793 3520 3850 Matth.
3543 3811 3678 3864 nn,
3702 3800 3811 3868 57).

2223 3868 2447 3939 Propter
2473 3888 2589 3941 quae
2618 3872 2724 3929 duo
2750 3888 3011 3947 prrecepta
3031 3880 3303 3935 charitatis
3319 3886 3549 3940 sensisse
3568 3886 3809 3957 Moysen,

2226 3960 2479 4030 quidquid
2508 3962 2561 4016 in
2591 3963 2693 4018 illis
2714 3964 2887 4021 Libris
2906 3968 3090 4035 sensit,
3111 3970 3210 4024 nisi
3231 3972 3646 4041 crediderimus;
3668 3994 3815 4032 men-

2222 4049 2406 4105 dacem
2424 4053 2671 4110 faciemus
2688 4056 2987 4125 Dominum,
3002 4075 3120 4114 cum
3135 4062 3201 4116 de
3217 4064 3396 4119 animo
3407 4068 3647 4121 conservi
3663 4069 3815 4124 aliter

2222 4155 2378 4208 quam
2411 4142 2497 4196 ille
2520 4143 2698 4199 docuit
2746 4147 3041 4215 opinamur.
3086 4150 3199 4205 Jam
3232 4152 3351 4208 vide
3390 4171 3547 4225 quam
3592 4159 3818 4216 stultum

2223 4232 2291 4284 sit
2311 4231 2362 4285 in
2389 4240 2534 4287 tanta
2565 4236 2715 4304 cepia
2746 4239 3136 4296 verissimarum
3165 4246 3565 4314 sententiarum,
3600 4265 3721 4320 qua“:
3747 4251 3821 4307 de

2222 4323 2327 4377 illis
2359 4325 2532 4379 verbis
2567 4328 2679 4381 erui
2711 4340 2927 4398 possunt
2970 4341 3173 4389 temere
3201 4335 3484 4403 afﬁrmare,
3515 4356 3677 4410 quam
3722 4358 3822 4398 ea-

2221 4427 2337 4467 rum
2365 4414 2572 4486 Moyses
2598 4418 2928 4486 potissimum
2952 4426 3208 4491 senserit;
3239 4436 3293 4482 et
3316 4430 3632 4498 perniciosis
3679 4448 3819 4490 con-

2221 4504 2545 4561 tentionibus
2565 4507 2730 4577 ipsam
2751 4510 3021 4569 otl‘endere
3048 4514 3380 4585 cbaritatem,
3397 4529 3609 4592 propter
3651 4539 3819 4595 quam

2221 4594 2352 4650 dixit
2370 4597 2567 4665 omnia;
2593 4599 2742 4670 cujus
2770 4601 2909 4658 dicta
2930 4619 3186 4662 conamur
3206 4624 3493 4680 exponere.

2810 4716 3036 4773 CAPUT
3072 4719 3262 4777 XXVI.

2575 4801 2677 4868 Qui
2706 4822 2869 4861 sermo
2896 4807 3068 4863 deceat
3105 4811 3449 4883 Scripturam.

2289 4910 2378 4966 '56.
2418 4912 2485 4966 Et
2509 4920 2685 4969 tamen
2714 4931 2833 4985 ego,
2860 4917 2999 4974 Deus
3025 4936 3175 4977 meus
3199 4925 3462 4982 celsitudo
3488 4926 3816 4989 humilitatis

2220 5016 2374 5069 meae,
2420 5012 2473 5057 ct
2500 5006 2711 5074 requies
2736 5006 2932 5063 laboris
2969 5012 3094 5079 mei,
3130 5014 3220 5084 qui
3259 5017 3411 5072 audis
3439 5019 3817 5078 confessiones

2219 5109 2389 5161 meas,
2412 5105 2466 5150 et
2493 5098 2715 5153 dimittis
2738 5110 2953 5168 peccata
2980 5118 3132 5170 mea;
3160 5107 3412 5176 quoniam
3438 5120 3491 5164 tu
3517 5110 3647 5166 mihi
3672 5127 3820 5183 pra:-

2217 5187 2351 5255 cipis
2372 5196 2427 5241 ut
2451 5187 2662 5258 diligam
2692 5194 2987 5259 proximum
3016 5209 3190 5249 meum
3213 5197 3350 5251 sicut
3381 5200 3663 5270 meipsum,
3697 5217 3813 5257 non

2220 5292 2433 5346 possum
2474 5280 2649 5335 minus
2686 5283 2907 5338 credere
2941 5284 3007 5339 de
3046 5285 3228 5358 Moyse
3269 5288 3579 5345 ﬁdelissimo
3606 5293 3816 5347 famulo

2221 5381 2329 5434 tuo,
2359 5386 2515 5439 quam
2554 5372 2682 5426 mibi
2711 5385 2948 5444 Optarem
2988 5392 3052 5432 ac
3078 5377 3440 5435 desiderarem
3476 5383 3569 5438 abs
3608 5392 3661 5437 te
3688 5384 3812 5439 dari

2218 5463 2476 5529 muneris,
2517 5464 2563 5517 si
2585 5474 2823 5536 tempore
2843 5468 2933 5523 illo
2963 5478 3117 5525 natus
3142 5486 3320 5528 essem
3346 5490 3452 5543 quo
3479 5474 3591 5543 ille,
3624 5491 3811 5546 eoque

2220 5554 2335 5608 loco
2358 5570 2442 5610 me
2462 5558 2849 5628 constituisses,
2883 5572 2938 5616 ut
2965 5578 3060 5635 per
3086 5564 3394 5622 servitutem
3419 5568 3593 5625 cordis
3615 5584 3678 5625 ac
3696 5568 3811 5625 lin-

2218 5660 2334 5715 guae
2378 5663 2525 5715 meae,
2573 5649 2787 5709 Litterae
2844 5656 2945 5712 illrc
2982 5658 3439 5729 dispensarentur,
3482 5681 3599 5735 qua:
3651 5678 3812 5726 tanto
