4078 6366
295 325 394 400 Sit

294 457 423 535 post
447 471 627 520 essent
652 459 898 518 omnibus
929 461 1174 533 gentibus
1207 460 1511 532 profuturre,
1544 470 1599 517 et
1638 474 1729 528 per
1757 455 1873 509 uni-

298 571 522 612 versum
571 557 752 612 orbem
790 563 940 610 tanto
989 554 1315 609 auctoritatis
1357 544 1589 608 culmine
1620 551 1873 606 'omninm

294 647 550 703 falsarum
587 640 1040 718 super-harumque
1078 643 1435 702 doctrinarum
1463 644 1622 700 verba
1656 658 1874 714 snpera-

295 749 451 794 turte.
485 739 688 794 Vellem
719 739 936 810 quippe,
966 737 1012 793 si
1040 747 1164 794 tunc
1189 753 1288 810 ego
1329 752 1502 793 essem
1540 725 1748 809 Moyses
1782 738 1873 806 (ex

293 832 480 886 eadem
514 825 742 902 namque
779 839 952 884 masSa
993 823 1180 885 omnes
1214 829 1484 894 venimus;
1533 837 1587 884 et
1628 828 1753 899 quid
1795 837 1875 882 est

290 912 476 988 boatu,
492 917 590 976 nisi
613 922 732 992 quia
751 936 956 976 memor
983 922 1044 976 e‘s
1072 919 1186 991 ejus
1205 915 1228 974 ?
1244 917 1412 992 [PsaL
1435 935 1546 984 vut,
1563 911 1664 990 5]),
1683 918 1872 972 vellem

291 1007 446 1083 ergo,
477 1014 520 1067 si
549 1023 675 1067 tunc
700 1028 798 1082 ego
828 1027 1001 1067 essem
1031 1010 1172 1081 quod
1198 1010 1307 1075 ille,
1329 1019 1384 1066 et
1411 999 1540 1064 milii
1565 1010 1663 1065 abs
1688 1019 1738 1063 te
1767 1009 1872 1064 Gc-

294 1118 486 1160 ueseos
515 1102 649 1157 liber
675 1103 989 1157 scribendos
1017 1101 1397 1172 iniungeretur,
1425 1093 1581 1156 talem
1612 1099 1740 1154 mihi
1764 1098 1873 1153 elo-

291 1195 490 1263 quendi
520 1195 820 1250 facultatem
851 1195 986 1261 dari,
1011 1185 1210 1250 etcum
1237 1188 1448 1250 t'cxendi
1475 1192 1735 1248 sermonis
1760 1207 1872 1244 mn-

291 1285 440 1352 tium,
490 1296 547 1340 ut
589 1299 763 1355 neque
807 1285 883 1340 illi
926 1285 1017 1356 qui
1063 1284 1293 1340 nondum
1340 1290 1540 1354 qucum
1584 1282 1872 1351 intelligere

289 1377 742 1446 quemadmodum
773 1377 910 1431 Deus
932 1381 1096 1440 creat,
1129 1380 1374 1445 tanquam
1399 1374 1702 1429 excedentia
1734 1374 1871 1429 vires

289 1484 415 1525 suas
439 1469 582 1524 dicta
611 1479 955 1536 recusarent;
985 1477 1040 1524 et
1069 1467 1148 1523 illi
1174 1469 1264 1538 qui
1292 1467 1393 1522 hoc
1414 1467 1522 1536 jam
1550 1475 1786 1537 possunt,
1818 1469 1868 1520 in

289 1561 584 1631 quamlibet
605 1576 782 1616 veram
807 1560 1124 1615 sententiam
1145 1559 1426 1630 cogitando
1444 1560 1733 1624 vetuissent,
1751 1574 1867 1613 eam

288 1669 394 1707 non
419 1654 830 1723 przetermissam
861 1653 911 1706 in
939 1651 1122 1722 paucis
1149 1650 1325 1706 verbis
1352 1651 1425 1704 tui
1459 1649 1640 1705 famuli
1664 1653 1868 1719 reperi-

286 1755 438 1811 rent;
483 1755 538 1802 et
573 1746 618 1801 si
657 1746 792 1800 alius
818 1745 976 1800 aliam
1004 1744 1226 1800 vidisset
1261 1744 1312 1797 iu
1341 1743 1460 1798 luce
1483 1742 1739 1809 veritatis;
1773 1757 1871 1798 nec

286 1841 403 1910 ipsa
433 1840 485 1895 in
516 1839 718 1895 eisdem
745 1837 921 1893 verbis
949 1835 1292 1907 intelligenda
1320 1834 1547 1892 deesset.

873 1938 1102 2022 CAPUT
1139 1941 1351 2022 xxx-n.
1467 2016 1477 2022 ,
1602 2018 1607 2022 ,

320 2020 641 2092 Scripturam
665 2019 802 2076 decet
826 2018 1016 2074 humile
1036 2019 1349 2089 simplex-que
1374 2016 1634 2073 verborum
1653 2028 1829 2090 genus.

293 2137 297 2142 -
358 2113 448 2167 57.
490 2111 638 2166 Sicut
661 2111 806 2167 enim
837 2109 954 2166 fons
979 2109 1031 2164 in
1052 2123 1216 2180 parvo
1244 2109 1360 2164 loco
1384 2107 1597 2164 uberior
1624 2117 1726 2174 est,
1755 2108 1872 2178 plu-

291 2203 552 2273 ribusque
591 2201 720 2257 rivis
760 2201 812 2256 in
842 2201 1101 2271 ampliora
1141 2201 1312 2272 spatia
1341 2198 1539 2254 fluxum
1579 2197 1866 2266 ministrat,

285 2297 446 2363 quam
473 2292 692 2364 quilibet
713 2300 900 2348 eurum
923 2292 1178 2359 rivorum,
1201 2291 1292 2361 qui
1322 2305 1416 2362 per
1437 2291 1603 2346 multa
1629 2289 1867 2346 locorum

238 2447 242 2451 ,
284 2385 354 2440 ab
381 2385 570 2441 eodem
599 2383 744 2440 fonte
769 2383 1076 2450 deducitur;
1113 2383 1186 2438 ita
1224 2383 1458 2438 narratio
1484 2382 1867 2452 dispensatoris

285 2476 364 2532 tui
394 2475 829 2532 sermocinaturis
854 2475 1094 2546 pluribus
1124 2473 1422 2544 profutura,
1461 2484 1624 2543 parvo
1655 2486 1864 2529 sermo-

283 2568 370 2622 nis
398 2567 617 2623 modulo
641 2575 808 2623 scatet
827 2565 1022 2622 fluenta
1049 2565 1263 2637 liquidae
1290 2565 1567 2622 veritatis:
1595 2563 1737 2620 unde
1761 2563 1864 2620 sibi

281 2659 509 2729 quisque
533 2674 719 2715 verum
739 2657 879 2729 quod
900 2657 969 2713 de
989 2657 1071 2712 his
1091 2656 1250 2712 rebus
1272 2661 1464 2727 potest,
1489 2652 1576 2712 hic
1601 2654 1749 2721 illud,
1773 2652 1865 2710 ille

283 2749 438 2813 illud,
469 2765 562 2820 per
589 2750 856 2820 longiores
879 2747 1210 2820 loquelarum
1233 2747 1505 2804 anfractus
1534 2745 1728 2803 trahat.
1756 2745 1860 2802 Alii

281 2839 428 2893 enim
463 2854 587 2894 cum
637 2841 753 2895 inec
793 2837 956 2895 verba
998 2838 1180 2911 legunt
1217 2837 1306 2894 vei
1337 2839 1587 2903 audiunt;
1629 2838 1864 2908 cogitant

286 2926 454 2983 Deum
477 2928 630 2999 quasi
660 2929 950 2993 hominem,
986 2938 1076 2984 aut
1097 2929 1248 3000 quasi
1278 2927 1510 3000 aliquam
1541 2927 1736 2984 molem
1761 2928 1862 2983 ἱιιιι⁵

284 3031 468 3074 mensa
505 3019 784 3091 praeditam
821 3025 1105 3091 potestate,
1146 3032 1285 3074 novo
1322 3018 1548 3089 quodam
1575 3023 1631 3075 et
1664 3033 1861 3089 repen-

284 3111 398 3168 tino
425 3111 642 3182 placito,
674 3121 825 3166 extra
849 3111 1078 3182 seipsam
1109 3121 1359 3183 tanquam
1387 3110 1517 3167 locis
1543 3111 1864 3169 distantibus

285 3203 476 3260 fecisse
504 3205 701 3260 omium
730 3215 784 3261 et
815 3215 1032 3270 terram,
1073 3205 1181 3262 duo
1209 3220 1398 3276 magna
1437 3219 1664 3277 corpora
1701 3220 1861 3276 supra

282 3305 336 3351 et
364 3296 520 3362 infra,
540 3297 730 3368 quibus
751 3299 928 3353 omnia
946 3299 1365 3376 continerentur.
1391 3298 1460 3383 Et
1473 3313 1595 3354 cum
1617 3299 1858 3364 audiunt,

284 3382 426 3442 Diiit
455 3375 613 3454 Deus,
652 3380 771 3444 Fiat
805 3389 954 3455 illud,
992 3399 1046 3446 et
1078 3380 1274 3446 factum
1312 3399 1394 3448 est
1433 3375 1588 3456 illud;
1627 3393 1862 3463 cogitant

284 3478 447 3534 verba
492 3473 664 3550 empta
714 3489 770 3536 et
816 3475 982 3548 finita,
1039 3480 1281 3537 Sonautia
1330 3482 1654 3552 temporibus
1699 3477 1861 3556 atque

284 3570 634 3638 transeuntis,
663 3577 784 3642 post
805 3567 1033 3642 quorum
1058 3574 1339 3630 transitum
1367 3574 1547 3631 statim
1570 3570 1859 3635 existeret'

284 3660 423 3730 quod
449 3661 656 3731 jussum
698 3671 779 3719 est
818 3671 875 3720 ut
899 3664 1152 3721 etisteret
1178 3682 1192 3719 :
1220 3674 1277 3722 et
1314 3667 1359 3721 si
1383 3664 1512 3740 quid
1547 3663 1684 3725 furto
1719 3652 1863 3727 aliud

285 3749 387 3806 huc
411 3750 573 3809 modo
594 3768 663 3809 ex
690 3749 1044 3813 familiaritate
1062 3757 1238 3812 carnis
1261 3754 1562 3828 dpiuantur.
1594 3758 1650 3815 in
1673 3759 1864 3832 quibus

285 3840 456 3898 adhuc
483 3843 714 3912 parvulis
753 3845 1089 3914 animalibus,
1132 3847 1258 3902 dum
1302 3841 1404 3903 isto
1440 3845 1740 3906 humillimo
1776 3867 1867 3922 ge-

286 3931 415 3990 nere
438 3934 722 3990 verborum
746 3936 991 4007 tauquam
1017 3929 1257 3994 materiin
1277 3939 1395 3994 sinu
1421 3940 1606 3996 'eoru'm
1629 3946 1867 4013 gestatur

285 4024 585 4093 inﬁrmitas,
616 4025 898 4085 salubriter
921 4024 1213 4085 mdifiéatur
1239 4028 1392 4098 fides,
1420 4047 1522 4102 qua
1546 4041 1751 4089 certum
1775 4031 1866 4087 iia-

285 4115 447 4172 beant
475 4126 530 4174 et
559 4123 771 4175 teneant
807 4120 974 4175 Deum
1013 4120 1202 4177 fecisSe
1239 4135 1426 4178 omnes
1465 4116 1700 4190 naturas,
1733 4140 1865 4195 quas

285 4219 471 4265 eorum
494 4215 685 4269 sensus
706 4207 936 4268 mirabili
953 4202 1211 4270 varietate
1231 4215 1608 4288 circumspicit.
1628 4203 1863 4284 Quorum

283 4300 332 4356 si
363 4298 627 4374 quispiam
651 4301 801 4375 quasi
836 4297 1091 4362 vilitatem
1119 4304 1380 4364 dictorum
1409 4316 1744 4379 aspernatus,
1773 4301 1866 4368 ex-

284 4395 366 4448 ira
405 4387 715 4452 nutritorias
748 4393 914 4455 cunas
938 4399 1168 4470 superba
1198 4385 1559 4457 imbeciliitate
1596 4396 1656 4460 se
1681 4413 1865 4460 exten-

283 4481 446 4553 derit,
476 4485 612 4542 heu!
641 4482 798 4545 cadet
816 4489 997 4545 miser.
1030 4487 1118 4557 Et,
1150 4484 1372 4549 D'omiu'e
1402 4489 1561 4560 Deus,
1586 4495 1861 4566 miserere,

283 4587 353 4631 ne
387 4575 695 4646 implumem
727 4577 928 4650 pullum
950 4580 1265 4638 conculcent
1287 4583 1377 4653 qui
1399 4587 1860 4653 tran'seuntviam;

280 4667 336 4720 ct
363 4665 516 4746 mitte
539 4668 787 4740 an‘geium
819 4670 987 4740 tuum,
1019 4673 1107 4744 qui
1131 4665 1252 4730 eum
1283 4686 1506 4747 reponat
1547 4674 1601 4734 iii
1629 4673 1774 4749 nid'o,
1807 4670 1864 4737 ut

279 4750 424 4811 vivat
446 4751 618 4814 donec
642 4759 803 4817 vo‘let.

824 4844 1052 4910 CAPUT
1087 4851 1321 4912 XXVIII.

481 4937 550 4995 Ut
573 4941 710 4996 varie
734 4941 1030 5015 intelligitur
1047 4945 1110 5000 ab
1137 4946 1344 5002 eruditis
1367 4939 1653 5020 Scriptura.

348 5021 443 5084 38.
485 5029 590 5087 Alii
614 5046 744 5088 vero
769 5033 960 5104 quibus
985 5033 1098 5092 haec
1118 5037 1278 5093 verba
1307 5034 1414 5094 non
1434 5041 1543 5110 jam
1569 5042 1742 5111 nidus,
1766 5040 1860 5101 sed

275 5121 446 5190 opaea
478 5119 669 5178 fruteta
697 5133 841 5190 sunt,
876 5126 1056 5184 vident
1090 5128 1143 5183 in
1183 5130 1261 5184 eis
1296 5129 1523 5188 latentes
1550 5131 1774 5202 fructus,
1807 5129 1863 5192 et

274 5209 503 5267 volitant
529 5213 790 5282 laetantes,
831 5225 886 5272 et
910 5218 1148 5288 garriunt
1176 5214 1493 5289 scrutantes,
1541 5233 1596 5280 et
1636 5217 1861 5296 carpunt

273 5317 390 5359 eos.
417 5302 610 5361 Vident
633 5306 797 5372 enim,
826 5318 948 5364 cum
977 5309 1092 5364 haec
1117 5310 1277 5366 verba
1301 5311 1480 5382 legunt
1507 5315 1588 5370 vel
1612 5306 1852 5386 audiunt,

274 5397 386 5459 tua,
416 5393 578 5474 Deus,
606 5404 805 5452 aeterna
833 5405 887 5453 et
907 5398 1082 5454 stabili
1113 5400 1482 5471 permansione
1502 5404 1693 5464 Cuncta
1717 5424 1857 5480 pra:-

275 5483 431 5537 terita
453 5487 507 5538 et
523 5484 696 5540 futura
711 5493 949 5558 tempora
969 5493 1205 5561 superari
1225 5510 1239 5560 ;
1263 5489 1362 5550 nec
1378 5501 1553 5554 tamen
1573 5494 1856 5572 quidquam

272 5588 397 5631 esse
421 5579 731 5647 temporalis
756 5591 1039 5650 creaturae,
1070 5585 1211 5656 quod
1242 5595 1298 5643 tu
1325 5604 1431 5646 non
1456 5591 1678 5651 feceris:
1704 5597 1858 5666 cujus

336 5689 539 5770 λέξει,
565 5678 806 5770 me;
1012 5704 1127 5770 tot,
1145 5709 1256 5752 Arn.
1281 5704 1400 5756 Dub.
1425 5710 1679 5760 starecum
1702 5689 1728 5760 t
1751 5702 1853 5762 uss.

272 5751 326 5802 ει
346 5751 546 5802 Rondet.
561 5766 673 5804 cum
695 5755 727 5803 ϐ
748 5751 876 5818 Mss,
897 5759 1138 5814 existeret.
1162 5770 1218 5815 It.

511 5834 739 5900 Bauer.
775 5842 1048 5906 Ausus'r.
1093 5846 1146 5911 lt

1579 322 1775 398 Linea
1817 314 2268 398 nuonEciuUs.

3460 335 3562 398 ΒΩ

1981 455 2225 511 voluntas
2251 456 2370 525 quia
2395 455 2443 510 id
2469 463 2548 509 est
2573 455 2711 527 quod
2743 467 2793 511 tu
2815 498 2828 524 ,
2855 439 2997 513 nullo
3027 457 3183 513 modo
3210 449 3429 526 mutata,
3453 460 3559 527 vel,

1978 563 2096 616 quae
2122 549 2273 602 antea
2302 551 2407 602 lion
2431 547 2634 613 fuisset,
2658 557 2843 604 exorta
2863 548 3134 604 voluntate
3155 549 3326 606 fecisti
3344 551 3557 606 omnia:

1980 652 2083 691 non
2114 637 2184 693 dc
2213 650 2264 693 te
2298 638 2694 694 similitudinem
2723 648 2863 694 tuam
2906 640 3128 695 formam
3157 639 3424 707 omnium;
3465 642 3559 697 sed

1979 729 2046 785 dc
2074 729 2242 785 niliilo
2268 728 2750 786 dissimilitudinem
2774 731 3074 798 informem,
3096 735 3214 801 qua:
3241 729 3560 788 formaretur

1977 824 2075 890 per
2117 819 2520 877 similitudinem
2552 816 2718 886 tuam,
2760 827 3041 876 recurrens
3079 821 3132 876 ih
3177 829 3230 876 te
3263 831 3424 876 unum
3463 833 3559 892 pro

1977 909 2130 983 captu
2158 914 2422 982 ordinato,
2453 909 2706 984 quantum
2734 913 2922 983 cuique
2951 929 3129 969 rerum
3155 915 3208 973 in
3237 920 3336 970 suo
3358 928 3558 986 genere

1976 1006 2156 1060 datum
2183 1017 2294 1071 est,
2318 1000 2372 1062 et
2394 1007 2579 1062 fierent
2605 1009 2778 1061 omnia
2805 1007 2941 1061 bona
2971 1007 3142 1072 valde,
3175 1008 3286 1062 sive
3307 1014 3558 1063 maneant

1975 1096 2115 1150 circa
2149 1087 2218 1159 te,
2267 1099 2377 1151 sive
2405 1097 2664 1167 gradatim
2709 1097 2979 1152 rcmotio'ri
3004 1097 3252 1152 distantia
3290 1095 3384 1169 per
3418 1107 3554 1154 tem-

1976 1182 2104 1258 pora
2129 1197 2182 1243 et
2210 1181 2354 1244 lucos
2377 1189 2620 1259 pulchras
2641 1186 2989 1248 variationes‘
3020 1191 3212 1247 faciant
3235 1203 3326 1248 aut
3345 1193 3554 1264 patitur-

1977 1286 2078 1332 tur.
2124 1271 2316 1334 Vident
2356 1279 2490 1346 inec,
2535 1291 2585 1335 et
2628 1282 2860 1352 gaudent
2901 1284 2952 1336 iu
2988 1281 3107 1338 luce
3154 1283 3388 1340 veritatis
3427 1289 3552 1352 tum,

1973 1370 2286 1440 quantulum
2313 1370 2399 1426 hic
2429 1371 2622 1426 valent.

2046 1447 2138 1518 5‘9.
2179 1461 2247 1516 Et
2273 1459 2408 1518 alius
2433 1468 2616 1518 eorum
2647 1463 2873 1519 intendit
2901 1465 2952 1519 iu
2984 1464 3034 1519 id
3061 1463 3199 1536 quod
3226 1460 3422 1521 dictum
3448 1465 3552 1536 est,

1974 1545 2038 1605 lu
2080 1553 2325 1625 principio
2350 1553 2466 1625 fecit
2496 1552 2649 1621 Deus,
2680 1559 2734 1609 et
2758 1555 2972 1626 r’espicit
2996 1553 3320 1626 Sapientiam
3347 1557 3553 1614 Prittci~

1976 1640 2138 1711 piu'm,
2169 1647 2292 1714 quia
2316 1651 2371 1698 et
2393 1641 2625 1716 loquitur
2650 1645 2762 1715 ipsa
2789 1646 2960 1700 nobis.
2994 1647 3144 1702 Alius
3173 1647 3356 1704 itidem
3380 1649 3554 1706 interii-

1972 1733 2050 1788 dit
2077 1734 2128 1788 in
2159 1733 2344 1789 eadem
2374 1735 2556 1800 verba,
2583 1742 2638 1789 et
2665 1735 2980 1806 principium
3007 1737 3250 1809 intelligit
3276 1739 3552 1796 exordium

1971 1820 2152 1882 rérum
2188 1827 2555 1895 conditarum;
2602 1833 2658 1884 et
2685 1828 2762 1884 sic
2790 1828 3002 1899 accipit,
3034 1827 3100 1884 hi
3135 1829 3379 1904 principio
3412 1833 3550 1903 fecit;

1971 1931 2035 1973 ac
2062 1917 2107 1972 si
2133 1918 2422 1987 diceretur,
2449 1919 2628 1975 Primo
2654 1913 2800 1977 fecit.
2843 1921 3015 1993 Atque
3046 1923 3102 1977 iri
3140 1924 3218 1978 eis
3243 1925 3332 1995 qui
3360 1925 3554 1995 intelli—

1971 2016 2122 2078 gunt,
2150 2007 2216 2064 In
2241 2009 2510 2081 principio,
2543 2009 2682 2082 quod
2710 2012 2763 2067 id
2791 2006 3056 2084 Sapientia
3083 2013 3255 2070 fecisti
3285 2013 3477 2070 cmlum
3499 2014 3556 2073 'ét

1972 2096 2198 2165 terrain;
2226 2093 2360 2156 alius
2387 2106 2573 2158 eorum
2603 2102 2775 2172 ipsum
2800 2100 2992 2158 caelum
3020 2110 3074 2159 ct
3101 2113 3315 2171 terram,
3345 2105 3554 2163 creabi-

1971 2188 2077 2246 tem
2108 2192 2386 2247 materiam
2415 2192 2537 2249 cteli
2563 2198 2618 2248 et
2643 2187 2798 2251 terrze
2835 2194 2913 2250 sic
2936 2195 3054 2250 csée
3077 2194 3248 2250 credit
3275 2197 3554 2266 cognomi-

1973 2282 2150 2337 natam
2187 2300 2200 2338 :
2239 2282 2375 2339 alius
2408 2283 2519 2355 jam
2558 2274 2812 2340 fonnatas
2858 2284 3238 2357 diStinctasque
3281 2293 3495 2341 naturas
3533 2305 3547 2341 :

1972 2373 2107 2430 alius
2135 2379 2295 2432 un‘am
2334 2375 2633 2447 formatam,
2669 2369 3016 2450 eamdemque
3062 2379 3392 2448 Spirituaiem
3431 2375 3555 2438 υἱὲιὶ

1971 2465 2220 2534 nomine;
2263 2467 2422 2524 aliat‘u
2469 2465 2746 2525 informem
2781 2469 3072 2540 corporalis
3111 2470 3366 2538 materite,
3397 2471 3556 2528 terra:

1974 2551 2213 2616 hemina.
2239 2560 2340 2630 Qui
2367 2554 2546 2618 autem
2578 2556 2879 2632 intelligunt
2917 2563 2969 2617 in
2997 2563 3301 2621 nominibus
3342 2565 3466 2622 cmli
3501 2571 3558 2622 et

1973 2659 2152 2720 terrae,
2181 2651 2356 2709 adhuc
2377 2651 2658 2710 informem
2686 2645 2984 2724 materiem,
3015 2649 3083 2712 d'e
3107 2667 3208 2728 qua
3235 2656 3557 2716 formaretui‘

1971 2737 2167 2823 coelum
2190 2756 2245 2803 et
2273 2754 2433 2814 terra,
2455 2752 2556 2803 nec
2580 2736 2680 2819 ipsi
2708 2761 2814 2803 uno
2838 2748 2998 2804 modo
3019 2749 3070 2804 id
3100 2743 3400 2823 intelligunt
3421 2769 3435 2807 :
3459 2745 3557 2811 sed

1970 2821 2108 2898 alius
2134 2835 2274 2897 unde
2308 2833 2769 2899 censummaretur
2798 2835 3149 2916 intelligibiiis
3184 2821 3558 2919 setisibilisqub

1972 2931 2250 3002 creatura;
2280 2924 2418 2990 alius
2437 2933 2639 2992 tantum
2664 2929 2806 2994 unde
2826 2929 3096 2997 senSibilis'
3121 2930 3292 2999 moles
3311 2940 3412 2999 ista
3437 2942 3558 3000 cor-

1974 3019 2155 3096 porea,
2184 3026 2304 3083 sinu
2323 3027 2510 3099 grandi
2539 3025 2816 3084 continens
2845 3023 3150 3103 perspicuas
3180 3025 3558 3108 promptasque

1978 3127 2214 3173 naturas.
2251 3117 2363 3176 Nec
2393 3119 2468 3176 iiii
2495 3135 2602 3176 uno
2631 3111 2791 3204 mede
2830 3123 2919 3192 qui
2943 3113 3056 3194 jam
3083 3119 3368 3198 dispositas
3404 3129 3556 3202 digef-

1975 3216 2192 3280 stasque
2231 3219 2501 3267 creaturas
2538 3211 2733 3268 emtum
2777 3221 2832 3268 et
2879 3223 3070 3269 terram
3100 3211 3277 3272 vocari
3308 3217 3410 3276 hoc
3436 3216 3557 3276 locd

1971 3304 2230 3371 credunt;
2270 3305 2366 3362 sed
2399 3306 2533 3363 alius
2559 3297 2876 3363 invisibilem
2907 3299 3066 3379 atque
3093 3297 3352 3368 visibilem
3381 3330 3395 3367 :
3422 3302 3556 3370 alius

1970 3391 2141 3452 solam
2165 3390 2428 3454 visibilem
2448 3397 2500 3452 in
2525 3388 2627 3468 qua
2653 3385 2970 3454 luminosum
2999 3389 3192 3455 caelum
3216 3392 3553 3474 suspicimus;

1968 3473 2024 3542 et
2045 3475 2237 3543 terram
2262 3474 2630 3559 caliginosam,
2653 3480 2880 3561 quaeque
2909 3491 2959 3545 in
2991 3484 3072 3548 eis
3097 3481 3243 3549 sunt.

2508 3582 2734 3664 CAPUT
2771 3582 2966 3662 xxut.

2289 3695 2427 3785 Quot
2453 3717 2617 3774 modis
2635 3717 2824 3774 dicitur
2851 3721 3046 3793 aliquid
3071 3723 3231 3794 prius.

2040 3829 2130 3888 to.
2158 3830 2229 3888 At
2253 3832 2342 3890 ille
2367 3833 2457 3905 qui
2485 3849 2592 3890 non
2626 3833 2781 3892 aliter
2804 3836 3016 3908 accipit,
3046 3836 3113 3894 In
3141 3835 3389 3912 prinupto
3416 3827 3553 3913 fabii,

1970 3939 2129 3994 quam
2157 3924 2202 3981 si
2228 3923 2517 3994 diceretur,
2552 3920 2731 3982 Primo
2768 3926 2929 3997 fecit;
2973 3943 3081 3987 non
3108 3929 3267 3988 habet
3289 3935 3556 4004 quomodo

1973 4016 2233 4072 veraciter
2267 4016 2525 4088 intelligat
2560 4017 2754 4073 emtum
2800 4026 2858 4076 et
2881 4027 3098 4089 terram,
3130 4023 3233 4079 nisi
3277 4027 3556 4082 materiam

1971 4108 2093 4164 ςαξΙί
2121 4117 2176 4164 et
2199 4117 2356 4165 teme
2381 4102 2659 4181 intelligat,
2689 4101 2936 4168 videlicet
2966 4105 3250 4183 universa),
3283 4114 3336 4172 id
3358 4126 3440 4173 est
3470 4117 3554 4172 ius

1975 4194 2264 4270 telligibiiis
2304 4196 2700 4274 cbrporalisque
2740 4202 3014 4260 ereaturaa.
3047 4191 3102 4262 Si
3132 4205 3273 4261 enim
3307 4194 3418 4278 jam
3447 4205 3558 4263 for-

1971 4297 2168 4344 matam
2195 4281 2328 4345 velit
2347 4291 2672 4360 universam,
2700 4286 2847 4348 recte
2872 4293 2940 4349 ab
2965 4309 3031 4349 eo
3055 4295 3222 4365 qumri
3250 4296 3463 4367 poterit,
3495 4288 3552 4354 St

1970 4378 2074 4435 hcc
2099 4377 2273 4450 primo
2309 4373 2434 4437 feeit
2471 4379 2629 4448 Deus,
2658 4377 2783 4453 quid
2818 4382 3004 4439 feCerit
3038 4383 3291 4458 deinceps
3316 4403 3331 4442 :
3355 4395 3411 4445 et
3436 4394 3556 4461 post

1970 4470 2373 4530 universitatem
2401 4486 2507 4528 non
2547 4472 2808 4538 inveniet;
2854 4472 2920 4530 ac
2946 4483 3042 4546 per
3079 4476 3182 4532 hoc
3207 4477 3389 4536 audiet
3415 4481 3556 4539 iniri-

1973 4565 2083 4629 tus,
2115 4559 2396 4630 Quomodo
2425 4561 2552 4618 illud
2575 4561 2771 4634 primo,
2799 4563 2844 4618 si
2865 4560 3048 4634 postea
3075 4558 3244 4625 nihil?
3268 4568 3400 4625 Cum
3427 4572 3554 4628 verb

1967 4651 2097 4709 dicit
2122 4652 2295 4724 primo
2324 4652 2626 4720 informem,
2654 4653 2844 4710 deinde
2870 4653 3172 4726 ibrmatam,
3203 4661 3308 4714 non
3348 4669 3431 4715 est
3452 4661 3551 4716 ab-

1967 4741 2194 4809 surdus;
2218 4744 2264 4798 SI
2294 4743 2456 4800 modo
2485 4751 2570 4800 est
2594 4742 2817 4800 idmieu’s
2850 4741 3177 4816 discernere,
3204 4743 3329 4819 quid
3353 4749 3553 4820 praece-

1966 4830 2059 4888 dat
2092 4832 2412 4902 mtemitate,
2461 4831 2589 4904 quid
2629 4840 2888 4905 tempore,
2935 4836 3062 4908 quid
3104 4836 3384 4906 electione,
3423 4839 3550 4910 quid

1966 4922 2192 4995 urigine.
2237 4923 2593 4994 1Eternitate,
2643 4925 2782 4982 sicut
2829 4927 2972 4985 Deus
3021 4929 3229 4997 omnia;
3273 4925 3550 5000 tempore,

1966 5015 2104 5072 Sicut
2135 5017 2233 5072 fios'
2274 5016 2537 5093 fructum;
2581 5017 2864 5088 electione,
2885 5009 2888 5013 ’
2912 5020 3049 5076 sicut
3088 5019 3290 5079 fructus
3325 5018 3510 5079 ﬂorem
3526 5033 3547 5088 ί

1965 5108 2191 5180 origine,
2233 5109 2371 5167 sicut
2410 5126 2576 5168 sonus
2613 5122 2848 5169 cantum.
2875 5113 2934 5170 in
2959 5113 3043 5170 bis
3067 5123 3295 5187 quatuor
3314 5117 3543 5190 primum

1965 5209 2022 5254 et
2042 5200 2282 5254 ultimum
2310 5217 2428 5270 qua:
2448 5195 2882 5274 Commemoravi,
2915 5202 3224 5265 difficillime
3250 5208 3545 5283 intelligat!"

1966 5287 2086 5358 tur;
2113 5287 2220 5348 duo
2254 5286 2430 5350 inedia
2461 5290 2727 5354 facillime.
2767 5297 3008 5370 Namque
3044 5316 3163 5357 rara
3207 5303 3340 5360 visio
3379 5313 3545 5363 estet

1965 5381 2125 5438 nimis
2165 5382 2330 5439 ardua
2361 5387 2691 5456 conspicere,
2727 5387 2968 5454 Domine,
3013 5391 3363 5453 :eternitatem
3395 5391 3540 5456 tuam

1965 5473 2470 5533 incommutabiliter
2519 5469 2791 5536 mutabilia
2838 5479 3141 5554 facientem,
3189 5495 3254 5543 ac
3303 5502 3400 5559 per
3441 5485 3542 5547 hoc

2025 5633 2047 5734 ἐ
2069 5655 2300 5734 "item
2324 5651 2421 5734 :99
2441 5641 2652 5734 aliter!
2674 5644 2786 5734 εδει.-
2812 5659 2866 5709 ει
2881 5651 3047 5734 scripti
3067 5655 3280 5734 habent.
3300 5643 3541 5734 evrum:

1963 5723 2064 5784 ges,
2091 5718 2302 5777 excepto
2322 5720 2430 5765 Mss.
2454 5718 2676 5781 Benign,
2697 5721 2779 5784 qui
2813 5733 2900 5784 pro
2939 5718 3000 5771 ea
3025 5734 3145 5773 voce
3175 5718 3423 5776 substituit
3462 5718 3540 5772 ru3

2842 5861 3296 5940 (i’t’anlseptj
