4078 6366
533 324 633 380 διδ

532 436 786 506 priorem.
823 431 949 499 Quis
983 427 1169 484 deinde
1212 427 1286 482 sic.
1327 422 1568 480 acutum‘
1601 425 1781 472 cernat
1824 414 2016 476 animo,
2049 419 2104 463 ut

531 503 646 584 sine
686 528 866 582 labore
906 538 1096 594 magno
1136 522 1448 590 dignozcere
1493 514 1685 578 valeat,
1732 505 1996 578 quonmdo
2038 503 2106 556 sit

536 619 679 689 prior
705 632 865 672 sonus
885 630 1041 686 quam
1071 622 1278 676 cantus,
1308 609 1426 663 ideo
1447 605 1568 676 quia
1595 609 1782 657 cautus
1807 607 1887 653 est
1914 595 2105 648 forma-

537 720 622 764 tus
653 722 836 774 sonus,
860 715 913 760 et
940 719 1058 761 esse
1097 704 1275 771 utique
1320 693 1516 768 aliquid
1548 708 1650 748 non
1682 689 1963 744 formatum
1989 693 2105 754 pot-

537 813 635 865 est,
665 799 884 856 formari
909 807 1087 853 autem
1130 792 1267 865 quod
1289 806 1392 846 non
1417 796 1519 853 est,
1547 801 1650 840 non
1673 779 1882 853 potest?
1911 779 1998 834 Sic
2026 785 2107 831 est

542 895 686 962 prior
739 889 1004 953 materies,
1038 900 1194 956 quam
1231 881 1280 937 id
1321 878 1460 950 quod
1498 893 1563 932 ex
1606 891 1667 930 ea
1713 874 1770 927 ﬁt
1797 891 1810 927 :
1839 887 1942 925 non
1985 869 2106 923 ideo

543 961 685 1056 prior
710 985 829 1054 quia
858 983 968 1052 ipsa
1001 978 1182 1043 efﬁcit,
1213 989 1333 1032 cum
1361 971 1536 1042 potius
1577 969 1695 1032 ﬁat;
1729 979 1826 1020 nec
1857 963 1999 1034 prior
2023 961 2105 1016 in-

540 1073 757 1130 tervallo
785 1070 1054 1140 temporis.
1082 1067 1260 1135 Neque
1302 1062 1443 1118 enim
1479 1059 1655 1129 priore
1685 1063 1922 1123 tempore
1947 1063 2106 1106 sonos

537 1166 744 1221 edimus
773 1164 1022 1217 informes
1065 1158 1178 1212 sine
1216 1163 1393 1218 cantu,
1424 1159 1480 1207 et
1505 1164 1597 1205 eos
1636 1145 1930 1218 posteriore
1970 1151 2107 1196 tem-

540 1270 665 1325 pore
691 1255 741 1308 in
767 1254 990 1308 formam
1013 1247 1202 1305 cantici
1230 1252 1538 1314 coaptamus
1563 1245 1654 1292 aut
1675 1235 1940 1305 ﬁngimus,
1973 1231 2109 1286 sicut

538 1323 675 1417 ligna
697 1344 891 1416 quibus
920 1356 1064 1408 arca,
1090 1340 1175 1394 vel
1208 1343 1484 1407 argentum
1515 1344 1619 1398 quo
1647 1326 1915 1381 vasculum
1947 1323 2106 1378 fabri-

539 1416 702 1492 catur.
736 1433 894 1490 Tales
921 1431 1116 1503 quippe
1153 1427 1388 1485 materia:
1431 1433 1667 1492 tempore
1708 1416 1866 1474 etiam
1907 1428 2108 1484 praece-

535 1529 671 1582 dunt
695 1525 893 1582 formas
919 1537 1094 1580 rerum
1122 1535 1236 1592 qua:
1269 1519 1393 1571 ﬁunt
1422 1531 1483 1571 ex
1513 1514 1591 1566 eis
1617 1530 1629 1566 :
1657 1521 1707 1564 at
1743 1511 1793 1562 in
1820 1514 1976 1561 cantu
2004 1519 2107 1557 non

536 1621 609 1674 ita
635 1626 736 1675 est.
759 1615 891 1672 Cum
931 1613 1072 1670 enim
1099 1619 1355 1671 cantatur,
1397 1606 1606 1661 auditur
1631 1615 1793 1658 sonus
1829 1599 1971 1667 ejus;
2003 1611 2107 1650 non

538 1709 684 1777 prius
710 1706 1005 1762 informiter
1030 1710 1200 1766 sonat,
1228 1709 1280 1756 cl
1306 1697 1495 1754 deinde
1515 1695 1770 1749 formatur
1791 1693 1845 1744 in
1874 1698 2106 1743 cantum.

537 1802 690 1871 Quod
718 1801 858 1857 enim
899 1799 1070 1869 primo
1099 1807 1382 1862 utcumque
1421 1787 1678 1852 sonuerit,
1713 1782 1941 1855 praeterit
1967 1797 1982 1846 ;
2013 1793 2112 1836 nec

539 1909 605 1946 ex
635 1907 700 1948 eo
719 1889 1004 1960 quidquam
1028 1885 1261 1956 reperies
1296 1881 1434 1952 quod
1466 1889 1788 1946 resumptum
1828 1883 1942 1928 arte
1967 1885 2112 1926 com-

543 1996 748 2053 ponas:
771 1989 823 2036 et
853 1979 970 2035 ideo
992 1985 1177 2034 cantus
1204 1976 1410 2031 insono
1439 1987 1533 2026 suo
1562 1970 1808 2031 vertitur;
1832 1965 1918 2035 qui
1950 1977 2110 2017 sonus

541 2075 678 2142 ejus,
704 2070 953 2126 materies
983 2068 1096 2139 ejus
1121 2075 1220 2122 cst.
1244 2064 1385 2120 Idem
1419 2062 1607 2133 quippe
1635 2058 1890 2113 formatur
1921 2062 1974 2108 ut
1995 2068 2111 2107 can-

543 2175 630 2220 tus
653 2162 752 2226 sit;
777 2173 831 2218 et
857 2161 994 2225 ideo,
1022 2159 1157 2215 sicut
1176 2155 1436 2221 dicebam,
1459 2153 1602 2224 prior
1625 2148 1869 2203 materies
1893 2143 2112 2199 sonandi

544 2269 702 2323 quam
741 2250 909 2307 forma
953 2247 1200 2305 cantandi
1232 2265 1245 2302 :
1279 2260 1381 2300 non
1431 2259 1525 2314 per
1575 2239 1792 2295 faciendi
1826 2237 2112 2308 potentiam

545 2344 751 2413 prior‘;
783 2355 952 2412 neque
988 2339 1129 2396 enim
1169 2351 1330 2393 sonus
1359 2345 1438 2392 est
1478 2330 1721 2390 cantandi
1765 2327 1972 2394 artifex,
2020 2323 2114 2380 sed

545 2435 780 2492 cantanti
810 2435 1000 2490 animm
1027 2432 1264 2502 subjacet
1295 2445 1357 2484 ex
1399 2440 1641 2496 corpore,
1675 2424 1742 2480 de
1769 2437 1872 2494 quo
1901 2429 2114 2475 cantum

545 2529 722 2583 faciat.
765 2525 875 2581 Nec
913 2534 1151 2594 tempore
1192 2521 1369 2590 prior;
1416 2517 1571 2572 simul
1613 2515 1752 2570 enim
1800 2526 1917 2567 cum
1956 2520 2115 2564 cantu

547 2621 738 2676 editur.
771 2618 878 2673 Nec
919 2617 1062 2688 prior
1107 2613 1399 2675 electione;
1433 2624 1535 2662 non
1579 2608 1716 2662 enim
1754 2605 1928 2678 potior
1955 2617 2116 2657 sonus

542 2726 702 2782 quam
730 2718 937 2772 cantus,
975 2701 1400 2776 quandoquidem
1444 2707 1630 2754 cantus
1673 2705 1751 2752 est
1783 2711 1885 2750 non
1915 2703 2115 2749 tantum

545 2815 730 2867 sonus,
766 2812 950 2854 verum
980 2795 1140 2850 etiam
1183 2808 1343 2848 sonus
1383 2789 1670 2858 Speciosus.
1721 2784 1823 2841 Sed
1855 2783 1999 2854 prior
2037 2791 2118 2837 est

547 2890 781 2960 origine;
811 2887 930 2959 quia
974 2901 1080 2941 non
1109 2893 1294 2940 cantus
1333 2881 1586 2937 formatur
1616 2887 1672 2933 ut
1699 2891 1860 2932 sonus
1903 2875 1991 2943 sit,
2023 2873 2116 2929 sed

550 2993 714 3032 sonus
741 2977 994 3031 formatur
1018 2981 1077 3028 ut
1103 2979 1289 3028 cantus
1317 2971 1403 3025 sit.
1435 2968 1543 3023 lloc
1567 2966 1808 3036 exemplo
1829 2965 1915 3035 qui
1947 2971 2118 3033 potest

554 3068 809 3138 intelligat
850 3064 1125 3121 materiam
1152 3077 1329 3120 rerum
1358 3061 1528 3132 primo
1554 3058 1768 3124 factam,
1809 3065 1862 3112 et
1888 3055 2122 3125 appella-

551 3168 657 3213 tam
687 3159 876 3216 cmlum
902 3166 953 3214 et
984 3165 1198 3223 terram,
1234 3154 1353 3227 quia
1383 3153 1504 3208 inde
1543 3151 1675 3207 facta
1703 3160 1821 3206 sunt
1847 3149 2041 3206 cmlum
2067 3160 2121 3205 et

551 3265 689 3308 terra
715 3268 729 3306 :
753 3266 848 3306 nec
873 3258 1110 3319 tempore
1141 3248 1313 3318 primo
1342 3244 1560 3309 factam;
1589 3243 1711 3314 quia
1740 3241 1921 3298 formae
1943 3257 2119 3297 rerum

549 3353 802 3399 exserunt
834 3351 1091 3412 tempora,
1130 3339 1216 3394 illa
1260 3346 1434 3393 autem
1464 3345 1576 3392 erat
1614 3333 2122 3403 informis;jamque

553 3436 606 3490 in
640 3433 967 3502 temporibus
1004 3430 1161 3486 simul
1199 3427 1658 3492 animadvertitur,
1699 3439 1801 3481 nec
1842 3432 2014 3478 tamen
2056 3421 2122 3476 de

558 3529 644 3582 illa
673 3524 875 3581 narrari
895 3523 914 3555 ³
953 3521 1148 3593 aliquid
1178 3529 1368 3591 potest,
1398 3519 1496 3574 nisi
1532 3517 1674 3573 velut
1715 3525 1952 3585 tempore
1979 3512 2122 3583 prior

551 3623 651 3687 sit;
690 3635 808 3675 cum
839 3616 1099 3689 peudatur
1137 3613 1448 3678 extrctuior,
1475 3611 1595 3680 quia
1625 3608 1861 3680 profecto
1906 3605 2122 3660 meliora

557 3719 680 3766 sunt
709 3711 933 3765 formata
957 3721 1112 3777 quam
1144 3703 1407 3767 informia,
1438 3712 1491 3755 et
1523 3697 1880 3770 prmccdatur‘
1910 3697 2122 3752 aeterni-

551 3812 659 3859 ta'te
688 3800 962 3865 creatoris,
995 3808 1049 3852 ut
1083 3807 1218 3853 esset
1249 3794 1315 3851 de
1343 3793 1524 3860 nihilo,
1563 3791 1701 3848 unde
1729 3789 1925 3861 aliquid
1957 3790 2120 3846 fieret.

1105 3904 1329 3962 CAPUT
1371 3904 1537 3961 XXX.

619 4005 933 4061 Tractatores
965 4001 1245 4071 Scriptura:
1272 3999 1465 4053 diuersa
1490 3997 1752 4071 sentientes
1775 3993 2073 4071 concordent

834 4073 1044 4127 invicem
1068 4067 1308 4124 charitate
1337 4078 1383 4121 et
1417 4068 1582 4122 studio
1611 4067 1845 4120 veritatis.

623 4168 711 4220 «tl.
753 4165 812 4218 ln
849 4163 946 4218 hac
980 4161 1283 4216 diversitate
1315 4157 1690 4214 sententiarum
1733 4172 1973 4211 verarum
2000 4170 2128 4210 con-

555 4255 789 4310 cordiam
818 4251 984 4324 pariat
1017 4254 1124 4320 ipsa
1163 4250 1398 4313 \‘critas;
1427 4257 1477 4303 et
1506 4249 1643 4302 Deus
1671 4256 1848 4302 noster
1875 4247 2126 4301 miserea-

560 4361 644 4401 tur
684 4345 872 4412 uostri,
920 4353 975 4398 ut
1013 4343 1241 4412 legitime
1277 4341 1413 4412 Lege
1452 4351 1678 4405 utamur,
1714 4339 1962 4410 praecepti
2004 4339 2124 4404 ﬁne,

564 4453 694 4508 pura
714 4437 972 4494 charitate
998 4455 1008 4487 :
1033 4451 1094 4490 ac
1120 4451 1213 4506 per
1246 4435 1342 4489 hoc
1362 4437 1409 4488 si
1435 4433 1550 4504 quis
1577 4433 1845 4504 qumritex
1873 4447 1974 4495 me,
2006 4432 2128 4500 quid

561 4531 748 4585 horum
777 4529 985 4602 Moyses
1006 4528 1092 4583 ille
1119 4535 1239 4582 tuus
1269 4525 1493 4581 famulus
1529 4524 1774 4591 senserit,
1801 4539 1906 4579 non
1929 4533 2051 4578 sunt
2077 4524 2129 4577 Iri

559 4635 836 4679 sermones
853 4617 1245 4676 confessionum
1264 4631 1521 4673 mearum.
1541 4615 1597 4672 Si
1620 4616 1708 4670 tibi
1728 4631 1830 4670 non
1851 4615 2128 4682 conﬁteor,

560 4715 770 4780 nescio;
795 4721 852 4768 et
876 4712 988 4767 scio
1018 4719 1190 4766 tamen
1221 4710 1339 4766 illas
1369 4723 1521 4764 veras
1550 4723 1668 4764 esse
1698 4709 2009 4774 sententias,
2040 4722 2133 4762 ex-

563 4807 733 4880 ceptis
760 4805 1060 4862 carnalibus
1089 4803 1156 4859 de
1181 4803 1369 4875 quibus
1394 4811 1646 4872 quantum
1670 4801 1961 4856 existimavi
1985 4801 2130 4854 loeu-

562 4905 648 4952 tus
681 4912 796 4953 sum
822 4913 836 4950 :
863 4909 997 4966 quos
1023 4903 1198 4950 tamen
1233 4893 1384 4948 bona:
1412 4891 1526 4962 spei
1553 4893 1798 4962 parvulos
1834 4891 1948 4946 haec
1974 4891 2131 4946 verba

563 4987 707 5043 Libri
739 4987 812 5043 tui
839 5003 943 5041 non
975 4985 1240 5047 territant,
1273 4983 1382 5038 alta
1429 4983 1718 5050 humiliter,
1757 4993 1811 5037 et
1836 4997 2004 5053 pauca
2046 4997 2135 5036 eo-

628 5124 644 5155 ι
670 5121 746 5173 διε
764 5127 904 5173 Mm
925 5123 1090 5171 cernat
1127 5115 1305 5180 artium,
1326 5118 1462 5181 juxta
1483 5125 1652 5168 50mm.
1676 5118 1820 5168 ttond.
1845 5131 1955 5169 cum
1977 5120 2006 5168 4
2028 5128 2130 5172 MSS.

549 5193 602 5235 ot
631 5185 662 5234 5
686 5193 789 5246 uss.
813 5183 941 5246 apud
960 5187 1171 5246 um_._u.

623 5248 645 5278 ι
667 5244 801 5308 ψει,
818 5236 1102 5308 perﬁciendi
1118 5236 1326 5308 potentia
1341 5237 1474 5304 prior
1497 5253 1514 5290 :
1532 5240 1886 5306 refragantibus
1902 5250 2005 5292 .vss.
2019 5257 2136 5305 quo-

557 5317 667 5366 rum
689 5301 949 5357 lectionem
970 5301 1320 5366 amplectimur.

627 5365 649 5399 ³
671 5367 948 5436 tegendum
970 5361 1177 5436 videtur,
1189 5361 1390 5436 variari;
1401 5361 1503 5436 vult
1525 5365 1654 5436 enim
1675 5367 1961 5436 Augustinus
1981 5367 2134 5436 quod,

561 5428 686 5477 sicut
706 5424 852 5478 sonus
869 5427 1057 5489 origine
1079 5424 1311 5489 praetulit
1329 5432 1519 5489 cantum
1541 5426 1622 5488 qui
1647 5439 1710 5475 ex
1734 5424 1795 5489 eo
1817 5424 2059 5489 formatur,
2073 5424 2136 5480 ita

564 5490 766 5557 materia
790 5487 928 5557 petat
949 5487 1187 5557 tempore,
1217 5487 1262 5535 id
1285 5495 1363 5557 est
1382 5487 1570 5550 origine
1591 5488 1869 5550 prurcedere
1891 5487 2059 5553 debet,
2082 5498 2138 5542 ut

569 5549 749 5612 aliquid
773 5551 836 5599 de
862 5548 942 5600 illa
966 5548 1147 5598 variari
1174 5549 1322 5612 possit

565 5609 869 5729 pr;
897 5619 948 5663 et
963 5620 1092 5671 Arn.;
1120 5609 1290 5660 alti-ad.
1314 5609 1479 5669 habet,
1503 5612 1866 5675 prtt’cedantur;
1889 5615 1966 5664 alii
1991 5618 2132 5680 editi,

659 5684 670 5697 .
699 5687 723 5720 ι,
849 5708 860 5720 ⁸

600 5683 860 5720 ιη’(ιίιιηιι.

1651 297 2158 361 CONFESSIONUH
2299 297 2661 354 AUGUSTINI

3690 296 3791 356 8i!

2218 409 2387 476 piosc.
2422 411 2522 463 Sed
2557 426 2738 463 omnes
2779 425 2907 478 quos
2936 411 2986 463 in
3013 409 3090 464 eis
3114 411 3285 467 verbis
3312 427 3435 466 vera
3476 429 3697 471 cernere
3728 430 3789 469 ac

2214 500 2389 554 dicere
2420 500 2607 565 fateor,
2638 501 2916 570 diligamus
2943 515 3037 554 nos
3064 501 3307 568 invicem,
3339 505 3640 576 pariterque
3666 505 3788 561 diii-

2214 605 2399 659 gamus
2441 599 2490 644 te
2542 591 2703 644 Deum
2747 600 2982 644 nostrum
3035 590 3234 645 fontem
3278 592 3545 659 veritatis,
3592 595 3639 650 si
3686 612 3788 652 non

2214 695 2365 745 vana,
2394 680 2488 736 sed
2517 682 2680 750 ipsam
2708 681 2943 749 sitimus;
2981 681 3333 752 eamdemque
3363 682 3611 739 famulum
3643 693 3788 742 tuum

2216 775 2502 845 Scriptura:
2547 775 2699 846 hujus
2732 775 3175 845 dispensatorem,
3208 775 3405 846 Spiritu
3452 787 3542 832 tuo
3567 777 3785 848 pienum

2217 866 2287 921 ita
2332 868 2670 932 honoremus,
2716 874 2773 921 ut
2816 867 2915 921 hoc
2955 882 3076 922 eum
3119 875 3168 921 te
3207 868 3474 922 revelantc
3517 882 3639 923 cum
3680 869 3790 926 hazc

2217 957 2470 1013 scriberet
2490 957 2774 1014 attendisse
2803 957 3103 1024 credamus,
3135 957 3273 1027 quod
3303 958 3354 1012 in
3384 959 3458 1014 eis
3483 959 3713 1016 maxime
3739 971 3790 1015 et

2216 1047 2333 1111 lucc
2362 1049 2614 1112 veritatis,
2643 1056 2698 1102 et
2729 1046 2876 1118 fruge
2905 1048 3142 1102 utilitatis
3169 1048 3399 1103 excellit.

2751 1160 2975 1218 CAPUT
3017 1159 3206 1216 XXXI.

2218 1254 2444 1310 Sensisse
2482 1253 2734 1324 putandus
2771 1263 2841 1306 est
2882 1252 3083 1322 Moyses
3119 1250 3361 1321 quidquid
3400 1251 3501 1306 ueri
3541 1259 3698 1320 potest
3740 1252 3793 1306 in

2705 1343 2860 1411 ipsius
2887 1342 3044 1396 verbis
3070 1341 3299 1396 inveniri.

2288 1459 2375 1513 42.
2404 1458 2477 1512 lta
2506 1472 2626 1511 cum
2652 1457 2788 1510 alius
2811 1455 3039 1521 dixerit,
3071 1455 3181 1509 lloc
3209 1455 3376 1509 sensit
3412 1455 3553 1526 quod
3584 1469 3709 1525 ego;
3741 1465 3795 1510 et

2216 1550 2372 1614 alius,
2402 1549 2509 1602 lmo
2541 1549 2667 1602 illud
2697 1546 2838 1616 quod
2868 1561 2999 1617 ego;
3026 1546 3325 1616 religiosius
3353 1561 3438 1601 me
3464 1546 3693 1601 arbitror
3715 1547 3795 1601 di-

2217 1655 2370 1704 cere,
2397 1638 2506 1693 Cur
2532 1653 2636 1692 non
2673 1647 2952 1706 utrumque
2989 1637 3162 1706 potius
3181 1675 3194 1698 ,
3225 1636 3270 1690 si
3301 1646 3582 1705 utrumque
3607 1651 3794 1690 verum

2217 1730 2338 1785 est?
2360 1730 2425 1783 Et
2451 1730 2495 1783 si
2521 1729 2647 1798 quid
2675 1727 2908 1791 tertium,
2933 1735 2989 1782 et
3014 1726 3060 1781 si
3086 1725 3210 1795 quid
3237 1733 3501 1795 quartum,
3525 1735 3578 1779 et
3601 1727 3644 1778 si
3672 1726 3795 1795 quid

2219 1821 2436 1876 omnino
2465 1817 2604 1872 aliud
2630 1833 2812 1873 verum
2835 1817 3094 1886 quispiam
3116 1816 3166 1869 in
3201 1815 3282 1870 his
3311 1814 3485 1868 verbis
3505 1813 3682 1879 videt;
3704 1830 3796 1869 cur

2221 1926 2326 1965 non
2355 1911 2442 1965 illa
2471 1909 2647 1964 omnia
2681 1908 2876 1964 vidisse
2900 1907 3167 1970 credatur,
3194 1921 3288 1976 per
3311 1921 3468 1976 quem
3497 1923 3634 1962 unus
3657 1907 3794 1962 Deus

2221 2017 2398 2056 sacras
2430 2001 2655 2056 Litteras
2679 2015 2804 2055 vera
2829 2009 2881 2054 et
2909 1999 3115 2054 diversa
3143 1998 3335 2053 visuris
3364 2000 3646 2053 multorum
3671 2013 3795 2054 sen-

2221 2094 2367 2148 sibus
2389 2091 2739 2162 temperavit?
2762 2091 2872 2161 Ego
2890 2099 3052 2155 certe,
3078 2088 3218 2160 quod
3240 2089 3535 2161 intrepidus
3553 2089 3618 2143 de
3639 2089 3798 2144 corde

2222 2198 2342 2239 meo
2374 2183 2675 2250 pronuntio,
2700 2182 2745 2236 si
2774 2182 2839 2236 ad
2866 2181 3077 2236 culmen
3099 2181 3428 2236 auctoritatis
3446 2179 3645 2250 aliquid
3666 2181 3799 2234 scri-

2223 2275 2440 2341 berem;
2471 2275 2550 2330 sic
2578 2276 2786 2330 mallem
2813 2274 3065 2340 scribere,
3093 2282 3151 2328 ut
3179 2273 3318 2343 quod
3346 2272 3459 2328 veri
3483 2273 3708 2342 quisque
3733 2272 3800 2327 de

2224 2366 2309 2421 his
2335 2366 2495 2422 rebus
2521 2379 2714 2434 capere
2736 2374 2933 2434 posset,
2965 2379 3082 2419 mea
3105 2365 3262 2420 verba
3284 2371 3616 2430 resonarcnt,
3641 2377 3799 2433 quam

2224 2465 2284 2513 ut
2310 2471 2470 2513 unam
2497 2473 2677 2512 veram
2701 2458 3018 2512 sententiam
3043 2456 3110 2511 ad
3134 2456 3234 2511 hoc
3258 2457 3492 2524 apertius
3521 2469 3799 2525 ponerem,

2225 2557 2281 2603 ut
2307 2547 2646 2602 excluderem
2673 2556 2890 2601 caeteras
2911 2587 2924 2610 ,
2952 2561 3172 2616 quarum
3201 2544 3399 2600 falsitas
3423 2560 3510 2600 me
3537 2560 3644 2600 non
3674 2559 3800 2614 pos-

2224 2647 2308 2692 set
2333 2636 2618 2691 oﬁ‘cndere.
2643 2636 2775 2690 Nolo
2802 2637 3003 2706 itaque,
3039 2636 3178 2690 Deus
3215 2651 3395 2701 meus,
3434 2643 3542 2690 tam
3568 2647 3802 2705 prmecps

2225 2744 2364 2796 esse,
2395 2740 2450 2784 ut
2479 2729 2580 2783 hoc
2607 2729 2749 2782 illum
2776 2728 2945 2782 virum
2973 2727 3040 2783 de
3067 2736 3120 2782 te
3144 2729 3402 2782 meruisse
3429 2743 3535 2782 non
3563 2726 3797 2783 credam.

2225 2821 2407 2879 Sensit
2434 2821 2522 2876 ille
2547 2821 2764 2875 omnino
2790 2821 2844 2874 in
2878 2820 2958 2874 bis
2990 2818 3195 2884 verbis,
3225 2829 3381 2888 atque
3408 2818 3656 2888 cogitavit
3679 2832 3798 2872 cum

2229 2929 2291 2970 ea
2319 2914 2594 2976 scriberet,
2623 2913 2875 2982 quidquid
2904 2911 2988 2966 hic
3017 2913 3126 2966 veri
3155 2912 3419 2980 potuimus
3446 2912 3716 2974 invenire,
3744 2916 3800 2964 et

2228 3003 2480 3074 quidquid
2512 3019 2608 3056 nos
2633 3019 2737 3056 non
2767 3002 3064 3071 potuimus,
3093 3009 3185 3055 aut
3222 3001 3455 3056 nondum
3484 3013 3795 3071 possumus,

2225 3073 2284 3151 et
2312 3105 2485 3150 tamen
2517 3094 2569 3148 in
2597 3095 2674 3148 eis
2701 3093 2920 3148 inveniri
2951 3100 3140 3161 potest.
3858 3073 3864 3078 ’

2793 3227 3018 3282 CAPUT
3056 3226 3267 3281 XXXII.

2309 3321 2424 3377 Veri
2449 3320 2730 3395 Scriptura
2756 3336 2927 3374 sensus
2957 3337 2987 3372 α
3014 3320 3209 3390 Spiritu
3235 3329 3406 3374 sancto
3431 3319 3728 3374 revelantur.

2302 3437 2388 3491 45.
2424 3436 2720 3502 Postremo,
2747 3432 2968 3488 Domine
2991 3433 3080 3504 qui
3103 3434 3242 3489 Deus
3267 3448 3326 3489 es
3345 3475 3359 3500 ,
3389 3442 3444 3489 et
3468 3447 3575 3488 non
3601 3447 3722 3488 caro
3749 3443 3809 3488 et

2241 3527 2474 3597 sanguis;
2505 3527 2549 3582 si
2574 3527 2701 3598 quid
2729 3526 2889 3580 homo
2914 3527 3088 3581 minus
3111 3526 3291 3593 videt,
3323 3526 3580 3596 numquid
3608 3535 3662 3581 et
3685 3525 3811 3596 Spi-

2233 3619 2393 3673 ritum
2423 3628 2567 3673 tuum
2595 3619 2787 3672 bonum
2815 3617 2903 3686 qui
2933 3615 3157 3672 deducet
3184 3631 3270 3672 me
3299 3617 3350 3670 in
3389 3626 3582 3671 terram
3606 3625 3812 3672 rectam

2236 3708 2254 3782 (
2278 3709 2417 3764 Psal.
2441 3725 2608 3776 cxut,
2638 3708 2702 3764 10
2725 3708 2764 3776 ),
2794 3708 2960 3763 latere
2987 3708 3194 3777 potuit,
3219 3707 3471 3779 quidquid
3500 3722 3618 3762 eras
3647 3709 3700 3762 in
3727 3708 3813 3764 eis

2233 3801 2409 3855 verbis
2435 3809 2488 3854 tu
2519 3801 2628 3870 ipse
2654 3798 2981 3854 revelaturus
3009 3799 3300 3869 legentibus
3327 3800 3574 3869 posteris,
3597 3799 3812 3856 etiamsi

2236 3889 2326 3945 ille
2353 3904 2446 3959 per
2474 3904 2630 3959 quem
2655 3888 2794 3944 dicta
2821 3897 2966 3954 sunt,
2993 3904 3149 3944 unam
3179 3887 3416 3944 fortassis
3438 3905 3500 3944 ex
3522 3890 3700 3944 multis
3720 3904 3816 3944 ve-

2236 3983 2311 4038 ris
2339 3982 2652 4038 senteutiam
2682 3981 3130 4051 cogitavit?Quod
3153 3981 3194 4036 si
3217 3982 3287 4035 ita
3315 3990 3415 4047 est,
3447 3982 3515 4036 sit
3541 3983 3702 4053 igitur
3721 3981 3817 4036 illa

2237 4089 2394 4144 quam
2417 4073 2661 4143 cogitavit
2684 4072 2889 4128 czeteris
2917 4071 3180 4126 excelsior
3203 4071 3240 4124 ³.
3264 4070 3428 4126 Nobis
3457 4081 3633 4126 autem
3655 4113 3670 4136 ,
3703 4071 3817 4125 Do-

2239 4164 2400 4230 mine,
2425 4173 2514 4218 aut
2537 4164 2702 4234 ipsam
2731 4161 3032 4217 demonstra
3054 4203 3068 4227 ,
3090 4168 3180 4216 aut
3209 4176 3365 4231 quam
3396 4161 3566 4230 placet
3587 4161 3815 4216 alteram

2241 4270 2454 4321 veram;
2481 4264 2534 4308 ut
2563 4255 2672 4309 sive
2701 4255 2852 4310 nobis
2889 4255 2988 4309 hoc
3015 4253 3155 4324 quod
3183 4255 3341 4307 etiam
3370 4253 3442 4308 illi
3472 4253 3671 4308 homini
3698 4263 3816 4316 tuo,

2240 4347 2350 4402 sive
2375 4345 2514 4402 aliud
2552 4361 2616 4400 ex
2646 4344 2950 4400 eorumdem
2985 4345 3266 4400 verborum
3296 4345 3575 4399 occasione
3608 4343 3818 4414 patefao

2191 4439 2216 4467 ’
2236 4440 2366 4504 cias,
2392 4446 2444 4492 tu
2467 4447 2638 4492 tamen
2661 4452 2864 4507 pascas,
2888 4452 2990 4491 non
3012 4453 3161 4492 error
3185 4435 3386 4492 illudat.
3410 4437 3566 4502 Ecce,
3594 4436 3820 4492 Domine

2243 4530 2380 4586 Deus
2404 4543 2573 4596 meus,
2597 4543 2754 4600 quam
2772 4528 2931 4582 multa
2953 4527 3018 4584 de
3040 4528 3219 4598 paucis
3237 4527 3431 4594 verbis,
3449 4541 3606 4596 quam
3625 4526 3816 4590 multa,

2241 4637 2336 4678 oro
2363 4631 2412 4677 tc
2431 4663 2444 4687 ,
2474 4621 2811 4690 scripsimus?
2836 4621 2963 4689 Quae
2993 4629 3186 4676 nostra:
3221 4621 3386 4684 vires,
3425 4636 3542 4690 qua:
3573 4629 3820 4690 tempora

2240 4713 2486 4768 omnibus
2508 4709 2678 4766 Libris
2700 4712 2800 4766 tuis
2825 4711 2891 4765 ad
2918 4711 3075 4767 istum
3097 4711 3309 4766 modum
3329 4711 3593 4766 sufﬁcient
3609 4711 3665 4763 "i
3689 4710 3822 4766 Sine

2241 4809 2417 4876 itaque
2441 4819 2527 4858 me
2548 4803 2758 4858 brevius
2785 4803 2837 4858 in
2859 4805 2940 4859 eis
2959 4803 3198 4859 conﬁteri
3225 4803 3337 4869 tibi,
3362 4813 3415 4858 et
3437 4803 3632 4873 eligere
3653 4819 3823 4858 unum

2240 4891 2437 4965 aliquid
2458 4893 2596 4965 quod
2627 4901 2678 4947 tu
2707 4892 3042 4963 inspiraveris
3061 4907 3265 4952 verum.
3287 4901 3488 4948 certum
3514 4900 3568 4948 et
3595 4891 3698 4947 bon
3710 4908 3823 4950 um.

2241 4984 2448 5041 etiamsi
2475 4985 2633 5039 multa
2667 4985 3014 5050 occurrerint,
3045 4984 3134 5039 ubi
3167 4974 3327 5038 multa
3356 4994 3636 5038 occurrere
3669 4994 3827 5054 pote-

2241 5084 2394 5140 runt;
2427 5091 2487 5130 ea
2517 5073 2618 5130 ﬁde
2646 5073 2992 5130 confessiOuis
3021 5090 3174 5141 meae,
3197 5083 3254 5128 ut
3281 5075 3324 5129 si
3354 5075 3454 5128 hoc
3473 5072 3656 5129 dixero
3683 5072 3828 5144 quod

2243 5165 2408 5220 sensit
2432 5165 2672 5219 minister
2696 5172 2844 5228 tuus,
2868 5173 3012 5220 recte
3031 5173 3187 5235 atque
3210 5167 3436 5234 optime;
3475 5165 3527 5219 id
3555 5164 3701 5220 enim
3738 5179 3831 5220 co-

2244 5256 2357 5309 nari
2401 5270 2486 5309 tne
2525 5255 2933 5324 Oportetzquod
2976 5255 3020 5308 si
3068 5263 3336 5310 assecutus
3384 5271 3485 5309 non
3536 5254 3680 5308 fuero
3713 5297 3729 5323 ,
3775 5253 3826 5307 id

2243 5352 2420 5400 tamen
2453 5345 2626 5401 dicam
2656 5347 2796 5417 quod
2839 5348 2964 5400 mihi
3005 5363 3101 5418 per
3143 5347 3258 5417 ejus
3288 5348 3446 5403 verba
3480 5347 3684 5402 Veritas
3738 5355 3824 5402 tua

2243 5439 2420 5495 dicere
2442 5439 2690 5508 voluerit,
2713 5455 2830 5510 qua:
2853 5440 2924 5494 illi
2949 5457 3156 5512 quoque
3175 5441 3304 5497 dixit
3330 5439 3470 5512 quod
3487 5440 3670 5496 voluit.

2309 5616 2325 5648 ¹
2353 5612 2686 5679 Επςειζρηείοτ,
2706 5615 2840 5677 juxta
2865 5631 2983 5679 comi
3001 5620 3136 5668 iures
3159 5619 3328 5668 editos.
3355 5627 3411 5667 tu.

2307 5679 2328 5708 '
2350 5675 2617 5739 Stttﬁct'anh
2637 5675 2772 5738 inita
2793 5688 2959 5729 Summ.
2974 5675 3095 5729 ἈΙ-η.
3125 5689 3175 5729 et
3200 5688 3326 5730 Mart.
3353 5692 3463 5730 eum
3485 5678 3516 5727 4
3537 5686 3639 5729 Mss.
3669 5685 3723 5728 ill.
