4078 6366
323 478 3370 509 W—W

3439 336 3610 425 sto

323 347 436 405 885
1540 348 1743 405 LIBER
1781 349 2077 409 DECIMUS
2115 350 2422 412 TERTIUS.

907 581 1392 688 LIBER
1486 582 2198 691 DECIMUS
2282 584 3008 699 TERTIUS.

381 770 470 819 Dei
492 769 830 842 bonitatemju
854 780 1021 818 rerum
1044 766 1358 844 productione
1377 775 1434 816 ac
1454 764 1755 844 perfectique
1774 764 2006 844 {elucere
2012 777 2030 844 ξ
2030 765 2332 844 inmederi}
2344 768 2833 844 peumr‘trinitatem,
2848 772 3124 844 ipsiusque
3131 778 3486 844 proprietatem
3497 780 3613 844 Spi.

316 832 443 903 ritus
462 833 615 881 sancti
638 825 1070 905 primispeneseos
1086 830 1250 905 verbis
1272 825 1499 905 insinuari
1511 825 2075 905 ostendit.
2087 828 2598 905 vero‘totameouditi
2613 832 2789 905 mundi
2811 825 3059 885 historiam
3080 825 3609 905 magnﬁce-intamin-

318 893 503 943 tatione
520 887 751 943 transfert
767 892 827 942 ad
845 905 904 943 ea
926 905 1037 957 quae
1054 899 1185 942 Deus
1206 891 1255 940 in
1276 889 1487 941 Ecclesia
1506 889 1566 939 ad
1590 889 1835 938 hominum
1857 889 2161 937 sanctitatem
2185 894 2238 937 et
2258 887 2462 950 gloriam
2482 898 2727 953 Operam.

1764 1016 2133 1074 more

812 1173 1038 1231 CAPUT
1078 1170 1358 1229 PRIMUM.

314 1267 530 1321 Invocat
554 1265 748 1331 Deum,
778 1267 924 1338 cujus
971 1265 1189 1319 bonitate
1225 1280 1278 1318 se
1307 1270 1612 1333 pulmentum
1650 1255 1894 1329 agnoscit.

384 1360 441 1414 1.
480 1357 671 1413 Invoco
692 1367 763 1424 te,
786 1358 928 1412 Deus
948 1372 1095 1411 meus
1111 1398 1124 1419 ,
1148 1353 1511 1410 misericordia
1538 1365 1651 1405 mea
1669 1390 1684 1415 ,
1710 1345 1801 1418 qui
1820 1344 1900 1400 fe-

314 1449 429 1504 cisti
460 1464 582 1517 me,
607 1456 662 1505 et
694 1448 915 1505 oblitum
947 1448 1020 1504 lui
1056 1447 1253 1502 oblitus
1287 1461 1393 1500 non
1434 1458 1511 1499 es.
1540 1441 1733 1497 invoco
1762 1450 1813 1495 te
1842 1439 1896 1494 in

310 1542 544 1596 animam
572 1557 743 1599 meam
763 1583 779 1609 ,
811 1557 969 1613 quam
1010 1555 1275 1611 prmparas
1302 1538 1369 1594 ad
1398 1536 1714 1607 capiendum
1752 1543 1805 1590 te
1829 1548 1895 1588 ex

308 1632 577 1689 desiderio
595 1633 735 1704 quod
762 1633 987 1703 inspiras
1011 1633 1060 1688 ei
1086 1649 1098 1685 :
1124 1645 1265 1686 nunc
1286 1630 1618 1685 invocantem
1642 1635 1693 1681 te
1718 1641 1785 1681 ne
1803 1625 1899 1680 de-

309 1738 481 1790 seras,
499 1723 590 1794 qui
612 1724 913 1795 priusquam
936 1724 1239 1778 invocarem
1264 1719 1564 1792 praevenisti
1585 1727 1638 1775 et
1657 1718 1895 1775 institisti

305 1812 654 1870 crebrescens
693 1813 1019 1870 multimodis
1045 1813 1263 1869 vocibus
1281 1852 1298 1880 ,
1327 1820 1384 1866 ut
1412 1810 1650 1867 audirem
1680 1809 1747 1863 de
1781 1809 1898 1863 lon-

305 1906 506 1977 ginquo
531 1914 584 1962 et
610 1914 968 1970 converterer,
1001 1914 1055 1961 et
1083 1912 1363 1960 vocantem
1383 1918 1470 1958 me
1490 1902 1792 1957 invocarem
1822 1908 1892 1955 te.

304 1997 390 2053 't‘u
418 1999 561 2055 enim
580 2041 596 2067 ,
630 1999 879 2063 Domine,
910 1998 1148 2054 delevisti
1175 1998 1351 2052 omnia
1376 1996 1514 2052 mala
1534 1994 1722 2050 merita
1752 2008 1892 2059 mea,

306 2104 378 2144 ne
401 2090 725 2145 retribueres
750 2090 997 2145 manibus
1026 2089 1159 2145 meis
1183 2088 1238 2143 in
1266 2087 1463 2159 quibus
1485 2101 1516 2141 a
1542 2095 1594 2141 te
1616 2084 1784 2140 defeci
1804 2101 1820 2151 ;
1842 2092 1897 2138 et

306 2183 612 2251 prmi-enisti
633 2183 806 2237 omnia
832 2183 967 2238 bona
989 2183 1178 2237 merita
1197 2196 1335 2246 mea,
1358 2190 1416 2235 ut
1441 2179 1764 2236 retribueres
1785 2193 1893 2231 ma-

304 2274 463 2330 nibus
494 2276 598 2330 tuis
621 2276 813 2347 quibus
833 2290 920 2331 mc
937 2275 1105 2331 fecisti
1126 2292 1140 2329 :
1160 2275 1282 2345 quia
1301 2274 1673 2344 etpriusquam
1695 2285 1891 2337 essem,

305 2373 363 2419 tu
390 2380 543 2432 eras;
574 2382 672 2422 nec
700 2382 846 2423 eram
888 2368 971 2423 οιιί
1002 2374 1287 2437 prmstares
1312 2373 1369 2420 111.
1399 2380 1605 2427 essem;
1633 2372 1689 2418 et
1715 2371 1893 2416 tamen

300 2471 432 2511 ecce
452 2471 567 2511 sum
589 2473 653 2513 ex
677 2458 913 2513 bonitate
935 2466 1021 2513 tua
1048 2456 1405 2528 praeveniente
1428 2464 1591 2511 totum
1624 2454 1726 2509 hoc
1750 2452 1893 2523 quod

304 2565 393 2603 me
421 2547 614 2617 fecisti,
642 2560 697 2605 et
724 2551 864 2607 unde
885 2566 970 2606 me
987 2549 1179 2607 fecisti.
1201 2550 1383 2620 Neque
1407 2550 1548 2604 enim
1574 2547 1761 2618 eguisti
1785 2562 1889 2611 me,

300 2647 395 2693 aut
439 2655 541 2710 ego
580 2641 683 2697 tale
726 2642 921 2696 bonum
964 2657 1079 2696 sum
1122 2656 1226 2712 quo
1257 2650 1311 2696 tu
1342 2640 1641 2711 adjuveris,
1673 2638 1896 2693 Domine

303 2744 458 2785 meus
481 2739 536 2785 et
559 2732 699 2787 Deus
726 2747 910 2798 meus;
942 2747 1046 2786 non
1075 2742 1131 2787 ut
1161 2730 1254 2786 tibi
1286 2731 1364 2787 sie
1392 2732 1619 2786 serviam
1650 2730 1799 2800 quasi
1826 2742 1895 2783 ne

301 2821 543 2893 fatigeris
572 2824 625 2878 in
653 2823 880 2895 agendo,
913 2832 1005 2879 aut
1033 2838 1100 2878 ne
1129 2824 1302 2878 minor
1332 2824 1400 2879 sit
1427 2830 1661 2892 potestas
1688 2831 1775 2875 tua
1799 2834 1893 2873 ca-

301 2927 433 2969 rens
473 2916 730 2987 obsequio
771 2933 921 2982 meo;
972 2932 1145 2988 neque
1196 2925 1254 2972 ut
1302 2916 1380 2971 sic
1426 2925 1478 2972 te
1523 2916 1694 2971 colam
1743 2913 1894 2985 quasi

300 3020 501 3066 terram
523 3052 537 3075 ,
570 3021 627 3067 ut
651 3013 725 3068 sis
751 3012 980 3068 incultus
1007 3012 1051 3068 si
1081 3026 1186 3066 non
1217 3022 1269 3067 te
1296 3011 1496 3075 colam;
1541 3008 1635 3064 sed
1680 3017 1736 3063 ut
1775 3021 1895 3062 ser-

306 3104 445 3158 viam
477 3102 571 3157 tibi
598 3112 651 3158 ct
679 3103 851 3159 colam
878 3112 930 3160 te
949 3144 963 3167 ,
992 3110 1053 3157 ut
1077 3102 1143 3158 de
1174 3112 1224 3159 te
1250 3102 1382 3157 mihi
1425 3101 1563 3157 bene
1600 3100 1704 3168 sit,
1732 3114 1763 3153 a
1788 3114 1894 3171 quo

304 3194 439 3251 mihi
466 3190 551 3249 est
578 3204 634 3249 ut
663 3194 764 3250 sim
790 3195 875 3250 cui
902 3194 1038 3250 bene
1066 3195 1157 3250 sit.

936 3286 1163 3345 CAPUT
1201 3286 1265 3343 II.

376 3381 633 3435 Creaturw
650 3396 713 3435 ea:
730 3378 830 3435 Dei
852 3379 1071 3435 bonitate
1096 3379 1371 3435 subsistunt
1398 3388 1446 3434 et
1474 3379 1821 3450 perﬁciuntur.

373 3473 431 3527 9..
465 3473 538 3527 Ex
565 3472 895 3543 plenitudine
915 3472 1109 3544 quippe
1133 3472 1385 3529 bonitatis
1412 3481 1515 3527 tua:
1538 3481 1780 3527 creatura
1806 3482 1894 3526 tua

304 3564 567 3628 subsistit,
598 3574 655 3620 ut
679 3564 877 3619 bonum
903 3563 1045 3636 quod
1073 3564 1168 3619 tibi
1193 3563 1325 3618 nihil
1358 3562 1667 3633 prodesset,
1698 3578 1799 3620 nec
1827 3564 1895 3619 de

309 3664 364 3710 te
385 3654 588 3725 :equale
614 3655 707 3712 tibi
735 3664 895 3722 esset,
921 3664 1099 3711 tamen
1120 3655 1239 3725 quia
1260 3670 1327 3710 ex
1358 3663 1411 3710 te
1433 3654 1545 3711 fieri
1571 3655 1764 3724 potuit,
1787 3672 1891 3711 nou

304 3744 537 3801 deesset.
568 3745 705 3815 Quid
732 3746 875 3802 enim
904 3754 953 3801 te
983 3746 1277 3815 promeruit
1301 3746 1495 3801 coelum
1515 3754 1573 3801 et
1591 3755 1749 3812 terra,
1773 3762 1893 3817 qua:

306 3834 478 3891 fecisti
498 3837 550 3891 in
576 3836 842 3908 principio
860 3837 1100 3891 ‘I'Dicant
1124 3836 1249 3908 quid
1278 3845 1330 3892 te
1358 3847 1767 3909 promeruerunt
1787 3839 1894 3909 spi-

303 3925 511 3983 ritualis
533 3927 929 3999 corporalisque
958 3935 1145 3983 natura
1169 3930 1206 3995 ί,
1236 3943 1368 3999 quas
1394 3929 1563 3986 fecisti
1593 3930 1644 3985 in
1666 3930 1891 4002 Sapien-

306 4020 377 4074 tia
405 4028 495 4075 tua
515 4061 532 4086 ,
563 4029 622 4075 ut
647 4019 769 4076 inde
793 4020 1090 4091 penderent
1114 4021 1271 4076 etiam
1300 4021 1544 4078 inchoata
1569 4032 1624 4079 et
1648 4023 1890 4079 informia

301 4127 530 4183 quaeque
568 4112 625 4169 in
666 4128 863 4184 genere
891 4128 1025 4181 suo,
1063 4114 1148 4170 vel
1190 4115 1448 4183 spirituali
1476 4115 1560 4171 vel
1589 4118 1887 4186 corporali,

302 4205 483 4260 euntia
510 4205 568 4260 in
596 4205 1111 4273 immoderationem,
1138 4214 1193 4260 et
1216 4206 1269 4260 in
1292 4206 1628 4277 longinquam
1658 4208 1891 4264 dissimi-

302 4293 579 4350 litudinem
598 4303 776 4361 tuam;
802 4295 1077 4366 spirituale
1097 4295 1323 4350 informe
1350 4297 1703 4366 prmstautius,
1730 4314 1887 4367 quam

298 4385 343 4439 si
374 4384 661 4441 formatum
690 4401 886 4457 corpus
918 4395 1096 4452 esset;
1141 4386 1418 4458 corporale
1445 4395 1621 4443 autem
1662 4389 1889 4447 informe

302 4479 678 4546 praestantius,
725 4494 886 4550 quam
922 4480 968 4534 si
1006 4480 1224 4535 omnino
1254 4480 1383 4535 nihil
1424 4490 1601 4536 esset:
1627 4489 1786 4552 atque
1816 4483 1885 4538 ita

300 4568 599 4637 penderent
628 4568 680 4624 in
708 4579 800 4625 tuo
831 4570 1002 4625 Verbo
1032 4571 1297 4639 informia,
1333 4571 1431 4626 nisi
1462 4586 1557 4641 per
1584 4571 1726 4629 idem
1755 4572 1887 4628 Ver-

300 4659 425 4715 bum
453 4671 833 4717 revocarentur
859 4662 926 4716 ad
954 4663 1206 4719 unitatem
1232 4671 1395 4731 tuam,
1426 4672 1480 4719 et
1508 4663 1881 4729 formarentur,

298 4761 352 4806 et
370 4761 555 4808 essent
580 4754 649 4809 ab
669 4768 775 4809 uno
799 4762 848 4808 te
874 4769 1086 4809 summo
1108 4754 1249 4809 bono
1274 4756 1522 4811 universa
1548 4753 1687 4813 bona
1708 4756 1880 4812 valde.

299 4843 435 4912 Quid
460 4854 512 4901 te
536 4847 975 4916 promeruerant'
998 4855 1053 4901 ut
1071 4855 1251 4902 essent
1270 4847 1457 4903 saltem
1470 4847 1741 4917 informia,
1764 4866 1883 4921 quae

298 4949 471 5004 neque
496 4934 601 4991 hoc
626 4944 830 5004 essent,
860 4938 960 4993 nisi
989 4952 1056 4993 ex
1088 4939 1177 4993 te?

365 5026 420 5081 3.
448 5026 586 5092 Quid
614 5036 665 5082 te
692 5031 985 5098 promeruit
1017 5030 1265 5086 materies
1290 5031 1579 5102 corporalis
1597 5073 1613 5099 ,
1646 5040 1705 5087 ut
1732 5043 1876 5090 esset

298 5117 490 5176 saltem
514 5118 775 5176 invisibilis
796 5130 842 5176 et
864 5122 1194 5194 incomposita
1222 5121 1375 5196 (Gen.
1399 5123 1506 5195 1,1)
1525 5125 1549 5179 ἲ
1567 5126 1689 5195 quia
1710 5142 1883 5198 neque

299 5207 399 5264 hoc
422 5218 590 5280 esset,
616 5212 717 5268 nisi
744 5212 865 5284 quia
896 5213 1068 5269 fecisti
1097 5229 1250 5280 eam;
1281 5214 1506 5285 ideoque
1528 5226 1601 5285 te,
1630 5217 1749 5287 quia
1772 5233 1878 5274 non

297 5311 431 5367 erat,
457 5306 747 5372 promereri
776 5315 834 5361 ut
861 5316 1001 5363 esset
1029 5322 1134 5361 non
1163 5314 1389 5376 poterat.
1412 5308 1518 5363 Aut
1536 5309 1661 5379 quid
1682 5318 1735 5365 te
1759 5326 1881 5381 pro~

202 5462 207 5467 η
297 5395 491 5450 meruit
516 5395 784 5454 inchoatio
807 5408 1063 5455 creaturae
1092 5399 1398 5470 spiritualis,
1431 5409 1488 5455 ut
1514 5401 1703 5457 saltem
1727 5411 1877 5461 tene-

298 5527 383 5637 mi;
406 5525 691 5650 sgmngéﬁ
719 5531 1087 5641 cgrporafesque
1126 5537 1315 5584 natura:
1333 5566 1350 5595 ,
1381 5533 1525 5596 juxta
1552 5540 1727 5587 somm.
1760 5543 1813 5587 et
1847 5537 1881 5589 5

297 5707 327 5755 ⁴
348 5652 804 5763 ἰένοὲιθνιιρῖιωι,
824 5656 963 5720 juxta
990 5664 1163 5707 somm.
1186 5656 1309 5708 Dub.
1338 5663 1468 5709 Hart.
1502 5664 1555 5711 et
1588 5659 1734 5709 Rond.
1768 5673 1880 5711 cum

2010 1153 2168 1209 brosa
2206 1155 2434 1214 tluitaret
2460 1161 2651 1218 similis
2676 1163 2902 1236 abysso,
2934 1166 3009 1220 tui
3035 1168 3339 1239 dissimilis,
3370 1174 3472 1229 nisi
3502 1191 3601 1247 per

2008 1243 2150 1300 idem
2183 1247 2411 1304 Verbum
2436 1261 2837 1309 converteretur
2867 1256 2935 1310 ad
2963 1257 3102 1312 idem
3128 1275 3156 1312 a
3183 1276 3289 1331 quo
3315 1262 3452 1320 facta
3478 1243 3561 1322 est
3581 1308 3596 1331 ,

2005 1342 2165 1406 atque
2201 1337 2268 1391 ab
2297 1354 2364 1395 eo
2389 1340 2683 1397 illuminata
2713 1345 2802 1400 lux
2830 1348 2999 1413 fieret,
3023 1351 3264 1419 quamvis
3290 1370 3395 1409 non
3421 1371 3601 1428 mqua-

2005 1426 2152 1494 liter,
2183 1437 2359 1487 tamen
2390 1432 2678 1491 conformis
2700 1436 2885 1493 formae
2908 1440 3099 1511 aequali
3126 1444 3261 1499 tibi?
3278 1445 3427 1502 Sicut
3451 1426 3597 1507 enim

2003 1524 2219 1593 corpori
2248 1540 2353 1581 non
2395 1526 2497 1585 hoc
2523 1537 2605 1583 est
2629 1543 2750 1586 esse
2776 1530 2917 1601 quod
2947 1532 3227 1603 pulchrum
3272 1553 3425 1609 esse,
3455 1541 3596 1597 alio-

2003 1616 2131 1684 quin
2160 1616 2397 1674 deforme
2419 1633 2540 1675 esse
2567 1633 2673 1675 non
2703 1632 2919 1692 posset:
2948 1625 3018 1680 ita
3049 1628 3206 1683 etiam
3235 1640 3416 1688 creato
3436 1636 3598 1704 spiri-

2004 1706 2079 1761 tui
2112 1721 2216 1763 non
2248 1707 2300 1763 id
2324 1718 2407 1764 est
2430 1710 2629 1778 vivere,
2652 1711 2794 1781 quod
2819 1715 3089 1784 sapienter
3116 1719 3324 1789 vivere;
3359 1723 3593 1796 alioquin

2004 1798 2509 1857 incommutabiliter
2522 1813 2754 1873 saperet.
2774 1805 2979 1862 Bonum
2996 1818 3174 1866 autem
3195 1812 3269 1868 illi
3287 1824 3368 1871 est
3387 1816 3594 1875 haerere

2004 1890 2097 1943 tibi
2127 1905 2359 1961 semper,
2394 1908 2461 1947 ne
2488 1893 2631 1963 quod
2656 1884 2880 1965 adeptus
2914 1907 2995 1953 est
3023 1903 3407 1974 conversione,
3436 1921 3593 1964 aver-

2004 1979 2153 2035 sione
2182 1981 2361 2037 lumen
2386 1982 2612 2051 amittat,
2646 1992 2702 2040 et
2726 1986 2995 2042 relabatur
3017 1988 3069 2043 in
3100 1994 3258 2046 vitam
3293 1996 3592 2054 tenebrosae

2002 2071 2196 2143 abysso
2225 2074 2476 2129 similem.
2506 2074 2640 2130 Nam
2670 2086 2724 2131 et
2766 2092 2864 2133 nos
2903 2080 2993 2150 qui
3031 2082 3320 2139 secundum
3358 2087 3592 2143 animam

2002 2173 2245 2219 creatura
2274 2166 2563 2237 spiritualis
2591 2183 2795 2236 sumus,
2823 2172 2997 2225 aversi
3022 2186 3054 2226 a
3082 2181 3132 2230 te
3159 2186 3341 2230 nostro
3367 2176 3588 2244 lumine,
3688 2210 3693 2215 ι

2002 2252 2139 2308 inea
2160 2254 2263 2308 vita
2313 2256 2506 2311 fuimus
2546 2258 2830 2328 aliquando
2875 2262 3109 2318 tcnebra:
3157 2264 3381 2336 (Ephes.
3410 2283 3467 2337 γ,
3498 2272 3587 2340 8),

2003 2352 2055 2398 et
2084 2344 2141 2400 in
2169 2346 2405 2417 reliquiis
2432 2348 2777 2406 obscuritatis
2812 2360 3009 2407 nostra:
3044 2354 3381 2425 laboramus,
3417 2359 3590 2417 donec

2002 2436 2169 2493 simus
2188 2438 2391 2507 justitia
2421 2449 2507 2511 tua
2532 2441 2585 2496 in
2610 2442 2779 2498 Unico
2801 2451 2891 2499 tuo
2915 2446 3054 2501 sicut
3078 2457 3285 2505 montes
3307 2450 3401 2506 Dei
3425 2470 3440 2508 :
3464 2469 3588 2508 nam

1996 2525 2196 2596 judicia
2212 2535 2301 2585 tua
2319 2528 2533 2599 fuimus,
2551 2532 2686 2586 sicut
2702 2532 2924 2605 abyssus
2944 2535 3106 2592 multa
3121 2536 3294 2609 (Psat.
3307 2556 3481 2612 xxxv,
3505 2542 3588 2614 7).

2603 2642 2831 2701 CAPUT
2868 2644 2952 2700 ιη.

2504 2733 2588 2789 Ea:
2610 2733 2707 2789 Dei
2725 2738 2890 2807 gratia
2913 2739 3103 2792 omnia.

2073 2843 2127 2896 4.
2155 2841 2306 2909 Quod
2334 2853 2509 2900 autem
2538 2845 2588 2900 in
2616 2847 2801 2917 primis
2820 2847 3211 2905 conditionibus
3224 2849 3405 2908 dixiin
3428 2893 3446 2922 ,
3472 2853 3591 2911 Fiat

2002 2934 2111 3000 tum,
2134 2944 2182 2989 et
2198 2939 2332 3008 facta
2349 2946 2423 2991 est
2437 2937 2529 2992 tua:
2554 2937 2703 3010 (Gen.
2736 2955 2775 3005 ι,
2802 2939 2860 3013 5)
2884 2956 2899 3006 ;
2930 2955 3033 2996 non
3053 2942 3465 3015 incongruenter
3490 2948 3591 3005 hoc

2003 3025 2238 3097 intelligo
2265 3026 2319 3081 in
2345 3036 2588 3084 creatura
2625 3031 2924 3100 spirituaii;
2955 3032 3075 3103 quia
3099 3044 3216 3090 erat
3244 3035 3356 3106 jam
3386 3039 3588 3108 qualis-

2000 3129 2230 3186 cumque
2253 3117 2361 3172 vita
2384 3133 2541 3189 quam
2571 3119 2915 3176 illuminares.
2948 3122 3052 3177 Sed
3082 3123 3222 3179 sicut
3257 3141 3363 3183 non
3391 3137 3441 3183 te
3462 3144 3591 3199 pro-

2002 3217 2290 3277 meruerat,
2340 3218 2397 3264 ut
2423 3218 2566 3265 esset
2612 3211 2732 3266 talis
2759 3213 2863 3267 vita
2892 3227 3013 3283 qua:
3058 3214 3341 3273 illuminari
3372 3231 3587 3289 posset;

2002 3299 2075 3354 ita
2101 3314 2199 3354 nec
2226 3315 2348 3356 cum
2369 3301 2479 3371 jam
2507 3311 2670 3366 esset,
2694 3303 2988 3373 promeruit
3014 3312 3065 3360 te
3092 3314 3150 3360 ut
3175 3306 3585 3367 illuminaretur.

2002 3389 2185 3461 Neque
2209 3392 2352 3446 enim
2384 3391 2501 3461 ejus
2536 3391 2836 3449 informitas
2861 3393 3097 3464 placeret
3137 3397 3249 3463 tibi,
3277 3398 3323 3454 si
3359 3416 3466 3456 non
3496 3402 3590 3459 lux

2003 3481 2171 3550 fieret,
2203 3499 2310 3538 non
2348 3485 2647 3551 existendo,
2678 3485 2771 3541 sed
2803 3488 3054 3543 intuendo
3094 3489 3479 3549 illuminantem
3509 3494 3590 3550 lu-

2000 3586 2117 3628 cem
2142 3573 2297 3643 eique
2325 3572 2679 3640 cohterendo;
2714 3584 2849 3632 utet
2873 3577 3014 3647 quod
3043 3586 3327 3651 utcumque
3365 3583 3509 3650 vivit,
3534 3595 3590 3641 ct

1999 3663 2141 3733 quod
2177 3663 2330 3719 beate
2360 3664 2506 3730 vivit,
2548 3680 2654 3719 non
2684 3665 2902 3721 deberet
2939 3667 3039 3723 nisi
3074 3668 3260 3739 gratia:
3299 3678 3423 3739 tute,
3454 3676 3586 3728 cen-

2000 3768 2151 3808 versa
2180 3769 2274 3823 per
2297 3756 2770 3811 commutationem
2791 3757 3065 3814 meliorem
3084 3758 3152 3814 ad
3178 3760 3230 3815 id
3251 3762 3392 3831 quod
3415 3779 3588 3835 neque

1996 3845 2052 3900 in
2084 3847 2271 3902 melius
2301 3863 2472 3918 neque
2501 3849 2553 3903 in
2595 3849 2832 3905 deterius
2869 3853 3060 3908 mutari
3106 3863 3312 3924 potest;
3351 3857 3492 3926 quod
3529 3868 3587 3913 tu

1997 3939 2145 3997 solus
2172 3955 2252 4007 es,
2273 3941 2395 4012 quia
2422 3943 2569 3998 solus
2604 3942 2916 4013 simpliciter
2941 3959 3018 4010 es,
3072 3946 3157 4001 cui
3192 3960 3299 4001 non
3324 3957 3407 4004 est
3442 3948 3586 4006 aliud

1999 4030 2197 4097 vivere,
2225 4030 2366 4087 aliud
2397 4032 2549 4089 beate
2580 4033 2776 4100 vivere,
2822 4035 2943 4105 quia
2984 4045 3071 4090 tua
3110 4035 3381 4094 beatitudo
3410 4049 3465 4095 tu
3500 4055 3586 4097 es.

2590 4146 2819 4202 CAPUT
2859 4147 2948 4202 IV.

2371 4237 2508 4292 Deus
2533 4254 2631 4292 non
2661 4249 2770 4309 eget
2794 4240 2939 4295 rebus
2965 4242 3197 4298 conditis.

2066 4352 2119 4407 5.
2168 4350 2303 4418 Quid
2332 4353 2582 4422 ergotibi
2627 4352 2836 4408 deesset
2881 4355 2945 4408 ad
2977 4356 3172 4410 bonum
3214 4358 3353 4428 quod
3392 4367 3445 4414 tu
3490 4359 3583 4416 tibi

1994 4456 2070 4506 es,
2102 4442 2307 4497 etiamsi
2335 4442 2433 4497 ista
2464 4443 2548 4498 vel
2572 4446 2789 4499 omnino
2814 4445 2955 4499 nulla
2998 4456 3197 4514 essent,
3226 4449 3309 4503 vel
3338 4448 3581 4506 informia

1994 4541 2354 4601 remanerent,
2399 4550 2519 4605 qua:
2560 4551 2668 4589 non
2710 4552 2773 4591 ex
2821 4536 3107 4607 indigentia
3148 4539 3340 4605 fecisti,
3391 4542 3486 4598 sed
3514 4558 3581 4599 ex

1993 4623 2318 4692 plenitudine
2347 4624 2599 4679 bonitatis
2627 4633 2750 4691 tute,
2780 4627 3034 4683 cohibens
3069 4638 3228 4699 atque
3264 4642 3579 4689 convertens

1991 4714 2057 4770 ad
2087 4715 2331 4783 formam,
2359 4732 2466 4771 non
2496 4726 2553 4771 ut
2580 4724 2830 4785 tanquam
2855 4726 3001 4774 tuum
3032 4721 3281 4791 gaudium
3311 4723 3580 4793 complea-

1991 4813 2074 4860 tur
2101 4821 2166 4861 ex
2192 4807 2308 4861 eis?
2333 4806 2576 4863 Perfecto
2602 4808 2742 4863 enim
2775 4808 2870 4864 tibi
2894 4810 3137 4882 displicet
3160 4827 3345 4869 eorum
3373 4814 3576 4883 imper-

1991 4894 2165 4962 fectio,
2186 4905 2244 4952 ut
2262 4913 2324 4953 ex
2350 4909 2400 4953 te
2420 4898 2763 4969 perﬁciantur
2777 4910 2831 4956 et
2846 4902 2940 4956 tibi
2964 4903 3206 4973 placeant
3227 4921 3242 4970 ;
3272 4918 3379 4960 non
3396 4912 3575 4961 autem

1990 4986 2321 5057 imperfecto,
2369 4996 2618 5059 tanquam
2658 4999 2714 5045 et
2742 4999 2797 5046 tu
2836 5007 3019 5048 eorum
3053 4993 3375 5063 perfectione
3417 4995 3579 5064 perﬁ-

1988 5077 2208 5133 ciendus
2234 5079 2326 5133 sis.
2377 5077 2603 5150 Spiritus
2647 5080 2787 5136 enim
2817 5089 2937 5135 tuus
2977 5082 3148 5136 bonus
3169 5082 3577 5155 superferehatur

1986 5182 2138 5236 super
2163 5184 2321 5239 aquas
2356 5168 2542 5239 (Ibid.,
2563 5167 2620 5241 2)
2646 5186 2663 5235 ;
2704 5184 2809 5225 non
2838 5169 3103 5226 ferebatur
3128 5172 3197 5227 ab
3217 5173 3296 5229 eis
3322 5183 3573 5246 tanquam

1988 5256 2040 5311 in
2065 5258 2144 5312 eis
2168 5260 2543 5329 requiesceret.
2570 5260 2629 5315 In
2657 5260 2849 5331 quibus
2865 5262 3004 5317 enim
3023 5264 3355 5335 requiescere
3379 5265 3575 5324 dicitur

1986 5348 2214 5425 Spiritus
2242 5360 2364 5405 tuus
2388 5350 2727 5423 bonusUsai.
2755 5368 2833 5420 xu,
2860 5351 2939 5427 ‘2),
2969 5354 3068 5410 hos
3088 5356 3140 5411 in
3158 5372 3218 5412 se
3236 5359 3573 5429 requiescere

1987 5438 2132 5496 facit.
2166 5441 2272 5496 Sed
2295 5440 2727 5511 superferehatur
2751 5444 3167 5517 incorruptibilis
3193 5456 3249 5505 et
3275 5448 3571 5509 incommu-

1986 5534 2158 5589 tabilis
2176 5534 2420 5591 voluntas
2437 5544 2543 5602 tua,
2559 5536 2669 5607 ipsa
2691 5535 2742 5592 in
2763 5552 2823 5593 se
2842 5539 2941 5594 sibi
2963 5540 3252 5612 sufficiens,
3269 5558 3430 5616 super
3452 5559 3567 5601 eam

1983 5640 2139 5696 quam
2160 5625 2361 5682 feceras
2375 5627 2534 5683 vitam
2559 5645 2574 5692 ;
2601 5628 2685 5683 cui
2712 5645 2817 5684 non
2840 5640 2921 5687 est
2938 5633 3037 5688 hoc
3052 5635 3229 5690 vivere
3248 5636 3387 5707 quod
3417 5636 3572 5694 beato

1990 5717 2192 5785 vivere,
2207 5718 2328 5788 quia
2346 5718 2473 5775 vivit
2495 5720 2656 5775 etiam
2672 5718 2885 5779 fluitans
2912 5722 2964 5779 in
2980 5725 3301 5783 obscuritate
3319 5741 3413 5782 sua
3432 5744 3449 5793 ;
3479 5730 3565 5783 cui
