4078 6366
407 314 436 344 "
477 319 580 376 851

441 410 449 419 ’
482 441 644 491 restat
668 430 904 487 converti
924 428 988 485 ad
1017 443 1137 483 eum
1158 443 1186 481 a
1217 442 1323 498 quo
1340 426 1470 480 facta
1496 431 1662 489 est,et
1683 420 1850 490 magis
1879 417 2073 487 magis—

481 543 586 598 que
612 526 788 580 vivere
804 521 942 594 apud
966 522 1164 577 fontem
1185 519 1328 585 vitas,
1348 527 1400 573 et
1440 516 1494 570 in
1516 514 1714 569 lumine
1751 513 1868 581 ejus
1897 509 2074 562 videro

485 619 666 675 lumen
691 613 861 688 (Psaf.
877 627 1055 680 xxxv,
1074 610 1184 682 10),
1199 617 1254 665 et
1270 606 1533 679 perﬁci,et
1548 602 1818 667 illustrari,
1837 610 1889 655 et
1908 598 2073 653 beari.

1088 721 1320 781 CAPUT
1359 719 1426 775 ν.

490 823 714 878 Trinitas
740 822 825 892 qui
862 819 997 875 Deus
1024 825 1093 873 est
1124 830 1188 872 ex
1214 813 1391 939 ptﬁmis
1415 810 1572 867 verbis
1611 809 1856 869 Geneseos
1883 800 2076 860 intelli-

1189 903 1236 939 m
1265 901 1344 939 ur.
1367 899 1369 902 ‘

1189 899 1344 956 gitur.
1367 899 1369 902 ‘

561 985 617 1041 6.
672 982 811 1039 Ecce
848 987 1067 1052 apparet
1108 976 1234 1030 mihi
1265 975 1316 1028 in
1355 971 1633 1042 :rnigmate
1660 967 1910 1028 Trinitas,
1937 963 2077 1036 quod

492 1092 554 1134 es
583 1077 724 1131 Deus
766 1087 956 1134 meus;
999 1069 1247 1139 quoniam
1280 1076 1354 1130 tu,
1397 1063 1576 1129 Pater,
1612 1059 1667 1115 in
1697 1056 1963 1127 Principio
1993 1069 2080 1108 sa-

496 1167 709 1236 pientim
753 1172 948 1218 nostrae
971 1162 988 1194 ¹
1019 1159 1160 1231 quod
1200 1165 1283 1215 eSt
1319 1164 1409 1211 tua
1434 1152 1702 1224 Sapientia
1727 1151 1792 1205 de
1827 1157 1883 1204 te
1912 1156 2034 1203 nata
2062 1188 2077 1212 ,

490 1255 710 1330 aequalis
748 1254 842 1310 tibi
869 1261 926 1310 et
954 1258 1238 1312 cozetcrna,
1281 1247 1334 1301 id
1372 1253 1454 1302 est
1499 1245 1549 1297 in
1573 1238 1717 1298 Filio
1757 1251 1870 1306 tuo,
1913 1237 2081 1296 fecisti

488 1329 683 1407 emtum
714 1357 768 1403 et
803 1355 1020 1402 terram.
1053 1341 1121 1400 Et
1148 1341 1313 1398 multa
1341 1338 1572 1395 diximus
1598 1335 1664 1391 de
1693 1335 1829 1390 creto
1854 1329 1996 1399 costi,
2029 1339 2084 1388 et

486 1437 555 1500 de
581 1451 720 1498 terra
763 1436 1013 1496 invisibili
1037 1444 1092 1491 et
1119 1432 1490 1502 incomposita,
1522 1436 1576 1485 et
1602 1428 1668 1483 de
1695 1427 1890 1499 abysso
1929 1419 2080 1479 tene-

491 1533 672 1597 brosa,‘
722 1530 1015 1588 secundum
1055 1525 1344 1600 spiritualis
1391 1520 1729 1578 informitatis
1773 1513 2080 1591 vagabunda

487 1624 740 1696 deliquia,
766 1623 867 1679 nisi
897 1627 1300 1678 converteretur
1324 1615 1389 1671 ad
1411 1631 1530 1670 eum
1557 1629 1585 1667 a
1616 1630 1720 1684 quo
1743 1621 1859 1669 erat
1882 1611 2081 1682 qualis-

484 1728 714 1787 cumque
727 1715 853 1779 vita,
867 1720 921 1768 et
931 1708 1314 1768 illuminatione
1333 1707 1482 1762 fieret
1496 1705 1734 1776 speciosa
1747 1705 1928 1768 vita,et
1943 1710 2084 1759 esset
2127 1782 2131 1789 _

485 1809 681 1867 emtum
703 1808 822 1866 εαξιί
840 1806 975 1878 ejus,
997 1803 1133 1877 quod
1158 1804 1295 1857 inter
1309 1815 1497 1871 aquam
1517 1811 1563 1853 et
1584 1814 1771 1869 aquam
1795 1807 1976 1868 postea
2007 1797 2079 1853 ra.

483 1909 630 1960 etum
653 1911 764 1965 est;
789 1909 841 1954 t-t
855 1899 1096 1956 tenebam
1117 1897 1225 1967 jam
1245 1896 1453 1950 Patrem
1471 1894 1520 1948 in
1541 1893 1633 1948 Dei
1651 1892 1884 1958 nomine,
1903 1891 1989 1961 qui
2005 1889 2081 1946 fe-

486 1995 556 2051 eit
570 1995 705 2062 lucc,
723 1999 777 2048 et
789 1991 980 2050 Filium
998 1990 1049 2044 in
1061 1987 1312 2058 Principii
1330 1987 1542 2042 nomine
1557 1985 1609 2041 in
1622 1999 1726 2056 quo
1742 1984 1859 2039 fecit
1875 1983 2007 2042 lucc:
2026 1989 2079 2039 et

484 2081 799 2144 Trinitatem
816 2080 1037 2138 credens
1049 2082 1212 2138 Deum
1228 2095 1425 2145 nteant,
1442 2078 1593 2134 sicuti
1616 2074 1916 2142 credebam,
1933 2092 2080 2147 qua:-

391 2171 398 2178 ’
489 2175 668 2233 rebam
681 2176 731 2230 in
751 2174 973 2245 eloquiis
987 2173 1184 2228 sanctis
1195 2169 1328 2242 ejus,
1344 2179 1396 2224 et
1407 2185 1528 2225 ecce
1543 2168 1767 2241 Spiritus
1779 2175 1899 2222 tuus
1910 2184 2078 2237 ευμεν.

487 2266 739 2339 ferebatur
766 2280 917 2335 super
942 2278 1119 2336 aquas.
1141 2261 1277 2316 Ecce
1302 2260 1534 2317 Trinitas
1552 2259 1689 2313 Deus
1708 2273 1881 2324 meus,
1918 2258 2075 2312 Pater

485 2368 539 2417 et
554 2355 718 2417 Filius
734 2365 784 2411 et
801 2354 1024 2428 Spiritus
1039 2361 1273 2420 sanctus,
1293 2360 1499 2411 creator
1517 2350 1775 2408 universa:
1789 2356 2068 2406 creatum.

811 2510 816 2514 .
1079 2463 1306 2522 CAPUT
1349 2462 1434 2519 Π.

622 2539 723 2592 Cur
753 2537 1014 2592 dictus‘est
1039 2535 1262 2606 Spiritus
1288 2532 1561 2604 superferri
1589 2549 1739 2603 super
1762 2548 1938 2600 aquas.

561 2633 615 2685 7.
662 2629 768 2685 Sed
794 2643 913 2699 qua:
936 2641 1095 2682 causa
1122 2624 1314 2690 fuerat,
1352 2639 1386 2678 o
1416 2623 1592 2678 lumen
1623 2622 1948 2678 veridicum!
1979 2621 2073 2677 tibi

491 2725 752 2781 admoveo
789 2736 884 2776 cor
910 2733 1085 2775 meum
1111 2735 1125 2782 ;
1159 2733 1226 2774 ne
1252 2732 1337 2772 me
1364 2731 1497 2770 vana
1524 2704 1732 2779 doceat,
1764 2714 1967 2769 discute
1994 2723 2073 2769 te-

493 2815 688 2871 nebras
717 2811 852 2882 eius,
886 2819 941 2866 et
963 2809 1052 2866 dic
1079 2808 1228 2867 mihi.
1258 2807 1483 2861 obsecro
1506 2816 1556 2862 te
1581 2821 1675 2875 per
1699 2814 1921 2860 matrem
1950 2805 2075 2859 cha-

492 2907 702 2963 ritatem
728 2921 743 2969 ;
766 2903 997 2958 obsecro
1043 2909 1115 2964 te,
1154 2899 1240 2956 die
1280 2898 1410 2955 mihi
1453 2913 1572 2968 qua:
1611 2912 1770 2951 causa
1801 2898 1987 2962 fuerat,
2017 2906 2076 2952 ut

495 3005 615 3067 post
652 2997 981 3052 nominatum
1014 2992 1230 3055 calum.
1262 3000 1316 3047 et
1347 2999 1541 3046 terram
1569 2989 1884 3046 invisibilem
1911 2998 1962 3044 et
1992 2993 2074 3045 in-

493 3086 867 3157 compositam.
893 3091 950 3140 et
969 3084 1215 3138 tenebras
1239 3096 1399 3152 super
1421 3080 1692 3152 abyssum,
1725 3087 1834 3134 tum
1863 3079 2077 3138 demum

495 3177 766 3247 Scriptum
801 3184 905 3230 ~tua
953 3175 1249 3229 nominaret
1293 3172 1549 3242 Spiritum
1600 3172 1780 3226 tuum?
1827 3173 1908 3226 An
1957 3173 2078 3242 quia

493 3269 773 3341 oportebat
800 3267 878 3323 sic
893 3281 1024 3322 eum
1051 3263 1325 3328 insinuari,
1365 3271 1422 3319 ut
1446 3262 1711 3318 diceretur
1753 3263 2076 3333 superferri;

493 3371 678 3417 etnon
706 3367 888 3429 posset
911 3356 1162 3419 bocrdici.
1186 3355 1286 3411 nisi
1315 3355 1464 3426 prius
1485 3354 1609 3410 illud
1636 3369 2083 3411 commemorare-

493 3464 582 3510 tur
608 3453 692 3508 cui
734 3449 1025 3522 superferri
1071 3449 1300 3519 Spiritus
1327 3456 1450 3503 tuus
1481 3457 1657 3518 posset
1681 3448 1943 3518 intelligi?
1973 3448 2081 3503 Nec

495 3546 636 3605 Patri
667 3544 810 3600 enim
861 3557 962 3600 nec
988 3541 1126 3597 Filio
1162 3538 1624 3610 super-ferebatur;
1672 3554 1770 3594 nec
1795 3537 2081 3609 superferri

495 3645 639 3692 recte
665 3635 952 3700 diceretur,
980 3632 1025 3689 si
1050 3631 1180 3686 nulli
1207 3630 1284 3685 rei
1311 3629 1721 3699 superferrctur.
1777 3630 1928 3684 Prius
1953 3644 2083 3700 ergo

493 3729 779 3788 dicendum
807 3735 924 3783 erat
948 3726 1032 3780 cui
1061 3723 1474 3795 superferretur,
1500 3731 1555 3778 et
1586 3721 1780 3778 deinde
1810 3723 1896 3778 ille
1924 3737 2080 3793 quem

495 3839 602 3878 non
627 3819 908 3892 oportebat
942 3814 1544 3880 aliter-commemorari,
1570 3812 1670 3868 nisi
1699 3822 1756 3868 ut
1796 3812 2084 3884 superferri

493 3915 784 3970 diceretur.
823 3911 934 3966 Cur
966 3923 1094 3978 ergo
1123 3907 1276 3962 aliter
1302 3921 1424 3962 eum
1453 3904 1708 3962 insinuari
1735 3921 1838 3960 non
1866 3913 2083 3975 oporte-

493 4005 608 4076 hat,
633 4002 736 4060 nisi
762 4009 822 4058 ut
843 3999 1128 4073 superferri
1156 3997 1462 4058 diceretur?

523 4099 527 4104 ’
1062 4111 1293 4168 CAPUT
1331 4109 1444 4165 vn.

963 4181 1190 4251 Eﬂ'ectus
1216 4183 1438 4252 Spiritus
1457 4181 1638 4235 sancti.

571 4276 626 4336 8.
657 4275 774 4334 Jam
813 4274 938 4334 hinc
963 4283 1215 4345 sequatur
1240 4272 1330 4344 qui
1359 4281 1532 4342 potest
1559 4271 1828 4327 intellectu
1859 4272 2087 4341 Aposto-

495 4368 615 4428 lum
661 4375 810 4424 tuum
850 4366 1140 4435 dicentem,
1163 4363 1285 4436 quia
1314 4363 1535 4418 charitas
1575 4371 1664 4418 tua
1707 4363 1895 4431 diffusa
1923 4373 1994 4418 est
2033 4365 2085 4418 in

502 4457 739 4514 cordibus
778 4457 963 4512 nostris
1003 4473 1093 4526 per
1135 4455 1388 4528 Spiritum
1421 4464 1666 4517 sanctum,
1697 4456 1783 4527 qui
1828 4455 1978 4510 datus
2015 4466 2087 4510 est

499 4550 642 4605 nobis
673 4549 847 4622 (Rom.
876 4563 930 4609 v,
953 4546 1008 4621 5)
1031 4564 1046 4612 ;
1070 4555 1123 4602 et
1150 4547 1216 4602 de
1237 4546 1598 4617 spiritualibus
1617 4547 1895 4602 docentem
1918 4556 1966 4601 ct
1995 4545 2089 4601 de-

503 4647 888 4697 monstrantem
914 4637 1395 4720 supereminentem
1424 4637 1560 4716 viam
1589 4637 1882 4706 charitatis,
1914 4646 1968 4692 et
1997 4637 2090 4692 flc-

501 4743 736 4794 etentem
780 4746 950 4806 genua
980 4746 1079 4802 pro
1107 4729 1263 4785 nobis
1290 4729 1355 4784 ad
1388 4738 1460 4797 te,
1491 4737 1550 4784 ut
1590 4743 1973 4800 cognoscamus
2002 4745 2090 4782 su-

499 4825 923 4898 percmincntcm
953 4820 1228 4878 scientiam
1246 4821 1519 4876 charitatis
1546 4819 1739 4876 Christi
1769 4817 1983 4893 (Epiros.
2008 4837 2084 4889 ιιι,

504 4917 716 4991 14-19).
736 4915 968 4984 Ideoque
988 4913 1054 4966 ab
1071 4911 1220 4969 initio
1241 4911 1643 4984 supereminens
1659 4908 2089 4980 superferebatur

501 5026 664 5079 super
690 5023 872 5078 aquas.
904 5006 1001 5060 Cui
1028 5003 1234 5061 dicam?
1272 5002 1539 5076 quomodo
1565 5003 1735 5058 dicam
1761 5001 1830 5059 de
1857 5003 2090 5072 pondere

502 5099 813 5170 -tupiditatis
842 5097 894 5152 in
924 5096 1201 5167 abruptam
1231 5095 1502 5168 abyssum,
1530 5102 1584 5148 et
1619 5091 1687 5148 dc
1725 5091 2089 5156 sublevatiouc

501 5189 775 5254 eharitatis
802 5204 898 5259 per
913 5187 1172 5258 Spiritum
1195 5193 1361 5252 tuum,
1379 5183 1468 5256 qui
1488 5183 1916 5258 superferebatnr
1930 5200 2091 5256 super

502 5279 708 5355 aquas?
759 5279 856 5334 Cui
897 5275 1111 5333 dicam?
1149 5274 1418 5347 quomodo
1470 5273 1640 5330 dicam
1661 5292 1684 5332 _:
1714 5274 1998 5346 Mergimur
2037 5281 2093 5330 et

507 5370 830 5442 eruiergimus
854 5368 914 5423 ’τ
941 5367 1123 5438 Neque
1148 5367 1290 5421 enim
1312 5365 1426 5422 loca
1450 5375 1574 5420 sunt
1591 5365 1781 5436 quibus
1803 5367 2092 5436 mergimur

503 5475 559 5526 et
591 5460 932 5534 cmergimus.
978 5458 1114 5528 Quid
1145 5457 1374 5516 similius
1398 5466 1452 5514 et
1471 5455 1594 5529 quid
1619 5455 1969 5516 dissimilius?
1997 5457 2090 5514 Ai-

575 5575 590 5606 ¹
623 5573 864 5642 Insignem
875 5570 1065 5642 huncce
1074 5569 1240 5642 locum
1254 5570 1590 5642 redintegrant
1600 5577 1704 5621 Mss.
1718 5568 1905 5642 studius
1912 5571 2094 5642 quippe

504 5637 558 5688 in
593 5630 793 5684 excusis
825 5639 928 5695 erat
948 5665 963 5690 ,
1005 5632 1236 5695 detractis
1264 5633 1430 5681 verbis
1449 5630 1590 5695 istis,
1626 5630 1871 5695 sapientia:
1899 5630 2089 5683 ubst—ria.

507 5731 518 5738 .
572 5701 594 5736 ι
614 5707 718 5746 uss.
742 5707 838 5744 non
861 5693 1044 5743 habent
1060 5693 1151 5757 hoc
1166 5693 1290 5753 loco,
1307 5691 1566 5757 mergimur
1582 5699 1627 5742 et
1643 5691 2094 5756 entergimus.——De-

506 5769 621 5816 ςιιιιι
641 5759 829 5806 eadem
849 5767 992 5804 voces
1010 5767 1052 5818 at
1071 5753 1328 5803 ud‘somm.
1357 5753 1542 5802 ct'I-‘Ior.
1580 5762 1630 5800 M.

1600 294 2118 361 warsssrosuu
2157 294 2213 350 s.
2255 257 2624 354 sucusrtNt

3651 297 3749 353 ειε

2183 414 2354 471 fectus
2374 425 2519 484 sunt,
2555 427 2766 470 amores
2791 422 2913 470 sunt
2938 431 2952 480 ;
2987 412 3317 470 immunditia
3345 415 3560 484 spiritus
3597 421 3760 474 nostri

2185 505 2424 561 defluens
2448 505 2670 562 inferius
2695 521 2881 562 amore
2905 521 3176 573 curarum,
3216 517 3269 562 et
3291 507 3544 562 sanctitas
3579 510 3651 562 tui
3678 519 3759 564 at-

2185 597 2379 652 tollens
2407 610 2506 652 nos
2529 597 2775 666 superius
2799 611 2981 652 amore
3007 597 3328 664 securitatis,
3352 605 3410 651 ut
3435 611 3644 651 sursum
3671 613 3765 653 eor

2183 687 2472 743 habeamus
2509 689 2574 742 ad
2605 697 2678 756 te,
2710 688 2797 744 ubi
2837 688 3067 759 Spiritus
3105 698 3227 743 tuus
3254 686 3586 758 superfertur
3610 703 3764 758 super

2181 793 2368 848 aquas,
2398 788 2452 834 et
2476 780 2750 834 veniamus
2771 778 2837 833 ad
2865 779 3344 848 snpereminentem
3366 777 3625 848 requiem,
3646 791 3763 833 cum

2179 871 2550 940 pertransierit
2587 871 2763 926 anima
2793 880 2973 926 nostra
3011 885 3176 944 aquas
3204 886 3322 941 qua:
3347 879 3472 926 sunt
3493 869 3611 924 sine
3638 870 3762 924 sub-

2182 966 2374 1020 stantia
2409 963 2576 1036 (Psal.
2609 980 2794 1028 CXXIII,
2829 964 2907 1034 5).

2745 1073 2971 1130 CAPUT
3010 1073 3142 1132 VIII.

2186 1164 2524 1222 Intellectuali
2565 1173 2807 1220 creatum
2842 1164 2910 1218 ad
2933 1164 3146 1236 ibeatam
3190 1164 3410 1235 requiem
3449 1180 3548 1219 non
3592 1165 3769 1236 stt/ﬂii!

2643 1237 2888 1309 quidquid
2916 1235 3022 1290 Deo
3040 1237 3204 1290 minus
3218 1245 3311 1290 est.

2255 1327 2308 1384 9s
2343 1326 2567 1383 Deduxit
2606 1326 2847 1398 angelus,
2874 1325 3091 1382 defluxit
3116 1325 3293 1380 anima
3322 1323 3574 1391 hominis,
3602 1333 3657 1380 et
3685 1326 3770 1383 in-

2183 1417 2494 1473 dicaverunt
2517 1417 2767 1488 abyssum
2792 1417 3054 1473 universa:
3076 1416 3366 1487 spiritualis
3395 1418 3412 1448 ί
3433 1425 3692 1472 creatura:
3719 1417 3770 1470 in

2185 1510 2446 1582 profundo
2474 1511 2780 1578 tenebroso,
2809 1509 2912 1566 nisi
2940 1509 3168 1565 dixisses
3193 1509 3260 1564 ab
3286 1509 3460 1576 initio,
3494 1507 3614 1563 Fiat
3659 1510 3769 1575 tux,

2185 1610 2240 1657 ct
2266 1600 2400 1656 facta
2417 1609 2559 1658 esset
2581 1601 2701 1662 lux.
2719 1609 2775 1656 et
2799 1599 3084 1656 inhaereret
3101 1600 3195 1654 tibi
3209 1599 3384 1654 omnis
3408 1599 3663 1655 obediens
3695 1599 3774 1653 in—

2187 1692 2476 1765 telligentia
2521 1693 2756 1748 caelestis
2783 1692 3010 1749 civitatis
3050 1701 3173 1755 tute,
3217 1700 3272 1746 et
3315 1690 3678 1761 requiesceret
3721 1691 3774 1744 in

2185 1786 2382 1858 Spiritu
2425 1795 2533 1850 tuo,
2579 1786 2666 1860 qui
2711 1785 3040 1856 superfertur
3081 1782 3585 1839 incommutabiliter
3613 1797 3776 1851 super

2185 1895 2344 1934 omne
2369 1878 2639 1933 mutabile.
2673 1875 2922 1946 Alioquin
2950 1884 3001 1932 et
3042 1875 3215 1946 ipsum
3247 1873 3442 1930 etclam
3470 1873 3590 1929 caali
3620 1882 3776 1927 tene-

2185 1971 2340 2025 brosa
2381 1970 2609 2042 abyssus
2644 1976 2794 2024 esset
2835 1968 2891 2023 in
2920 1982 3016 2033 se;
3063 1981 3206 2022 nunc
3249 1972 3428 2021 autem
3465 1965 3554 2020 lux
3598 1975 3682 2020 est
3724 1965 3776 2019 in

2187 2060 2427 2116 Domino.
2467 2059 2597 2114 Nam
2623 2068 2677 2114 et
2716 2059 2770 2114 in
2801 2058 2917 2129 ipsa
2958 2059 3154 2114 misera
3201 2055 3569 2127 inquietudine
3607 2055 3780 2110 deflu-

2183 2153 2384 2208 entium
2403 2151 2683 2222 spirituum
2705 2158 2759 2205 et
2783 2149 3130 2206 indicantium
3150 2148 3399 2204 tenebras
3415 2161 3538 2204 suas
3552 2146 3781 2202 nudatus

2185 2252 2331 2299 veste
2358 2243 2574 2298 luminis
2611 2243 2709 2310 tui,
2739 2241 2870 2298 satis
2892 2242 3130 2297 ostendis
3157 2257 3316 2313 quam
3352 2255 3595 2312 magnam
3626 2255 3781 2293 crea-

2183 2344 2358 2390 turam
2388 2334 2700 2390 rationalem
2742 2335 2950 2397 feceris,
2981 2333 3066 2388 eui
3110 2332 3257 2387 nullo
3284 2331 3444 2387 modo
3473 2329 3674 2386 sufﬁcit
3714 2329 3780 2384 ad

2184 2424 2394 2480 beatam
2441 2425 2678 2494 requiem
2722 2422 2976 2494 quidquid
3006 2432 3056 2478 te
3087 2422 3262 2476 minus
3303 2431 3405 2487 est,
3447 2435 3511 2476 ac
3551 2435 3649 2492 per
3681 2420 3783 2473 hoc

2186 2532 2286 2572 nec
2311 2517 2421 2588 ipsa
2442 2517 2563 2572 sibi.
2593 2516 2671 2573 Tu
2701 2515 2867 2582 enim,
2895 2516 3032 2570 Deus
3059 2523 3261 2582 noster,
3285 2512 3607 2568 illuminabis
3627 2521 3781 2567 tene-

2191 2607 2316 2662 bras
2345 2615 2556 2662 nostras
2587 2605 2770 2679 (Psal.
2815 2621 2948 2672 xvn,
2979 2605 3085 2677 ‘29)
3117 2622 3132 2662 :
3158 2620 3223 2660 ex
3250 2613 3302 2660 te
3329 2603 3573 2658 oriuntur
3613 2603 3784 2656 vcsti-

2183 2707 2365 2754 menta
2396 2707 2597 2764 nostra,
2625 2707 2677 2753 et
2704 2697 2937 2753 tenebra:
2965 2707 3161 2752 nostra:
3187 2695 3324 2751 sicut
3347 2693 3598 2750 meridies
3623 2701 3786 2749 erunt

2191 2791 2373 2866 (Psal.
2418 2807 2685 2856 cxxxvm,
2718 2789 2840 2861 12).
2877 2791 2950 2845 Da
2977 2790 3108 2846 mihi
3135 2799 3207 2858 te,
3238 2790 3376 2846 Deus
3413 2803 3586 2852 meus,
3614 2787 3786 2843 redde

2188 2893 2240 2939 te
2269 2884 2398 2939 mihi
2427 2900 2444 2939 :
2473 2893 2526 2940 te
2554 2884 2697 2940 enim
2741 2899 2862 2939 amo
2886 2884 2945 2950 ';
2983 2892 3039 2940 et
3067 2883 3112 2938 si
3143 2898 3327 2954 parum
3355 2891 3456 2949 est,
3489 2896 3667 2936 amem
3695 2895 3785 2933 va-

2181 2977 2360 3032 lidius.
2405 2975 2520 3030 Non
2561 2989 2781 3044 possum
2823 2974 2995 3029 metiri
3028 2983 3089 3028 ut
3126 2975 3290 3029 sciam
3339 2981 3597 3044 quantum
3641 2971 3786 3025 desit

2186 3067 2316 3122 mihi
2344 3069 2544 3122 amoris
2566 3066 2632 3122 ad
2665 3066 2715 3121 id
2743 3065 2886 3137 quod
2919 3074 3002 3120 sat
3028 3074 3129 3130 est,
3158 3074 3216 3120 ut
3242 3073 3422 3120 currat
3445 3065 3552 3121 vita
3578 3078 3702 3120 mea
3733 3063 3787 3116 in
3863 3078 3868 3082 ”

2183 3161 2462 3232 amplexus
2491 3169 2630 3224 tuos,
2666 3173 2765 3214 nec
2803 3170 3073 3214 avertatur
3097 3158 3268 3212 donec
3292 3156 3650 3211 abscondattir
3679 3156 3701 3186 ³
3733 3156 3786 3210 in

2185 3251 2505 3307 obseundito
2549 3251 2726 3305 vultus
2773 3251 2845 3304 tui
2881 3248 3060 3322 (Psat.
3107 3264 3234 3314 xxx,
3279 3247 3405 3320 21).
3441 3247 3551 3302 lloc
3577 3257 3785 3300 tantum

2129 3366 2148 3379 ι
2185 3344 2315 3407 scio,
2345 3343 2466 3413 quia
2500 3342 2638 3398 male
2664 3341 2793 3396 mihi
2827 3349 2910 3396 est
2947 3349 3140 3410 prmter
3167 3349 3238 3405 te,
3283 3354 3386 3394 non
3424 3338 3600 3394 solum
3629 3352 3787 3393 extra

2186 3451 2292 3501 me,
2322 3433 2417 3490 sed
2443 3442 2499 3488 et
2527 3434 2578 3488 in
2608 3434 2851 3504 meipso;
2881 3443 2934 3488 et
2959 3431 3134 3487 omnis
3160 3430 3290 3486 mihi
3316 3430 3467 3501 copia
3492 3445 3614 3501 quae
3641 3429 3788 3484 Deus

2193 3541 2348 3582 meus
2375 3541 2480 3582 non
2509 3533 2611 3590 est,
2639 3532 2848 3596 egestas
2876 3531 2980 3582 est.

2774 3635 3001 3695 CAPUT
3041 3635 3132 3692 IX.

2189 3729 2294 3789 Cur
2318 3731 2454 3787 solus
2494 3729 2719 3802 Spiritus
2755 3736 2956 3783 sanctus
2985 3727 3388 3799 superferebatur
3421 3741 3573 3796 super
3599 3741 3786 3797 aquas.

2261 3821 2347 3877 10.
2381 3819 2643 3890 Numquid
2669 3828 2760 3873 aut
2785 3819 2942 3873 Pater
2965 3826 3056 3872 aut
3077 3817 3246 3872 Filius
3272 3832 3377 3872 non
3408 3813 3790 3885 superfereba-

2191 3919 2278 3967 tur
2302 3926 2464 3981 super
2499 3908 2702 3980 aquas?
2740 3909 2795 3964 Si
2827 3917 3079 3980 tanquam
3106 3908 3223 3962 loco
3251 3907 3389 3962 sicut
3429 3920 3643 3976 corpus,
3689 3921 3792 3961 nec

2190 4001 2418 4074 Spiritus
2445 4009 2662 4056 sanctus
2695 4017 2709 4056 :
2741 3999 2786 4054 si
2813 4010 2990 4055 autem
3018 3996 3465 4056 incommutabilis
3492 3996 3792 4051 divinitatis

2191 4092 2480 4152 eminentia
2512 4107 2676 4163 super
2710 4105 2870 4146 omne
2895 4089 3166 4155 mutabile,
3197 4098 3251 4144 et
3278 4089 3431 4144 Pater
3458 4096 3512 4143 et
3535 4087 3709 4142 Filius
3735 4095 3793 4142 et

2190 4187 2417 4258 Spiritus
2433 4194 2649 4240 sanctus
2674 4182 3106 4254 superferebatur
3129 4196 3291 4252 super
3309 4194 3491 4251 aquas.
3523 4180 3633 4234 Cur
3652 4194 3792 4251 ergo

2193 4287 2395 4334 tantum
2435 4277 2504 4332 de
2547 4276 2746 4346 Spiritu
2790 4285 2882 4331 tuo
2927 4275 3126 4330 dictum
3168 4283 3251 4330 est
3294 4273 3435 4330 hoc?
3470 4288 3566 4328 cur
3591 4271 3660 4326 de
3695 4273 3792 4327 illo

2192 4379 2397 4425 tantum
2419 4369 2619 4424 dictum
2649 4368 2771 4422 est?
2799 4365 2961 4434 Quasi
2989 4366 3135 4420 locus
3165 4365 3234 4420 ibi
3262 4373 3423 4431 esset,
3449 4363 3538 4435 qui
3570 4378 3679 4417 non
3710 4373 3793 4418 est

2193 4462 2366 4528 locus,
2388 4461 2456 4515 de
2493 4474 2599 4530 quo
2624 4459 2740 4514 solo
2766 4459 2964 4513 dictum
2991 4466 3074 4511 est
3098 4456 3238 4527 quod
3277 4457 3346 4510 sit
3383 4455 3582 4511 donum
3613 4465 3790 4510 tuum.

2194 4551 2250 4607 In
2277 4553 2418 4608 dono
2465 4559 2556 4605 tuo
2596 4549 3014 4618 requiescimus;
3049 4547 3118 4602 ibi
3165 4557 3217 4603 te
3261 4545 3504 4602 fruimur.
3551 4547 3791 4617 Requies

2195 4654 2395 4710 nostra,
2427 4644 2574 4698 locus
2612 4652 2813 4697 noster.
2844 4642 3008 4696 Amor
3047 4641 3170 4696 illuc
3213 4631 3406 4695 attollit
3434 4655 3555 4708 nos,
3583 4649 3640 4694 et
3660 4639 3792 4711 Spi-

2194 4735 2327 4790 ritus
2363 4745 2482 4788 tuus
2508 4733 2678 4787 bonus
2706 4731 2904 4786 exalmt
2932 4730 3280 4786 humilitatem
3306 4739 3544 4786 nostram
3572 4731 3642 4788 de
3671 4747 3791 4802 por-

2196 4827 2264 4881 tis
2289 4827 2476 4881 morlis
2506 4823 2676 4895 (Psal.
2702 4839 2782 4888 Ix,
2815 4824 2926 4894 15).
2959 4823 3012 4876 1η
3041 4821 3178 4878 bona
3205 4824 3478 4879 voluntate
3505 4840 3605 4894 pax
3632 4825 3791 4880 nobis

2194 4927 2277 4974 est
2302 4917 2449 4985 (Luc.
2486 4932 2543 4981 ιι,
2570 4914 2678 4987 Μ).
2703 4914 2910 4985 Corpus
2933 4915 3170 4987 pondere
3193 4931 3292 4972 suo
3309 4916 3497 4972 nititur
3515 4915 3583 4971 ad
3610 4918 3789 4972 locum

2195 5025 2368 5064 suum.
2418 5009 2631 5064 Poudus
2668 5024 2774 5066 non
2800 5005 2879 5063 ad
2897 5009 2999 5063 ima
3027 5017 3228 5064 tantum
3256 5017 3362 5079 est,
3393 5009 3487 5065 sed
3516 5010 3582 5065 ad
3609 5010 3789 5065 locum

2195 5114 2369 5154 suum.
2403 5100 2542 5170 Ignis
2562 5113 2772 5153 sursum
2811 5099 2998 5163 tendit,
3029 5097 3277 5153 deorsum
3308 5099 3490 5168 lapsis.
3522 5099 3788 5155 Ponderi-

2195 5193 2294 5249 bus
2319 5194 2430 5248 suis
2449 5201 2693 5265 agnntur,
2729 5192 2843 5247 loca
2868 5207 2961 5246 sua
2988 5199 3193 5262 petunt.
3221 5189 3408 5249 Oleum
3430 5191 3564 5247 infra
3591 5207 3786 5263 aquam

2262 5328 2281 5360 ι
2307 5331 2373 5398 ιιι
2405 5332 2539 5398 ipss;
2577 5330 2628 5375 at
2639 5323 2920 5398 editiones,
2960 5330 3169 5398 escepta
3198 5323 3478 5398 Arualdina,
3518 5325 3788 5398 κηποι-ωλι

2196 5385 2471 5453 spirituum
2483 5398 2512 5453 _:_
2529 5400 2623 5437 non
2639 5387 2800 5453 bene;
2823 5385 3032 5453 intendit
3047 5385 3230 5449 quippe
3245 5385 3546 5453 Augustinus
3557 5389 3786 5453 abyssum

2198 5447 2543 5512 intellectualis
2571 5449 2728 5500 omnis
2750 5455 2988 5498 creaturae
3012 5447 3116 5510 ipSo
3134 5447 3397 5511 ’angeli'et
3424 5447 3636 5502 hominis
3647 5450 3786 5512 lapsu

2197 5510 2350 5562 fuisse
2366 5511 2636 5560 indicatam.

2262 5575 2283 5605 ²
2302 5579 2352 5621 ιιι
2371 5581 2474 5620 MSS.
2501 5572 2653 5621 redde
2681 5569 2800 5622 mihi
2817 5575 2862 5620 te
2883 5582 2902 5620 :
2935 5583 2996 5621 en
3020 5583 3142 5621 amo.
3161 5597 3224 5608 -—-
3247 5572 3320 5621 Sic
3338 5573 3484 5622 etiam
3511 5580 3609 5620 Am.
3631 5579 3702 5620 Er.
3733 5577 3787 5624 et

2202 5633 2352 5685 editio
2366 5633 2653 5682 Florentina.
2797 5639 2854 5681 st.

2264 5697 2286 5728 ³
2309 5701 2437 5753 Lov.,
2459 5697 2608 5744 donec
2631 5695 2916 5745 ubsroudm'.
2944 5693 3034 5742 Sed
3071 5695 3236 5744 verius
3273 5694 3510 5744 editiones
3546 5695 3652 5745 ιλιιιυ
3674 5706 3790 5747 cum

2201 5765 2305 5808 Mss.
2325 5791 2339 5820 ,
2357 5756 2674 5808 absrondatur
2718 5757 3065 5820 subintellige,
3091 5758 3187 5806 vita
3204 5769 3330 5808 mea.
