4078 6366
323 308 426 366 849

322 428 520 492 lusum,
544 439 700 496 supra
718 439 908 495 aquam
923 425 1211 491 auellitur;
1241 437 1382 496 aqua
1395 437 1552 494 supra
1571 421 1744 476 oleum
1766 419 1904 485 fusa,

322 516 456 572 inira
501 517 680 573 oleum
709 515 1074 588 domergitur;
1118 515 1441 586 ponderibus
1486 513 1600 569 suis
1641 519 1868 582 aguntur
1888 550 1904 576 ,

319 610 444 666 loca
462 625 558 666 sua
587 618 789 681 petunt.
823 610 996 666 Minus
1017 610 1280 678 ordinata,
1317 608 1548 678 inquieta
1577 613 1738 668 sunt;
1767 602 1908 658 ordi-

320 710 519 758 nuntur
557 710 612 758 et
637 701 938 773 quiescunt.
970 700 1186 756 Pondus
1228 714 1406 756 meum
1435 714 1586 754 amor
1627 711 1812 759 meus;
1843 707 1908 748 eo

320 795 466 849 leror
489 809 824 864 quocumque
852 791 1014 849 feror.
1043 791 1194 848 Dono
1220 801 1310 847 tuo
1337 790 1692 854 accendimur,
1716 799 1771 842 et
1793 801 1912 842 sur-

321 900 439 942 sum
469 885 709 942 ferimur.
744 885 1131 943 lnardesciinus
1158 893 1214 942 et
1247 885 1406 941 imus.
1447 882 1800 940 Ascendimus
1824 897 1909 936 as-

319 977 602 1034 censiones
632 977 685 1033 in
728 977 892 1034 corde
932 975 1119 1048 (Psal.
1147 991 1380 1043 unm,
1411 974 1508 1048 6),
1538 984 1593 1030 et
1629 982 1910 1028 cantamus

321 1069 588 1124 anticum
618 1068 895 1138 graduum.
937 1067 1063 1139 lgne
1092 1076 1202 1136 tuo,
1237 1068 1358 1138 igne
1384 1075 1474 1122 tno
1501 1065 1642 1121 bono
1667 1063 1908 1119 inardes-

319 1162 493 1216 cimus
521 1169 576 1216 et
613 1161 788 1228 imus;
819 1161 1069 1232 quoniam
1096 1175 1308 1223 sursum
1337 1159 1476 1214 imus
1511 1157 1577 1212 ad
1607 1171 1791 1228 pacem
1821 1155 1910 1212 .le-

318 1252 573 1316 rusalem,
600 1255 852 1323 quoniam
885 1251 1198 1323 jucundatus
1219 1267 1332 1305 sum
1357 1250 1410 1303 in
1455 1249 1532 1302 his
1555 1247 1642 1318 qui
1673 1247 1910 1301 dixerunt

318 1345 445 1399 mihi
466 1346 483 1378 ⁸
514 1365 529 1401 :
556 1344 622 1401 In
665 1345 871 1400 domum
898 1345 1105 1400 Domini
1129 1343 1309 1398 ibimus
1336 1341 1508 1414 (Psal.
1539 1357 1694 1408 cum,
1725 1339 1801 1410 l).
1834 1339 1909 1393 lbi

318 1450 420 1492 nos
460 1437 738 1494 collocavit
763 1437 1007 1492 voluntas
1048 1436 1207 1503 bona,
1255 1443 1312 1490 ut
1339 1434 1470 1489 nihil
1511 1433 1736 1489 velimus
1764 1430 1910 1486 aliud

318 1544 479 1600 quam
508 1543 823 1600 permanere
850 1528 956 1584 illic
984 1528 1036 1582 in
1061 1536 1342 1582 aeternum.

950 1639 1178 1698 CAPUT
1214 1637 1285 1696 Χ.

827 1711 912 1768 Ea:
935 1713 1068 1767 dono
1100 1712 1191 1766 Dei
1218 1711 1406 1765 omnia.

395 1805 484 1860 ll.
517 1805 686 1860 Beata
700 1814 942 1860 creatura
969 1819 1088 1874 qua:
1118 1818 1223 1858 non
1249 1802 1398 1858 novit
1421 1799 1599 1872 aliud,
1627 1814 1747 1855 cum
1770 1806 1913 1854 esset

319 1893 436 1965 ipsa
461 1895 624 1957 aliud,
657 1896 759 1950 nisi
780 1895 922 1951 dono
944 1903 1035 1950 tuo
1054 1893 1196 1967 quod
1219 1892 1548 1965 superfertnr
1572 1905 1732 1962 super
1752 1905 1911 1946 omne

201 2053 218 2064 _
321 1989 612 2056 llllllnbllc,
641 2004 764 2044 mox
793 1996 850 2043 ut
877 1987 1012 2043 facta
1041 1996 1157 2054 est,
1189 1985 1522 2041 attolleretur
1558 1984 1702 2038 nullo
1744 1982 1909 2038 inter-

322 2079 464 2133 vallo
491 2079 746 2150 temporis
775 2079 827 2133 in
857 2093 920 2134 ea
948 2078 1226 2134 vocatione
1254 2092 1354 2147 qua
1383 2075 1563 2131 dixisti
1594 2114 1610 2140 ,
1646 2073 1764 2128 Fiat
1799 2071 1907 2138 lar,

321 2179 379 2224 et
405 2171 556 2225 lieret
583 2170 672 2225 lux
693 2171 716 2202 ⁸
747 2167 900 2242 (Gen.
927 2185 976 2236 ι,
1008 2168 1085 2241 3').
1127 2168 1185 2223 In
1217 2167 1369 2223 nobis
1397 2167 1538 2223 enim
1574 2164 1912 2234 distinguitur

321 2261 740 2332 tempore,qu
769 2261 1004 2318 tenebra:
1034 2259 1320 2326 fuimus,ct
1348 2259 1439 2314 lux
1461 2257 1725 2314 el‘licimur
1749 2255 1907 2328 (Eph.

324 2367 381 2415 γ,
413 2353 469 2423 8)
508 2371 522 2407 :
550 2352 600 2406 in
633 2352 720 2407 illa
746 2367 871 2407 vero
893 2352 1092 2408 dictum
1117 2359 1200 2406 est
1226 2349 1351 2421 quid
1377 2357 1548 2413 esset,
1581 2348 1682 2404 nisi
1718 2347 1913 2402 illumi-

322 2452 580 2509 naretur;
611 2452 666 2498 et
691 2443 760 2497 ita
787 2443 985 2498 dictum
1014 2450 1130 2508 est,
1159 2440 1313 2514 quasi
1340 2441 1485 2511 prius
1510 2439 1668 2495 fuerit
1693 2438 1832 2494 ﬂuxa
1860 2446 1914 2492 et

324 2532 644 2599 tenebrosa;
676 2543 733 2588 ut
757 2542 1038 2605 appareret
1057 2548 1214 2590 causa
1235 2549 1336 2604 qua
1354 2531 1551 2588 factum
1577 2540 1660 2587 est
1676 2541 1733 2586 ut
1759 2531 1914 2586 aliter

319 2634 488 2690 esset,
509 2623 559 2678 id
571 2633 672 2689 est,
696 2634 752 2680 ut
773 2624 837 2679 ad
857 2625 1034 2680 lumen
1052 2624 1361 2680 indelicicns
1381 2638 1635 2679 conversa
1648 2623 1734 2678 lus
1746 2632 1908 2678 esset.

319 2715 428 2781 Qui
460 2724 663 2784 potest,
695 2716 980 2788 intelligat;
1011 2725 1066 2772 et
1089 2715 1179 2788 qui
1205 2731 1312 2772 non
1337 2723 1511 2786 potest
1539 2716 1582 2779 ³,
1612 2723 1720 2770 ate
1747 2723 1909 2784 petat.

326 2805 524 2876 l'tquid
558 2806 684 2860 mihi
710 2805 964 2863 molestus
987 2815 1102 2877 est,
1125 2806 1272 2878 quasi
1295 2820 1396 2877 ego
1432 2805 1724 2860 illuminem
1751 2806 1912 2860 ullum

325 2894 596 2954 hominem
640 2897 938 2954 venientem
976 2897 1028 2954 in
1057 2899 1200 2954 hunc
1229 2897 1521 2954 mundum?
1545 2895 1718 2970 (Joan.
1749 2913 1798 2963 ι,
1830 2896 1908 2970 9.)

950 2988 1178 3044 CAPUT
1216 2987 1309 3045 XI.

693 3059 938 3131 Symbola
966 3059 1231 3126 Trinitatis
1247 3061 1308 3114 in
1337 3059 1553 3116 homine.

399 3148 489 3203 12.
527 3147 844 3208 Trinitatem
888 3151 1306 3222 omnipotentem
1354 3151 1475 3223 quis
1521 3152 1800 3224 intelligit?
1848 3153 1913 3208 Et

325 3243 446 3311 quis
475 3257 580 3297 non
621 3242 855 3314 loquitur
879 3260 997 3300 eam
1019 3287 1034 3312 ,
1079 3246 1124 3300 si
1165 3255 1340 3300 tamen
1385 3245 1542 3301 eam?
1572 3245 1708 3300 Rara
1736 3245 1910 3300 anima

326 3348 446 3401 qua:
471 3348 591 3388 cum
615 3333 683 3390 de
708 3335 796 3389 illa
824 3335 1077 3406 loquitur,
1107 3336 1207 3390 scit
1229 3335 1354 3406 quid
1383 3336 1612 3406 loquitur
1633 3335 1674 3391 δ.
1705 3338 1769 3392 Ει
1787 3353 1914 3392 eon-

329 3421 552 3477 tendunt
577 3431 630 3479 et
657 3423 943 3488 dimicant,
975 3435 1030 3480 ct
1064 3440 1220 3480 nemo
1255 3426 1370 3482 sine
1408 3441 1536 3496 pace
1574 3426 1718 3482 videt
1759 3427 1911 3482 istam

328 3515 610 3571 visionem.
647 3515 846 3576 Vellem
883 3526 939 3572 ut
977 3518 1090 3573 hmc
1126 3517 1222 3572 tria
1263 3518 1558 3589 cogitarent
1587 3518 1830 3574 homines
1859 3519 1911 3577 in

327 3608 540 3678 seipsis.
573 3607 751 3678 Longe
776 3609 918 3664 aliud
953 3621 1074 3665 sunt
1105 3610 1202 3665 ista
1234 3611 1330 3664 tria
1351 3625 1510 3680 quam
1537 3609 1624 3666 illa
1648 3609 1911 3666 Trinitas:

329 3699 421 3754 sed
449 3685 570 3756 dico
595 3699 684 3755 ubi
707 3715 765 3755 se
785 3709 1066 3756 exerceant
1089 3711 1142 3756 et
1166 3701 1486 3772 probent,.et
1505 3701 1737 3756 sentiant
1755 3716 1912 3770 quam

331 3789 488 3860 longe
517 3799 640 3849 sunt
659 3791 714 3846 ⁸.·
735 3791 862 3846 Dico
885 3800 1064 3853 autem
1093 3792 1205 3848 hate
1226 3793 1324 3852 tria
1350 3810 1362 3845 :
1389 3807 1530 3860 esse,
1555 3807 1732 3857 nosse,
1756 3791 1910 3847 velle.

329 3881 459 3936 Sum
483 3881 624 3945 enim
645 3923 660 3946 ,
691 3891 743 3938 et
768 3883 921 3949 novi,
953 3893 1007 3937 et
1041 3882 1161 3937 volo
1192 3901 1206 3938 :
1234 3898 1352 3938 sum
1381 3883 1588 3950 sciens,
1618 3894 1672 3938 ct
1698 3883 1911 3952 volens;

330 3981 382 4028 et
405 3972 520 4029 scio
545 3987 674 4032 esse
686 3989 772 4029 me
791 4015 805 4038 ,
831 3973 1079 4039 etvelle;
1106 3984 1161 4031 et
1180 3975 1299 4030 volo
1321 3990 1461 4038 esse.
1489 3976 1724 4032 et—scire.
1753 3975 1808 4030 ln
1831 3975 1914 4034 his

328 4062 490 4134 igitur
517 4064 686 4120 tribus
723 4080 880 4135 quam
919 4065 991 4120 sit
1024 4064 1391 4136 inseparabilis
1413 4067 1549 4135 vita,
1575 4075 1625 4122 et
1657 4083 1760 4123 una
1787 4068 1912 4134 vita,

331 4163 382 4207 et
408 4169 514 4208 una
541 4169 722 4222 mens,
751 4163 804 4210 et
831 4171 932 4210 una
961 4156 1190 4216 essentia
1209 4197 1225 4224 ,
1255 4171 1416 4228 quam
1448 4157 1677 4228 denique
1704 4157 1913 4228 insepa-

331 4247 513 4302 rabilis
533 4246 819 4314 distinctio,
840 4257 896 4304 et
913 4259 1086 4305 tamen
1107 4248 1396 4316 distinctio,
1414 4248 1590 4306 videat
1607 4249 1709 4320 qui-
1718 4259 1910 4320 potest.

332 4339 490 4400 Certe
513 4353 694 4396 coram
721 4355 780 4395 se
804 4350 922 4405 est;
947 4339 1187 4397 attendat
1214 4339 1373 4408 inse,
1400 4348 1455 4396 et
1475 4340 1669 4406 videat,
1700 4351 1755 4396 et
1777 4340 1916 4398 dicat

333 4429 486 4486 mihi.
516 4429 622 4486 Sed
649 4445 769 4486 cum
797 4431 1057 4492 invenerit
1080 4429 1133 4486 in
1161 4431 1242 4487 his
1266 4430 1462 4501 aliquid
1488 4439 1543 4487 et
1564 4429 1778 4498 dixerit,
1807 4447 1915 4488 non

327 4521 437 4588 jam
467 4534 528 4575 se
562 4529 712 4592 putet
751 4521 1018 4578 invenisse
1056 4520 1184 4577 illud
1215 4521 1358 4592 quod
1386 4537 1544 4593 supra
1576 4522 1673 4578 ista
1711 4531 1793 4578 cst
1831 4523 1916 4579 iu-

331 4612 738 4680 commutabile,
769 4612 910 4684 quod
938 4621 1023 4668 est
1047 4613 1580 4682 incommutabiliter,
1617 4624 1666 4670 et
1699 4614 1803 4669 scit
1837 4616 1916 4670 in-

332 4705 810 4772 commutabiliter,
843 4714 897 4760 et
923 4704 1038 4763 vult
1064 4705 1573 4768 ineommutabiliter,
1602 4725 1614 4760 :
1652 4715 1916 4762 etutrum

333 4802 557 4864 propter
590 4795 689 4849 tria
729 4794 844 4849 hnc
877 4805 932 4851 et
965 4796 1034 4850 ibi
1064 4795 1324 4863 Trinitas;
1355 4813 1420 4852 an
1457 4796 1510 4852 in
1546 4798 1766 4868 singulis
1804 4799 1918 4855 haec

333 4885 431 4939 tria
457 4927 472 4952 ,
507 4893 567 4940 ut
591 4885 612 4916 ⁸
642 4893 794 4946 terna
830 4887 1156 4957 singulorum
1187 4885 1324 4952 sint;
1354 4901 1420 4941 an
1459 4899 1740 4960 utrumque
1769 4891 1917 4947 miris

399 4997 416 5029 ι
438 5003 489 5045 ιιι
505 4997 868 5069 prius‘eateusis,
893 5008 1002 5069 qua:
1017 4995 1244 5069 digerunt
1258 4994 1502 5069 Sed
1516 4997 1684 5069 alludit
1701 5001 1920 5063 Augusti-

333 5070 437 5124 n_us_
458 5056 519 5124 ad
553 5057 670 5124 l’sal.
694 5057 800 5118 121,
827 5059 874 5118 1,
900 5056 1061 5122 inquo
1091 5058 1266 5123 legere
1281 5056 1436 5119 solet,
1475 5059 1556 5124 qui
1583 5056 1812 5111 dixerunt
1830 5075 1847 5124 ,'
1867 5069 1920 5113 et

333 5121 402 5170 sic
424 5120 609 5173 habent
625 5119 701 5170 hic
717 5127 822 5170 MSS.

367 5231 376 5238 ,
398 5183 421 5214 ⁸
443 5182 518 5231 Sic
548 5189 652 5245 Mss.
670 5194 780 5231 cum
797 5183 906 5230 Arn.
927 5189 982 5233 At
1011 5183 1119 5245 Bad.
1145 5192 1243 5245 Am,
1269 5188 1344 5233 Er.
1373 5190 1426 5233 et
1455 5189 1563 5233 Lov.
1583 5180 1766 5232 habent
1791 5182 1921 5245 facta

333 5249 427 5308 est;
447 5249 501 5292 et
522 5243 665 5308 paulo
681 5251 814 5308 post,
835 5255 926 5308 quo
942 5244 1150 5308 tenebrte
1165 5244 1358 5308 faunas.

400 5307 422 5376 ξ
443 5304 548 5376 tussi
560 5305 764 5376 amissis
782 5304 945 5376 verbis
965 5312 1010 5376 et
1026 5305 1110 5368 qui
1124 5304 1214 5355 non
1232 5313 1397 5370 potest,
1417 5307 1486 5356 sic
1501 5306 1686 5360 habent
1703 5320 1715 5358 :
1735 5304 1826 5370 Qui
1837 5319 1921 5376 po-

333 5373 439 5427 test.
455 5362 734 5430 mitiget;
747 5380 778 5415 α
793 5372 839 5415 ιε
855 5371 996 5430 petat-

395 5426 430 5492 ξ
441 5427 569 5478 Sciat
584 5426 700 5492 q'uid
718 5426 954 5492 loquatur,
963 5429 1290 5492 juxtaﬁomm.
1305 5435 1413 5479 ιον.
1425 5431 1544 5492 Dub.
1558 5438 1688 5492 Μαι-ι.
1703 5432 1846 5482 Rond.
1860 5441 1916 5482 ιιι.

396 5491 418 5522 ⁸
437 5496 511 5538 Er.
533 5497 587 5558 et
597 5487 732 5558 boy?
751 5487 893 5558 quam
909 5487 1046 5558 longe
1065 5487 1201 5542 aliud
1216 5499 1339 5541 sunt.
1364 5491 1454 5542 Sed
1471 5493 1611 5544 abest
1625 5491 1758 5544 aliud
1773 5507 1801 5543 a
1813 5503 1916 5544 MSS.

335 5565 527 5601 necnon
546 5551 608 5600 ab
625 5551 735 5600 Μὰ.
759 5551 867 5600 Bad.
889 5551 1186 5605 Am.'Somm.
1208 5561 1258 5601 et
1284 5562 1392 5602 Arn.

367 5615 388 5644 ⁸
438 5620 568 5674 l.ov.,
586 5619 668 5663 aut
698 5618 851 5662 terna.
889 5615 980 5662 Sed
1006 5616 1182 5665 clarius
1213 5614 1320 5666 alia:
1343 5615 1582 5664 editiones
1599 5627 1708 5663 cum
1726 5622 1851 5675 MSS,
1873 5623 1920 5666 nt

335 5681 486 5725 terna.
508 5684 607 5724 Mox
627 5675 760 5740 enim
774 5676 1012 5738 sequitur,
1033 5690 1092 5726 an
1118 5682 1391 5740 utrumque;
1408 5691 1504 5740 quo
1519 5676 1811 5740 signiﬁcatur
1826 5679 1922 5727 duo

348 5751 427 5795 am
447 5750 556 5787 esse
576 5738 813 5800 [reposita
834 5737 1012 5798 {unum
1032 5773 1043 5799 ,
1071 5753 1130 5789 an
1150 5737 1339 5803 propter
1359 5737 1453 5791 tria
1471 5737 1573 5789 ha-c
1591 5737 1656 5788 ibi
1681 5737 1879 5789 Trinitas
1895 5755 1918 5795 ί

1538 305 1738 364 LIBER
1780 302 2076 361 DECIMUS
2115 302 2424 364 TERTIUS.

3495 311 3601 370 850

2015 416 2189 473 modis
2208 418 2522 489 simpliciter
2540 427 2594 477 et
2616 420 2977 492 multipliciter
3001 421 3203 478 inﬁnito
3223 423 3358 482 inse'
3373 423 3472 481 sibi
3496 430 3599 480 line

2012 525 2120 582 quo
2144 519 2254 577 est,
2285 521 2341 570 et
2365 511 2465 570 sibi
2488 523 2672 569 notum
2697 521 2798 579 est,
2829 523 2883 571 et
2900 515 3004 571 sibi
3029 513 3220 570 suilicit
3253 519 3598 573 incommuta-

2014 601 2194 658 biliter
2217 603 2443 675 idipsum
2474 605 2690 674 copiosa
2717 606 2932 662 unitatis
2957 607 3352 677 magnitudine;
3380 608 3501 680 quis
3527 607 3620 662 fa--

2014 695 2118 750 cile
2141 695 2485 766 cogitaverit?
2509 696 2629 767 quis
2655 697 2763 753 ullo
2787 697 2948 753 modo
2971 698 3198 755 dixerit!
3219 699 3339 770 quis
3363 699 3601 770 quolibet

2017 785 2175 842 modo
2203 796 2402 842 temere
2437 788 2895 857 pronuntiaverit?

2611 899 2840 959 CAPUT
2878 900 2990 959 XII.

2115 970 2299 1027 ﬂandi
2322 974 2508 1028 creatio
2533 975 2883 1046 formationem
2909 973 3150 1030 Ecclesia:
3177 975 3491 1047 prta/inurat.
3586 1007 3590 1014 ι

2092 1063 2177 1117 15.
2217 1062 2454 1120 Procede
2478 1065 2530 1120 in
2552 1064 2906 1131 confessione,
2932 1065 3071 1122 lides
3083 1081 3235 1133 mea;
3267 1067 3354 1123 die
3378 1069 3602 1125 Domino

2018 1153 2128 1209 Deo
2150 1163 2240 1210 tuo
2265 1173 2279 1212 :
2301 1155 2514 1226 Sancte,
2538 1157 2750 1225 Sancte,
2779 1158 2994 1224 Sancte,
3021 1159 3243 1216 Domine
3264 1160 3404 1216 Deus
3427 1177 3599 1228 meus,

2017 1247 2069 1300 in
2099 1249 2313 1317 nomine
2340 1260 2429 1304 tuo
2454 1251 2701 1321 baptizati
2727 1266 2911 1308 smnus
2928 1295 2943 1317 ,
2977 1252 3136 1308 Pater
3160 1251 3333 1309 et-Fili
3357 1263 3412 1308 et
3431 1253 3599 1324 Spiri-

2016 1345 2101 1393 tus
2127 1349 2343 1405 sancte;
2376 1341 2427 1396 in
2452 1341 2664 1398 nomine
2687 1350 2776 1398 tuo
2794 1342 3142 1413 baptizamus,
3169 1343 3326 1399 Pater
3348 1351 3402 1399 et
3422 1341 3520 1398 Fili
3547 1351 3602 1398 et

2013 1428 2247 1498 Spiritus
2260 1439 2475 1498 sancte;
2504 1432 2627 1502 quia
2650 1441 2705 1488 et
2725 1433 2865 1505 apud
2891 1450 2987 1490 nos
3009 1435 3061 1490 in
3081 1435 3296 1492 Christo
3316 1450 3415 1491 suo
3437 1435 3453 1467 ¹
3481 1435 3601 1506 fecit

2014 1519 2156 1575 Deus
2180 1521 2361 1577 emtam
2389 1531 2436 1577 et
2461 1532 2666 1589 terram,
2692 1523 2992 1594 spirituales
3011 1535 3066 1582 et
3082 1527 3326 1583 carnales
3345 1527 3601 1585 Ecclesia

2015 1624 2159 1676 sum;
2187 1621 2241 1668 et
2267 1621 2401 1666 terra
2429 1620 2609 1669 nostra
2635 1623 2918 1685 antequam
2949 1618 3214 1687 acciperet
3240 1619 3464 1674 formam
3497 1618 3598 1674 do-

2013 1704 2220 1771 ctrinas,
2243 1704 2505 1760 invisibilis
2535 1715 2644 1760 erat
2665 1715 2714 1761 et
2738 1707 3088 1780 incomposita,
3112 1719 3166 1766 et
3186 1708 3497 1782 ignorantiae
3521 1721 3599 1768 te-

2014 1795 2193 1852 nebris
2211 1795 2519 1866 tegebamur
2537 1813 2551 1861 ;
2575 1798 2824 1867 quoniam
2845 1813 2944 1868 pro
2965 1800 3242 1870 iniquitate
3258 1801 3478 1858 erudisti
3499 1801 3600 1857 ho-

2015 1886 2212 1942 minem
2239 1885 2407 1958 (Psal.
2427 1903 2650 1952 xxxvm,
2678 1888 2765 1961 l9.)
2785 1928 2800 1954 ,
2826 1899 2881 1944 et
2893 1889 3090 1960 judicia
3113 1900 3198 1946 tua
3219 1893 3359 1949 sicut
3377 1894 3601 1966 abyssus

2016 1977 2177 2031 multa
2198 1977 2370 2049 (Paul.
2394 1995 2567 2048 xxxv,
2584 1981 2662 2051 7).
2680 1981 2782 2037 Sed
2800 1983 2922 2052 quia
2933 1981 3158 2054 Spiritus
3173 1992 3295 2040 tuus
3312 1987 3601 2056 superlerc-

2015 2068 2168 2123 batur
2197 2084 2354 2139 super
2378 2085 2567 2140 aquam
2600 2069 2750 2144 (Gen.
2774 2087 2812 2138 ι,
2834 2073 2891 2144 ‘2)
2909 2114 2926 2140 ,
2956 2090 3060 2129 non
3087 2073 3298 2145 reliquit
3333 2075 3600 2132 miseriam

2016 2171 2252 2215 nostram
2279 2162 2642 2218 misericordia
2672 2174 2778 2232 tua,
2807 2174 2860 2220 et
2883 2166 3064 2221 dixisti
3095 2185 3106 2221 :
3138 2165 3260 2222 Fiat
3285 2169 3391 2222 lux.
3427 2167 3601 2224 Panic

2016 2252 2222 2306 tentiam
2259 2253 2424 2324 agite,
2468 2255 2894 2328 appropinquavit
2936 2258 3068 2310 enim
3115 2274 3336 2329 regnum
3362 2259 3602 2314 calorum

2016 2343 2228 2409 (Matth.
2252 2360 2329 2409 ιιι,
2364 2345 2474 2417 1‘2).
2519 2345 2873 2401 Pwnitentiam
2900 2348 3051 2419 agite,
3085 2346 3205 2402 Fiat
3231 2350 3340 2404 (ut.
3370 2349 3436 2404 Et
3462 2364 3601 2420 quo-

2017 2437 2159 2490 niam
2185 2437 2496 2500 contui-inita
2525 2447 2638 2493 erat
2663 2439 2728 2493 ad
2758 2454 2854 2495 nos
2875 2439 3018 2510 ipsos
3037 2440 3210 2495 anima
3233 2453 3432 2506 neStra,
3455 2456 3602 2496 com-

2016 2529 2292 2582 memorati
2315 2543 2500 2582 smnus
2521 2529 2614 2593 tui,
2644 2529 2886 2595 Domine,
2914 2529 2982 2584 de
3007 2539 3144 2585 terra
3164 2529 3431 2597 Jordanis,
3459 2531 3601 2592 etde

2019 2628 2198 2674 monte
2259 2619 2446 2688 aequali
2487 2619 2632 2683 'tibi,
2669 2619 2760 2674 sed
2801 2634 2962 2690 parvo
3023 2629 3240 2691 propter
3293 2636 3391 2676 nos
3429 2619 3600 2694 (Paul.

2017 2728 2134 2776 xu,
2172 2709 2262 2783 7);
2299 2722 2354 2768 et
2391 2713 2773 2784 displicuerunt
2811 2713 2964 2769 nobis
3002 2715 3237 2770 tenebra:
3274 2725 3505 2782 nostrae,
3539 2724 3603 2770 et

2015 2803 2258 2857 conversi
2288 2819 2472 2858 smnus
2497 2802 2562 2858 ad
2595 2813 2674 2870 te,
2711 2814 2756 2858 et
2796 2807 2932 2876 [acta
2970 2813 3042 2860 est
3081 2805 3189 2860 lux.
3233 2803 3298 2861 Et
3335 2822 3461 2862 ecce
3499 2806 3603 2862 lui-

2017 2910 2137 2950 mus
2169 2895 2452 2966 aliquando
2492 2895 2758 2964 tencbm;
2801 2909 2942 2951 nunc
2969 2905 3146 2954 autem
3177 2896 3264 2954 lux
3295 2897 3348 2953 in
3380 2897 3612 2958 Domina

2017 2982 2177 3057 (Μ’
2204 3000 2270 3054 ν’
2301 2985 2376 3058 8"
2613 3057 2838 3116 CAPUT
2875 3057 3013 3119 xnt.
3413 3057 3659 3119 κθ)

2091 3147 2364 3204 Renovatio
2395 3149 2612 3205 hominis
2639 3150 2868 3204 dumliic
2898 3152 3012 3207 uiuit
3040 3152 3262 3206 nondum
3290 3155 3531 3225 perfecta.

2091 3240 2174 3294 M.
2217 3239 2283 3294 Et
2312 3249 2488 3296 tamen
2524 3239 2703 3298 adhuc
2729 3255 2824 3309 per
2859 3240 3050 3306 tidem,
3082 3241 3318 3298 nondum
3354 3259 3448 3313 per
3483 3260 3606 3314 sper

2017 3334 2151 3388 ciem
2189 3335 2206 3403 (
2235 3333 2276 3390 ll
2301 3332 2417 3389 Cor.
2438 3349 2508 3399 ,v,
2536 3335 2617 3405 ἠα-
2643 3334 2751 3404 Spe
2772 3335 2912 3388 enim
2934 3334 3065 3390 salvi
3094 3334 3214 3391 lacti
3241 3351 3444 3391 sumus.
3471 3338 3604 3408 Spes

2017 3434 2191 3479 autem
2209 3442 2325 3495 qum
2345 3425 2570 3490 videtur,
2593 3441 2696 3480 non
2716 3435 2798 3482 est
2813 3441 2937 3496 spes
2957 3425 3130 3498 (Rom.
3148 3442 3266 3494 vni,
3279 3427 3394 3501 24).
3414 3429 3605 3489 Adhuc

2017 3516 2240 3585 abyssus
2266 3515 2515 3587 abyssum
2553 3517 2785 3580 invocat,
2814 3515 2910 3572 sed
2937 3516 3148 3577 invoca
3167 3517 3190 3550 ’
3217 3527 3603 3582 cataractarum

2019 3615 2224 3661 tuarum
2253 3605 2421 3677 (Ρωι.
2452 3623 2574 3675 xu,
2607 3608 2685 3679 8).
2715 3608 2905 3667 Adhuc
2935 3618 2989 3664 et
3021 3608 3110 3667 ille
3141 3609 3233 3681 qui
3260 3608 3440 3674 dicit:
3480 3610 3603 3669 Non

2018 3699 2156 3769 potui
2183 3701 2318 3756 vobis
2347 3701 2482 3771 loqui
2507 3701 2650 3771 quasi
2680 3701 3060 3774 spirantibus,
3090 3702 3181 3764 sed
3207 3705 3352 3774 Quasi
3378 3704 3602 3761 carnaliv

2019 3794 2108 3846 bus
2137 3791 2194 3862 (ι
2219 3793 2336 3848 Cor.
2369 3809 2460 3857 in,
2495 3792 2547 3866 l)
2567 3834 2582 3859 ,
2615 3794 2774 3850 etiam
2810 3794 2924 3864 ipse
2952 3794 3189 3856 nondum
3230 3812 3288 3852 se
3321 3796 3606 3856 arbitratur

2017 3882 2521 3954 comprehendisse;
2553 3892 2607 3939 et
2626 3900 2744 3954 qua:
2766 3895 2911 3941 retro
2930 3886 3127 3942 oblitus
3143 3927 3160 3954 ,
3185 3887 3240 3942 in
3260 3902 3324 3942 ea
3344 3903 3460 3957 qua:
3479 3897 3607 3945 ante

2020 3985 2162 4041 sunt,
2178 3974 2478 4032 extenditur
2493 3974 2712 4046 (Philip.
2733 3991 2808 4042 ιιι,
2831 3973 2936 4047 15),
2951 3985 3006 4031 et
3022 3977 3319 4047 ingemiseit
3332 3985 3602 4047 gravatus.|

2019 4075 2075 4120 et
2111 4067 2223 4121 sitit
2257 4067 2432 4121 anima
2467 4065 2582 4137 ejus
2609 4066 2675 4121 ad
2709 4066 3117 4134 Denmvivum,
3155 4067 3604 4138 quemadmodum

2020 4173 2209 4214 cervus
2234 4158 2300 4213 ad
2329 4159 2501 4214 fontes
2535 4175 2812 4230 aquarum,
2844 4168 2899 4215 et
2924 4159 3086 4214 dicit:
3108 4158 3330 4228 Quando
3359 4161 3605 4224 veniam?

2024 4248 2193 4320 (l’aal.
2218 4265 2327 4315 xu,
2345 4249 2402 4316 2,
2421 4251 2478 4320 5)
2506 4249 2860 4306 habitaculum
2891 4265 3045 4306 suum
3071 4249 3214 4321 quod
3256 4250 3322 4310 de
3342 4251 3481 4311 cado
3502 4262 3604 4321 est,

2021 4341 2329 4410 superindui
2349 4342 2569 4410 cupiens
2593 4343 2611 4413 (
2634 4341 2678 4396 ll
2696 4340 2813 4396 Cor.
2827 4340 2976 4420 v,2)_,
2998 4349 3054 4397 et
3073 4342 3282 4400 invocat
3301 4343 3605 4404 inferiorem

2021 4430 2292 4502 abyssum,
2323 4431 2508 4487 dicens
2540 4448 2551 4483 :
2587 4430 2760 4488 Nolite
2785 4433 3095 4502 conformari
3123 4433 3244 4486 huic
3267 4435 3488 4501 alecula,
3519 4435 3608 4490 sed

2021 4521 2365 4592 reformamini
2385 4523 2436 4576 in
2457 4522 2672 4576 novitate
2691 4523 2868 4576 utentis
2887 4532 3059 4594 uestrae
3087 4523 3260 4594 (Itoni.
3285 4539 3384 4592 xu,
3408 4525 3499 4594 2).;
3523 4535 3604 4581 et:

2025 4615 2200 4670 Nolite
2225 4617 2368 4685 pueri
2395 4617 2517 4688 e/ﬁci
2546 4616 2792 4672 mentibus
2811 4615 2850 4683 ³,
2876 4617 2967 4682 sed
2988 4618 3183 4674 malitia
3210 4619 3411 4688 paruuli
3432 4629 3601 4684 estote,

2023 4719 2076 4762 ut
2112 4709 2373 4772 mentibus.
2401 4710 2606 4782 perfecti
2630 4710 2739 4765 sitis
2767 4708 2786 4781 (
2813 4709 2967 4767 lCor.
2994 4726 3103 4778 xw,
3126 4710 3254 4782 9.0);
3281 4719 3334 4767 et
3358 4728 3372 4766 :
3401 4709 3446 4766 0
3467 4713 3608 4772 stulti

2024 4797 2250 4867 Galatae,
2277 4801 2388 4872 quis
2415 4816 2500 4855 vos
2529 4801 2830 4872 fascinavit?
2861 4799 3002 4873 (Gal.
3029 4817 3107 4868 tu,
3128 4801 3202 4872 l.)
3232 4800 3338 4858 Sed
3357 4801 3468 4872 jam
3502 4819 3606 4858 non

2024 4891 2076 4945 in
2103 4907 2232 4946 voce
2261 4907 2384 4957 sua;
2422 4891 2475 4945 in
2514 4893 2782 4950 tua-enim
2824 4892 2912 4962 qui
2948 4892 3136 4947 misisti
3175 4891 3429 4961 Spiritum
3461 4900 3610 4947 tuum

2023 4981 2088 5036 de
2109 4983 2334 5038 excelsis
2363 4983 2496 5054 (Act.
2521 4998 2576 5047 ιι,
2601 4981 2656 5056 ‘2)
2676 5023 2692 5050 ,
2722 4998 2817 5053 per
2841 4997 2961 5038 eum
2990 4981 3076 5052 qui
3103 4981 3340 5037 ascendit
3364 4981 3416 5036 in
3443 4982 3606 5037 altum
3635 5022 3644 5029 κ

2025 5075 2193 5146 (Paul.
2217 5091 2377 5142 ωινιι,
2406 5076 2516 5147 l9),
2545 5084 2598 5131 ct
2624 5074 2834 5146 aperuit
2859 5083 3153 5131 cataractas
3189 5073 3450 5156 donorum
3479 5089 3608 5138 suo-

2024 5187 2232 5249 alterum
2255 5198 2396 5248 porro
2407 5221 2421 5245 ,
2439 5197 2503 5234 tm
2518 5186 2570 5236 in
2585 5182 2788 5249 singulis
2803 5183 2908 5234 haec
2923 5183 3020 5235 tria
3035 5219 3059 5249 ,_
3069 5183 3134 5234 ita
3158 5188 3207 5234 ut
3237 5187 3374 5249 terna
3392 5183 3613 5249 singulo.

2025 5261 2136 5298 rum
2150 5245 2553 5310 sinthuanquam
2574 5245 2816 5310 spuitam,
2845 5253 2998 5310 et__Er.
3023 5247 3093 5295 si:
3119 5253 3226 5307 post
3243 5245 3360 5310 haec
3392 5245 3602 5310 legium:

2029 5321 2096 5380 λιι
2114 5305 2574 5380 ιιξνονιηξᾳιζςείηἱνὶδ
2590 5305 2744 5380 modis
2759 5306 3042 5380 simpli-riter
3075 5305 3132 5357 et
3153 5305 3480 5380 inultiplicite}
3495 5305 3608 5380 ἐμῆς

2136 5368 2400 5438 manu
2413 5368 2516 5420 sine
2532 5383 2624 5438 quo
2641 5377 2743 5438 est.
2763 5376 2830 5420 Ita
2855 5368 3058 5433 quoque
3080 5368 3211 5433 apud
3227 5368 3336 5421 Bait.
3366 5371 3458 5421 nisi
3480 5368 3614 5434 quod

2027 5429 2366 5494 habeturtﬁne,
2387 5444 2481 5494 non
2503 5429 2620 5484 sine.

2091 5498 2104 5527 ¹
2133 5502 2181 5543 ιιι
2204 5491 2386 5542 Christo
2408 5492 2522 5541 lu'lio
2542 5505 2657 5550 suo,
2677 5493 2805 5553 justa
2828 5501 2997 5541 Somni.
3025 5499 3075 5541 et
3106 5491 3247 5540 Rond.
3275 5499 3331 5541 at.

2090 5559 2110 5589 ³
2134 5553 2338 5615 sedjam
2354 5553 2404 5605 in
2421 5565 2548 5614 voce,
2565 5555 2703 5616 juxta
2728 5565 2848 5604 Sent.
2872 5563 2999 5604 Mart.
3028 5555 3170 5604 ttoad.
3211 5553 3300 5605 sed
3321 5554 3421 5612 iam
3447 5566 3614 5612 nomn
3651 5597 3662 5610 _.

2028 5631 2152 5676 recc,
2175 5618 2313 5679 juxta
2332 5622 2407 5670 Er.
2432 5616 2576 5678 Lugd.
2605 5623 2658 5664 M.

2093 5681 2112 5712 ³
2136 5676 2237 5742 Mss.
2264 5677 2444 5742 aliquot
2465 5676 2529 5742 ei;
2553 5678 2786 5742 vetustis,
2809 5676 2932 5742 efﬁci
2960 5677 3187 5742 sensibus.
3203 5705 3260 5712 —
3283 5684 3422 5728 Juxta
3438 5683 3620 5739 Summ;

2032 5748 2079 5792 et
2106 5741 2228 5791 Romi
2257 5775 2268 5802 ,
2294 5737 2619 5803 (lcinlegittu',
2646 5737 2859 5790 mnibus
2879 5739 3076 5804 perfecti
3097 5746 3216 5794 am.
3257 5747 3310 5787 Μ.
