4078 6366
486 292 585 351 851

486 423 645 476 rum,
676 414 736 463 ut
774 403 1009 462 ﬂuminis
1047 404 1275 477 impetus
1315 404 1606 461 laetiﬁcaret
1632 404 1898 459 civitatem
1926 413 2068 458 tuam

489 499 661 571 (Psat.
684 515 811 567 xcv,
835 498 914 571 5).
952 497 1033 554 Illi
1069 500 1211 556 enim
1238 499 1467 569 suspirat
1499 498 1680 569 sponsi
1712 498 1934 562 amicus,
1972 496 2070 553 ha-

486 594 624 651 bens
648 594 761 665 jam
785 592 1000 664 spiritus
1026 592 1289 664 primitias
1316 606 1479 662 penes
1500 607 1653 659 enm,
1690 591 1783 647 sed
1817 590 1989 646 adhuc
2016 591 2069 646 in

488 685 780 756 semetipso
816 683 1203 755 ingemiscens,
1251 682 1587 752 adoptionem
1633 690 1946 751 exspectans
1985 696 2072 737 re-

489 777 853 849 demptionem
879 775 1117 846 corporis
1136 776 1217 829 sui
1241 773 1413 846 (Rom.
1428 789 1541 839 vtn,
1556 772 1649 845 23)
1681 790 1695 827 :
1723 773 1796 828 illi
1815 772 2067 844 suspirat,

404 924 411 935 ,
487 870 790 927 membrum
816 876 901 925 est
920 869 1067 926 enim
1092 882 1335 937 sponsae;
1365 874 1421 923 et
1456 866 1532 921 illi
1567 866 1701 921 zelat
1719 908 1734 932 ,
1764 867 1966 921 amicus
1990 874 2073 921 est

487 962 635 1017 enim
652 959 868 1033 sponsi;
894 957 969 1015 illi
995 959 1129 1014 zelat
1149 973 1255 1013 non
1280 957 1378 1013 sibi
1414 953 1591 1029 (Joan.
1613 971 1693 1023 ιιι,
1720 955 1850 1027 19),
1877 956 1996 1027 quia
2018 956 2071 1010 in

486 1068 622 1109 voce
655 1061 1040 1109 cataractarum
1076 1060 1314 1115 tuarum,
1346 1063 1450 1104 non
1480 1049 1533 1104 in
1564 1064 1695 1104 voce
1731 1062 1826 1103 sua
1863 1049 2074 1103 invocat

487 1145 714 1201 alteram
736 1143 986 1215 abyssum
1015 1139 1187 1212 (Psat.
1216 1155 1327 1208 xu,
1354 1138 1445 1210 8),
1472 1139 1557 1195 cui
1594 1139 1776 1195 zelans
1810 1139 1978 1203 timet,
2004 1152 2072 1193 ne

485 1234 629 1291 sicut
654 1246 875 1304 serpens
899 1230 1064 1288 Evam
1094 1231 1301 1301 decepit
1328 1232 1520 1285 astutia
1546 1243 1641 1285 sua
1660 1271 1675 1296 ,
1706 1230 1783 1285 sic
1806 1240 1860 1285 et
1887 1244 2070 1285 eorum

486 1338 679 1381 sensus
714 1331 1121 1394 corrumpantur
1157 1338 1186 1377 a
1221 1322 1495 1388 castitate,
1536 1336 1656 1392 quae
1683 1331 1764 1376 est
1793 1320 1847 1376 in
1875 1335 2073 1391 sponso

483 1424 672 1473 nostro
696 1414 867 1473 Unico
896 1424 991 1471 tuo
1016 1413 1036 1488 (
1060 1415 1101 1469 ll
1124 1413 1241 1471 Cor.
1267 1428 1338 1482 ιι,
1370 1412 1446 1487 3).
1479 1414 1608 1483 Qua:
1640 1424 1723 1469 est
1758 1414 1846 1469 illa
1875 1415 2070 1484 speciei

484 1508 618 1564 lux?
637 1507 771 1564 Cum
800 1505 1099 1564 videbimus
1125 1522 1246 1563 eum
1275 1508 1427 1563 sicuti
1464 1517 1546 1561 cst
1582 1506 1757 1578 (Joan.
1783 1523 1870 1574 ιιι,
1896 1504 1991 1579 2),
2019 1516 2074 1563 et

485 1599 800 1657 transierint
836 1599 1090 1671 lacrymze
1121 1614 1241 1670 qua:
1277 1599 1407 1654 mihi
1446 1598 1596 1654 facta:
1639 1606 1763 1653 sunt
1799 1599 1951 1668 panis
1986 1599 2073 1655 die

482 1708 551 1749 ac
575 1700 761 1759 nocte,
793 1690 920 1748 dum
963 1690 1158 1746 dicitur
1198 1687 1328 1744 mihi
1371 1690 1635 1761 quotidie,
1678 1687 1778 1746 Ubi
1816 1698 1899 1745 est
1931 1688 2073 1745 Deus

487 1785 647 1842 tuus?
674 1781 846 1857 (Psal.
874 1797 988 1851 xu,
1002 1780 1083 1855 ι.)

1084 1871 1313 1930 CAPUT
1351 1871 1485 1927 XIV.

903 1964 1037 2022 Fide
1063 1974 1110 2020 et
1136 1980 1225 2035 spe
1250 1961 1649 2018 corroboramur.

559 2059 648 2117 15.
677 2057 749 2116 Et
767 2072 870 2131 ego
888 2058 1010 2114 dico
1033 2075 1048 2112 :
1076 2058 1215 2113 Deus
1239 2071 1409 2117 meus,
1438 2054 1528 2110 ubi
1553 2054 1651 2111 es?
1680 2054 1823 2110 Ecce
1841 2054 1927 2110 ubi
1948 2068 2008 2110 es
2030 2055 2068 2109 ⁸.

488 2148 716 2223 Bcspiro
742 2149 796 2205 in
823 2156 876 2205 te
902 2147 1172 2221 paululum
1192 2189 1207 2215 ,
1237 2163 1358 2202 cum
1391 2146 1606 2201 eﬁ'undo
1642 2160 1803 2216 super
1836 2161 1922 2201 me
1960 2146 2074 2200 ani-

487 2256 634 2297 mam
656 2256 829 2298 meam
855 2242 909 2296 in
934 2254 1065 2295 voce
1090 2238 1457 2294 exsultationis
1482 2246 1537 2295 et
1557 2236 1933 2304 confessionis,
1955 2238 2072 2291 soni

487 2331 828 2388 festivitatem
856 2329 1173 2386 celebrantis
1196 2326 1368 2400 (Psat.
1389 2342 1499 2391 xu,
1519 2325 1598 2399 5).
1623 2327 1691 2381 Et
1712 2326 1885 2382 adhuc
1906 2326 2074 2382 tristis

483 2430 598 2491 est,
630 2422 753 2493 quia
780 2420 1038 2477 relabitur
1070 2430 1127 2477 et
1162 2420 1221 2475 ﬁt
1257 2420 1515 2490 abyssus;
1545 2419 1626 2474 vel
1661 2420 1871 2491 potius,
1912 2419 2074 2474 sentit

484 2514 661 2571 adhuc
689 2530 748 2570 se
775 2528 895 2570 esse
922 2513 1191 2586 abyssum.
1226 2512 1362 2568 Dicit
1390 2513 1440 2568 ei
1471 2511 1600 2567 ﬁdes
1637 2526 1753 2568 mea
1789 2527 1946 2583 quam
1978 2526 2073 2566 ac-

484 2604 714 2662 cendisti
749 2605 803 2661 in
832 2613 989 2661 nocte
1015 2613 1141 2660 ante
1170 2604 1331 2675 pedes
1369 2618 1520 2659 meos
1548 2622 1561 2657 :
1593 2602 1765 2669 Quare
1797 2604 1952 2659 tristis
1988 2620 2069 2670 es,

484 2699 657 2753 anima
685 2715 825 2764 mea,
856 2707 905 2753 et
931 2713 1086 2768 quare
1124 2696 1392 2752 conturbas
1435 2697 1552 2752 me?
1580 2697 1746 2767 Spera
1773 2697 1824 2751 in
1853 2695 2072 2751 Domino

486 2788 658 2863 (Ρωι.
696 2806 834 2856 xui,
867 2791 937 2857 5,
963 2789 1017 2863 6)
1042 2807 1057 2856 ;
1089 2790 1300 2846 lucerna
1332 2788 1550 2860 pedibus
1580 2790 1682 2844 tuis
1707 2790 1926 2845 verbum
1954 2790 2071 2861 ejus

485 2880 660 2952 (Paul.
681 2897 861 2949 cxvtn,
890 2881 1030 2952 l05).
1054 2881 1222 2953 Spera
1248 2890 1302 2936 et
1325 2896 1626 2952 persevera,
1648 2881 1819 2938 donec
1840 2891 2075 2938 transeat

485 2987 593 3027 nos
635 2982 804 3027 mater
839 2972 1176 3043 iniquorum,
1216 2971 1387 3027 donec
1433 2980 1667 3027 transeat
1709 2972 1785 3026 ira
1826 2972 2069 3042 Domini,

485 3064 643 3135 cujus
676 3063 769 3120 ﬁlii
806 3073 861 3121 et
890 3079 988 3120 nos
1017 3065 1212 3120 fuimus
1237 3064 1521 3135 aliquando
1549 3067 1783 3121 tenebrze
1804 3108 1819 3134 ,
1848 3082 2070 3137 quarum

486 3156 699 3213 residua
727 3156 983 3212 trahimus
1011 3156 1064 3211 in
1093 3171 1318 3227 corpore
1339 3164 1554 3228 propter
1574 3166 1845 3227 peccatum
1864 3166 2073 3213 mortuo

491 3248 666 3323 (Rom.
689 3265 782 3305 vni
803 3290 818 3314 ,
844 3246 969 3324 10),
1000 3248 1171 3304 donec
1197 3248 1397 3320 aspirct
1424 3249 1538 3303 dies
1560 3291 1573 3313 ,
1606 3259 1659 3304 et
1698 3258 2075 3305 removeantur

482 3341 689 3397 umbra:
718 3339 886 3413 (Cant.
914 3355 986 3407 ιι,
1014 3340 1127 3412 17).
1159 3340 1323 3411 Spera
1354 3339 1408 3394 in
1438 3340 1667 3396 Domino
1694 3358 1708 3396 :
1735 3356 1891 3396 mane
1928 3350 2072 3396 asta-

483 3435 616 3503 bo',
650 3444 704 3490 et
728 3433 1158 3504 contemplabor;
1201 3448 1413 3503 semper
1447 3433 1741 3488 conﬁtebor
1778 3434 1874 3488 illi.
1919 3434 2072 3490 Mane

483 3524 691 3590 astabo,
710 3530 765 3580 et
780 3524 967 3579 videbo
991 3520 1161 3597 (Psal.
1180 3539 1233 3590 v,
1252 3521 1309 3595 5)
1328 3524 1558 3577 salutare
1581 3524 1755 3577 vultus
1773 3524 1874 3577 mei
1900 3522 2068 3596 (Psal.

484 3630 619 3681 mi,
647 3615 740 3687 5),
771 3615 937 3669 Deum
968 3628 1145 3669 meum
1179 3612 1268 3683 qui
1304 3610 1586 3667 viviﬁcabit
1610 3620 1663 3667 et
1687 3612 1926 3668 mortalia
1955 3629 2075 3668 cor-

483 3722 613 3777 pora
645 3716 859 3774 nostra,
902 3714 1121 3778 propter
1157 3705 1413 3776 Spiritum
1452 3705 1539 3774 qui
1586 3704 1786 3759 habitat
1828 3705 1880 3759 in
1920 3705 2073 3761 nobis

488 3800 663 3874 (Rom.
684 3816 800 3867 vni,
826 3800 952 3871 tl);
980 3800 1102 3870 quia
1127 3813 1287 3869 super
1312 3796 1533 3852 interius
1558 3805 1796 3850 nostrum
1827 3796 2074 3852 tenebro-

484 3906 603 3948 sum
632 3900 688 3947 et
714 3890 935 3947 ﬁuidum
974 3888 1391 3945 misericorditer
1427 3887 1875 3957 snperferehatur.
1921 3888 2073 3944 Unde

489 3982 544 4038 in
566 3980 666 4037 hac
689 3980 1115 4052 peregrinatione
1140 3964 1331 4049 pignus
1347 3978 1649 4048 accepimus
1672 3976 1749 4048 (ll
1768 3976 1882 4032 Cor.
1898 3994 1935 4045 ι,
1951 3978 2070 4049 22),

486 4081 545 4127 ιιι
565 4072 675 4143 jam
700 4073 868 4128 simus
896 4071 985 4126 lux
1018 4068 1231 4143 (Ephes.
1259 4085 1315 4137 v,
1340 4067 1432 4143 8),
1466 4070 1589 4124 dum
1620 4069 1792 4125 adhuc
1820 4086 1915 4139 spe
1942 4071 2073 4126 salvi

483 4162 612 4219 facti
634 4178 818 4219 sumus
842 4162 1016 4234 (Rom.
1039 4178 1162 4230 vni,
1189 4160 1284 4235 24)
1304 4204 1318 4228 ,
1348 4168 1403 4218 et
1431 4160 1521 4217 ﬁlii
1548 4162 1698 4227 lucis,
1727 4173 1780 4217 et
1812 4162 1902 4217 ﬁlii
1940 4164 2068 4231 diei,

484 4270 597 4311 non
618 4256 709 4311 filii
732 4255 903 4310 noctis
921 4268 1097 4325 neque
1118 4254 1453 4309 tenebrarum
1480 4250 1532 4327 (l
1554 4252 1731 4309 Thess.
1751 4270 1802 4321 v,
1826 4255 1906 4326 5),
1928 4255 2071 4325 quod

484 4356 666 4403 tamen
694 4344 909 4403 fuimus.
937 4344 1081 4401 Inter
1102 4360 1236 4417 quos
1260 4354 1314 4401 et
1340 4360 1437 4400 nos
1464 4345 1514 4399 in
1542 4345 1646 4399 isto
1669 4346 1842 4400 adhuc
1868 4346 2073 4401 incerto

487 4439 736 4495 humana:
765 4437 965 4493 notitiae
984 4478 999 4505 ,
1028 4444 1086 4492 tu
1114 4435 1259 4492 solus
1293 4434 1519 4501 dividis,
1560 4436 1646 4506 qui
1686 4436 1877 4505 probas
1908 4435 2070 4492 corda

484 4539 700 4601 nostra,
748 4539 806 4588 et
845 4544 1007 4587 vocas
1046 4528 1219 4587 lucem
1261 4529 1441 4598 diem,
1483 4539 1537 4585 et
1578 4530 1823 4585 tenebras
1862 4539 2070 4586 noctem

487 4620 643 4695 (Gen.
670 4637 707 4689 ι,
736 4620 816 4694 5).
846 4620 976 4692 Quis
1007 4621 1151 4677 enim
1172 4635 1269 4677 nos
1290 4620 1571 4686 discernit,
1601 4621 1698 4677 nisi
1726 4621 1813 4675 tn?
1832 4621 1955 4691 quid
1976 4637 2072 4677 au-

484 4722 593 4768 tem
620 4712 877 4769 habemus
903 4711 1046 4783 quod
1071 4727 1179 4767 non
1204 4712 1507 4783 accepimus
1529 4726 1559 4765 a
1589 4721 1640 4767 te
1670 4710 1863 4784 (lCor.
1884 4728 1957 4779 IV,
1986 4711 2065 4784 7),

479 4821 551 4861 tx
578 4804 766 4862 eadem
791 4820 965 4862 massa
988 4820 1116 4861 vasa
1139 4806 1192 4860 in
1220 4805 1494 4871 honorem,
1526 4819 1591 4861 ex
1616 4818 1718 4876 qua
1745 4812 1869 4860 sunt
1894 4814 1945 4861 et
1967 4806 2069 4861 alia

478 4898 627 4955 facta
652 4898 710 4955 in
734 4897 1153 4957 contumeliam?
1178 4893 1573 4970 (Rom.tx,2l.)

1080 4985 1311 5046 CAPUT
1348 4984 1465 5042 XV.

487 5078 603 5138 Fiat
631 5080 1045 5146 ﬁrmamentum,
1073 5089 1191 5144 etc.,
1212 5076 1337 5135 Gen.
1365 5080 1417 5145 1,
1436 5077 1489 5135 6.
1521 5076 1658 5145 Quid
1676 5077 2066 5149 ﬁnnanterttum,

962 5168 1087 5243 quid
1108 5169 1387 5241 superiora
1412 5183 1576 5237 aqua.

557 5263 645 5319 16.
686 5264 792 5318 Aut
814 5262 955 5335 quis,
983 5261 1085 5317 nisi
1110 5271 1187 5330 tu,
1216 5261 1356 5317 Deus
1382 5268 1581 5327 noster,
1608 5258 1776 5317 fecisti
1803 5261 1955 5317 nobis
1978 5262 2068 5332 ﬁr-

483 5365 791 5409 mamentum
816 5354 1151 5410 auctoritatis
1176 5370 1337 5423 super
1364 5369 1462 5408 nos
1492 5353 1545 5408 in
1570 5352 1839 5424 Scriptum
1868 5364 1956 5410 tua
1982 5355 2069 5410 di-

483 5446 643 5501 vina?
668 5443 873 5502 (Icelum
897 5447 1038 5502 enim
1068 5444 1347 5519 plicabitur
1377 5453 1434 5500 nt
1461 5445 1594 5501 liber
1622 5444 1773 5518 (lsai.
1799 5462 1927 5503 xxiv
1943 5489 1959 5516 ,
1985 5445 2064 5521 4),

554 5579 568 5609 ¹
597 5586 644 5638 At
663 5577 725 5625 nd
751 5582 857 5627 Inv.
881 5578 1119 5638 omittitur
1139 5589 1251 5629 ecce
1266 5575 1349 5629 ubi
1368 5592 1438 5630 es.

545 5642 564 5670 ⁸
583 5637 699 5686 ωιξιι
722 5653 829 5688 cum
850 5637 1089 5688 nonnullis
1112 5648 1238 5699 MS»
1268 5653 1406 5692 nm
1431 5640 1595 5692 astabo
1612 5639 1711 5693 (ibi.
1735 5648 1787 5693 Al
1810 5642 1950 5694 ahest
1982 5641 2071 5695 tibi

478 5709 509 5748 Ι
530 5700 798 5750 verioribus
817 5700 1076 5751 ωώεὼιις.

1650 286 2161 347 CONFESSIONUM
2198 288 2258 346 S.
2296 289 2660 350 AUGUSTINI

3649 300 3752 359 85!

2177 412 2233 459 et
2254 420 2397 461 nunc
2410 408 2547 463 sicut
2569 407 2724 479 pellis
2745 408 3047 465 extenditur
3064 425 3225 481 super
3246 426 3343 467 nos
3367 410 3535 484 (Psat.
3550 428 3660 479 cru,
3677 416 3751 486 2).

2176 496 2512 554 Sublimioris
2539 500 2684 556 enim
2706 500 3035 557 auctoritatis
3056 512 3140 559 est
3164 511 3251 557 tua
3270 503 3447 557 divina
3466 504 3755 574 Scriptura,

2176 603 2298 647 cum
2313 590 2423 662 jam
2444 592 2694 649 obierunt
2713 595 2867 650 iStam
2886 603 3113 650 mortem
3136 596 3209 650 illi
3230 596 3503 663 mortales,
3522 613 3616 667 per
3628 613 3757 668 quos

2176 696 2295 736 eam
2332 681 2652 752 dispensasti
2688 684 2861 740 nobis.
2900 683 2969 740 Et
3010 694 3067 740 tu
3104 686 3239 753 scis,
3273 686 3530 754 Domine,
3573 697 3627 741 tu
3655 689 3760 744 scis

2176 773 2623 843 quemadmodum
2654 775 2877 846 pellibus
2914 776 3149 832 indueris
3178 776 3441 843 homines,
3474 793 3596 833 cum
3634 794 3758 849 pce-

2176 872 2298 919 cato
2324 865 2577 922 mortales
2602 865 2791 923 ﬁerent
2815 865 2967 939 (Gen.
2990 884 3069 933 ιιι,
3089 867 3205 939 21).
3236 868 3387 926 Unde
3414 869 3551 924 sicut
3572 871 3762 940 pellem

2177 958 2460 1013 extendisti
2507 958 2898 1016 ﬁrmamentum
2940 961 3084 1015 Libri
3122 962 3230 1029 tui,
3265 962 3560 1019 concordes
3584 966 3763 1034 utique

2177 1062 2454 1117 sermones
2485 1059 2628 1118 tuos,
2658 1065 2793 1122 quos
2818 1066 2914 1121 per
2940 1052 3244 1129 mortalium
3282 1053 3631 1109 ministerium
3670 1069 3763 1110 su-

2179 1140 2499 1208 perposuisti
2526 1141 2702 1198 nobis.
2727 1140 2965 1213 Namque
2995 1143 3109 1214 ipsa
3135 1158 3320 1199 eorum
3349 1152 3541 1210 morte,
3572 1145 3767 1201 solida-

2177 1240 2416 1285 mcntum
2463 1232 2794 1288 auctoritatis
2834 1234 2889 1288 in
2931 1234 3157 1304 eloquiis
3199 1235 3304 1290 tuis
3345 1250 3441 1305 per
3479 1250 3573 1291 eos
3610 1235 3768 1291 editis

2180 1320 2476 1377 sublimiter
2500 1323 2803 1379 extenditur
2845 1338 3006 1395 super
3036 1325 3215 1380 omnia
3256 1342 3374 1396 qua:
3402 1326 3583 1381 subter
3608 1335 3767 1382 sunt:

2177 1410 2318 1482 quod
2346 1426 2465 1468 cum
2494 1412 2583 1469 bie
2607 1415 2882 1483 viverent,
2910 1431 3016 1472 non
3054 1417 3124 1471 ita
3155 1416 3457 1472 sublimiter
3493 1427 3769 1473 extentum

2176 1510 2312 1558 erat.
2330 1503 2572 1561 Nondum
2590 1506 2731 1562 sicut
2747 1507 2945 1577 pellem
2964 1507 3157 1564 coelum
3175 1508 3513 1573 extenderas,
3532 1509 3771 1564 nondum

2177 1596 2365 1652 mortis
2393 1612 2580 1653 eorum
2610 1598 2802 1653 famam
2833 1614 3212 1672 usquequaque
3236 1600 3572 1656 dilataveras.

2248 1689 2336 1743 17.
2391 1688 2712 1757 Videamus,
2758 1689 3013 1758 Domine,
3050 1691 3219 1748 caelos
3264 1707 3424 1762 opera
3470 1691 3764 1763 digitorum

2110 1804 2113 1809 η
2178 1787 2418 1848 tuorum;
2442 1780 2716 1838 dissereua
2757 1782 2927 1840 oculis
2968 1784 3166 1839 nostris
3209 1783 3447 1839 nubilum
3490 1799 3598 1854 quo
3636 1786 3771 1840 sub-

2179 1872 2353 1928 texisti
2373 1888 2489 1930 eos.
2510 1871 2587 1929 lbi
2611 1880 2697 1930 est
2712 1875 3071 1931 testimonium
3095 1884 3266 1938 tuum,
3290 1876 3605 1947 sapientiam
3628 1892 3772 1946 pra:-

2176 1972 2324 2018 stans
2364 1964 2601 2034 parvulis
2641 1963 2811 2037 (Psal.
2842 1982 3002 2034 xvm,
3031 1967 3110 2039 8).
3150 1966 3383 2034 Perﬁce,
3415 1968 3554 2025 Deus
3580 1983 3769 2033 meus,

2177 2052 2387 2109 laudem
2426 2063 2570 2110 tuam
2604 2070 2672 2111 ex
2709 2071 2805 2112 ore
2843 2056 3122 2113 infantium
3148 2066 3203 2113 et
3232 2056 3560 2114 laetentium.
3588 2058 3775 2129 Neque

2176 2143 2319 2197 enim
2348 2144 2593 2202 novimus
2614 2144 2752 2201 alios
2793 2146 2957 2203 libros
2982 2148 3053 2203 ita
3083 2132 3420 2204 destruentes
3440 2148 3773 2219 superbiam,

2177 2232 2249 2289 ita
2280 2234 2616 2292 destruentes
2640 2236 2913 2293 inimicum
2941 2246 2995 2294 et
3017 2238 3352 2303 defensorem
3375 2238 3682 2311 (Psal.vm,
3715 2242 3773 2307 4,

2178 2325 2256 2397 5),
2300 2327 2638 2384 resistentem
2677 2329 3096 2385 reconciliationi
3140 2339 3242 2385 tua:
3282 2329 3618 2386 defendendo
3640 2345 3775 2401 pec.

2176 2426 2292 2473 cata
2312 2433 2429 2474 sua.
2457 2418 2573 2475 Non
2602 2421 2747 2487 novi,
2775 2420 3022 2489 Domine,
3040 2437 3146 2478 non
3174 2420 3299 2477 novi
3330 2422 3433 2477 alia
3466 2430 3576 2477 tam
3623 2431 3776 2478 casta

2176 2508 2418 2579 eloquia,
2446 2526 2566 2580 qua:
2594 2511 2672 2567 sic
2699 2511 2831 2567 mihi
2860 2512 3240 2583 persuaderent
3263 2511 3651 2569 confessionem
3670 2554 3687 2580 ,
3715 2524 3775 2569 et

2177 2600 2407 2659 lenirent
2428 2604 2691 2660 cervicem
2718 2619 2892 2660 meam
2916 2606 3043 2677 jugo
3064 2614 3178 2673 tuo,
3206 2614 3261 2662 et
3288 2606 3573 2663 invitarent
3594 2607 3780 2663 colere

2178 2702 2229 2748 te
2248 2696 2433 2763 gratis.
2452 2696 2749 2768 intelligam
2770 2712 2854 2763 ea,
2874 2697 3032 2754 Pater
3058 2698 3231 2766 bone;
3263 2698 3329 2754 da
3343 2698 3473 2753 mibi
3497 2697 3613 2755 hac
3638 2698 3778 2756 sub-

2178 2785 2469 2855 terposito,
2510 2789 2631 2858 quia
2671 2790 3042 2860 subterpositis
3058 2788 3297 2845 solidasti
3325 2804 3409 2845 ea.

2249 2876 2336 2933 l8.
2376 2877 2513 2935 Sunt
2534 2880 2650 2935 alia:
2679 2896 2823 2952 aqum
2847 2898 3004 2951 super
3026 2880 3128 2937 hoc
3154 2882 3525 2950 [irritamentum
3544 2923 3561 2950 ,
3580 2881 3782 2951 credo,

2176 2969 2540 3039 immortales,
2569 2982 2623 3027 et
2650 2986 2679 3026 a
2720 2982 2942 3028 terrena-
2972 2973 3316 3043 corruptione
3360 2982 3601 3029 secretas.
3628 2972 3777 3033 Lau—

2176 3060 2306 3116 dent
2334 3077 2529 3117 nomen
2567 3070 2750 3129 tuum,
2790 3064 3008 3119 laudent
3048 3073 3101 3120 te
3138 3064 3545 3134 superctelestes
3590 3066 3779 3138 populi

2176 3151 2499 3223 Angelornm
2530 3165 2738 3210 tuorum
2760 3198 2773 3223 ,
2800 3155 2889 3226 qui
2916 3171 3022 3211 non
3052 3170 3189 3227 opus
3228 3155 3426 3211 habent
3449 3157 3730 3227 suspicere
3759 3158 3778 3191 ⁸

2176 3241 2571 3299 ﬁrmamentum
2616 3243 2749 3307 hoc,
2797 3254 2851 3300 et
2896 3244 3124 3316 legendo
3170 3261 3496 3317 cognoscere
3541 3247 3777 3303 verbum

2178 3342 2345 3388 tuum.
2368 3335 2559 3390 Vident
2578 3336 2719 3390 enim
2750 3336 2938 3392 faciem
2960 3346 3103 3393 tuam
3128 3352 3340 3408 semper
3362 3336 3576 3411 (Matth.
3601 3354 3778 3409 xvm,

2178 3422 2291 3493 10),
2319 3434 2373 3480 et
2399 3425 2470 3480 ibi
2498 3427 2679 3497 legunt
2708 3427 2823 3483 sine
2865 3427 3083 3499 syllabis
3112 3438 3412 3499 temporum
3432 3472 3446 3492 ,
3474 3429 3606 3500 quid
3634 3430 3776 3486 velit

2176 3524 2373 3571 wtcrna
2398 3517 2642 3573 voluntas
2664 3526 2773 3573 tua.
2791 3518 3021 3590 Legunt,
3050 3520 3250 3591 eligunt
3270 3530 3322 3577 et
3346 3520 3599 3593 diligunt;
3621 3536 3779 3579 sem-

2178 3622 2272 3677 per
2312 3608 2526 3679 legunt,
2575 3620 2630 3664 et
2677 3626 2946 3682 nunquam
2990 3613 3228 3681 prmterit
3252 3611 3394 3684 quod
3424 3614 3622 3684 legunt.
3654 3613 3779 3670 Eli-

2175 3699 2347 3769 gendo
2384 3700 2526 3755 enim
2554 3709 2608 3755 et
2633 3701 2901 3771 diligendo
2928 3702 3109 3772 legunt
3150 3703 3319 3773 ipsam
3358 3704 3779 3761 ineommutabi-

2176 3791 2377 3846 litatem
2403 3793 2607 3847 consilii
2636 3795 2732 3847 tul.
2763 3793 2878 3848 Non
2911 3794 3174 3849 clauditur
3210 3778 3385 3850 codex.
3416 3811 3602 3851 eorum
3622 3838 3638 3863 ,
3668 3812 3781 3854 nec

2177 3884 2399 3952 plicatur
2420 3884 2553 3938 liber
2578 3898 2792 3948 eorum;
2821 3886 2945 3954 quia
2967 3894 3021 3939 tu
3050 3885 3163 3955 ipse
3184 3885 3290 3940 illis
3316 3885 3416 3942 hoc
3442 3902 3521 3954 es,
3548 3896 3602 3941 et
3626 3901 3686 3941 es
3723 3889 3779 3944 in

2175 3984 2431 4029 aeternum
2458 3993 2471 4028 :
2501 3976 2622 4046 quia
2644 3991 2803 4045 super
2824 3975 2925 4031 hoc
2953 3975 3345 4031 ﬁrmamentum
3372 3976 3625 4032 ordinasti
3647 3992 3775 4047 eos,

2174 4065 2319 4138 quod
2344 4067 2365 4099 ²
2394 4066 2615 4121 ﬁrmasti
2645 4083 2808 4137 super
2843 4066 3204 4121 inﬁrmitatem
3248 4065 3559 4122 inferiorum
3598 4081 3777 4137 popu-

2175 4158 2345 4213 lorum
2363 4197 2378 4222 ,
2398 4158 2486 4213 ubi
2507 4158 2837 4228 suspicerent
2858 4166 2913 4212 et
2931 4165 3318 4227 cognoscerent
3345 4156 3772 4217 misericordiam

2177 4260 2348 4317 tuam,
2371 4251 2733 4321 temporaliter
2765 4250 3129 4306 enuntiantem
3169 4258 3251 4315 te,
3286 4249 3374 4319 qui
3414 4248 3587 4304 fecisti
3625 4258 3774 4304 tem-

2174 4355 2326 4411 pora.
2355 4340 2411 4395 ln
2439 4342 2575 4396 caelo
2602 4341 2765 4404 enim,
2796 4340 3040 4407 Domine,
3074 4339 3437 4395 misericordia
3465 4348 3572 4407 tua,
3594 4347 3649 4395 et
3672 4355 3775 4397 ve-

2175 4433 2303 4486 ritas
2332 4438 2419 4487 tua
2454 4447 2621 4502 usque
2646 4431 2711 4485 ad
2738 4432 2906 4486 nubes
2939 4429 3107 4503 (Psal.
3134 4446 3300 4496 xxxv,
3333 4429 3414 4502 6).
3461 4430 3775 4488 Transeunt

2174 4524 2344 4579 nubes
2363 4565 2377 4591 ,
2403 4522 2597 4578 caelum
2627 4530 2804 4577 autem
2830 4530 3031 4579 manet.
3063 4522 3365 4577 Transeunt
3388 4521 3773 4592 praedicatores

2174 4614 2320 4670 verbi
2358 4613 2432 4670 tui
2465 4630 2532 4671 ex
2569 4615 2668 4669 hac
2693 4614 2799 4669 vita
2831 4615 2886 4670 in
2911 4615 3070 4669 aliam
3097 4614 3294 4682 vitam;
3322 4616 3596 4686 Scriptura
3636 4631 3771 4672 vero

2174 4715 2260 4761 tua
2293 4720 2459 4777 usque
2487 4706 2538 4761 in
2570 4706 2741 4773 ﬁnem
2782 4707 2963 4762 saeculi
2993 4722 3154 4777 super
3186 4708 3413 4778 pepulos
3437 4707 3765 4763 extenditur.

2171 4795 2278 4853 Sed
2317 4805 2370 4852 et
2398 4796 2590 4853 omium
2625 4805 2680 4851 et
2715 4805 2855 4853 terra
2900 4798 3233 4863 transibunt;
3273 4813 3551 4855 sermones
3581 4806 3769 4855 autem

2172 4888 2249 4945 tui
2289 4904 2396 4946 non
2436 4888 2737 4945 transibunt
2779 4887 3018 4964 (Matth.
3058 4906 3208 4957 xxiv,
3235 4890 3305 4946 55
3333 4890 3354 4963 )
3380 4909 3392 4944 :
3417 4891 3667 4961 quoniam
3708 4900 3767 4947 et
3820 4888 3827 4897 ’

2172 4979 2327 5050 pellis
2364 4979 2676 5052 plicabitur,
2724 4990 2782 5038 et
2839 4979 3022 5037 fenum
3061 4995 3223 5051 super
3255 4982 3397 5053 quod
3436 4981 3765 5038 extendeba-

2172 5077 2279 5138 tur,
2305 5084 2429 5128 clm
2446 5070 2688 5128 claritate
2711 5087 2805 5127 sua
2831 5075 3127 5143 praeteriet;
3154 5074 3377 5130 verbum
3403 5082 3582 5130 autem
3611 5081 3763 5132 tuum

2171 5168 2353 5217 manet
2388 5160 2445 5217 in
2479 5170 2737 5219 aeternum
2771 5160 2925 5236 (lsai.
2946 5180 3043 5231 xc,
3073 5164 3127 5237 6)
3154 5182 3168 5230 ;
3204 5165 3343 5235 quod
3375 5181 3516 5221 nunc
3546 5167 3598 5221 in
3626 5167 3764 5221 arni-

2170 5261 2347 5323 gmate
2372 5252 2591 5309 nubium
2612 5262 2667 5310 et
2687 5270 2781 5325 per
2797 5256 3069 5325 speculum
3094 5252 3216 5314 cmli
3240 5255 3261 5331 (
3285 5256 3303 5311 l
3332 5254 3451 5314 Cor.
3483 5274 3601 5324 xui,
3629 5257 3760 5329 12),

2172 5358 2279 5399 non
2322 5344 2477 5400 sicuti
2515 5352 2601 5401 est
2650 5356 2875 5416 apparet
2908 5346 3091 5413 nobis;
3132 5348 3254 5417 quia
3290 5354 3346 5402 et
3376 5363 3477 5404 nos
3517 5348 3765 5418 quamvis

2237 5458 2386 5529 "Iov.
2409 5470 2518 5528 qun
2540 5458 2889 5529 antiquioribus
2911 5457 3519 5529 editionihus,.susct)iere;
3542 5466 3595 5508 et
3616 5455 3761 5529 [aulo

2192 5517 2612 5590 ‘ost,_susc_ipereru
2642 5517 2687 5569 ἐι
2710 5528 3039 5590 cognoscerem
3068 5517 3450 5590 ndsericordimn
3485 5517 3633 5590 ιιιωιιῖ
3664 5518 3762 5567 sed

2192 5588 2327 5643 iquet
2348 5579 2601 5631 meliorem
2619 5595 2730 5631 esse
2748 5579 2849 5631 ti'ss.
2877 5582 3153 5640 lectionem,
3178 5595 3320 5644 quam
3344 5584 3391 5631 in
3409 5589 3548 5644 textu
3569 5582 3757 5629 damus.

2236 5647 2255 5672 τ
2279 5650 2409 5700 t.ov.,
2434 5655 2550 5705 quos
2568 5677 2581 5702 ,
2607 5644 2655 5691 in
2679 5651 2846 5704 textu;
2874 5652 2923 5692 et
2945 5643 3002 5693 ad
3027 5643 3464 5755 marginemmod
3484 5656 3499 5693 :
3517 5643 3608 5691 hoc
3629 5656 3757 5705 pra:-

2250 5717 2302 5753 re
2328 5706 2479 5753 \‘lSUJtl
2506 5713 2579 5754 est
2600 5740 2613 5755 .
2638 5708 2843 5755 υωιωυ
2868 5720 2976 5755 cum
3015 5706 3204 5755 leuatur
3228 5706 3277 5755 in
3322 5716 3327 5721 ‘
3400 5744 3409 5755 .
3445 5704 3552 5755 aliis
3575 5711 3628 5755 et
3646 5711 3753 5755 MSS.

2175 5704 2302 5753 fetre
2328 5704 2479 5753 visum
2506 5713 2579 5754 est
2598 5740 2613 5767 ,
2638 5708 2843 5756 υωιωυ
2868 5720 2976 5755 cum
3015 5704 3204 5769 legatur
3228 5706 3277 5755 in
3300 5704 3409 5755 inid.
3445 5704 3552 5756 aliis
3575 5704 3753 5758 etuas.
