4078 6366
326 315 429 370 853

327 426 460 480 Filio
481 433 569 480 tuo
591 423 764 480 dilecti
792 424 976 488 simus,
1001 422 1235 477 nondtttn
1259 421 1496 490 apparuit
1519 418 1658 490 quod
1679 419 1893 474 erimus.

323 515 562 570 Attendit
593 529 688 583 per
716 515 846 568 retia
875 513 1072 579 carnis,
1102 521 1156 567 et
1180 511 1444 567 blanditus
1472 519 1580 578 est,
1609 519 1660 565 et
1689 509 1898 562 inﬂant-

323 606 518 672 mavit,
541 616 594 659 et
619 603 954 660 cucurrimus
973 610 1098 674 post
1119 601 1335 660 odorem
1367 601 1501 672 ejus.
1528 601 1630 657 Sed
1659 615 1778 655 cum
1804 614 1900 668 ap-

321 697 581 766 paruerit,
610 695 812 751 simiies
843 696 892 752 ei
929 695 1150 763 erimus,
1187 695 1434 765 quoniam
1469 692 1760 749 videbimus
1778 705 1899 746 cum

323 789 479 844 sicuti
507 798 587 844 est
617 788 654 860 (l
676 787 829 844 loca.
856 803 935 854 nt,
968 787 1024 859 2)
1049 804 1063 840 :
1091 786 1242 842 sicuti
1275 793 1386 850 est,
1433 784 1684 852 Domine,
1724 782 1900 837 videre

323 889 564 934 nostrum
587 919 602 945 ,
637 877 773 949 quod
806 877 1042 932 nondum
1071 884 1150 932 est
1177 876 1328 932 nobis
1351 877 1392 931 ¹.

911 967 1131 1025 CAPUT
1169 965 1306 1021 XVI.

564 1057 718 1113 Solus
758 1057 897 1112 Deus
934 1075 986 1112 se
1021 1059 1112 1112 scit
1149 1058 1352 1111 omnino
1391 1054 1534 1110 sicuti
1574 1063 1664 1108 est.

397 1149 480 1206 l9.
523 1149 654 1204 Nam
680 1151 816 1205 sicut
841 1152 1058 1206 omnino
1086 1158 1139 1205 tu
1165 1164 1254 1215 es,
1281 1157 1334 1202 tu
1373 1149 1478 1203 scis
1507 1148 1651 1203 solus
1672 1190 1685 1215 ,
1715 1148 1802 1218 qui
1841 1162 1901 1202 es

325 1241 844 1305 incommutabiliter,
872 1252 925 1296 et
954 1242 1058 1296 scis
1086 1240 1603 1306 incommutabiliter,
1635 1248 1688 1294 et
1717 1240 1794 1292 vis
1822 1239 1899 1294 in-

324 1333 789 1387 commutabiliter.
823 1332 888 1386 Et
913 1333 1142 1387 essentia
1165 1340 1251 1386 tua
1277 1332 1377 1386 scit
1397 1341 1449 1386 et
1475 1333 1585 1386 vult
1609 1329 1903 1387 incommu-

327 1424 544 1479 tabilitet
560 1425 868 1490 ,etscicntia
885 1433 970 1478 tua
983 1433 1064 1479 est
1087 1432 1141 1478 et
1165 1423 1274 1478 vult
1303 1421 1821 1488 inoommutabiliter,
1845 1427 1899 1475 et

324 1514 567 1568 voluntas
593 1522 679 1568 tua
706 1524 787 1570 est
823 1522 878 1570 et
903 1514 1002 1570 scit
1027 1512 1542 1568 incommutabiliter.
1570 1511 1676 1567 Nec
1698 1512 1903 1566 videtur

321 1605 520 1674 justum
546 1620 665 1661 esse
688 1621 864 1661 coram
889 1615 958 1671 te,
986 1615 1042 1660 ut
1061 1605 1498 1676 quemadmodum
1522 1620 1580 1660 se
1601 1604 1699 1659 scit
1723 1605 1902 1659 lumen

324 1697 777 1762 incommutabile,
803 1697 870 1750 ita
893 1697 1088 1751 sciatur
1115 1697 1181 1751 ab
1203 1696 1494 1750 illuminato
1519 1693 1897 1750 commutabili.

325 1788 554 1857 Ideoque
573 1788 742 1842 anima
765 1803 881 1842 mea
905 1797 1150 1856 tauquam
1175 1797 1311 1842 terra
1330 1787 1443 1842 sine
1463 1801 1596 1856 aqua
1617 1785 1706 1839 tibi
1726 1781 1898 1855 (Psal.

323 1895 487 1947 cxur,
510 1877 598 1950 6);
617 1879 736 1949 quia
755 1878 890 1934 sicut
915 1894 970 1933 sc
993 1877 1286 1933 illuminare
1312 1877 1377 1932 tle
1403 1891 1461 1932 se
1487 1893 1589 1933 non
1610 1884 1810 1946 potest;
1831 1875 1903 1929 ita

324 1987 383 2024 se
408 1972 602 2026 satiare
638 1971 704 2026 de
745 1984 802 2025 se
839 1986 944 2024 non
985 1978 1173 2038 potest.
1214 1969 1304 2023 Sic
1337 1967 1476 2023 enim
1512 1967 1647 2037 apud
1693 1976 1742 2021 te
1785 1965 1902 2022 fons

325 2062 465 2124 vitm,
493 2061 758 2131 quomodo
787 2061 838 2116 in
867 2060 1065 2115 lumine
1097 2071 1184 2114 tuo
1212 2059 1505 2113 videbimus
1533 2058 1706 2114 lumen
1731 2056 1896 2130 (Psal.

324 2167 502 2221 nm
527 2151 638 2224 ‘0).
883 2219 1108 2280 CAPUT
1147 2219 1310 2277 xvu.

323 2311 722 2386 Congregcntur
745 2329 923 2384 aquae,
951 2325 1070 2380 etc.,
1097 2313 1221 2367 Gen.
1249 2314 1300 2378 l,
1321 2310 1372 2368 9.
1407 2308 1542 2377 Quid
1587 2323 1754 2377 mare,
1784 2309 1901 2380 quid

490 2407 655 2461 arida.
686 2405 984 2477 Explicatur
1026 2405 1059 2475 i’
1100 2405 1157 2459 II
1183 2422 1197 2456 :
1221 2403 1489 2459 Gcrminet
1517 2411 1676 2468 terra,
1701 2411 1793 2455 etc.

395 2497 486 2554 20.
535 2497 664 2566 Quis
715 2498 1054 2569 congregavit
1102 2497 1455 2552 amarieanlcs
1500 2495 1553 2549 in
1596 2496 1902 2549 societatem

324 2590 520 2645 unam?
552 2589 693 2648 Idem
725 2605 950 2660 namque
983 2591 1086 2643 illis
1114 2589 1236 2644 ﬁnis
1262 2597 1343 2643 est
1373 2587 1678 2658 temporalis
1706 2596 1757 2640 et
1795 2596 1902 2642 ler-

324 2697 469 2736 rena:
494 2681 783 2749 felicitatis,
805 2691 1022 2752 propter
1041 2695 1196 2750 quam
1220 2679 1414 2734 faciunt
1432 2679 1640 2743 omnia;
1663 2678 1902 2747 quamvis

325 2772 696 2828 innumerabili
733 2773 987 2828 varietate
1024 2785 1268 2826 curarmn
1312 2770 1580 2824 ﬂncluent.
1609 2770 1761 2837 Quis,
1792 2769 1900 2822 Do-

325 2862 499 2930 mine,
533 2863 633 2918 nisi
673 2872 727 2917 ιιι
764 2863 852 2933 qui
891 2861 1072 2917 dixisti
1110 2872 1167 2915 ut
1195 2871 1638 2932 congregarentur
1664 2877 1812 2930 aqua:
1850 2861 1901 2913 in

326 2954 788 3024 congregationem
820 2968 1000 3018 unam,
1018 2961 1071 3008 et
1089 2961 1364 3023 appareret
1383 2950 1549 3012 arida,
1569 2950 1750 3005 sitiens
1771 2951 1861 3003 tibi
1881 2950 1903 3003 ?

326 3047 584 3115 Quoniam
611 3053 756 3100 tuum
782 3055 864 3102 est
889 3055 942 3100 et
967 3061 1140 3108 mare,
1169 3053 1223 3100 et
1249 3055 1303 3098 tu
1333 3043 1497 3098 fecisti
1532 3041 1687 3108 illud,
1717 3049 1770 3098 et
1796 3043 1904 3096 ari-

329 3137 452 3190 dam
485 3145 677 3192 terram
709 3152 896 3191 manus
927 3145 1028 3190 tuae
1064 3132 1606 3208 formavermtt(l’sal.
1639 3148 1785 3198 χειν,
1808 3135 1900 3203 5);

327 3243 500 3297 neque
537 3228 680 3284 enim
715 3228 1013 3283 amaritudo
1047 3228 1404 3292 voluntatum,
1434 3225 1526 3279 sed
1568 3227 1904 3296 congregatio

326 3333 582 3387 aquarum
610 3327 825 3372 vocatur
853 3333 1018 3373 mare.
1047 3317 1122 3372 'I‘u
1147 3317 1287 3370 enim
1313 3330 1527 3370 coerces
1551 3315 1713 3370 etiam
1739 3316 1904 3370 malas

327 3410 644 3481 cupiditates
676 3409 1004 3473 animarum,
1032 3417 1086 3464 et
1114 3407 1229 3477 ﬁgis
1255 3407 1448 3462 limites
1480 3420 1755 3476 quousque
1784 3421 1906 3477 pro-

327 3500 473 3568 gredi
513 3500 776 3565 sinantur,
817 3507 974 3570 atque
1004 3500 1024 3530 ¹
1057 3508 1111 3552 ιιι
1155 3499 1206 3552 in
1244 3513 1300 3551 se
1341 3497 1764 3551 comminuantur
1803 3495 1904 3550 ﬁu-

329 3601 445 3646 ctus
475 3605 657 3646 earum
684 3589 824 3662 (Job.
858 3604 1062 3643 xxxvtu
1087 3629 1100 3653 ,
1156 3588 1243 3656 lO,
1293 3586 1415 3658 Il);
1457 3596 1615 3656 atque
1655 3587 1727 3642 ita
1775 3583 1907 3641 facis

330 3696 478 3736 mare
505 3680 692 3734 ordine
724 3680 928 3751 imperii
957 3680 1027 3733 tui
1055 3695 1217 3748 super
1245 3679 1448 3732 omnia.

399 3772 490 3828 2|.
531 3773 599 3827 At
622 3773 826 3827 animas
854 3773 1093 3828 sitientes
1120 3773 1242 3835 tibi,
1272 3779 1326 3826 ct
1350 3779 1666 3840 apparentes
1687 3770 1779 3826 tibi
1803 3770 1908 3828 alio

333 3861 436 3916 ﬁne
461 3861 737 3916 distinctas
760 3878 790 3916 a
814 3861 1064 3916 societate
1087 3859 1268 3928 maris,
1292 3860 1498 3915 occulto
1523 3870 1578 3915 et
1604 3859 1741 3915 dulci
1764 3861 1908 3916 fonte

334 3953 550 4023 irrigas,
572 3959 629 4006 ut
654 3959 707 4006 et
731 3961 863 4005 terra
891 3951 981 4005 det
1013 3951 1236 4004 fructum
1267 3964 1418 4003 suum
1443 3965 1456 4002 :
1484 3957 1537 4004 et
1564 3949 1652 4003 dat
1681 3948 1908 4005 fructum

334 4060 488 4098 suum
518 4043 563 4108 ³,
590 4053 643 4100 et
671 4054 722 4098 te
737 4043 958 4114 jubente
980 4043 1202 4096 Domino
1221 4042 1326 4095 Deo
1341 4055 1436 4095 suo
1456 4041 1716 4111 germinat
1734 4040 1909 4095 anima

337 4144 518 4190 nostra
561 4150 721 4207 opera
764 4132 1138 4189 misericordia:
1167 4132 1436 4186 secundum
1465 4147 1652 4202 genus;
1686 4130 1909 4200 diligens

339 4226 637 4295 proximum
657 4225 708 4278 in
731 4223 978 4278 subsidiis
1001 4222 1373 4277 necessitatum
1396 4221 1707 4286 carnalium,
1725 4219 1911 4274 habens

340 4318 390 4369 in
411 4333 463 4370 se
477 4332 642 4370 semen
660 4314 936 4368 secundum
962 4311 1337 4367 similitudinem
1356 4325 1375 4375 ,°
1389 4311 1635 4380 quoniam
1651 4325 1717 4364 ex
1734 4317 1910 4364 nostra

340 4408 644 4463 inﬁrmitate
660 4423 776 4462 com
785 4407 1007 4476 patimur
1021 4405 1084 4459 ad
1103 4402 1514 4458 subveniendum
1537 4400 1908 4470 indigentibus,

341 4501 586 4555 similiter
623 4499 942 4568 opitulantes
979 4493 1421 4563 quemadmodum
1467 4493 1618 4548 nobis
1657 4492 1911 4546 vellemus

341 4609 494 4661 opem
519 4591 666 4655 ferri,
691 4591 736 4645 si
766 4589 952 4644 eodem
977 4588 1134 4642 modo
1155 4586 1541 4656 indigeremus;
1574 4599 1678 4640 non
1711 4591 1910 4637 tantum

343 4683 393 4737 in
417 4683 674 4747 lacilibus,
705 4689 954 4748 tanquam
983 4679 1034 4732 in
1066 4677 1227 4731 herba
1252 4675 1489 4730 seminali
1509 4715 1524 4739 ,
1553 4673 1644 4728 sed
1673 4672 1830 4728 etiam
1859 4672 1911 4726 in

346 4775 672 4844 protectione
697 4772 942 4842 adjutorii
963 4813 976 4834 ,
1002 4769 1120 4823 l‘orti
1149 4768 1368 4834 robore,
1401 4768 1536 4822 sicut
1563 4766 1762 4836 lignum
1801 4765 1911 4819 l'ru-

343 4866 616 4930 ctiferum;
645 4865 696 4919 id
721 4872 820 4925 est,
854 4861 1146 4917 beneﬁcum
1177 4859 1196 4889 ⁸
1222 4858 1286 4913 ad
1311 4857 1635 4926 eripiendum
1665 4871 1784 4910 eum
1823 4856 1913 4925 qui

347 4957 591 5026 injuriam
644 4954 836 5024 patitur
862 4993 878 5019 ,
922 4951 990 5007 de
1043 4965 1198 5003 manu
1245 4947 1500 5017 potentis,
1537 4954 1589 4999 et
1631 4944 1915 5014 prtebendo

347 5046 688 5117 protectionis
727 5041 1088 5098 umbraculum
1117 5038 1290 5093 valido
1317 5037 1508 5092 robore
1532 5035 1658 5105 justi
1677 5035 1876 5105 judicii.

409 5181 425 5212 ι
453 5185 504 5228 tn
522 5177 755 5241 vulgatis,
769 5172 907 5241 quod
929 5171 1140 5241 nondum
1162 5174 1232 5221 est
1247 5206 1261 5229 ,
1282 5168 1347 5219 da
1362 5165 1599 5241 nobisnat
1621 5165 1672 5214 in
1693 5173 1797 5215 Mss.
1821 5177 1919 5216 non

350 5241 558 5290 habetur
575 5229 666 5296 dii,
689 5229 928 5287 niéi'l'orte
951 5237 999 5284 in
1021 5233 1179 5295 aliquo
1203 5244 1232 5296 e
1253 5229 1620 5296 recentioribus.

411 5305 431 5334 ι
453 5308 519 5351 Ita
777 5305 850 5345 Er.
869 5309 979 5345 cum
1001 5292 1116 5360 ayss:
1128 5292 1367 5360 undecim.
1387 5296 1570 5360 Al‘lﬂv.
1589 5293 1641 5338 et
1656 5295 1788 5349 Arn.,
1813 5298 1923 5351 pro-

351 5361 492 5426 gredi
505 5362 720 5426 sinuntur
738 5369 877 5422 aqua:
895 5395 910 5418 ,
945 5355 1065 5426 utin
1079 5368 1140 5426 se
1151 5354 1540 5426 conuii-itinerque.

415 5425 435 5456 ³
593 5411 693 5470 Ain.
706 5411 912 5469 Er.'Lov'.
925 5419 1148 5468 omittunt
1167 5419 1212 5464 et
1229 5414 1312 5463 dat
1326 5411 1534 5475 fructum
1551 5421 1705 5475 suum.

414 5483 438 5514 ⁸
458 5470 536 5533 Sic
569 5481 859 5544 legendum,
889 5482 1028 5544 juxta
1069 5484 1272 5544 quatuor
1303 5470 1408 5544 Mss.
1569 5497 1632 5508 --
1670 5471 1743 5544 sic
1777 5470 1924 5544 etiam

355 5531 737 5594 nmiauﬁno
761 5531 856 5591 Ms.’
876 5531 1025 5602 ﬁditio
1043 5531 1312 5602 El'qrentina
1339 5541 1406 5602 et
1427 5533 1458 5581 5
1496 5531 1598 5602 iiss.
1622 5532 1746 5602 apud
1777 5531 1920 5580 ιιοιιιι.

355 5611 400 5652 ιι,
425 5603 718 5654 “mediani
748 5604 799 5651 in
817 5601 963 5664 priori
985 5599 1123 5662 primi
1143 5598 1259 5648 tomi
1292 5596 1504 5646 editione
1532 5595 1813 5664 pene/icium
1844 5605 1926 5654 po-

354 5673 586 5725 suerunt;
618 5667 668 5714 in
690 5654 942 5726 [msteriori
964 5654 1099 5726 iero,
1137 5654 1658 5726 servatapra‘eedenti'
1681 5654 1886 5705 lectione
1908 5688 1924 5716 ,

360 5720 631 5778 nudandam
653 5720 761 5776 eam
781 5723 829 5773 in
855 5720 1112 5785 beneﬁcum
1134 5722 1376 5770 dixerunt.
1412 5725 1462 5764 ιν.

1541 308 1736 362 LIBER
1779 305 2062 362 DECIMUS
2101 304 2411 361 TERTIUS.

3469 303 3572 360 851

2597 415 2818 471 CAPUT
2863 414 3036 470 XVIII.

2005 506 2152 560 Fiant
2183 507 2456 561 luminaria
2479 547 2492 570 ,
2525 504 2752 560 etc.Gen.
2781 506 2829 570 I,
2857 507 2938 560 Η.
2985 505 3110 571 Qute
3143 506 3411 560 luminaria
3449 507 3576 560 divi-

2405 597 2573 652 dentia
2593 597 2722 650 inter
2739 596 2871 651 diem
2899 606 2945 650 et
2974 605 3182 651 noctem.

2070 686 2158 740 2-2.
2186 685 2260 742 Ita
2290 687 2532 754 Domine,
2555 687 2645 754 Ita,
2672 701 2768 742 oro
2794 697 2872 754 te,
2890 689 3092 742 oriatur
3114 689 3266 743 sicuti
3296 687 3569 754 facis,sic-

2002 777 2077 832 uti
2111 777 2206 831 das
2249 777 2567 834 hilaritatem
2606 787 2660 833 et
2702 777 3032 844 facultatem;
3083 781 3280 834 oriatur
3330 778 3398 836 de
3437 787 3576 834 terra

2002 868 2194 923 veritas
2214 909 2228 936 ,
2263 875 2318 924 et
2349 868 2549 940 justitia
2587 869 2653 924 de
2687 869 2823 924 coelo
2856 868 3103 940 respiciat
3134 868 3303 940 (Ptol.
3351 885 3574 930 Lxxxtv.

2004 957 2117 1029 I2),
2147 966 2199 1013 et
2223 959 2353 1028 ﬁant
2379 958 2430 1014 in
2459 959 2770 1030 firmamento
2801 957 3086 1013 luminaria.
3109 959 3432 1029 Frangamus
3453 974 3577 1014 θευ-

2003 1047 2157 1102 rienti
2187 1062 2378 1118 panem
2419 1058 2690 1114 nostrum,
2727 1057 2779 1103 et
2811 1064 3034 1120 egenum
3060 1049 3174 1104 sine
3199 1058 3338 1105 tecto
3365 1049 3579 1104 induca-

2003 1151 2120 1191 mus
2147 1137 2198 1190 in
2227 1137 2440 1191 domum
2464 1147 2729 1206 nostram;
2758 1139 2956 1192 nudum
2983 1139 3288 1208 vestiamus,
3315 1148 3369 1195 et
3397 1138 3578 1194 dome-

2003 1228 2164 1282 sticos
2191 1227 2409 1283 seminis
2433 1227 2600 1284 nostri
2620 1243 2723 1284 non
2745 1229 3118 1300 despiciamus.
3137 1228 3339 1298 Quibus
3364 1229 3417 1284 in
3440 1239 3578 1284 terra

2006 1321 2139 1372 natis
2161 1317 2433 1383 fructibus,
2459 1318 2577 1375 vide
2599 1320 2719 1389 quia
2749 1318 2946 1374 bonum
2974 1328 3054 1374 est
3072 1336 3087 1386 ;
3107 1329 3160 1374 et
3179 1329 3421 1390 erumpat
3445 1329 3580 1376 tem-

2005 1424 2233 1479 poranca
2263 1409 2350 1464 lux
2381 1418 2560 1465 nostra
2594 1409 2741 1482 (Isai.
2774 1426 2920 1477 LVIII,
2950 1411 3001 1476 7,
3034 1411 3114 1482 8),
3143 1422 3195 1466 et
3223 1411 3290 1466 de
3316 1410 3410 1465 ista
3439 1411 3578 1467 inie-

2004 1499 2129 1553 riori
2153 1499 2299 1570 fruge
2317 1499 2540 1556 actionis
2566 1500 2617 1554 in
2639 1500 2855 1556 delicias
2873 1501 3337 1569 contemplationis
3360 1501 3576 1555 verbum

2005 1591 2124 1645 vita:
2151 1591 2394 1660 superius
2421 1589 2744 1658 obtinentes,
2771 1605 3117 1660 appareamus
3143 1593 3280 1646 sicut
3307 1592 3576 1646 luminaria

2006 1681 2057 1735 in
2083 1681 2300 1745 mundo,
2331 1679 2660 1736 coluerenles
2689 1680 3004 1749 ﬁrmamento
3030 1680 3318 1750 Scriptura:
3348 1691 3469 1736 tute.
3499 1681 3573 1735 lbi

2004 1771 2143 1826 enim
2174 1771 2449 1826 nobiscum
2476 1771 2737 1840 disputas,
2768 1780 2824 1825 ut
2844 1771 3138 1826 dividamus
3166 1772 3307 1827 inter
3333 1773 3580 1842 intelligi-

2004 1861 2125 1916 bilia
2151 1871 2206 1920 et
2230 1862 2525 1927 sensibilia,
2549 1871 2794 1932 tanquam
2817 1863 2952 1917 inter
2976 1862 3114 1918 diem
3141 1872 3192 1917 ct
3220 1872 3427 1918 noctem
3447 1904 3462 1928 ,
3495 1863 3579 1916 vel

2005 1951 2146 2007 inter
2173 1952 2404 2018 animas,
2437 1953 2567 2007 alias
2608 1951 3051 2022 intelligibilibus,
3086 1953 3213 2006 alias
3246 1953 3581 2008 sensibilibus

2004 2043 2236 2110 deditas;
2269 2051 2324 2099 ut
2343 2044 2453 2114 jam
2491 2060 2595 2099 non
2639 2053 2691 2100 tu
2729 2045 2876 2101 solus
2900 2047 2952 2100 in
2981 2045 3158 2100 abdito
3187 2045 3582 2113 dijudicationis

2006 2141 2130 2196 tum,
2150 2133 2287 2188 sicut
2312 2143 2600 2202 antequam
2621 2133 2771 2190 ﬁeret
2791 2134 3201 2199 ﬁrmamentum,
3223 2132 3427 2189 dividas
3447 2133 3584 2188 inter

2007 2223 2174 2277 lucem
2203 2232 2258 2278 et
2284 2225 2550 2291 tenebras,
2583 2225 2676 2280 sed
2702 2226 2860 2281 etiam
2882 2225 3181 2295 Spirituales
3207 2227 3281 2280 tui
3311 2226 3362 2281 in
3391 2225 3580 2282 eodem

2007 2313 2341 2373 ﬁrmamento
2370 2316 2522 2387 positi
2552 2325 2708 2390 atque
2733 2316 2986 2385 distincti,
3011 2314 3342 2373 manifestata
3370 2330 3466 2388 per
3489 2333 3578 2372 or-

2005 2406 2126 2461 bem
2150 2409 2317 2478 gratia
2347 2418 2430 2462 tua
2467 2408 2663 2482 luceant
2699 2426 2850 2481 super
2886 2419 3099 2476 terram,
3129 2418 3173 2464 et
3201 2408 3424 2462 dividant
3458 2407 3582 2461 inter

2006 2495 2138 2549 diem
2171 2506 2218 2550 et
2261 2507 2483 2564 noctem,
2523 2507 2570 2552 et
2608 2499 2888 2570 signiﬁcent
2921 2507 3146 2568 tempora
3182 2515 3201 2554 :
3235 2499 3354 2568 quia
3401 2506 3580 2553 vetera

2007 2587 2358 2654 transierunt,
2397 2604 2525 2645 ecce
2562 2587 2697 2644 facta
2759 2600 2882 2645 sunt
2920 2605 3090 2655 nova;
3118 2598 3171 2643 et
3197 2589 3317 2660 quia
3371 2588 3583 2658 propior

2006 2687 2089 2734 est
2116 2688 2294 2734 uestra
2327 2679 2498 2746 salus,
2537 2696 2692 2751 quam
2727 2696 2844 2737 cum
2883 2681 3204 2736 credidimus
3240 2679 3412 2751 (Rom.
3456 2694 3580 2745 xm,

2009 2766 2129 2840 ll);
2157 2777 2209 2824 et
2235 2769 2354 2838 quia
2379 2785 2481 2824 nox
2511 2771 2808 2840 przccessit,
2841 2770 2956 2827 dies
2981 2779 3155 2824 autem
3191 2768 3581 2838 appropinqua-

2007 2860 2109 2927 vit;
2152 2869 2206 2916 ct
2244 2853 2365 2932 quia
2406 2861 2674 2917 benedicis
2709 2876 2960 2917 coronam
2989 2862 3112 2914 anni
3145 2862 3215 2914 tui
3239 2859 3406 2930 (Psal.
3435 2873 3580 2923 thv,

2005 2951 2095 3022 2),
2127 2953 2341 3009 mittens
2378 2953 2684 3022 Operarios'
2715 2953 2767 3006 in
2813 2967 3040 3007 messem
3078 2961 3220 3006 tuam
3253 2949 3462 3022 (Matth.
3489 2965 3575 3014 ιι,

2007 3041 2120 3115 58),
2139 3043 2308 3113 inqua
2325 3044 2635 3098 seminanda
2657 3043 2745 3098 alii
2780 3043 3172 3106 laboraverunt,
3194 3043 3406 3096 mittens
3423 3041 3582 3095 etiam

2010 3133 2061 3186 in
2085 3133 2240 3187 aliam
2268 3141 2562 3188 sementem
2588 3132 2760 3206 (Joan.
2793 3147 2868 3200 tv,
2891 3132 3005 3204 58),
3023 3133 3176 3202 cujus
3197 3132 3384 3186 messis
3409 3131 3458 3184 in
3485 3130 3588 3185 ﬁne

2008 3232 2087 3278 est
2117 3223 2325 3296 (Matth.
2356 3239 2451 3278 xm
2470 3265 2483 3288 ,
2511 3223 2624 3296 39).
2658 3223 2730 3278 Ita
2760 3224 2852 3277 das
2882 3232 3000 3278 vola
3027 3222 3228 3292 optanti
3256 3223 3296 3285 ',
3327 3230 3381 3276 et
3430 3221 3588 3276 benc-

2008 3315 2142 3370 dicis
2168 3329 2342 3370 annos
2365 3314 2526 3386 justi;
2558 3324 2610 3369 tu
2640 3323 2815 3368 autem
2845 3314 2985 3368 idem
3015 3313 3127 3380 ipse
3155 3327 3214 3366 es
3233 3354 3245 3374 ,
3275 3321 3328 3365 et
3357 3311 3407 3364 in
3437 3311 3590 3364 annis

2012 3407 2113 3460 tuis
2151 3407 2240 3477 qui
2269 3420 2374 3460 non
2402 3406 2654 3461 deﬁciunt
2685 3404 2853 3478 (l’sal.
2885 3419 2963 3470 CI,
2995 3404 3118 3476 9.8),
3157 3402 3408 3458 horreum
3443 3417 3581 3472 pne-

2011 3511 2163 3568 paras
2200 3498 2354 3552 annis
2393 3498 2809 3552 transeuntibus.
2851 3495 3076 3552 Eterno
3113 3495 3307 3566 quippe
3342 3494 3588 3562 consilio,

2011 3589 2238 3660 propriis
2268 3590 2594 3660 temporibus
2622 3590 2756 3646 bona
2793 3589 3029 3645 caelestia
3057 3587 3151 3642 das
3177 3602 3338 3657 super
3366 3596 3583 3643 terram.

2081 3681 2173 3734 23.
2204 3681 2460 3748 Quoniam
2488 3681 2699 3750 quidem
2728 3679 2816 3734 alii
2845 3679 3000 3734 datur
3019 3693 3115 3748 per
3133 3679 3384 3748 Spiritum
3413 3692 3589 3732 sermo

2009 3773 2279 3842 sapientia:
2298 3813 2314 3840 ,
2345 3781 2592 3842 tanquam
2635 3771 2880 3826 luminare
2925 3771 3112 3841 majus,
3142 3779 3356 3839 propter
3381 3783 3472 3824 eos
3499 3769 3589 3837 qui

2012 3865 2300 3934 perspicuze
2327 3863 2562 3917 veritatis
2593 3863 2707 3917 luce
2728 3861 3075 3924 delectantur,
3095 3864 3344 3929 tanquam
3369 3859 3419 3912 in
3444 3857 3593 3928 prin-

2011 3953 2147 4024 cipio
2173 3953 2310 4017 diei;
2341 3953 2428 4008 alii
2455 3961 2628 4007 autem
2659 3965 2836 4006 sermo
2862 3949 3097 4005 scientia:
3124 3947 3414 4004 secundum
3437 3963 3588 4002 eum-

2012 4042 2134 4098 dem
2173 4044 2446 4112 Spiritum,
2487 4051 2735 4111 tanquam
2774 4041 3020 4096 luminare
3057 4039 3260 4103 minus;
3294 4039 3382 4093 alii
3425 4037 3587 4102 ﬁdes,

2012 4134 2102 4188 alii
2141 4133 2354 4188 donatio
2398 4133 2763 4200 curationum,
2807 4130 2896 4186 alii
2933 4128 3266 4200 operationes
3304 4127 3589 4190 virtutum,

2013 4225 2100 4279 alii
2129 4223 2438 4295 prophetia,
2463 4223 2549 4278 alii
2576 4222 2827 4292 jutlicatio
2869 4221 3178 4290 spirituum,
3211 4219 3361 4272 alteri
3399 4232 3593 4287 genera

2015 4317 2348 4386 linguarum;
2391 4321 2447 4370 et
2491 4313 2604 4368 Italo
2647 4311 2825 4368 omnia
2873 4320 3120 4380 tanquam
3163 4309 3350 4363 stella}.
3403 4308 3590 4362 Omnia

2014 4409 2153 4462 cnim
2185 4405 2297 4461 haec
2324 4413 2574 4473 operatur
2610 4417 2744 4458 unus
2781 4411 2939 4471 atque
2979 4399 3119 4455 idem
3157 4397 3412 4468 Spiritus,
3456 4397 3603 4451 divi-'

2015 4496 2146 4551 dens
2174 4495 2385 4565 pr0pria
2409 4492 2686 4561 unicuique
2707 4498 2862 4560 prout
2881 4489 3015 4555 vult,
3034 4497 3086 4543 et
3107 4485 3311 4542 faciens
3337 4501 3594 4556 apparere

2015 4587 2190 4642 sidera
2232 4585 2282 4637 in
2325 4581 2752 4636 manilestatione
2779 4579 2844 4634 ad
2872 4579 3146 4635 utilitatem
3179 4577 3220 4650 (l
3245 4575 3364 4632 Cor.
3393 4592 3487 4642 xu,
3537 4576 3590 4639 7,

2018 4675 2129 4746 Η).
2168 4675 2356 4730 Sermo
2401 4680 2578 4726 autem
2616 4669 2852 4727 scientia:
2895 4683 3000 4739 qua
3041 4668 3376 4723 continentur
3417 4665 3593 4719 omnia

2017 4771 2382 4830 sacramenta,
2409 4777 2528 4832 qua:
2555 4761 2824 4816 variantur
2861 4758 3191 4828 temporibus
3232 4767 3475 4826 tanquam
3517 4756 3594 4807 lu-

2018 4868 2172 4926 na,et
2192 4865 2400 4913 ca:tcras
2420 4854 2620 4908 notitia:
2645 4852 2903 4908 donorum
2924 4867 3042 4922 quae
3066 4850 3316 4918 deinceps
3345 4856 3591 4916 tanquam

2018 4949 2186 5004 stellae
2215 4952 2631 5003 commemorata
2661 4955 2814 5012 sunt,
2844 4952 3097 5015 quantum
3136 4940 3385 4995 dill‘erunt
3411 4940 3476 4990 ab
3506 4939 3595 4994 illo

2021 5039 2255 5094 candore
2283 5037 2553 5107 sapientia:
2581 5051 2685 5106 quo
2709 5033 2902 5106 gaudet
2928 5031 3211 5103 prtedictus
3231 5030 3364 5094 dies,
3393 5038 3593 5081 tantum

2021 5131 2074 5186 in
2103 5128 2358 5201 principio
2385 5127 2406 5159 ³
2435 5127 2608 5182 noctis
2646 5133 2786 5181 sunt.
2818 5123 2909 5179 His
2936 5123 3080 5178 enim
3107 5128 3231 5174 sunt
3265 5117 3559 5174 necessaria
3577 5159 3594 5184 ,

2087 5287 2105 5319 ι
2124 5288 2338 5344 quatuor
2355 5289 2462 5331 Mss.
2487 5277 2640 5344 Angl.,
2661 5273 2956 5344 benignitatis
2970 5271 3231 5344 operarios.

2087 5315 3597 5411 ;strumam."féamt'paa;“aetnaea-as

2025 5392 2206 5457 contra
2410 5392 2594 5452 habent
2629 5392 2797 5452 caeteri
2829 5392 3020 5449 codices
3039 5392 3071 5458 ,⁷
3099 5408 3222 5460 quos
3261 5392 3466 5457 utroque
3498 5392 3601 5443 loco

2061 5478 2292 5516 euuumtr.

2025 5481 2496 5576 se(Plautgls‘frirtelioris
2528 5529 2681 5586 notat,
2715 5519 2766 5571 in
3057 5552 3074 5586 ε
3104 5517 3152 5568 id
3183 5523 3260 5586 est
3282 5517 3329 5565 in
3353 5515 3604 5586 luminaria

2028 5589 2184 5638 noctis
2207 5599 2219 5635 :
2245 5599 2355 5648 quae
2372 5585 2516 5648 lectio
2536 5576 2786 5648 videretur
2803 5576 3132 5648 praeferenda,
3170 5580 3262 5648 nisi
3298 5576 3438 5646 paulo
3461 5588 3530 5648 su;
3549 5585 3602 5648 ra

2032 5636 2296 5698 baberctu'r
2319 5645 2368 5696 in
2399 5643 2634 5708 principio
2656 5642 2784 5708 diei;
2808 5636 2930 5693 ἴοι-ιο
2969 5655 3054 5708 ιιι-ρ
3073 5636 3128 5692 in
3155 5636 3442 5708 principium
3475 5636 3601 5694 dict,

2034 5713 2166 5772 juxta
2191 5708 2364 5758 librum
2391 5699 2410 5756 l
2439 5707 2501 5756 de
2519 5699 2689 5756 Genesi
2709 5699 2873 5755 contra
2896 5699 3188 5764 Manidncos',
3213 5699 3318 5763 cap!
3346 5699 3415 5748 Il.
