4078 6366
436 256 437 259 “
518 259 621 313 888

515 371 710 439 quibus
738 367 825 425 ille
854 368 1295 440 prudentissimus
1323 382 1510 425 servus
1538 377 1656 422 tuus
1683 384 1787 422 non
1818 365 1988 438 potuit
2016 365 2094 421 lo-

513 460 607 530 qui
648 460 800 530 quasi
828 460 1219 530 spiritualibus,
1246 459 1341 516 sed
1369 459 1517 529 quasi
1546 458 1847 523 carnalibus
1877 460 1894 527 (
1923 458 1940 512 l
1970 456 2088 513 Cor.

513 565 568 607 ιιι
587 593 602 620 ,
619 551 697 620 ί),
716 551 804 606 ille
814 552 1224 623 quisapientiam
1242 552 1477 623 loquitur
1492 554 1628 608 inter
1654 554 1912 623 perfectos
1931 554 2089 626 (Ibid.

510 659 585 705 ιι,
630 641 709 712 (ἱ).
749 643 1007 698 Animalis
1040 652 1216 699 autem
1264 643 1423 699 homo
1468 652 1715 715 tanquam
1760 647 2006 715 parvulus
2040 648 2091 701 in

514 732 728 791 Christo
756 733 1010 805 lactisque
1032 742 1257 804 potator,
1278 733 1451 796 donec
1479 734 1758 795 rohoretur
1774 737 1842 791 ad
1864 736 2091 796 solidum

514 827 713 894 cibum,
736 837 789 883 et
812 828 981 885 aciem
1011 828 1184 895 firmet
1208 829 1274 884 ad
1302 829 1432 885 solis
1455 837 1749 899 aspectum,
1774 846 1879 886 non
1902 830 2093 887 habeat

513 918 779 975 desertam
824 930 1031 975 noctem
1057 936 1237 983 suam,
1267 919 1367 976 sed
1390 920 1507 976 luce
1536 920 1676 977 lunae
1710 922 2095 991 stellarumque

513 1020 796 1067 contentus
819 1013 907 1067 sit.
940 1012 1063 1067 llam
1100 1012 1375 1070 nobiseum
1405 1012 1669 1083 disputas,
1702 1015 2093 1084 sapientiSsime

512 1102 655 1159 Deus
680 1114 878 1170 nostra,
911 1106 963 1160 in
989 1105 1149 1161 Libro
1175 1115 1266 1160 tuo
1288 1104 1622 1161 firmamento
1650 1115 1773 1173 tuo;
1803 1115 1859 1161 ut
1886 1107 2090 1162 discer-

513 1210 702 1250 namus
736 1195 911 1249 omnia
940 1196 1393 1267 contemplatione
1432 1197 1694 1263 mirabili,
1724 1197 1965 1266 quamvis
1992 1197 2090 1252 ad-

512 1285 616 1341 huc
653 1288 705 1341 in
744 1288 933 1359 signis,
982 1299 1033 1343 et
1073 1290 1125 1343 in
1165 1289 1497 1359 temporibus,
1543 1299 1589 1344 et
1624 1290 1678 1344 in
1720 1289 1910 1357 diebus,
1953 1299 1997 1344 et
2039 1290 2092 1344 in

511 1377 677 1432 amris.

1114 1468 1342 1529 CAPUT
1382 1471 1522 1528 XIX.

584 1558 788 1615 Tractat
809 1561 1034 1617 capidem
1064 1566 1384 1628 versiculum,
1417 1566 1569 1620 Fiant
1603 1567 1897 1631 luminaria,
1924 1577 2015 1622 etc.

580 1652 667 1706 24.
699 1652 806 1708 Sed
841 1655 987 1723 prius
1017 1656 1261 1710 lavamini
1281 1698 1295 1721 ,
1330 1658 1508 1710 mundi
1538 1667 1735 1721 estote;
1763 1660 1965 1714 auferte
1993 1676 2089 1714 ne-

509 1743 729 1810 quitiam
769 1744 835 1801 ab
868 1747 1059 1801 animis
1096 1749 1316 1813 vestris,
1344 1758 1502 1818 atque
1526 1766 1554 1803 a
1583 1758 1869 1820 conspectu
1905 1752 2090 1806 oculo-

506 1830 629 1891 rum
659 1851 929 1903 meorum,
962 1847 1020 1893 ut
1057 1849 1300 1910 appareat
1334 1841 1498 1894 arida.
1545 1834 1739 1898 Discite
1772 1842 1968 1898 bonum
2008 1842 2089 1898 fa—

510 1942 666 1995 cere,
688 1927 922 1998 judicate
958 1920 1190 1999 pupillo,
1222 1940 1275 1985 et
1298 1931 1583 1999 jnsﬁfieate
1614 1933 1856 1999 viduam;
1889 1945 1945 1990 ut
1973 1953 2089 2007 ger-

510 2018 668 2073 minet
708 2028 839 2075 terra
879 2023 1081 2077 herbam
1128 2024 1300 2094 pabuh'
1345 2034 1390 2077 et
1430 2024 1623 2095 tignum
1662 2025 2010 2096 fructiferum;
2038 2037 2088 2084 et

498 2109 709 2176 venite,
738 2110 1088 2185 disputemus,
1119 2114 1245 2169 dicit
1275 2115 1559 2185 Dominus,
1588 2126 1644 2171 ut
1667 2118 1792 2186 [iam
1820 2117 2091 2175 luminaria

511 2199 565 2252 in
591 2190 907 2267 ﬁrmamento
935 2203 1075 2268 caeli,
1103 2213 1151 2258 et
1178 2205 1375 2259 luceant
1398 2223 1549 2276 super
1572 2216 1775 2261 terram.
1808 2209 2091 2276 Quarrebat

511 2289 662 2345 dives
690 2291 779 2346 ille
802 2308 831 2346 ει
854 2294 1105 2364 magistro
1125 2295 1286 2362 bono,
1310 2297 1436 2366 quid
1455 2297 1653 2355 faceret
1681 2308 1738 2354 ut
1754 2300 1913 2356 vitam
1932 2311 2089 2358 teter-

511 2397 633 2438 nam
672 2388 1289 2456 consequereturzdicat
1314 2391 1362 2445 ei
1400 2392 1652 2462 magister
1694 2392 1893 2461 bonus,
1931 2410 2088 2466 quem

510 2476 725 2543 putabat
750 2475 1038 2545 hominem,
1063 2488 1118 2535 et
1145 2481 1272 2536 nihil
1302 2482 1558 2562 amplius;
1582 2485 1753 2540 bonus
1780 2495 1863 2540 est
1885 2496 2086 2555 autem,

509 2565 633 2647 quia
661 2566 812 2648 Deus.
837 2577 919 2624 est
943 2586 955 2622 :
978 2570 1121 2626 dicat
1156 2571 1236 2639 ei,
1268 2564 1325 2627 ut
1352 2574 1395 2629 si
1425 2576 1538 2628 vult
1574 2577 1757 2653 venire
1790 2577 1857 2631 ad
1890 2579 2049 2633 vitam
2070 2566 2094 2646 ,’

510 2642 689 2716 servet
729 2640 1008 2727 mandata;
1048 2674 1260 2732 separet
1288 2679 1316 2717 a
1344 2680 1403 2745 se
1434 2650 1838 2723 amaritudinem
1877 2671 2090 2753 malitias

507 2756 665 2817 atque
693 2751 968 2820 nequitim;
1000 2767 1103 2828 non
1129 2744 1336 2810 occidat
1356 2798 1369 2822 ,
1401 2772 1506 2812 non
1534 2759 1847 2831 mtecbetur,
1876 2777 1979 2818 non
2004 2745 2088 2833 ιυέ

507 2848 676 2908 retur,
700 2857 804 2896 non
836 2842 1023 2898 falsum
1052 2846 1410 2905 testimonium
1438 2850 1607 2917 dicat;
1636 2861 1689 2907 ut
1721 2839 1961 2933 appareat
1987 2857 2091 2910 ari-

508 2928 597 2995 da,
612 2938 665 2984 et
678 2934 918 3002 germinet
931 2934 1190 2993 honorem
1212 2941 1373 3013 patris
1395 2952 1447 2997 et
1460 2944 1661 3011 matris,
1680 2953 1733 2999 et
1750 2928 2091 3019 dilectionem,

509 3022 758 3087 proxlmi.
790 3022 942 3089 Feci,
968 3016 1174 3095 inquit,
1206 3028 1319 3085 haec
1347 3033 1543 3087 omnia.
1585 3033 1737 3090 Unde
1766 3051 1892 3107 ergo
1929 3016 2089 3092 tantze

508 3108 708 3179 spinze,
740 3112 785 3169 si
815 3121 953 3197 terra
986 3115 1254 3174 fructifera
1283 3122 1397 3176 est?
1425 3123 1567 3205 Vade
1586 3166 1602 3195 ,
1632 3126 1865 3197 exstirpa
1895 3128 2087 3203 silvosa

507 3201 721 3283 dumeta
746 3188 1007 3275 avaritiae;
1032 3198 1201 3293 vende
1227 3228 1346 3289 qua:
1369 3194 1629 3297 possides,
1659 3229 1713 3274 et
1733 3194 1952 3290 implere
1977 3221 2089 3293 ιἰ-ιιέ

504 3293 658 3363 gibus
701 3295 877 3353 dando
921 3292 1241 3375 pauperibus
1264 3346 1280 3377 ,
1333 3313 1387 3361 et
1423 3292 1647 3364 habebis
1685 3297 1987 3368 thesaurum
2032 3314 2092 3392 in

503 3385 682 3453 caelis,
712 3396 767 3443 et
794 3403 1017 3459 sequere
1055 3392 1339 3467 Dominum
1367 3397 1411 3452 si
1437 3398 1517 3453 vis
1544 3413 1666 3456 esse
1691 3403 1952 3471 permotus
1970 3446 1983 3468 ,
2008 3404 2087 3459 eis

502 3478 734 3535 sociatus
764 3480 903 3537 inter
930 3499 1064 3559 quos
1103 3484 1337 3558 loquitur
1361 3490 1673 3560 sapientiam
1701 3494 1789 3550 ille
1814 3496 1902 3567 qui
1941 3498 2087 3553 novit

502 3569 626 3638 quid
663 3570 944 3650 distribuat
981 3576 1085 3633 diei
1123 3586 1178 3635 et
1214 3582 1387 3647 nocti,
1416 3591 1473 3636 ut
1501 3584 1649 3641 noris
1673 3594 1725 3640 et
1754 3595 1839 3649 tu,
1870 3596 1928 3642 ut
1956 3587 2086 3644 fiant

504 3670 558 3740 et
588 3660 679 3715 tibi
710 3662 988 3722 luminaria
1016 3667 1069 3722 in
1099 3667 1432 3728 firmamento
1464 3674 1615 3739 coeli;
1654 3676 1793 3746 quod
1829 3694 1933 3733 non
1963 3678 2081 3746 ﬁet,

501 3734 602 3804 nisi
642 3750 802 3808 fuerit
836 3748 943 3810 illic
983 3770 1079 3812 cor
1122 3768 1298 3825 tuum;
1332 3763 1475 3835 quod
1518 3764 1643 3819 item
1672 3734 1791 3821 ἰιοη
1830 3767 1949 3834 fiet,
1981 3770 2081 3824 nisi

500 3831 659 3897 fuerit
704 3844 811 3899 illic
852 3834 1131 3919 thesaurus
1178 3831 1508 3920 tuus,vsicut
1546 3857 1738 3931 audisti
1767 3874 1799 3914 a
1827 3862 2081 3931 magistro

500 3931 977 4010 bonoq(Matth.vr,
1003 3939 1119 4013 2|).
1156 3941 1259 3998 Sed
1277 3928 1581 4003 centristata
1600 3959 1682 4005 est
1698 3959 1834 4005 terra
1860 3928 2077 4025 sterilis,

501 4032 555 4079 et
580 4024 747 4115 spina:
774 4022 1136 4115 olTocaverunt
1160 4035 1378 4099 verbum
1402 4037 1510 4119 (ιιι.
1535 4024 1649 4104 in,
1677 4042 1890 4119 16-22).
2060 4022 2085 4043 ﬁ.

568 4110 659 4172 25.
683 4118 791 4175 Vos
815 4130 992 4196 autem
1020 4110 1187 4205 genus
1213 4115 1459 4196 electum,
1489 4130 1697 4199 inﬁrma
1726 4110 1908 4191 mundi
1927 4180 1941 4203 ,
1984 4140 2075 4209 qui

498 4206 772 4287 dimisistis
798 4213 974 4268 omnia
1005 4204 1061 4270 ut
1100 4220 1459 4301 sequeremini
1501 4222 1817 4294 Dominum;
1854 4229 1924 4283 ite
1958 4204 2079 4302 ρὸει

498 4312 641 4367 cum,
669 4308 723 4355 et
748 4301 1054 4388 confundite
1081 4306 1234 4366 fortia
1269 4327 1281 4363 :
1311 4292 1380 4367 ite
1408 4322 1526 4381 post
1551 4330 1692 4389 eum,
1721 4292 2076 4391 speciogi'pc;

496 4386 613 4456 des,
655 4399 709 4447 et
746 4392 916 4475 luccte
942 4396 993 4451 in
1019 4383 1352 4485 firmamento
1396 4404 1438 4477 (1
1466 4386 1607 4462 Patr.
1636 4383 1699 4475 ιιή,
1734 4383 1825 4484 tl);
1869 4383 1923 4486 ut
1950 4383 2072 4471 coeli

494 4491 746 4538 enarrem
768 4483 989 4554 gloriam
1016 4475 1165 4559 ejus,
1196 4475 1488 4552 dividentes
1514 4496 1652 4554 inter
1692 4475 1861 4557 lucem
1900 4479 2070 4572 perfe-

492 4578 699 4649 Ctorum
724 4573 817 4649 sed
837 4577 1070 4639 nondum
1088 4579 1224 4662 sicut
1244 4583 1582 4653 Angelorum.
1605 4599 1664 4668 et
1682 4593 1928 4667 tenebras
1948 4611 2069 4666 par-

492 4662 734 4719 vulorum
755 4666 849 4747 sed
871 4684 975 4749 non
995 4656 1365 4754 deSpectorum
1393 4679 1408 4710 ⁸
1436 4697 1449 4732 :
1479 4662 1835 4753 lucete'super
1854 4668 2067 4759 omnem

488 4760 720 4819 terram;
748 4765 801 4811 et
823 4756 939 4841 dies
964 4760 1076 4819 sole
1104 4763 1335 4843 candens
1362 4777 1561 4847 eructet
1601 4771 1705 4827 dlei
1732 4756 1950 4846 verbum
1977 4792 2065 4833 sa-

487 4841 701 4919 pientia:
720 4884 745 4930 ,ἱ
774 4856 826 4902 et
854 4834 958 4917 nox
987 4850 1108 4907 luna
1150 4834 1327 4910 lucens
1353 4839 1631 4933 annuntiet
1665 4835 1823 4939 nocti
1843 4867 2064 4925 verbum

484 4935 721 4992 scientiae
740 4924 924 5010 .(Psal.
951 4956 1113 5025 xvnt,
1147 4945 1224 5017 2).
1246 4936 1392 5003 Luna
1413 4960 1466 5031 et
1489 4953 1656 5031 stellae
1684 4934 1822 5026 nocti
1851 4958 2024 5035 lucent
2045 4943 2072 5029 ς’

481 5029 577 5085 sed
608 5045 710 5085 nox
742 5047 845 5087 non
876 5034 1124 5113 obseurat
1157 5054 1281 5106 eas,
1313 5029 1559 5116 quoniam
1597 5046 1724 5126 ipsa:
1764 5029 2064 5131 illuminant

480 5132 599 5174 eam
639 5138 733 5191 pro
761 5123 975 5181 modulo
1018 5127 1153 5197 ejus.
1179 5129 1318 5187 Ecce
1351 5133 1491 5188 enim
1529 5123 1787 5207 tanquam
1828 5140 1936 5196 Deo
1975 5143 2060 5198 di-

478 5219 635 5265 cente
654 5253 668 5277 ,
702 5211 857 5267 Fiant
882 5215 1154 5280 luminaria
1181 5221 1243 5283 in,
1260 5223 1577 5291 ﬁrmamento
1605 5230 1717 5289 ctuti
1734 5271 1750 5297 ,
1778 5229 1949 5293 factus
1977 5245 2059 5292 est

478 5300 657 5356 subito
676 5303 742 5358 de
767 5306 905 5364 caelo
928 5323 1117 5393 sonus,
1143 5315 1291 5389 quasi
1319 5315 1543 5385 ferretur
1568 5319 1724 5401 flatus
1747 5325 2053 5401 vehemens,

476 5399 530 5445 et
557 5390 680 5446 visa:
710 5405 833 5450 sunt
861 5397 1050 5470 lingua:
1076 5390 1260 5459 diviszn
1286 5407 1437 5474 quasi
1464 5408 1619 5479 ignis,
1652 5394 1739 5482 qui
1780 5424 1834 5470 et
1861 5390 2056 5476 insedit

470 5497 635 5555 sumr
664 5484 1091 5563 unumquemque
1133 5482 1340 5567 illorum
1372 5496 1506 5578 (Act...
1538 5514 1595 5570 ιι,
1625 5492 1680 5571 2,
1712 5504 1799 5577 3);
1836 5516 1887 5564 et
1916 5507 2049 5566 facta

538 5617 559 5654 ⁸
589 5626 687 5667 Am.
716 5626 785 5670 Er.
812 5629 860 5672 ct
894 5638 1066 5677 novem
1087 5637 1210 5693 Mss,
1232 5631 1606 5703 (imperatorum.

1646 250 2167 323 consusswuun
2203 252 2259 308 s.
2305 250 2667 313 AUGUSTINI

3679 265 3782 337 856

2202 374 2325 433 sunt
2352 368 2629 426 luminaria
2650 372 2703 427 in
2728 371 3057 437 ﬁrmamento
3082 377 3202 433 cmli
3224 376 3433 449 (Matth.
3452 396 3505 447 v,
3529 382 3639 452 l4),
3665 399 3781 443 ven

2202 458 2324 514 bum
2367 462 2488 517 vitae
2525 462 2792 521 habentia.
2838 465 3044 538 Ubique
3090 469 3389 536 discurrite,
3422 471 3567 543 ignes
3593 479 3780 543 sancti,

2204 548 2350 619 ignes
2380 551 2581 618 decori.
2610 555 2719 621 Vos
2745 558 2888 612 enim
2915 559 3044 615 estis
3070 559 3248 617 lumen
3276 564 3494 632 mundi,
3530 582 3629 621 nec
3656 569 3786 627 estis

2202 641 2301 705 sub
2332 643 2529 697 modio.
2563 645 2839 710 Exaltatus
2867 657 2947 706 cst
2975 651 3058 709 cui
3088 652 3417 719 adhaesistis,
3447 667 3502 711 et
3533 658 3781 723 cxaltavit

2204 748 2319 794 vos.
2348 733 2658 804 Discurrite,
2677 747 2732 793 et
2761 739 3076 797 innotescite
3106 744 3355 800 omnibus
3378 748 3642 817 gentibus.

2835 855 3059 914 CAPUT
3098 857 3217 916 XX.

2202 943 2503 1001 l’roducant
2532 960 2713 1015 aqum,
2740 957 2860 1015 etc.,
2893 947 3019 1005 Gen.
3045 953 3096 1015 l,
3119 951 3209 1008 20.

2865 1022 3112 1079 volatilia.

2268 1101 2356 1165 26.
2386 1106 2658 1177 Concipiat
2697 1118 2751 1165 et
2783 1125 2966 1179 mare,
3003 1122 3062 1170 et
3088 1116 3256 1185 pariat
3288 1131 3450 1186 Opera
3489 1130 3668 1177 vestra
3685 1132 3709 1188 ,‘
3729 1134 3785 1181 et
3829 1101 3835 1129 ²

2200 1196 2479 1264 producant
2513 1215 2659 1267 aqua
2682 1200 2886 1270 reptilia
2926 1204 3213 1260 animarum
3241 1208 3483 1264 vivarum.
3514 1210 3784 1281 Separan-

2199 1297 2279 1347 tes
2306 1289 2449 1345 enim
2475 1291 2761 1360 pretiosum
2792 1309 2821 1347 a
2851 1294 2959 1362 vili,
2989 1295 3113 1351 facti
3137 1298 3269 1355 estis
3292 1314 3356 1355 os
3380 1301 3504 1369 Dei,
3533 1319 3627 1373 per
3650 1320 3787 1375 quos

2197 1379 2398 1440 diceret
2429 1397 2443 1434 :
2476 1379 2773 1437 Producant
2798 1401 2972 1455 aqua,
3004 1403 3108 1444 non
3149 1391 3383 1449 animam
3416 1395 3586 1449 vivam
3621 1412 3783 1468 quum

2205 1478 2343 1525 terra
2372 1471 2643 1540 producit,
2673 1474 2766 1535 sed
2793 1479 2992 1545 reptilia
3018 1480 3303 1537 animarum
3335 1484 3559 1539 vivarum
3577 1528 3593 1553 ,
3625 1498 3675 1542 et
3698 1504 3787 1542 vo-

2198 1560 2361 1618 latilia
2394 1562 2615 1619 volantia
2649 1581 2799 1635 super
2828 1576 3033 1627 tetram.
3080 1571 3380 1642 [tepuerunt
3412 1575 3556 1631 enim
3592 1578 3785 1633 Sacra-

2200 1661 2376 1707 menta
2406 1662 2491 1707 tua
2512 1695 2527 1719 ,
2560 1655 2718 1719 Deus,
2760 1672 2854 1727 per
2876 1674 3043 1729 opera
3064 1672 3367 1719 sanctorum
3400 1674 3612 1722 tuorum
3642 1669 3786 1726 inter

3255 955 3383 1021 Quia
3405 960 3604 1030 reptilia
3627 1003 3641 1028 ,
3668 978 3783 1033 qua!

2199 1742 2403 1802 medios
2460 1743 2650 1801 ﬂuctus
2700 1749 3048 1806 tentationum
3093 1754 3311 1823 smculi,
3357 1756 3423 1810 ad
3468 1757 3785 1815 imbuendas

2158 1830 2382 1903 'gentes
2408 1836 2622 1896 nomine
2650 1847 2772 1904 tuo,
2816 1839 2870 1895 in
2913 1840 3177 1913 baptismo
3218 1856 3326 1903 tuo.
3376 1846 3439 1901 Et
3483 1849 3633 1905 inter.
3665 1851 3787 1907 base

2198 1925 2332 1979 facta
2360 1935 2485 1984 sunt
2514 1929 2773 1999 magualia
2812 1932 3068 1990 mirabilia
3110 1946 3357 2007 tanquam
3385 1941 3743 2012 ceti'grandes
3763 1986 3788 2024 ,g
3882 1930 3893 1947 ’

2197 2027 2250 2071 et
2277 2033 2434 2073 voces
2464 2022 2769 2077 nuntiorum
2818 2033 3028 2081 tuorum
3072 2029 3353 2087 volitantes
3391 2047 3551 2104 super
3582 2047 3784 2093 terram

2192 2108 2343 2177 juxta
2374 2109 2765 2170 ﬁrmamentum
2813 2116 2955 2173 Libri
2992 2120 3094 2188 tui,
3133 2125 3418 2193 pra'posito
3453 2127 3546 2182 illo
3572 2129 3676 2185 sibi
3715 2130 3789 2186 ad

2196 2202 2597 2271 auctoritatem,
2644 2206 2744 2261 sub
2777 2224 2883 2277 quo
2920 2210 3201 2269 volitarent
3248 2231 3583 2289 quocumque
3618 2221 3783 2279 irent.

2195 2290 2378 2363 Neque
2406 2295 2547 2350 enim
2590 2306 2716 2352 sunt
2749 2298 2973 2379 loqucke
3011 2319 3184 2373 neque
3210 2321 3487 2364 sermones
3510 2353 3523 2373 ,
3553 2327 3785 2381 quorum

2196 2399 2301 2437 non
2327 2385 2611 2443 audiantur
2649 2404 2809 2464 voces
2831 2407 3014 2452 eorum
3040 2435 3054 2459 ,
3092 2397 3306 2469 quando
3350 2399 3403 2477 in
3435 2416 3647 2457 onmem
3676 2413 3786 2481 ter-

2197 2493 2307 2531 rum
2336 2478 2465 2534 exiit
2488 2495 2655 2535 sonus
2678 2497 2863 2539 eorum
2883 2526 2898 2551 ,
2929 2495 2983 2541 et
3008 2487 3069 2565 in,
3091 2488 3223 2544 lines
3255 2491 3401 2547 orbis
3439 2502 3593 2549 terra:
3620 2478 3786 2553 verba

2195 2584 2378 2625 eorum
2408 2571 2578 2644 (Paul.
2609 2590 2778 2647 xvnt,
2806 2577 2856 2643 4,
2887 2575 2942 2650 5)
2968 2594 2985 2645 ;
3013 2581 3260 2650 quoniam
3293 2592 3368 2653 tu,
3410 2586 3653 2664 Domine,
3684 2590 3788 2647 her

2195 2666 2488 2740 nedicendo
2518 2670 2873 2740 multiplieasti
2899 2673 3031 2730 hzec.

2266 2757 2356 2814 27.
2386 2760 2650 2831 Numquid
2680 2760 2924 2832 mentior,
2955 2776 3045 2822 aut
3074 2769 3328 2847 mixtione
3355 2774 3575 2852 misceo,
3606 2794 3786 2849 neque

2195 2850 2463 2923 (ιῖειίιιευο
2503 2855 2704 2912 lucidas
2730 2859 3058 2941 cognitiones
3095 2862 3281 2941 harum
3311 2850 3485 2923 rerum
3515 2871 3566 2925 in
3600 2854 3788 2928 firma-~

2195 2951 2375 2999 mento
2401 2945 2523 3026 ccpli
2547 2988 2563 3014 ,
2595 2954 2649 3002 et
2676 2942 2835 3018 opera
2874 2937 3163 3028 corporalia
3190 2938 3241 3010 in
3273 2944 3477 3015 undeSo
3514 2964 3685 3030 mari,
3730 2973 3791 3042 et

2194 3039 2291 3117 sub
2329 3038 2664 3121 ﬁrmamento
2701 3036 2865 3101 coeli?
2896 3047 3127 3119 Quarum
3170 3052 3312 3107 enim
3358 3069 3537 3109 rerum
3577 3036 3787 3113 notitiae

2194 3140 2319 3186 sunt
2352 3133 2570 3203 solidae,
2615 3144 2671 3191 et
2710 3138 3003 3195 terminata:
3040 3144 3158 3198 sine
3188 3144 3525 3202 incrementis
3548 3163 3785 3227 genera-

2196 3224 2437 3292 tionum,
2488 3235 2734 3298 tanquam
2780 3230 2991 3305 lumina
3048 3234 3321 3303 sapientia:
3381 3248 3436 3292 et
3496 3224 3785 3315 scientiae...

2191 3315 2498 3372 earumdem
2528 3306 2706 3373 rerum
2753 3330 2879 3375 sunt
2921 3323 3257 3392 operationes
3295 3327 3599 3397 corporales
3641 3330 3785 3385 mul-

2194 3411 2261 3458 ta:
2290 3420 2353 3460 ac
2380 3408 2573 3473 variae;
2601 3410 2816 3489 etaliud
2846 3428 2917 3489 ex,
2947 3413 3052 3471 alio
3077 3418 3366 3485 crescendo
3395 3419 3783 3497 multiplicatur

2193 3493 2244 3548 in
2271 3494 2641 3571 benedletioue
2678 3510 2785 3578 tua,
2818 3503 2978 3581 Deus,
3001 3508 3090 3576 qui
3126 3510 3432 3588 consolatus
3468 3525 3528 3566 es
3562 3494 3781 3590 fastidia

2192 3599 2444 3641 sensuum
2476 3575 2777 3647 mortalium
2803 3635 2817 3659 ,
2849 3603 2908 3649 ut
2934 3576 2987 3650 in
3018 3581 3322 3671 cognitione
3347 3578 3519 3677 animi
3544 3580 3632 3659 res
3666 3620 3785 3682 una

2191 3678 2371 3735 multis
2410 3681 2583 3737 modis
2604 3698 2698 3753 per
2738 3689 2979 3756 corporis
3022 3690 3284 3746 moti0ncs
3323 3693 3578 3767 figuretur
3614 3678 3783 3767 atque

2190 3769 2412 3824 dicatur.
2441 3773 2607 3843 Aquae
2650 3776 3010 3844 produxerunt
3056 3779 3198 3846 hmc;
3241 3783 3333 3837 sed
3366 3784 3418 3838 in
3454 3785 3619 3841 verbo
3657 3795 3777 3845 tuo.
3832 3774 3844 3782 ἃ

2188 3860 2540 3921 Necessitates
2573 3866 2922 3925 alienatorum
2958 3871 3025 3927 ab
3069 3876 3363 3930 arternitatc
3390 3878 3627 3933 veritatis
3666 3888 3781 3935 tua:

2188 3955 2500 4037 populorum
2529 3957 2890 4027 produxerunt
2924 3961 3075 4030 haec;
3103 3964 3197 4021 sed
3236 3967 3287 4019 in
3333 3967 3615 4040 Evangelia
3640 3979 3740 4027 tuo
3760 4012 3785 4051 ,_

2186 4030 2435 4133 quoniam
2467 4054 2595 4124 ipsre
2634 4071 2784 4128 aqua:
2823 4057 2920 4125 ista
2947 4059 3249 4129 ejeccrunt;
3298 4077 3519 4132 quarum
3557 4080 3778 4122 amarus

2188 4142 2411 4219 languor
2440 4143 2537 4198 fuit
2562 4161 2721 4201 causa
2739 4189 2753 4212 ,
2795 4158 2852 4203 ut
2889 4149 2941 4218 in
2970 4159 3061 4218 tuo
3086 4152 3245 4217 verbo
3274 4154 3370 4210 ista
3397 4155 3773 4225 procederent.

2254 4231 2344 4289 28.
2374 4233 2442 4315 ῌι
2460 4236 2678 4308 pulchra
2725 4248 2847 4293 sunt
2883 4241 3060 4297 omnia
3096 4243 3319 4300 faciente
3358 4252 3438 4311 te,
3480 4255 3533 4301 et
3558 4260 3684 4302 ecce
3716 4257 3774 4302 tu

2188 4320 2614 4382 inenarrabiliter
2639 4329 2911 4409 pulchrior
2947 4334 3037 4402 qui
3066 4334 3235 4393 fecisti
3273 4337 3450 4391 omnia
3483 4354 3495 4391 :
3526 4352 3557 4392 a
3582 4354 3687 4409 quo
3725 4340 3773 4403 si

2186 4436 2290 4495 non
2321 4431 2465 4491 esset
2493 4422 2671 4493 lapsus
2700 4424 2904 4493 Adam,
2947 4444 3052 4482 non
3092 4428 3475 4487 diffunderetur
3510 4447 3577 4487 ex
3612 4442 3774 4488 utero

2180 4512 2297 4581 ejus
2323 4512 2534 4593 salsugo
2567 4517 2945 4597 maris,genus
2982 4518 3269 4595 humanum
3295 4522 3554 4593 profunde
3587 4526 3771 4581 curio-

2177 4618 2318 4672 sum,
2347 4613 2401 4660 et
2444 4608 2739 4678 procelloso
2778 4610 3057 4676 tumidum,
3086 4622 3138 4667 et
3167 4613 3482 4692 instabiliter
3505 4616 3767 4685 fluidum;

2177 4706 2336 4765 atque
2363 4698 2432 4751 ita
2465 4714 2568 4765 non
2606 4715 2739 4773 opus
2779 4712 2923 4769 esset
2950 4714 3007 4758 ut
3035 4706 3095 4765 in
3118 4706 3266 4780 aquis
3292 4708 3475 4765 multis
3507 4724 3764 4781 corpora-

2175 4791 2295 4845 liter
2318 4801 2372 4847 et
2408 4794 2728 4871 sensibilitcr
2750 4808 3099 4866 oper-urentur
3124 4799 3518 4872 dispensatores
3540 4804 3613 4857 tui
3644 4820 3763 4876 my-

2171 4881 2302 4936 stica
2334 4880 2472 4938 facta
2510 4894 2562 4938 et
2586 4883 2746 4939 dicta.
2775 4886 2865 4947 Sic
2901 4888 3043 4965 enim
3084 4906 3227 4963 nunc
3254 4893 3384 4959 mihi
3412 4903 3759 4953 occurrerunt

2172 4973 2378 5042 reptilia
2407 4983 2465 5041 et
2493 4975 2750 5049 volatilia,
2779 4980 2970 5049 quibus
2998 4982 3181 5058 imbuti
3209 4993 3262 5040 et
3290 4984 3478 5059 initiati
3511 4987 3759 5044 homines

2169 5065 2533 5134 corporalibus
2558 5072 2905 5140 sacramentis
2942 5073 3172 5142 subditi,
3215 5091 3321 5131 non
3362 5079 3500 5158 ultra
3527 5082 3753 5151 profice.

2166 5165 2307 5222 rent,
2346 5158 2447 5213 nisi
2486 5145 2831 5239 spiritualiter
2857 5152 3152 5239 viresceret
3191 5169 3366 5246 anima
3401 5145 3566 5242 gradu
3608 5175 3749 5247 alio,

2167 5255 2221 5303 et
2246 5258 2372 5319 post
2390 5248 2526 5306 initii
2561 5253 2780 5335 verbum
2816 5255 2869 5310 iu
2902 5260 3411 5317 consummationem
3440 5266 3751 5336 respiceret.

2758 5366 2987 5430 CAPUT
3022 5369 3165 5436 XXI.

2263 5453 2532 5531 Producat
2557 5466 2695 5523 terra
2722 5461 2953 5517 animam
2983 5463 3183 5537 vivam,
3206 5474 3329 5533 etc.,
3353 5466 3479 5521 Gen.
3503 5470 3553 5532 1,
3578 5469 3665 5524 2i.

2227 5544 2316 5604 29.
2360 5549 2438 5602 Ac
2466 5563 2560 5617 per
2587 5547 2687 5606 hoc
2712 5551 2765 5605 in
2792 5551 2956 5607 verbo
2991 5562 3081 5612 tuo
3118 5569 3225 5610 non
3271 5559 3433 5611 maris
3462 5559 3739 5629 profundi-

2160 5647 2263 5713 tas,
2291 5639 2385 5705 sed
2413 5641 2481 5699 ab
2519 5658 2769 5714 aquarum
2803 5648 3152 5705 amaritudine
3183 5658 3321 5706 terra
3353 5651 3579 5723 discreta
3619 5654 3733 5737 eje-
