4078 6366
300 379 446 444 cit‘,
496 386 600 429 non
646 367 853 439 reptllia
894 364 1188 422 animarum
1230 358 1467 414 vivarum
1519 365 1574 411 et
1618 354 1886 418 volatilia,

303 468 401 526 sed
432 466 665 523 animam
692 461 883 515 vivam.
924 455 1105 525 Neque
1130 454 1271 508 enim
1294 450 1403 521 jam
1433 463 1566 519 opus
1600 448 1759 502 liabet
1790 447 1890 500 Ba-

302 561 503 632 ptismo
544 568 649 627 quo
688 550 939 623 gentibus
978 560 1112 616 opus
1150 554 1272 609 est,
1312 543 1448 597 sicut
1488 554 1623 632 opus
1663 537 1890 632 lla‘bebat

302 629 426 707 cum
468 646 621 718 aquis
650 649 951 715 tegeretur;
984 653 1090 692 non
1125 636 1265 691 enim
1293 634 1517 721 intratur
1546 630 1698 685 aliter
1725 629 1779 683 in
1807 643 1890 684 re-

304 755 470 812 gnum
499 736 760 793 caelorum
788 747 854 787 ex
882 730 971 785 illo
1000 742 1107 798 quo
1136 723 1407 783 instituisti
1435 732 1490 776 ut
1514 722 1591 777 sic
1619 722 1840 812 intretur
1871 735 1885 773 :

306 810 406 887 nec
438 826 697 900 ulagnalia
724 822 917 893 quierit
935 816 1255 875 mirabilium
1280 813 1471 884 quibus
1493 812 1583 866 ﬁat
1604 810 1768 875 fides;
1797 823 1890 863 lle-

305 940 410 995 que
451 922 593 979 enim
632 917 734 973 nisi
777 914 925 985 signa
966 920 1020 967 et
1056 908 1291 980 prodigia
1326 905 1539 971 viderit,
1575 918 1689 995 non
1722 901 1891 995 credit

310 992 491 1086 (dom.
524 1026 598 1079 tv,
627 1010 715 1079 48)
739 1048 755 1074 ,
787 1021 905 1062 cum
929 1004 1038 1074 jam
1067 1001 1312 1056 distincta
1353 999 1421 1052 sit
1452 1005 1587 1051 terra
1627 994 1797 1086 ﬁdelis
1822 992 1892 1086 ab

306 1084 458 1175 aquis
484 1101 646 1159 maris
683 1096 992 1161 inﬁdelitate
1030 1091 1258 1154 amaris;
1290 1098 1345 1143 et
1384 1086 1576 1155 lingua:
1605 1088 1659 1139 in
1698 1084 1889 1175 signo!

305 1173 432 1253 sunt
468 1211 573 1250 non
601 1191 878 1255 ﬁdelibus,
924 1186 1016 1243 sed
1059 1182 1356 1240 inﬁdelibus
1400 1180 1441 1251 (ι
1467 1176 1585 1247 Cor.
1613 1192 1737 1245 xlv,
1773 1173 1889 1245 22).

306 1289 418 1346 Nec
456 1289 558 1343 isto
602 1286 758 1357 igitur
794 1296 988 1352 genere
1023 1277 1253 1343 volatili,
1290 1273 1431 1345 quod
1460 1271 1623 1327 verbo
1649 1278 1739 1324 tuo
1765 1285 1892 1339 pro-

308 1383 575 1436 duxerunt
604 1391 776 1446 aqum,
807 1388 942 1442 opus
968 1371 1127 1426 habet
1155 1378 1292 1427 terra
1335 1380 1492 1437 quam
1532 1362 1761 1423 fundasti
1798 1376 1892 1415 su—

307 1488 405 1539 per
432 1483 618 1541 aquas.
650 1465 879 1521 lmmitte
911 1464 964 1518 in
990 1477 1105 1516 eam
1134 1458 1352 1517 verbum
1382 1465 1527 1511 tuum
1558 1470 1653 1525 per
1681 1452 1893 1507 nuntios

307 1573 448 1619 tuos.
470 1562 644 1632 Opera
668 1558 810 1616 enim
834 1570 1017 1612 eorum
1040 1567 1337 1614 narramus,
1366 1547 1458 1603 sed
1487 1557 1541 1601 tu
1566 1562 1626 1602 es
1653 1546 1741 1615 qui
1765 1560 1894 1615 ope-

308 1657 449 1712 raris
476 1656 529 1712 ill
557 1654 635 1710 eis
654 1694 671 1721 ,
700 1660 757 1706 ut
787 1657 1071 1719 operentur
1096 1646 1326 1699 animam
1357 1643 1551 1698 vivam.
1581 1640 1741 1694 Terra
1772 1652 1893 1707 pro-

305 1728 456 1807 ducit
484 1764 601 1805 eam
622 1788 637 1812 ,
662 1746 783 1816 quia
816 1754 957 1799 terra
986 1755 1144 1797 causa
1180 1746 1261 1794 est
1291 1745 1347 1790 ut
1376 1735 1491 1789 haec
1516 1740 1674 1804 agant
1702 1732 1752 1785 in
1792 1745 1889 1795 ea;

305 1843 446 1897 sicut
489 1854 637 1896 mare
676 1837 775 1893 fuit
810 1849 968 1891 causa
1012 1840 1069 1887 ut
1094 1838 1315 1901 agerent
1348 1826 1558 1898 reptilia
1597 1824 1890 1878 animarum

306 1940 577 2004 vivarum,
608 1943 663 1991 et
703 1931 935 1988 volatilia
982 1927 1081 1982 sub
1125 1926 1458 1979 ﬁrmamento
1508 1918 1659 1984 caeli,
1701 1914 1894 1985 quibus

303 2033 416 2100 jam
467 2038 606 2085 terra
650 2041 756 2081 non
809 2022 1040 2091 indiget;
1088 2015 1329 2087 quamvis
1368 2014 1566 2083 piscem
1611 2007 1895 2063 manducet

310 2120 464 2192 (Luc.
484 2133 638 2183 ulv,
663 2114 753 2185 45)
774 2115 1004 2170 levatum
1020 2109 1087 2164 de
1103 2104 1364 2179 profundo
1381 2106 1431 2157 in
1456 2118 1517 2157 ea
1538 2114 1721 2192 mensa
1736 2112 1893 2192 quam

308 2188 507 2284 pamsti
550 2210 604 2265 in
630 2214 917 2276 conspectu
942 2200 1271 2261 credentium
1297 2195 1465 2263 (Psal.
1491 2208 1624 2257 χχιι,
1649 2190 1703 2263 5)
1731 2208 1745 2257 ;
1775 2188 1894 2245 ideo

307 2302 454 2359 enim
480 2300 549 2356 de
577 2295 839 2370 profundo
867 2294 1071 2348 levatus
1093 2299 1175 2346 est
1196 2297 1250 2343 ut
1272 2287 1375 2341 alat
1399 2284 1621 2339 aridam.
1655 2284 1721 2336 Et
1744 2296 1891 2345 aves,

308 2395 514 2450 litarina
548 2390 829 2463 progenies
851 2430 865 2455 ,
898 2386 994 2442 sed
1025 2395 1199 2440 tamen
1230 2395 1388 2450 super
1420 2388 1615 2433 terram
1643 2374 1895 2444 multipli-

306 2494 519 2540 cantur.
548 2481 845 2537 Prima‘rum
878 2476 1020 2533 enim
1042 2488 1231 2529 vocum
1275 2466 1747 2538 evangelizantium
1776 2464 1897 2519 inﬁ~

307 2575 503 2629 delitas
528 2570 801 2627 hominum
834 2581 991 2623 causa
1016 2564 1251 2628 exstitit;
1281 2560 1375 2616 sed
1411 2568 1466 2614 et
1490 2557 1675 2613 ﬁdeles
1699 2555 1895 2611 exhor.

306 2673 489 2721 tantur
507 2705 524 2730 ,
557 2672 614 2719 et
639 2660 1023 2717 benedicuntur
1063 2656 1131 2711 ab
1172 2654 1250 2709 eis
1272 2652 1292 2684 ³
1318 2650 1681 2720 multipliciter
1718 2648 1785 2704 de
1808 2647 1897 2703 die

308 2761 364 2813 iu
392 2756 556 2813 diem.
586 2756 654 2809 At
681 2768 810 2808 vero
836 2751 1013 2806 anima
1038 2748 1156 2803 vita
1184 2745 1251 2800 de
1279 2754 1415 2798 terra
1444 2740 1715 2812 sumpsit"
1740 2754 1897 2796 exor-

308 2851 480 2917 dium,
508 2847 632 2919 quia
662 2860 768 2901 non
798 2842 1014 2913 prodest
1030 2841 1138 2911 jam
1162 2839 1261 2893 nisi
1285 2836 1527 2891 ﬁdelibus
1543 2833 1822 2888 continere
1837 2847 1896 2887 se

310 2941 382 2997 ab
408 2954 593 2996 amore
632 2936 786 3007 hujus
812 2933 989 2990 smculi
1011 2972 1027 2997 ,
1061 2940 1116 2985 lit
1141 2931 1316 2985 anima
1356 2942 1539 2982 eorum
1583 2925 1681 2980 tibi
1717 2924 1889 2988 vivat,

308 3047 434 3104 qua:
459 3038 666 3087 mortua
692 3037 807 3084 erat
836 3028 885 3080 ill
912 3024 1116 3080 deliciis
1144 3022 1328 3077 vivens
1353 3062 1368 3087 ,
1396 3018 1620 3083 deliciis,
1647 3017 1891 3081 Domine,

310 3122 601 3181 mortiferis
624 3120 667 3194 (ι
693 3120 825 3175 Tim.
857 3134 891 3172 v
914 3159 928 3186 ,
954 3115 1042 3186 6);
1076 3130 1197 3177 nam
1240 3122 1293 3169 tu
1333 3112 1450 3183 puri
1499 3110 1675 3166 cordis
1708 3108 1896 3164 vitales

309 3216 538 3273 deliciae.
950 3196 958 3203 '

381 3309 469 3365 50.
501 3307 799 3378 Operentur
826 3318 956 3374 ergo
975 3303 1083 3373 jam
1116 3301 1165 3355 in
1210 3309 1348 3355 terra
1390 3295 1617 3353 ministri
1648 3294 1755 3359 tui,
1790 3309 1894 3348 non

310 3402 446 3455 sicut
483 3401 536 3453 ili
578 3399 726 3468 aquis
771 3394 1098 3451 inﬁdelitatis
1143 3389 1505 3446 aununtiando
1541 3397 1599 3443 et
1634 3386 1895 3456 loquendo

314 3509 407 3563 per
448 3490 699 3546 miracuia
740 3497 793 3543 et
833 3492 1163 3541 sacramenta
1200 3492 1253 3537 et
1294 3495 1453 3537 voces
1486 3479 1734 3550 mysticas
1758 3520 1772 3543 ,
1806 3476 1895 3531 ubi

312 3585 511 3639 intenta
545 3583 613 3637 sit
659 3579 951 3651 ignorantia
992 3585 1163 3630 mater
1202 3570 1568 3627 admirationis
1606 3570 1657 3624 ill
1704 3571 1894 3624 timore

310 3675 638 3731 occultorum
671 3672 975 3742 signorum;
1023 3668 1140 3722 talis
1168 3666 1309 3723 enim
1338 3674 1419 3720 est
1460 3664 1706 3718 introitus
1735 3662 1799 3715 ad
1831 3664 1892 3715 li-

310 3773 430 3826 ticm
459 3770 581 3825 ﬁliis
606 3768 774 3823 Adam
801 3765 982 3820 oblitis
1004 3748 1098 3829 tui,
1127 3762 1250 3817 dum
1278 3758 1607 3814 abscondunt
1632 3771 1690 3812 se
1710 3772 1739 3810 a
1763 3756 1894 3811 facie

310 3873 397 3917 tua
416 3858 567 3932 (Gen.
588 3874 665 3924 lli,
689 3857 742 3930 8)
772 3867 825 3912 et
855 3856 980 3910 lium
1012 3856 1234 3926 abyssus
1260 3871 1273 3906 ε
1302 3852 1397 3907 sed
1426 3858 1715 3920 Operentur
1734 3850 1892 3904 etiam

307 3954 446 4007 sicut
484 3952 537 4006 in
579 3948 723 4005 arida
770 3947 998 4002 discreta
1037 3962 1067 4000 a
1109 3945 1399 4015 gurgitibus
1438 3942 1650 4013 abyssi;
1696 3949 1753 3995 et
1789 3939 1894 3994 sint

313 4047 483 4100 forma
510 4041 753 4097 ﬁdelibus
792 4040 1016 4094 vivendo
1050 4052 1228 4091 miram
1268 4035 1380 4101 eis,
1420 4043 1473 4088 et
1510 4031 1788 4087 excitando
1826 4031 1891 4085 ad

320 4136 689 4190 imitationem.
722 4132 810 4187 Sie
857 4131 995 4184 enim
1028 4144 1131 4183 nou
1178 4135 1381 4181 tantum
1429 4124 1494 4178 ad
1532 4122 1849 4178 audiendum
1875 4163 1889 4188 ,

311 4226 409 4281 sed
439 4226 598 4281 etiam
625 4223 691 4279 ad
720 4222 1017 4279 faciendum
1045 4219 1263 4274 audiunt
1289 4236 1301 4271 :
1337 4218 1556 4283 Qua’rile
1586 4215 1890 4281 Dominum,

307 4333 353 4374 ct
370 4321 498 4375 vivet
513 4320 681 4373 anima
708 4327 869 4372 vestra
890 4314 1057 4388 (Psal.
1084 4327 1259 4377 1.xvul,
1284 4310 1399 4380 55),
1424 4318 1479 4363 ut
1494 4308 1735 4377 producat
1760 4316 1893 4361 terra

311 4414 536 4466 animam
556 4390 813 4465 viventem.
844 4407 1015 4461 Nolite
1036 4402 1341 4472 conformari
1366 4403 1479 4455 huic
1503 4399 1687 4455 sarculo
1713 4398 1888 4470 (Rom.

312 4519 413 4569 xu,
438 4502 499 4574 2)
522 4543 537 4566 ,
569 4501 835 4573 continete
863 4514 956 4552 vos
983 4499 1048 4553 ab
1083 4511 1167 4550 eo.
1219 4493 1477 4549 Evitando
1514 4493 1641 4547 vivit
1684 4492 1887 4555 anima,

306 4609 426 4662 quae
453 4591 750 4662 appetendo
779 4591 1019 4661 moritur.
1047 4586 1327 4643 Continete
1350 4600 1443 4639 vos
1470 4584 1537 4639 ab
1561 4584 1777 4639 immani
1809 4584 1889 4638 fe-

308 4679 468 4738 ritate
494 4682 781 4753 superbiae,
808 4681 875 4735 ab
904 4678 1062 4733 inerti
1084 4678 1356 4747 voluptate
1386 4676 1624 4742 lllxurim,
1654 4684 1709 4730 et
1735 4690 1763 4727 a
1791 4675 1888 4728 fal-

308 4774 409 4827 laci
446 4772 661 4827 nomine
701 4770 967 4836 scientiae;
1012 4778 1066 4822 ut
1104 4760 1441 4822 sint’bestiln
1483 4775 1800 4830 mansuetae,
1840 4775 1894 4820 et

308 4878 503 4936 pecora
543 4862 811 4927 edomita,
854 4870 909 4915 et
947 4859 1145 4914 innoxii
1189 4867 1483 4927 serpentes.
1537 4858 1707 4913 Motus
1751 4858 1891 4912 enim

312 4958 505 5011 anima:
533 4963 656 5009 sunt
682 4953 767 5007 isti
806 4952 859 5006 in
885 4951 1134 5021 allegoria
1166 4968 1178 5003 :
1217 4948 1311 5003 sed
1342 4950 1503 5003 fastus
1534 4949 1777 5004 elationis
1798 4991 1811 5013 ,
1841 4958 1894 5003 et

315 5048 601 5104 delectatio
644 5046 874 5101 libidinis
898 5086 913 5111 ,
948 5052 1004 5100 et
1041 5058 1303 5098 venenum
1349 5042 1669 5111 curiositatis
1718 5054 1892 5097 motus

316 5148 445 5195 sunt
482 5139 672 5193 anima:
708 5144 959 5210 mortua};
992 5135 1113 5208 quia
1141 5151 1243 5189 non
1286 5135 1357 5189 ita
1387 5136 1636 5203 moritur,
1665 5144 1722 5189 ut
1750 5137 1891 5203 omni

374 5308 390 5329 ι
419 5288 919 5351 ιῇὶεἱωιικωεοωω.
940 5294 1071 5339 Mart.
1091 5296 1145 5339 et
1162 5288 1304 5337 uond.
1371 5296 1427 5337 Μ.

372 5356 393 5420 ξ
431 5362 485 5401 In
518 5351 672 5420 signa,
688 5352 824 5420 juxta
839 5358 1013 5420 Somni.
1034 5360 1087 5401 et
1101 5352 1246 5420 ttond.
1266 5363 1375 5420 cum
1390 5352 1422 5399 5
1444 5358 1545 5413 Mss.
1606 5359 1675 5420 tu.

373 5415 393 5445 ³
428 5412 863 5472 ιω·.,“ὺεηεᾱίευηι
890 5413 997 5473 eis;
1028 5412 1115 5461 sed
1139 5412 1414 5476 legendum
1433 5426 1541 5461 cum
1559 5414 1669 5463 Edd.
1705 5417 1810 5466 aliis
1844 5425 1893 5467 et

313 5481 439 5532 suis,
459 5475 797 5525 benetlicmztur
814 5475 875 5524 ab
893 5476 963 5527 eis
980 5488 991 5523 :
1011 5489 1121 5537 qua:
1136 5474 1281 5524 lectio
1305 5487 1405 5535 per,
1427 5488 1558 5523 eram
1581 5488 1793 5528 correcta
1819 5490 1892 5530 est

313 5547 511 5606 propter
536 5539 737 5587 verbum
771 5537 1116 5598 exhortantur,
1140 5537 1267 5600 quod
1304 5546 1528 5599 putarunt
1558 5542 1713 5591 active
1756 5556 1891 5592 usur-

312 5611 430 5658 lari.

375 5662 391 5691 *
424 5659 590 5721 suum,
614 5660 751 5721 juxta
777 5670 881 5713 tun.
912 5669 962 5717 et
984 5667 1109 5713 Mart.
1137 5675 1244 5712 cum
1269 5662 1298 5711 6
1321 5671 1422 5714 Mss.
1475 5670 1525 5713 tu.

1500 240 1703 299 LlBER
1741 234 2035 295 DECIMUS
2074 234 2380 293 TERTIUS.

3477 235 3582 304 858

2002 362 2147 405 motu
2172 361 2371 415 careat,
2404 350 2653 422 quoniam
2685 348 3008 405 discedendo
3048 363 3076 403 a
3105 348 3249 407 fonte
3278 351 3398 405 vita:
3418 393 3431 416 ,
3465 338 3580 407 nlo-

1997 443 2152 507 ritur,
2195 452 2354 512 atque
2398 442 2469 497 ita
2494 441 2782 513 suscipitur
2818 456 2848 495 a
2879 449 3231 511 praetereunte
3264 442 3459 497 smculo
3480 484 3493 508 ,
3527 452 3581 504 ct

1997 532 2361 588 conformatur
2387 534 2458 588 ei.

2068 626 2156 681 '51.
2185 624 2417 683 Verbum
2443 633 2621 680 autem
2654 633 2825 691 tuum,
2867 624 3027 690 Deus,
3057 623 3175 679 fons
3202 623 3324 677 vita:
3366 632 3579 677 aeternas

1996 724 2099 785 cst,
2129 724 2183 776 et
2212 733 2315 771 non
2347 716 2582 785 prieterit
2611 733 2625 770 :
2659 716 2884 786 ideoque
2910 716 2960 771 in
2998 714 3159 770 verbo
3184 724 3273 775 tuo
3303 714 3579 782 cohibetur

1996 806 2085 862 ille
2110 804 2406 874 discessus,
2456 806 2581 861 dum
2622 806 2813 861 dicitur
2839 806 2991 861 nobis
3012 848 3028 873 ,
3072 804 3247 860 Nolite
3274 804 3579 875 conformari

1998 897 2112 951 huic
2150 898 2365 963 siccato;
2395 907 2451 952 ut
2481 898 2723 967 producat
2750 906 2883 952 terra
2921 898 2973 951 in
3017 896 3163 952 fonte
3202 897 3322 951 vita:
3359 897 3581 950 animum

1996 988 2255 1056 viventem,
2284 989 2335 1043 ill
2365 989 2528 1045 verbo
2565 999 2655 1043 tuo
2682 1004 2778 1059 per
2806 988 3165 1059 Evangelistas
3204 998 3322 1044 tuos
3349 989 3579 1051 animam

1997 1079 2399 1146 continentem,
2448 1079 2703 1138 imitando
2740 1079 3036 1139 imitatores
3080 1078 3275 1136 Cllristi
3320 1080 3420 1134 tui.
3470 1081 3581 1134 lloc

1998 1179 2080 1225 est
2105 1170 2247 1225 enim
2275 1171 2547 1231 secundum
2574 1187 2729 1242 genus
2747 1211 2762 1237 ,
2806 1171 3054 1242 quoniam
3092 1170 3359 1225 aemulatio
3386 1170 3482 1224 viri
3512 1169 3582 1225 ab

1997 1262 2168 1316 amico
2193 1270 2275 1316 est
2306 1280 2317 1314 :
2350 1261 2555 1329 Estote,
2588 1262 2789 1331 inquit,
2822 1262 2949 1328 sicut
2974 1277 3064 1332 ego
3084 1279 3100 1325 ;
3124 1261 3241 1331 quia
3269 1271 3314 1315 et
3338 1277 3428 1329 ego
3455 1261 3583 1315 sicut

1997 1367 2083 1409 vos
2123 1351 2321 1423 (Galat.
2351 1366 2427 1419 ιν,
2461 1353 2573 1423 l2).
2604 1350 2678 1407 Ita
2706 1360 2861 1409 erunt
2899 1353 2950 1406 ill
2998 1350 3172 1410 anima
3215 1352 3331 1405 viva
3356 1352 3371 1382 ¹
3399 1351 3583 1417 bestiae

1997 1442 2151 1498 bonae
2181 1443 2233 1497 in
2270 1443 2676 1498 mansuetudine
2706 1443 2950 1503 actionis.
2986 1441 3241 1497 lilandasti
3268 1442 3409 1503 enim
3438 1482 3453 1506 ,
3498 1440 3581 1495 di-

1997 1548 2126 1591 cens
2159 1552 2172 1588 :
2204 1532 2269 1587 In
2307 1534 2689 1587 mansuetudine
2728 1549 2881 1603 opera
2917 1547 3002 1586 tua
3028 1533 3240 1603 perﬁce,
3277 1542 3323 1587 et
3348 1532 3409 1597 ab
3446 1530 3583 1589 omni

1997 1627 2197 1681 homine
2220 1626 2443 1696 diligatis
2464 1623 2652 1697 (Ecclt'.
2683 1641 2761 1691 lu,
2795 1625 2905 1696 19).
2936 1626 2998 1679 Ει
3024 1641 3216 1695 pecora
3245 1626 3381 1680 bona
3411 1640 3583 1695 neque

1998 1721 2042 1775 si
2070 1720 2526 1787 manducaverint,
2560 1720 2882 1774 abundantia
2906 1736 2920 1784 ;
2948 1735 3121 1789 neque
3147 1720 3191 1773 si
3220 1735 3325 1775 non
3356 1718 3579 1774 nlaudu-

1997 1813 2264 1879 caverint,
2304 1813 2511 1883 egentia
2547 1830 2560 1867 :
2589 1821 2643 1867 et
2668 1819 2942 1881 serpentes
2970 1810 3131 1875 boni,
3163 1826 3267 1865 non
3299 1810 3582 1881 perniciosi

1997 1903 2067 1959 ad
2094 1903 2417 1972 nocendum,
2463 1903 2565 1973 sed,
2601 1904 2761 1959 astuti
2798 1901 2865 1957 ad
2912 1901 3244 1967 cavendum;
3287 1910 3340 1957 et
3378 1908 3582 1958 tantum

1997 1994 2336 2064 explorantes
2367 1994 2714 2067 temporalem
2754 2001 2996 2048 naturam
3020 2034 3035 2059 ,
3076 2000 3329 2062 quantum
3358 1990 3580 2058 sufficit,

2000 2095 2057 2140 ut
2074 2102 2165 2156 per
2187 2100 2248 2141 ea
2274 2102 2393 2156 qua:
2419 2084 2555 2140 facta
2577 2094 2721 2153 sunt,
2750 2086 3018 2147 intellecta
3039 2084 3397 2155 conspiciatur
3426 2094 3582 2140 tutere

1998 2179 2136 2233 nitas
2164 2178 2336 2248 (Rom.
2364 2195 2415 2246 l,
2445 2178 2560 2251 9.0).
2589 2178 2833 2235 Serviunt
2860 2180 3001 2235 enim
3032 2178 3223 2238 rationi
3247 2177 3361 2234 haec
3384 2177 3586 2231 anima—

1999 2270 2099 2335 lia,
2143 2286 2263 2325 cum
2305 2286 2335 2325 a
2380 2287 2661 2341 progressu
2701 2270 2975 2326 mortifero
3022 2271 3251 2326 cohibita
3294 2271 3479 2326 vivunt
3531 2277 3586 2331 et

2001 2362 2137 2421 bona
2166 2369 2308 2417 sunt.

2591 2455 2814 2513 CAPUT
2853 2454 3015 2511 XXII.

2036 2543 2315 2602 Faciamus
2339 2544 2609 2603 llolninem
2630 2546 2697 2600 ad
2725 2548 3035 2617 imaginem,
3061 2556 3180 2613 etc.,
3214 2543 3341 2601 Gen.
3371 2545 3422 2613 l,
3452 2542 3544 2599 ‘26.

2545 2637 2822 2693 Renovatio
2852 2639 3045 2693 mentis.

2074 2730 2163 2786 52.
2195 2731 2330 2785 Ecce
2345 2730 2508 2797 enim,
2531 2729 2753 2784 Domine
2775 2730 2912 2784 Deus
2930 2737 3132 2795 noster,
3151 2738 3360 2793 creator
3379 2737 3581 2797 noster,

2001 2838 2120 2880 cum
2158 2824 2405 2878 cohibita:
2445 2821 2640 2879 fuerint
2681 2822 2987 2880 aﬁ‘ectiones
3026 2823 3093 2878 ab
3132 2838 3316 2878 amore
3356 2822 3538 2877 seaculi
3562 2862 3580 2889 ,

2001 2916 2192 2985 quibus
2221 2914 2576 2969 moriebamur
2621 2914 2761 2969 male
2804 2912 3028 2968 vivendo
3052 2954 3066 2977 ,
3108 2921 3163 2968 et
3201 2912 3424 2983 cmperit
3462 2926 3582 2968 esse

2000 3007 2176 3061 anima
2224 3005 2411 3061 vivens
2455 3007 2590 3061 bene
2635 3004 2901 3071 vivendo,
2948 3004 3377 3073 eoulpletulnque
3420 3001 3581 3059 fuerit

2000 3096 2218 3151 verbum
2245 3105 2413 3162 tuum,
2431 3095 2570 3165 quod
2591 3110 2685 3165 per
2700 3095 3008 3164 Apostolum
3033 3104 3174 3148 tuum
3192 3092 3390 3159 dixisti,
3409 3091 3585 3171 Nolite

2000 3187 2309 3258 conformari
2328 3188 2441 3240 huic
2457 3188 2666 3252 stvculo;
2679 3185 3019 3256 consequitur
3035 3194 3089 3239 et
3104 3184 3235 3240 illud
3252 3185 3391 3254 quod
3403 3185 3582 3255 adjlut-

2000 3280 2123 3333 xisti
2144 3280 2322 3334 statim
2342 3287 2394 3333 et
2415 3280 2614 3345 dixisti,
2641 3279 2745 3333 Sed
2761 3279 3105 3348 reformamini
3129 3279 3181 3332 in
3205 3279 3420 3337 novitate
3437 3295 3579 3335 men,-

2001 3373 2065 3427 tis
2091 3380 2266 3426 vestrte
2288 3371 2465 3442 (Rom.
2494 3388 2590 3437 xu,
2612 3370 2700 3445 2):
2722 3388 2827 3426 non
2843 3374 2955 3442 jam
2974 3372 3245 3425 secundum
3261 3387 3440 3442 genus,
3458 3381 3580 3427 tau-

1999 3478 2155 3533 quam
2184 3463 2451 3519 imitantes
2478 3464 2861 3533 priccedenlem
2894 3464 3190 3533 proximum
3216 3505 3229 3529 ,
3260 3478 3359 3518 nec
3384 3478 3449 3517 ex
3478 3463 3577 3519 he-

2000 3556 2159 3609 minis
2172 3556 2405 3610 melioris
2422 3557 2733 3610 auetoritatc
2751 3556 3005 3611 viventes.
3026 3555 3206 3626 Neque
3221 3556 3362 3610 enim
3376 3556 3578 3624 dixisti,

1999 3647 2118 3703 Fiat
2142 3647 2303 3703 homo
2327 3648 2622 3703 secundum
2646 3662 2815 3718 genus
2838 3665 2852 3713 ;
2882 3648 2997 3713 sed,
3028 3646 3301 3702 Faciamus
3324 3648 3581 3702 hominem

1996 3740 2066 3794 ad
2093 3738 2362 3809 imaginem
2400 3750 2445 3793 et
2484 3740 2864 3793 silllititudincm
2908 3748 3130 3793 nostram
3164 3739 3328 3809 (Gen.
3360 3756 3411 3805 ι,
3438 3739 3576 3810 26);

1998 3842 2056 3889 ut
2084 3848 2181 3888 nos
2212 3832 2495 3901 probemus
2529 3848 2646 3902 qua:
2677 3833 2747 3886 sit
2771 3832 3014 3887 voluntas
3046 3841 3153 3889 tua.
3196 3831 3285 3886 Ad
3306 3832 3407 3887 lloc
3435 3834 3577 3888 enim

1997 3927 2333 3995 dispensator
2360 3925 2446 3979 ille
2474 3934 2595 3979 tuus
2637 3940 2905 3992 generalis
2941 3941 3037 3994 per
3068 3926 3409 3995 Evangelium
3442 3925 3578 3980 ﬁlios

2003 4017 2206 4088 (lCor.
2248 4033 2333 4083 ιν,
2378 4016 2513 4089 15),
2562 4032 2630 4071 ne
2660 4031 2872 4085 semper
2914 4016 3162 4085 parvulos
3191 4016 3412 4071 haberet
3446 4032 3579 4087 quos

1998 4109 2132 4164 lecte
2147 4110 2394 4175 nutriret,
2414 4118 2466 4163 et
2483 4118 2726 4179 tanquam
2746 4108 2917 4161 nutrix
2936 4106 3136 4162 foveret
3154 4106 3171 4176 (
3194 4108 3210 4161 ι
3227 4107 3403 4162 Thess.
3420 4123 3478 4176 ll,
3496 4107 3575 4179 7):

1999 4199 2385 4267 lieformamini,
2420 4199 2609 4269 inquit,
2636 4199 2688 4252 in
2714 4198 2931 4252 novitate
2952 4200 3129 4253 mentis
3156 4208 3346 4261 vestrm,
3369 4199 3437 4251 ad
3461 4216 3578 4269 pro-

2000 4289 2219 4342 bandum
2259 4305 2345 4344 vos
2372 4291 2392 4321 ³
2422 4305 2535 4359 qua:
2578 4290 2641 4342 sit
2682 4289 2909 4343 voluntas
2954 4289 3049 4343 Dei
3071 4330 3085 4354 ,
3130 4290 3265 4359 quod
3305 4290 3488 4345 bonum
3529 4300 3583 4345 et

1908 4400 1917 4408 ·
1998 4380 2363 4449 beneplacitum
2392 4391 2436 4434 et
2466 4381 2735 4448 perfectam
2767 4380 2948 4453 (Rom.
2980 4397 3076 4443 xu,
3104 4380 3191 4452 2).
3221 4380 3448 4451 ldeoque
3472 4398 3575 4437 non

1998 4471 2150 4538 dicis,
2177 4471 2291 4526 Fiat
2315 4471 2507 4537 homo;
2540 4472 2653 4537 sed,
2685 4472 2958 4525 Faciamus
2988 4474 3256 4531 hominem.
3282 4474 3391 4531 Nec
3420 4476 3569 4542 dicis,

1998 4562 2302 4618 Secundum
2330 4578 2498 4634 genus
2523 4580 2536 4627 ;
2566 4563 2657 4617 sed
2678 4604 2694 4630 ,
2727 4564 2807 4616 Att
2831 4565 3098 4635 imaginem
3128 4576 3173 4619 et
3202 4566 3576 4623 similitudinem

1997 4664 2238 4708 nostram.
2262 4654 2435 4710 Mente
2455 4655 2652 4725 quippe
2674 4664 2978 4720 renovatus,
3002 4665 3056 4710 et
3075 4659 3405 4727 conspiciens
3423 4660 3578 4713 intel-

2000 4748 2190 4802 lectam
2223 4747 2500 4801 veritatem
2542 4755 2719 4811 tllam,
2753 4745 2966 4801 homine
3008 4747 3430 4803 demonstratore
3470 4764 3577 4803 non

1999 4838 2238 4908 indiget,
2271 4847 2328 4892 ut
2352 4852 2506 4891 suum
2537 4853 2704 4907 genus
2749 4837 3012 4903 imitetur;
3054 4839 3147 4893 sed
3177 4839 3575 4894 demoustrante

2000 4932 2051 4977 te
2083 4922 2269 4992 probat
2299 4922 2413 4995 ipse
2442 4938 2558 4991 qua:
2600 4922 2668 4976 sit
2693 4921 2935 4975 vo'nlutas
2964 4931 3049 4975 tua
3071 4963 3085 4987 ,
3132 4923 3271 4991 quod
3302 4923 3495 4976 bonum
3524 4932 3578 4977 et

1998 5012 2382 5081 beneplacitum
2413 5023 2467 5065 et
2498 5010 2788 5081 perfectum
2822 5028 2834 5064 :
2870 5019 2923 5065 et
2949 5010 3113 5065 doces
3148 5028 3267 5067 eum
3298 5014 3317 5044 ³
3340 5013 3447 5082 jam
3485 5029 3575 5067 ca-

2000 5119 2187 5173 pacem
2217 5103 2403 5157 videre
2427 5103 2738 5156 Trinitatem
2771 5102 3003 5165 unitatis,
3037 5111 3090 5155 et
3118 5104 3369 5158 unitatem
3400 5104 3575 5157 Triui-

2002 5198 2141 5251 talis.
2178 5197 2413 5265 ldeoque
2447 5194 2719 5265 pluraliter
2761 5194 2937 5259 dicto,
2983 5192 3254 5259 Faciamus
3282 5195 3573 5261 hominem,

2004 5287 2340 5358 singulariter
2366 5294 2542 5340 tamen
2581 5283 2803 5338 infertur
2826 5324 2840 5348 ,
2872 5283 2937 5337 Et
2976 5284 3091 5355 fecit
3130 5283 3263 5339 Deus
3289 5285 3574 5352 hominem;

2061 5424 2077 5455 ι
2114 5420 2280 5470 Plures
2296 5426 2418 5479 uss,
2433 5418 2483 5470 in
2500 5417 2708 5469 animam
2725 5418 2893 5468 vivam.

2060 5486 2080 5516 ³
2115 5490 2164 5532 tu
2189 5482 2333 5532 editis
2352 5482 2496 5543 deest
2528 5493 2608 5529 vos
2628 5492 2645 5539 ;
2664 5492 2806 5541 quam
2830 5492 2998 5543 vocem
3028 5482 3294 5531 restituere
3314 5481 3488 5543 placuit
3515 5496 3575 5533 ex

1999 5554 2127 5603 Mss,
2150 5546 2261 5606 quia
2285 5543 2441 5591 locum
2465 5542 2598 5591 illum
2621 5543 2690 5591 sic
2711 5543 2901 5606 referre
2924 5542 3050 5591 solet
3072 5542 3375 5605 Augustinus.

2063 5609 2082 5638 ³
2116 5603 2223 5655 Ball.
2253 5615 2347 5656 Am.
2479 5613 2526 5656 et
2552 5612 2679 5663 Arn,
2705 5603 2939 5665 facisjum
2957 5603 3195 5669 rapacem.
3222 5608 3294 5657 sic
3318 5608 3461 5659 etiam
3484 5606 3577 5656 dua

2002 5682 2027 5721 Ο
