4078 6366
296 405 493 464 corpus
518 386 861 461 significatur.
897 384 1035 439 Ecce
1064 382 1288 452 simplex
1316 379 1527 436 dilectio
1556 377 1649 434 Dei
1678 383 1733 433 et
1756 389 1878 445 pro-

296 484 460 549 ximi,
492 495 650 553 quam
680 476 1053 547 multiplicibus
1082 472 1457 537 sacramentis,
1493 480 1546 526 ct
1573 471 1879 525 innumera-

297 576 495 632 bilibus
511 571 723 643 linguis,
741 579 793 625 et
810 570 862 623 itt
880 581 1194 638 unaquaque
1213 565 1389 635 lingua
1409 560 1881 617 innumerabilibus

294 666 624 723 locutionum
667 660 840 717 modis
862 699 878 726 ,
923 657 1270 727 corporaliter
1297 654 1599 710 enuntiatur
1623 654 1636 707 ε
1666 653 1737 707 ita
1761 665 1880 706 cre-

295 764 452 812 scunt
472 764 528 811 ct
546 751 958 824 multiplicantur
978 751 1112 803 fetus
1133 763 1408 818 aquarum.
1434 744 1664 800 Attende
1684 744 1878 798 iterum

292 849 535 922 quisquis
565 848 679 901 btec
708 845 836 915 legis
866 861 880 898 :
913 857 1038 897 ecce
1078 840 1218 910 quod
1264 855 1369 894 uno
1411 837 1568 892 modo
1606 835 1879 905 Scriptura

294 942 470 1008 cllert,
501 947 557 995 et
581 954 682 995 vox
709 944 992 1009 personat,
1026 933 1093 987 In
1120 933 1367 1004 principio
1397 932 1513 1001 fecit
1541 930 1675 984 Deus
1700 928 1881 983 caelum

292 1046 341 1092 et
360 1044 548 1090 terram
570 1033 589 1104 (
609 1030 735 1087 Cen.
758 1047 796 1094 ι,
822 1031 845 1083 1
871 1029 924 1099 );
953 1042 1130 1082 nonne
1164 1026 1521 1095 multipliciter
1547 1022 1877 1091 intelligitur,

294 1144 403 1183 non
426 1140 670 1181 errorum
717 1121 919 1177 fallacia
947 1161 964 1187 ,
996 1118 1091 1175 sed
1121 1133 1365 1173 verarum
1409 1115 1877 1186 intelligentiarum

293 1215 619 1291 generibus?
663 1214 735 1269 ita
764 1220 1013 1269 crescunt
1053 1218 1110 1267 et
1153 1207 1570 1278 multiplicantur
1613 1206 1750 1261 fetus
1777 1204 1876 1260 ιιο-

294 1313 523 1369 minum.

362 1405 456 1461 57.
496 1401 680 1472 Itaque
706 1399 751 1455 si
778 1405 996 1453 naturas
1040 1394 1184 1465 ipsas
1221 1407 1401 1449 rerum
1445 1406 1551 1446 non
1591 1388 1876 1459 allegorice

292 1495 387 1553 sed
413 1493 631 1566 proprie
655 1491 990 1562 cogitemus;
1030 1486 1097 1542 ad
1125 1485 1301 1540 omnia
1338 1497 1456 1553 qua:
1479 1481 1547 1537 de
1585 1479 1875 1536 seminibus

289 1589 579 1659 gignuntur
602 1627 616 1650 ,
648 1583 900 1641 convenit
928 1581 1147 1652 verbum
1172 1620 1187 1645 ,
1240 1577 1456 1634 Crescite
1482 1584 1530 1630 et
1568 1573 1877 1643 multiplica-

292 1681 437 1735 mini.
476 1678 531 1736 Si
562 1686 740 1734 autem
780 1676 1005 1746 ﬁgurate
1047 1673 1214 1744 posita
1243 1671 1342 1726 ista
1374 1676 1662 1725 tractemus
1686 1708 1702 1733 ,
1731 1664 1875 1737 quod

291 1772 469 1843 potius
483 1770 714 1826 arbitror
734 1767 1026 1824 intendisse
1050 1765 1397 1834 Scripturam,
1426 1777 1545 1833 qua:
1566 1761 1744 1829 utique
1769 1772 1876 1813 non

286 1879 615 1937 supervacue
635 1863 767 1920 solis
791 1860 1099 1932 aquatilium
1127 1868 1180 1913 et
1205 1856 1478 1912 hominum
1504 1853 1695 1909 fetibus
1717 1852 1872 1906 istam

282 1957 714 2014 benedictionem
737 1953 1008 2019 attribuit;
1053 1951 1349 2007 invenimus
1391 1948 1608 2019 quidem
1637 1945 1873 2001 multitu-

283 2052 443 2108 dines
466 2059 521 2107 et
548 2051 603 2105 in
628 2048 888 2105 creaturis
912 2045 1273 2117 Spiritualibus
1298 2050 1455 2113 atque
1479 2040 1868 2112 corporalibus,

288 2154 542 2214 tauquam
599 2141 652 2197 in
699 2140 836 2197 cmlo
878 2148 932 2194 et
976 2138 1029 2193 iu
1072 2145 1250 2200 terra;
1289 2143 1343 2189 et
1385 2135 1439 2188 in
1485 2132 1675 2187 animis
1713 2130 1871 2201 justis

284 2242 339 2290 et
366 2234 583 2304 iniquis,
611 2241 861 2302 tanquam
888 2230 939 2285 in
973 2231 1089 2284 luce
1114 2239 1167 2283 et
1198 2226 1464 2291 tenebris;
1502 2234 1556 2279 et
1596 2224 1647 2277 in
1674 2222 1871 2276 sanctis

283 2324 593 2382 auctoribus
613 2364 631 2392 ,
658 2338 757 2394 per
780 2337 913 2392 quos
941 2323 1028 2377 lex
1066 2320 1363 2374 ministrata
1390 2325 1472 2372 est
1493 2359 1509 2383 ,
1538 2325 1784 2386 tanquam
1815 2313 1869 2369 in

283 2420 623 2474 firmamento
641 2416 781 2488 quod
802 2414 1083 2471 solidatum
1105 2422 1187 2468 est
1202 2414 1340 2467 inter
1356 2425 1548 2481 aquam
1571 2418 1623 2463 et
1642 2422 1866 2478 aquam;

282 2520 337 2566 et
366 2511 419 2565 in
448 2510 705 2565 societate
733 2507 1135 2562 amaricantium
1167 2504 1503 2576 populorum,
1536 2510 1784 2570 tanquam
1814 2501 1868 2554 in

284 2602 418 2657 mari
436 2618 451 2667 ;
468 2600 589 2656 etin
608 2598 782 2655 studio
799 2599 1094 2654 animarum
1115 2597 1338 2666 piarum,
1361 2603 1609 2665 tanquam
1630 2592 1680 2646 in
1698 2591 1868 2657 arida;

281 2702 336 2748 et
379 2694 434 2747 in
472 2691 725 2762 operibus
789 2688 1168 2745 misericordia:
1211 2686 1505 2743 secundum
1548 2692 1867 2753 prmsentem

284 2784 472 2850 vitam,
498 2790 745 2852 tanquam
771 2782 826 2837 in
853 2781 1033 2835 herbis
1058 2778 1402 2834 seminalibus
1428 2786 1479 2831 et
1502 2776 1656 2846 lignis
1685 2773 1869 2828 frueti-
1914 2800 1917 2801 ν

283 2874 442 2940 feris;
471 2883 525 2930 et
552 2874 605 2929 iu
631 2872 992 2944 spiritualibus
1020 2871 1173 2926 donis
1202 2868 1550 2925 manifestatis
1576 2869 1641 2921 ad
1670 2866 1871 2920 utilita-

284 2972 391 3019 tem
417 3006 433 3032 ,
465 2964 601 3019 sicut
622 2964 675 3018 in
715 2961 1062 3018 luminaribus
1099 2960 1220 3017 cmli
1246 2966 1345 3025 ;.et
1372 2959 1424 3013 in
1455 2957 1731 3013 affectibus
1758 2955 1868 3009 fore

283 3057 443 3111 matis
467 3057 533 3111 ad
574 3057 975 3127 temperantiam
998 3098 1012 3122 ,
1060 3063 1309 3123 tanquam
1357 3052 1408 3106 in
1439 3051 1615 3104 anima
1642 3049 1777 3102 viva.
1811 3048 1868 3103 lu

286 3149 368 3205 bis
390 3148 639 3204 omnibus
666 3148 1020 3204 nanciscimur
1046 3144 1409 3201 multitudines
1434 3183 1447 3207 ,
1478 3149 1531 3196 ct
1556 3141 1826 3195 ubertates
1850 3181 1865 3206 ,

281 3251 337 3298 ct
367 3244 696 3298 incrementa
726 3259 741 3297 :
766 3239 860 3295 sed
889 3238 1031 3309 quod
1059 3237 1129 3292 ita
1155 3243 1361 3290 crescat
1388 3241 1442 3288 et
1461 3230 1865 3300 multipliCetur,

285 3345 344 3391 ut
369 3350 474 3391 una
495 3348 583 3390 res
607 3333 786 3388 multis
812 3330 984 3386 modis
1014 3328 1333 3391 enuntietur,
1367 3333 1420 3379 et
1445 3340 1551 3378 una
1577 3321 1870 3378 enuntiatio

286 3427 473 3483 multis
512 3425 685 3481 modis
728 3423 1086 3493 intelligatur;
1129 3436 1237 3475 non
1284 3418 1579 3473 invenimus
1604 3456 1621 3484 ,
1668 3415 1769 3470 nisi
1815 3414 1868 3467 iu

283 3520 451 3591 signis
480 3516 826 3589 corporaliter
855 3515 1011 3571 editis
1037 3554 1053 3581 ,
1082 3521 1135 3568 et
1164 3513 1323 3567 rebus
1352 3507 1749 3579 intelligibiliter
1776 3520 1870 3560 ex-

282 3611 548 3682 cogitatis.
571 3610 729 3681 Signa
746 3606 1099 3677 corporaliter
1123 3604 1284 3671 edita,
1314 3601 1687 3674 generationes
1708 3611 1872 3668 aqua-

282 3717 400 3757 rum
425 3708 640 3771 propter
660 3697 993 3754 necessarias
1017 3710 1205 3751 causas
1225 3694 1450 3750 carnalis
1470 3690 1866 3764 profunditatis;

281 3809 370 3851 res
412 3801 593 3849 autem
643 3788 1045 3860 intelligibiliter
1093 3788 1413 3859 excogitatas
1437 3827 1452 3853 ,
1493 3782 1863 3856 generationes

284 3892 544 3947 humanas
572 3897 790 3961 propter
816 3886 1041 3942 rationis
1084 3882 1458 3939 fecunditatem
1502 3878 1865 3947 intelligimus.

286 3983 354 4038 Et
376 3982 500 4038 ideo
526 3978 793 4036 credimus
824 3978 1034 4047 utrique
1077 3975 1266 4030 borum
1295 3971 1478 4044 generi
1523 3968 1721 4024 dictum
1752 3981 1871 4022 esse

283 4075 379 4129 abs
406 4083 481 4140 te,
503 4070 747 4138 Domine,
773 4070 989 4127 Crescite
1012 4077 1056 4122 et
1082 4063 1503 4135 multiplicamini.
1528 4061 1583 4115 ln
1607 4060 1706 4114 hac
1726 4058 1869 4113 enim

284 4165 678 4232 benedictione,
705 4177 1019 4220 concessam
1046 4158 1200 4215 nobis
1227 4171 1257 4213 a
1284 4167 1336 4213 te
1365 4164 1678 4226 potestatem
1710 4160 1762 4207 ct
1791 4150 1870 4205 fa-

286 4258 544 4314 cultatem
565 4256 789 4327 accipio,
820 4264 874 4311 ct
897 4254 1076 4310 multis
1102 4250 1276 4307 modis
1298 4246 1575 4304 enuntiare
1598 4244 1741 4315 quod
1765 4257 1871 4297 uno

284 4352 450 4408 modo
474 4351 802 4407 intellectum
834 4348 1157 4404 tenuerimus
1181 4385 1195 4409 ,
1224 4352 1279 4399 ct
1306 4342 1485 4397 multis
1516 4339 1687 4393 modis
1711 4336 1870 4392 intel-

284 4444 478 4515 ligere,
494 4443 635 4515 quod
657 4443 884 4499 obscure
910 4454 1016 4495 uno
1041 4437 1198 4492 modo
1218 4434 1544 4491 enuntiatum
1567 4430 1868 4501 legerimus.

286 4537 379 4592 Sic
401 4536 690 4606 implentur
717 4549 869 4605 aqua:
890 4532 1053 4587 maris
1080 4572 1093 4594 ,
1123 4544 1242 4600 qua:
1268 4542 1372 4583 non
1402 4531 1682 4580 moventur
1714 4520 1813 4576 nisi
1840 4535 1871 4574 a

286 4628 452 4684 variis
482 4628 500 4661 ⁸
526 4626 1001 4698 significationibus
1030 4643 1043 4678 :
1072 4624 1150 4679 sic
1176 4630 1231 4678 et
1268 4620 1460 4675 fetibus
1496 4616 1741 4673 humanis
1770 4615 1871 4670 im-

291 4720 472 4791 pletur
495 4730 550 4775 et
588 4730 726 4777 terra
752 4737 768 4787 ;
795 4719 944 4789 cujus
984 4716 1201 4772 ariditas
1244 4720 1464 4785 apparet
1491 4712 1546 4766 in
1576 4708 1751 4766 studio
1774 4751 1789 4775 ,
1820 4717 1874 4761 et

292 4812 603 4869 dominatur
630 4813 679 4868 ei
705 4813 860 4868 ratio.

859 4901 1081 4957 CAPUT
1119 4898 1284 4954 XXV.

333 4996 474 5054 Ecce
502 4998 624 5055 dedi
649 4996 801 5053 vobis
827 5008 1038 5052 onmem
1068 4991 1379 5047 lterbam....
1409 4989 1461 5042 in
1498 5000 1697 5053 escam,
1719 4993 1837 5049 etc.,

925 5087 1051 5143 Gen.
1084 5087 1136 5153 1,
1162 5083 1255 5142 29.

367 5184 459 5242 38.
500 5182 635 5238 Volo
663 5183 821 5239 etiam
860 5180 1041 5235 dicere
1060 5220 1075 5246 ,
1110 5176 1333 5231 Domine
1358 5176 1495 5230 Deus
1524 5185 1705 5239 meus,
1735 5168 1877 5240 quod

300 5294 385 5334 me
421 5291 756 5347 consequens
785 5282 873 5330 tua
913 5272 1179 5342 Scriptura
1210 5276 1545 5333 commonet;
1589 5272 1644 5321 et
1678 5265 1873 5330 dicam,

297 5384 395 5426 nec
421 5362 667 5425 verebor.
699 5367 893 5423 Verum
920 5366 1062 5421 enim
1092 5364 1288 5428 dicam,
1319 5370 1369 5417 te
1395 5361 1523 5415 mitti
1554 5360 1876 5430 inspirante,

300 5460 443 5533 quod
466 5476 534 5519 ex
559 5461 640 5517 eis
665 5460 844 5516 verbis
870 5458 1082 5514 voluisti
1128 5464 1185 5512 ut
1229 5456 1479 5511 dicerem.
1521 5451 1703 5522 Neque
1738 5452 1878 5506 enim

304 5558 409 5612 alio
436 5564 631 5627 prteter
657 5564 709 5610 te
738 5551 1028 5623 inspirante
1049 5550 1209 5605 credo
1229 5564 1313 5603 me
1332 5562 1513 5601 verum
1539 5545 1735 5611 dicere,
1760 5558 1878 5596 cum

361 5714 379 5747 ⁸
414 5721 518 5765 .vtst
535 5708 869 5773 variis,juxta
890 5708 1007 5757 Dub.
1031 5711 1157 5755 Mart.
1188 5711 1237 5756 et
1261 5703 1402 5753 ttond.
1430 5713 1539 5752 cum
1566 5702 1613 5749 tl
1645 5710 1744 5750 uss.
1794 5707 1844 5747 λι.

1498 254 1697 314 LIBER
1738 248 2035 308 DECIMUS
2072 250 2389 311 TERTIUS.

3466 268 3573 327 862

1991 380 2044 426 tu
2073 371 2148 427 sis
2175 374 2372 428 veritas
2398 372 2573 446 (Joan.
2602 389 2713 444 xw,
2744 371 2822 448 6),
2849 375 3023 431 omnis
3046 383 3220 432 autem
3242 377 3401 434 homo
3422 397 3574 437 men-

1987 461 2086 517 dax
2118 458 2292 535 (Psal.
2314 478 2440 528 cxv,
2474 460 2587 536 11).
2620 464 2689 520 Et
2709 464 2830 520 ideo
2851 464 2940 535 qui
2966 466 3197 536 loquitur
3216 469 3569 538 mendacium,

1986 556 2053 611 de
2095 571 2192 612 suo
2229 556 2462 627 loquitur
2499 555 2680 629 (Joan.
2723 574 2845 624 vnt,
2875 558 2988 627 44).
3020 558 3160 629 Ergo
3198 568 3253 615 ut
3280 576 3465 617 verum
3491 564 3573 618 io-

1987 661 2142 717 quar,
2167 647 2234 703 de
2259 656 2351 703 tuo
2382 648 2588 718 loquar.
2619 648 2759 703 Ecce
2779 648 2969 703 dedisti
2995 651 3146 705 nobis
3169 652 3222 705 in
3241 667 3404 706 escam
3426 670 3571 708 omne

1986 740 2155 809 fenum
2191 738 2404 793 sativum
2421 780 2437 804 ,
2470 739 2720 792 seminans
2745 756 2907 793 semen
2936 740 3071 812 quod
3096 750 3168 795 est
3193 758 3347 813 super
3368 758 3567 798 omnem

1985 836 2203 894 terram;
2231 837 2279 882 et
2306 845 2453 883 omne
2480 829 2671 900 lignum
2696 829 2831 901 quod
2857 828 3002 884 habet
3027 830 3079 884 in
3102 846 3158 886 se
3184 831 3403 901 fructum
3422 834 3572 888 semi-

1984 920 2064 975 nis
2091 921 2256 974 sativi.
2282 919 2390 975 Nec
2410 920 2561 975 nobis
2582 920 2733 986 solis,
2757 921 2848 976 sed
2872 929 2925 976 et
2948 921 3194 977 omnibus
3214 922 3399 979 avibus
3421 924 3566 993 εαξη,

1984 1021 2038 1067 et
2057 1011 2243 1068 bestiis
2266 1020 2440 1080 terrae,
2472 1022 2631 1084 atque
2661 1015 2994 1084 serpentibus
3020 1031 3035 1068 τ
3064 1015 3294 1085 piscibus
3318 1026 3492 1073 autem
3515 1030 3569 1074 et

1982 1106 2117 1161 cetis
2157 1106 2361 1176 magnis
2401 1121 2508 1161 non
2545 1106 2738 1161 dedisti
2781 1108 2912 1162 lucc.
2957 1108 3270 1164 Dicebamus
3305 1111 3448 1165 enim
3491 1112 3569 1166 eis

1984 1196 2240 1251 fructibus
2257 1206 2411 1253 terra:
2432 1197 2735 1267 significari,
2755 1206 2808 1253 et
2830 1199 2882 1252 in
2901 1198 3148 1269 allegoria
3173 1200 3382 1270 ﬁgurari
3405 1217 3566 1271 opera

1982 1288 2384 1355 misericordiae,
2419 1288 2713 1358 qumltujus
2735 1289 2855 1344 vitae
2877 1292 3278 1346 necessitatibus
3312 1292 3567 1349 exhiben-

1984 1387 2070 1433 tur
2091 1394 2157 1433 ex
2184 1386 2325 1433 terra
2355 1377 2647 1433 fructifera.
2680 1379 2821 1434 Talis
2844 1388 2981 1435 terra
3006 1389 3119 1436 erat
3141 1382 3255 1451 pius
3271 1382 3565 1452 Oncsiplto-

1980 1485 2094 1535 rus,
2126 1469 2276 1538 cujus
2302 1468 2481 1523 domui
2500 1468 2688 1523 dedisti
2710 1470 3150 1538 misericordiam,
3173 1472 3294 1541 quia
3317 1472 3563 1542 frequen-

1981 1570 2062 1616 ter
2102 1560 2322 1615 Paulum
2363 1568 2511 1614 tuum
2553 1559 2919 1631 refrigeravit,
2965 1570 3020 1617 et
3047 1572 3286 1617 catenam
3314 1563 3428 1634 ejus
3457 1581 3562 1620 non

1979 1652 2193 1708 erubuit
2224 1651 2309 1725 (ll
2332 1650 2466 1706 Tim.
2493 1666 2511 1705 ι
2534 1693 2550 1718 ,
2576 1648 2686 1723 16).
2729 1651 2841 1706 lloc
2874 1650 3111 1707 fecerunt
3150 1662 3205 1707 et
3242 1652 3471 1722 fratres,
3512 1666 3568 1712 et

1980 1744 2069 1799 tali
2097 1742 2247 1813 fruge
2273 1743 2738 1808 fructiﬁeaverunt,
2773 1743 2862 1811 qui
2888 1743 3026 1812 quod
3048 1744 3095 1798 ci
3118 1744 3318 1811 deerat,
3351 1747 3565 1816 supple-

1978 1844 2171 1892 verunt
2198 1852 2263 1891 ex
2294 1835 2598 1891 Macedonia
2630 1832 2718 1909 (ll
2745 1834 2863 1889 Cor.
2886 1851 2963 1901 Il,
2985 1834 3061 1909 9).
3085 1836 3362 1903 Quomodo
3384 1848 3560 1895 autem

1977 1928 2122 1984 dolet
2150 1928 2389 1998 quaedam
2413 1926 2577 1998 ligna,
2610 1942 2727 1996 qua:
2753 1925 2983 1981 fructum
3009 1928 3056 1982 ei
3082 1928 3316 1982 debitum
3343 1945 3447 1984 non
3469 1929 3565 1985 de-

1976 2021 2167 2076 derunt
2191 2063 2205 2087 ,
2253 2021 2342 2076 ubi
2379 2020 2453 2075 ait
2482 2038 2497 2077 :
2529 2019 2594 2075 In
2622 2020 2786 2092 prima
2814 2037 2926 2075 mea
2954 2020 3243 2091 defensione
3269 2038 3413 2075 nemo
3440 2024 3565 2077 mihi

1974 2112 2160 2183 adfuit,
2174 2112 2263 2167 sed
2287 2129 2454 2167 omnes
2479 2128 2556 2166 me
2583 2111 2955 2183 dereliquerunt
2976 2128 2995 2166 :
3009 2128 3110 2166 non
3136 2112 3242 2167 illis
3262 2113 3564 2183 imputetur?

1976 2203 1998 2279 (
2020 2205 2064 2260 ll
2084 2205 2215 2259 Tim.
2236 2220 2310 2272 tv,
2330 2204 2443 2275 16.)
2482 2202 2585 2260 Ista
2606 2205 2750 2259 enim
2774 2204 3037 2259 debentur
3060 2205 3135 2259 eis
3155 2206 3242 2275 qui
3264 2206 3565 2261 ministrant

1977 2296 2273 2351 doctrinam
2326 2295 2641 2351 rationalem
2687 2310 2783 2365 per
2838 2294 3215 2364 intelligetttias
3262 2294 3560 2351 divinorum

1975 2388 2389 2460 mysteriorum;
2418 2394 2472 2442 et
2498 2388 2569 2441 ita
2599 2387 2676 2442 eis
2703 2386 2995 2453 debentur,
3041 2394 3290 2455 tanquam
3330 2386 3560 2441 homini-

1974 2480 2092 2535 bus.
2126 2480 2399 2535 Debentur
2422 2491 2599 2534 autem
2625 2478 2704 2534 eis
2733 2478 2869 2532 sicut
2893 2479 3083 2532 animae
3111 2480 3243 2532 viva:
3263 2520 3278 2547 ,
3316 2479 3560 2547 praeben-

1974 2571 2115 2626 tibus
2143 2587 2203 2627 se
2234 2570 2302 2626 ad
2331 2570 2639 2625 imitandum
2676 2570 2727 2624 in
2755 2570 2898 2623 omni
2929 2568 3273 2625 continentia.
3303 2568 3434 2623 Item
3465 2570 3561 2625 de-

1973 2662 2167 2718 bentur
2195 2664 2273 2718 eis
2296 2671 2547 2734 tanquam
2565 2661 2888 2727 volatilibus,
2919 2670 3136 2731 propter
3164 2662 3560 2717 benedictioues

1971 2772 2155 2813 eorum
2186 2770 2305 2825 quae
2335 2754 2751 2823 multiplicantur
2780 2767 2938 2822 super
2968 2759 3195 2818 terram,
3227 2755 3473 2825 quoniam
3508 2754 3561 2807 itt

1973 2862 2187 2902 omnem
2219 2852 2417 2902 terram
2443 2845 2605 2899 exivit
2628 2859 2791 2898 sonus
2812 2858 2996 2899 eorum
3027 2842 3199 2913 (Psal.
3220 2822 3373 2911 xvttt,
3404 2845 3482 2912 5).

2541 2933 2769 2991 CAPUT
2808 2933 2998 2988 XXVI.

2100 3027 2346 3102 Voluptas
2382 3036 2429 3083 ct
2465 3027 2657 3081 utilitas
2694 3042 2756 3080 ea:
2792 3024 3029 3095 bene/icio
3066 3025 3118 3080 in
3158 3025 3443 3097 proximum

2666 3115 2873 3171 collato.

2043 3208 2133 3266 59.
2173 3208 2471 3264 Pascuntur
2510 3216 2688 3261 autem
2732 3206 2813 3260 bis
2852 3206 2989 3261 escis
3035 3205 3123 3275 qui
3160 3206 3406 3261 lzetantur
3446 3208 3558 3273 eis;

1974 3315 2091 3357 nec
2112 3300 2186 3354 illi
2219 3298 2469 3353 lmtantur
2496 3298 2574 3353 eis
2602 3312 2824 3366 quorum
2858 3297 2997 3351 Deus
3030 3306 3210 3351 venter
3237 3306 3337 3351 est.
3379 3296 3563 3368 Neque

1973 3393 2116 3449 enim
2145 3400 2201 3447 ct
2229 3393 2282 3445 in
2310 3391 2417 3445 illis
2441 3389 2528 3460 qui
2551 3390 2793 3460 pru'bettt
2818 3389 2936 3451 ista,
2962 3404 3023 3442 ca
3045 3403 3163 3458 qua:
3188 3388 3333 3455 dant,
3357 3388 3562 3445 fructus

1973 3494 2085 3552 est;
2119 3484 2213 3540 sed
2242 3499 2349 3555 quo
2379 3485 2557 3538 animo
2586 3485 2733 3539 dant.
2765 3485 2945 3554 Itaque
2975 3484 3063 3537 ille
3092 3484 3179 3553 qui
3222 3485 3329 3538 Deo
3357 3485 3559 3540 servie-

1973 3576 2084 3645 bat,
2112 3592 2217 3632 non
2249 3590 2345 3631 suo
2370 3577 2562 3639 ventri,
2591 3575 2743 3629 video
2770 3576 2925 3646 plane
2941 3575 3081 3629 uude
3100 3575 3357 3643 gaudeat;
3384 3575 3560 3641 video,

1974 3682 2028 3725 et
2055 3669 2397 3741 congratulor
2424 3668 2474 3723 ei
2502 3668 2676 3721 valde.
2711 3670 3004 3736 Acceperat
3029 3666 3170 3720 enim
3201 3682 3230 3720 a
3252 3666 3561 3736 Philippen—

1974 3762 2157 3830 sibus,
2208 3776 2328 3831 qua:
2366 3775 2462 3830 per
2496 3759 2911 3829 Epaphroditum
2945 3756 3233 3823 miserant;
3261 3758 3355 3813 sed
3386 3767 3562 3812 tamen

1975 3852 2116 3908 unde
2141 3851 2389 3923 gaudeat,
2419 3850 2593 3905 video.
2626 3849 2779 3905 Unde
2807 3856 2982 3903 autem
3009 3849 3221 3917 gaudet,
3250 3848 3371 3903 inde
3391 3849 3562 3919 pasci-

1978 3956 2083 4013 tur,
2099 3946 2220 4016 quia
2239 3946 2291 3999 in
2306 3946 2528 4000 veritate
2544 3940 3002 4013 loquens,Gavisus
3018 3958 3150 4007 sum,
3172 3940 3359 4009 inquit,
3375 3940 3563 4011 magni-

1979 4039 2074 4109 ﬁce
2100 4039 2153 4091 in
2180 4037 2420 4102 Domino,
2444 4036 2561 4108 quia
2585 4034 2783 4089 tandem
2809 4034 3082 4105 aliquando
3103 4030 3447 4103 repullulastis
3473 4049 3561 4085 sa-

1979 4147 2093 4199 pere
2119 4147 2209 4200 pro
2235 4146 2334 4195 me,
2352 4128 2404 4181 in
2424 4144 2521 4193 quo
2538 4137 2583 4181 et
2606 4125 2898 4197 sapiebatis;
2916 4124 3118 4179 taedium
3134 4132 3300 4176 autem
3319 4121 3563 4176 habuistis

1982 4221 2209 4293 (Philip.
2226 4217 2420 4291 1v.10).
2436 4219 2525 4273 lsti
2548 4234 2672 4287 ergo
2694 4217 2945 4271 diuturno
2965 4214 3120 4269 taedio
3138 4221 3494 4279 marcucrant,
3509 4222 3562 4267 et

1977 4314 2128 4383 quasi
2157 4320 2475 4366 exarucrant
2513 4311 2578 4363 ab
2616 4310 2718 4363 isto
2758 4309 2929 4363 fructu
2956 4306 3082 4361 boni
3112 4306 3289 4375 operis
3314 4322 3328 4360 :
3357 4316 3410 4360 et
3434 4320 3563 4374 gau-

1978 4404 2067 4459 dct
2092 4403 2169 4457 eis
2194 4403 2318 4473 quia
2347 4401 2752 4472 repullularunt,
2784 4415 2889 4453 non
2913 4398 3011 4451 sibi
3043 4398 3161 4466 quia
3188 4397 3303 4466 ejus
3326 4397 3565 4466 indigen-

1982 4500 2068 4552 tia:
2089 4497 2470 4551 subvenerunt.
2498 4492 2622 4548 Ideo
2648 4501 2859 4547 secutus
2880 4492 2952 4544 ait
2981 4510 2994 4546 :
3032 4490 3148 4543 Non
3170 4490 3303 4558 quod
3323 4491 3447 4543 desit
3470 4491 3567 4543 ali-

1977 4591 2097 4663 quid
2123 4589 2269 4653 dico;
2299 4604 2390 4657 ego
2412 4589 2540 4641 enim
2570 4586 2743 4651 didici,
2766 4586 2818 4638 in
2843 4582 3022 4655 quibus
3040 4600 3151 4637 sum
3170 4583 3416 4652 stt/ﬁciens
3437 4599 3563 4636 esse-

1982 4684 2102 4740 Scio
2132 4692 2178 4737 et
2204 4682 2372 4735 minus
2404 4680 2605 4745 habere,
2636 4678 2740 4732 scio
2766 4686 2810 4731 et
2840 4675 3130 4741 abundare;
3173 4676 3224 4728 in
3264 4675 3491 4728 omnibus
3524 4683 3570 4726 et

1978 4778 2032 4831 in
2063 4776 2231 4831 omnia
2256 4774 2477 4829 imbutus
2496 4786 2645 4835 sum;
2669 4779 2714 4824 et
2743 4769 2917 4824 satiari
2942 4809 2956 4832 ,
2997 4777 3044 4822 et
3080 4768 3295 4832 esurire,
3330 4772 3375 4817 et
3403 4764 3570 4816 abun-

1982 4868 2123 4930 dare,
2151 4877 2197 4921 et
2226 4866 2487 4938 penuriam
2506 4863 2612 4935 pati
2635 4878 2654 4917 :
2675 4862 2841 4916 omnia
2864 4876 3067 4931 possunt
3086 4858 3136 4911 in
3158 4874 3212 4912 eo
3231 4856 3317 4928 Qui
3343 4871 3422 4909 me
3451 4870 3570 4907 con-

1983 4964 2137 5034 fortat
2159 4959 2341 5031 (Ibid.,
2366 4958 2581 5028 1l-15).

1960 5087 1966 5095 -
2053 5054 2141 5109 40.
2184 5052 2337 5109 Unde
2366 5065 2495 5121 ergo
2523 5049 2575 5103 in
2615 5046 2864 5101 omnibus
2894 5046 2910 5077 ¹
2937 5041 3133 5113 gaudes
3153 5080 3169 5107 ,
3201 5054 3232 5093 o
3261 5036 3424 5092 Paule
3452 5051 3567 5091 ma-

1983 5147 2127 5218 gne?
2153 5146 2304 5203 Unde
2324 5144 2544 5217 gaudes,
2580 5143 2720 5197 unde
2749 5139 2981 5211 pasceris
2999 5178 3014 5202 ,
3047 5136 3206 5189 homo
3237 5139 3487 5186 renovate
3515 5129 3569 5183 in

1986 5240 2306 5311 agnitionem
2336 5236 2429 5291 Dei
2470 5234 2761 5291 secundum
2800 5230 3080 5299 imaginem
3108 5226 3223 5295 ejus
3250 5224 3337 5293 qui
3367 5222 3567 5277 creavit

1990 5340 2062 5397 te,
2091 5338 2145 5384 ct
2172 5329 2348 5383 anima
2373 5327 2494 5381 viva
2526 5336 2665 5380 tanta
2693 5321 3038 5386 continentia,
3066 5325 3119 5373 et
3144 5317 3319 5385 lingua
3341 5314 3568 5369 volatilis

1988 5422 2212 5491 loquens
2254 5417 2538 5486 mysteria?
2582 5415 2795 5471 Talibus
2839 5412 3030 5482 quippe
3064 5406 3420 5463 animantibus
3446 5419 3568 5459 esca

1992 5517 2091 5571 ista
2124 5512 2369 5568 debetur.
2396 5508 2532 5575 Quid
2576 5516 2658 5563 est
2692 5504 2833 5577 quod
2863 5514 2915 5560 te
2941 5502 3143 5575 pascit?
3166 5500 3387 5556 Laetitia.
3417 5495 3567 5565 Quod

2051 5631 2068 5663 ι
2105 5627 2260 5676 Verba
2282 5624 2333 5675 in
2365 5620 2580 5673 omnibus
2602 5621 2886 5670 omittuntur
2910 5632 2936 5669 a
2959 5626 3128 5668 50mm.
3169 5623 3278 5665 Arn.
3305 5620 3435 5663 Mart.
3464 5622 3573 5661 cum

1988 5697 2016 5743 7
2038 5702 2138 5743 Mss.
2168 5697 2215 5739 et
2240 5687 2379 5737 ttond.
2404 5698 2512 5735 cum
2540 5688 2587 5733 tt
2619 5692 2721 5733 uss.
