4078 6366
545 282 648 340 863

543 403 782 472 Sctpiitur
805 402 1099 458 audiamus.
1139 402 1513 466 Verumtamen,
1544 399 1731 469 inquit,
1761 399 1881 451 bene
1906 396 2113 466 fecistis,

542 496 963 549 communicantes
1008 495 1319 548 tribulationi
1359 509 1501 547 mete.
1551 492 1679 545 lline
1722 490 1953 560 gaudet,
2002 487 2123 541 hinc

542 586 794 655 pascitur,
826 586 947 657 quia
975 586 1050 641 illi
1074 584 1486 650 benefecerunt,
1520 601 1625 639 non
1664 587 1784 653 quia
1813 583 1926 651 ejus
1952 594 2120 650 angu-

539 679 641 731 stia
672 678 905 733 relaxata
934 687 1035 744 est,
1068 679 1155 747 qui
1183 679 1309 732 dicit
1337 677 1426 732 tibi
1450 718 1467 745 ,
1496 676 1561 730 ιη
1590 676 1907 729 tribulatione
1932 674 2120 728 ditata-

539 768 603 819 sti
633 767 755 820 mihi
785 766 952 839 (I’sal.
981 784 1063 834 ιν,
1088 767 1142 837 2)
1168 786 1179 820 :
1208 768 1331 837 quia
1359 777 1411 822 et
1440 766 1710 821 abundare
1749 775 1801 821 et
1844 766 2118 835 penuriam

540 861 646 928 pati
675 861 821 915 novit
850 862 981 925 inte
1006 861 1092 931 qui
1119 860 1385 920 confertas
1406 876 1547 915 eum.
1579 859 1731 914 Scitis
1753 859 1904 925 enim,
1928 857 2113 927 inquit,

539 960 587 1004 ct
615 966 732 1016 vos,
764 950 1153 1021 Pliilippenses,
1193 951 1429 1020 quoniam
1467 951 1518 1004 in
1551 950 1797 1021 principio
1834 949 2114 1019 Evangelii,

538 1059 653 1096 cum
682 1059 756 1107 ea;
798 1043 1096 1107 Macedonia
1123 1060 1233 1104 sum
1259 1043 1543 1111 profectus,
1564 1044 1707 1103 nulla
1736 1043 1858 1096 mihi
1888 1041 2117 1104 Ecclesia

537 1134 917 1195 communicavit
948 1135 999 1187 in
1029 1135 1223 1189 ratione
1247 1134 1355 1191 dati
1383 1144 1428 1188 et
1467 1134 1692 1203 accepti,
1738 1133 1836 1186 nisi
1871 1149 1953 1188 vos
1982 1134 2118 1197 soli;

535 1225 654 1294 quia
673 1234 719 1277 et
740 1224 1172 1291 Thessalonicam,
1201 1236 1247 1279 et
1276 1224 1430 1279 semel
1457 1236 1504 1279 et
1539 1226 1753 1293 iterum,
1795 1226 1965 1281 usibus
1994 1227 2117 1285 meis

534 1317 739 1370 misistis
766 1316 1017 1389 (Philipp.
1051 1334 1132 1383 tv,
1166 1319 1372 1388 ιιι-16).
1407 1319 1486 1373 Ad
1519 1319 1630 1373 hinc
1658 1319 1798 1376 bona
1837 1334 1995 1389 opera
2024 1334 2116 1373 eos

535 1408 758 1463 rediisse
784 1425 923 1469 nunc
946 1410 1159 1480 gaudet,
1189 1419 1244 1466 et
1270 1411 1619 1480 repullulasse
1640 1412 1849 1466 lauatur
1869 1420 2114 1481 tanquam

533 1499 893 1556 revirescente
922 1499 1188 1561 fertilitate
1212 1496 1348 1571 agri".

602 1591 691 1644 il.
731 1589 992 1662 Numquid
1019 1602 1233 1661 propter
1260 1608 1385 1670 usus
1409 1607 1556 1658 suos,
1582 1594 1701 1663 quia
1724 1593 1853 1653 dixit
1881 1635 1893 1656 ,
1931 1590 2115 1651 [πείρης

532 1680 655 1735 meis
684 1680 926 1740 misistis?
953 1683 1205 1750 numquid
1246 1694 1525 1752 prepterea
1567 1684 1795 1753 gaudet?
1835 1684 1947 1737 Non
1990 1699 2112 1753 pro-

531 1780 733 1839 pterea.
763 1771 830 1840 Et
854 1770 955 1826 hoc
983 1774 1123 1828 unde
1152 1774 1385 1835 scimus?
1410 1774 1671 1841 Quoniam
1720 1776 1832 1843 ipse
1872 1775 2115 1844 sequitur

532 1862 749 1917 dicens:
783 1862 903 1919 Non
928 1865 1047 1933 quia
1070 1881 1239 1934 quwro
1265 1865 1468 1929 datum,
1500 1866 1586 1919 sed
1621 1866 1818 1935 requiro
1842 1865 2062 1934 fructum
2096 1869 2109 1897 ³

532 1951 718 2022 (ibid,
746 1953 853 2025 i7).
882 1954 1046 2009 Didici
1074 1972 1101 2008 a
1134 1964 1204 2021 te,
1226 1957 1361 2011 Deus
1377 1958 1703 2024 meus,iutcr
1722 1956 1900 2020 datum
1928 1968 1981 2015 et
2002 1959 2112 2013 fru-

531 2054 674 2099 ctum
705 2045 1024 2101 discernere.
1072 2047 1260 2103 Datum
1306 2057 1387 2102 est
1425 2064 1511 2101 res
1556 2047 1667 2116 ip-a
1698 2064 1851 2117 quam
1882 2049 1990 2111 dat,
2020 2050 2111 2120 qui

532 2137 829 2206 impertitur
853 2137 965 2192 haec
990 2138 1322 2204 necessaria;
1354 2138 1513 2193 veluti
1541 2146 1622 2193 est
1652 2155 1915 2204 nummus,
1940 2141 2109 2207 cibus,

531 2236 705 2295 potus,
738 2228 1129 2291 vestimentum,
1162 2228 1755 2299 tectum,‘adjutorium._
1773 2230 1996 2293 Fructus
2019 2248 2112 2291 au-

532 2327 661 2386 tem,
693 2320 826 2375 bona
855 2331 907 2377 et
936 2331 1078 2377 recta
1106 2321 1346 2379 voluntas
1370 2321 1571 2381 (latoris
1596 2333 1695 2379 est.
1726 2323 1841 2378 Non
1868 2323 2008 2379 enim
2039 2325 2113 2383 ait

530 2409 775 2480 Magister
802 2410 974 2467 bonus
1006 2454 1021 2479 ,
1058 2413 1155 2478 Qui
1191 2413 1461 2481 susceperit
1497 2415 1826 2482 prop/ictam,
1874 2423 2108 2483 tantum;

528 2500 621 2554 sed
649 2501 883 2556 addidit:
912 2503 965 2557 in
989 2504 1189 2561 nomine
1228 2504 1519 2573 prophetia;
1561 2521 1732 2575 neque
1761 2507 1833 2560 ait
1866 2515 2107 2573 tantum,

531 2590 633 2659 Qui
657 2594 930 2663 susceperit
948 2594 1183 2664 justum;
1203 2593 1297 2648 sed
1318 2594 1520 2648 addidit
1544 2636 1558 2660 ,
1581 2595 1631 2647 in
1655 2597 1854 2650 nomine
1865 2600 2013 2667 justi.
2038 2598 2111 2665 lla

528 2683 724 2753 quippe
752 2684 841 2739 ille
871 2685 1169 2740 mercedem
1197 2685 1490 2755 prophetas,
1531 2688 1628 2741 iste
1660 2690 1959 2746 mercedem
1981 2692 2110 2762 justi

528 2777 769 2845 accipiet.
799 2776 909 2832 Nec
934 2778 1104 2833 solum
1130 2780 1233 2837 ait:
1270 2777 1373 2843 Qui
1401 2780 1605 2833 calicem
1632 2797 1777 2849 aqua;
1798 2783 1997 2853 frigida:
2021 2804 2112 2856 po-

530 2877 636 2919 tum
664 2868 856 2922 dederit
890 2870 981 2922 uni
1013 2885 1076 2922 ea:
1103 2871 1323 2925 minimis
1352 2871 1504 2931 meis;
1532 2871 1622 2925 sed
1650 2872 1852 2927 addidit
1875 2892 1887 2926 ε
1917 2883 2111 2929 tantum

529 2958 581 3010 in
610 2958 807 3012 nomine
834 2960 1085 3029 discipuli.
1119 2960 1185 3021 Et
1212 2960 1288 3015 sic
1315 2960 1555 3030 adiunxit
1580 2980 1593 3016 :
1627 2964 1784 3017 Amen
1815 2965 1926 3018 (lico
1952 2966 2107 3033 vobis,

529 3064 628 3100 non
656 3048 827 3119 perdet
854 3050 1128 3103 mercedem
1153 3067 1295 3104 suam
1323 3050 1533 3123 (Matth.
1562 3069 1615 3118 x,
1648 3055 1745 3118 41,
1775 3055 1886 3124 42).
1921 3056 2108 3111 Datum

527 3148 627 3201 est,
658 3140 926 3209 suscipere
948 3141 1283 3210 prephetam,
1307 3145 1811 3215 susciperejusunn,
1839 3149 2110 3219 porrigere

526 3229 743 3287 calicem
771 3245 920 3300 aqua:
950 3232 1150 3301 frigida:
1176 3231 1471 3303 discipulo;
1504 3236 1700 3291 fructus
1720 3248 1919 3305 autem,
1945 3240 1995 3293 in
2016 3258 2111 3293 no-

528 3320 673 3375 mine
700 3321 967 3390 prepheta:
988 3364 1001 3385 ,
1036 3323 1087 3377 in
1120 3325 1333 3378 nomine
1356 3326 1505 3394 justi,
1541 3328 1591 3380 in
1625 3330 1838 3383 nomine
1865 3329 2108 3399 discipuli

527 3410 629 3464 hoc
650 3412 839 3466 facere.
865 3413 1059 3468 Fructu
1085 3417 1315 3485 pascitur
1343 3418 1486 3473 Elias
1515 3434 1543 3472 a
1570 3420 1723 3473 vidua
1750 3422 1949 3483 sciente
1964 3425 2106 3493 quod

527 3500 796 3559 hominem
828 3505 920 3559 Dei
948 3520 1223 3577 pasceret,
1257 3518 1310 3564 et
1336 3520 1548 3581 propter
1577 3513 1678 3566 hoc
1705 3529 1944 3583 pasceret
1970 3535 1981 3569 :
2014 3534 2109 3585 per

525 3608 741 3648 corvum
768 3605 944 3653 autem
974 3598 1098 3653 dato
1128 3600 1450 3669 pascebatur
1473 3603 1561 3673 (Ill
1594 3604 1717 3674 Reg.
1738 3622 1866 3673 xvn,
1901 3608 1976 3677 6).
1998 3608 2106 3665 Nec

526 3684 747 3741 interior
784 3688 923 3743 Elias
950 3729 962 3750 .
1008 3690 1101 3745 sed
1142 3693 1373 3747 exterior
1408 3696 1756 3763 pascebatur,
1801 3698 1891 3767 qui
1926 3709 2106 3768 posset

523 3776 681 3839 etiam
710 3776 827 3833 talis
852 3779 952 3843 cibi
979 3790 1214 3850 egestate
1240 3783 1527 3854 corrumpi.

1083 3894 1309 3951 CAPUT
1349 3897 1559 3955 XXVII.

806 4007 939 4072 Quid
963 4024 1051 4077 per
1075 4009 1234 4076 pisces
1259 4018 1302 4062 et
1328 4021 1459 4066 cetos
1492 4012 1819 4083 signiﬁcetur.

590 4138 679 4194 42.
722 4137 948 4208 Ideoque
982 4139 1153 4194 dicam
1181 4142 1319 4211 quod
1350 4158 1531 4197 verum
1563 4154 1643 4199 est
1671 4162 1849 4201 coram
1882 4156 1962 4213 te,
1996 4149 2101 4203 Do-

520 4228 662 4285 mine
688 4270 701 4292 ,
730 4244 850 4284 cum
883 4229 1124 4287 homines
1168 4233 1342 4288 idiota:
1383 4244 1540 4304 atque
1584 4238 1859 4305 inﬁdeles,
1909 4242 2100 4311 quibus

519 4320 793 4376 initiandis
821 4333 980 4391 atque
1002 4323 1268 4379 lucrandis
1298 4329 1594 4385 necessaria
1617 4340 1740 4384 sunt
1764 4346 2097 4393 sacramenta

1680 273 2193 339 CONFESSIONUM
2233 271 2289 330 ὃ.
2332 273 2694 367 ADGUSTINI

3711 281 3807 338 864

2798 400 3023 458 CAPUT
3062 401 3294 458 XXVIII.
3790 402 3793 415 λ

2228 482 2295 537 Et
2316 484 2443 540 vidit
2470 487 2608 543 Deus
2628 492 2805 545 omnia
2828 509 2944 617 qaut
2968 495 3117 621 τί)ῗίιέ
3124 505 3185 620 1et
3203 511 3328 551 ecce
3347 496 3484 552 bona
3501 497 3673 567 valde,
3689 511 3805 569 etc,

2907 582 2989 618 en.
3049 607 3063 621 .
3160 605 3172 620 .

2907 582 2989 618 en.
3014 582 3172 630 μω.

2294 649 2382 701 45.
2409 648 2475 703 Et
2502 650 2708 716 vidisti,
2738 653 2898 721 Deus,
2922 659 3101 711 omnia
3123 674 3242 728 quae
3269 658 3460 725 fecisti,
3487 670 3532 715 et
3550 678 3664 716 ecce
3682 662 3806 716 bona

2222 739 2396 803 valde;
2436 742 2555 809 quia
2585 752 2639 797 et
2682 760 2778 798 nos
2816 746 3044 803 vidimus
3074 749 3088 778 ‘
3117 763 3201 813 ea,
3232 759 3285 803 et
3314 765 3438 805 ecce
3464 752 3642 806 omnia
3670 752 3801 807 bona

2222 829 2391 885 valde.
2440 830 2495 886 In
2538 834 2760 904 singulis
2809 839 3095 906 generibus
3138 855 3357 910 Operum
3404 852 3646 911 tuorum,
3688 860 3808 901 eum

2222 920 2446 976 dixisses
2476 932 2531 977 ut
2561 925 2746 980 tierent
2772 935 2825 981 et
2853 928 2988 983 facta
3028 940 3208 985 essent
3227 974 3242 998 ,
3285 933 3601 1004 illud-atque
3631 935 3760 990 illud
3786 940 3806 971 ‘

2222 1009 2396 1064 vidisti
2444 1013 2566 1081 quia
2608 1015 2804 1070 bonum
2852 1027 2952 1072 est.
3002 1018 3211 1090 Septies
3248 1024 3522 1078 numeravi
3551 1027 3807 1097 scriptum

2220 1105 2342 1157 esse
2368 1113 2417 1158 te
2450 1105 2644 1161 vidisse
2670 1109 2790 1176 quia
2831 1111 3027 1165 bonum
3069 1122 3151 1167 est
3184 1114 3325 1183 quod
3364 1115 3530 1170 fecisti
3574 1136 3585 1171 :
3625 1119 3809 1175 ethoc

2223 1204 2468 1249 octavum
2497 1206 2611 1260 est,
2656 1200 2779 1268 quia
2821 1201 2993 1256 vidisti
3022 1205 3198 1258 omnia
3225 1220 3342 1274 qua:
3383 1204 3588 1273 fecisti;
3621 1220 3669 1263 et
3702 1228 3809 1264 ecce

2220 1300 2325 1337 non
2355 1286 2527 1341 solum
2558 1288 2716 1355 bona,
2748 1290 2839 1343 scd
2871 1293 3029 1346 etiam
3050 1296 3195 1348 valde
3216 1295 3345 1349 bona
3371 1307 3617 1365 tanquam
3646 1300 3804 1356 simul

2218 1377 2415 1432 omnia.
2449 1377 2579 1433 Nam
2606 1380 2808 1449 singula
2840 1389 3040 1437 tantum
3074 1385 3211 1440 bona
3232 1397 3415 1453 erant;
3444 1390 3601 1445 simul
3629 1400 3807 1445 autem

2218 1469 2394 1522 omnia
2420 1471 2659 1536 etimne,
2696 1481 2751 1526 et
2786 1474 2957 1529 valde.
2992 1475 3103 1531 lloc
3140 1476 3321 1533 dicunt
3345 1480 3366 1510 ³
3395 1481 3553 1535 etiam
3582 1498 3809 1553 quaeque

2218 1560 2437 1628 pulchra
2464 1577 2689 1634 corpora
2712 1581 2725 1629 ;
2758 1565 2876 1633 quia
2905 1565 3063 1636 longe
3086 1568 3253 1623 multo
3282 1570 3555 1639 pulchrius
3580 1583 3806 1628 esttcor‘

2217 1665 2319 1719 pus
2347 1652 2486 1721 quod
2517 1668 2579 1707 ex
2600 1655 2855 1709 membris
2877 1657 3110 1725 pulchris
3130 1661 3381 1716 omnibus
3398 1672 3627 1728 constat,
3647 1681 3807 1735 quam

2216 1741 2328 1809 ipsa
2363 1744 2599 1797 membra
2629 1745 2833 1814 singula
2864 1764 3089 1817 quorum
3118 1750 3515 1808 ordinatissimo
3540 1768 3807 1812 conventu

2216 1833 2512 1899 completur
2533 1835 2864 1903 universum;
2889 1841 3130 1909 quamvis
3150 1851 3204 1897 et
3225 1843 3313 1898 illa
3326 1844 3483 1901 etiam
3501 1848 3809 1919 singillatim

2216 1923 2436 1992 pulchra
2462 1925 2587 1980 sint.

2784 1996 3013 2058 CAPUT
3054 2004 3245 2061 XXIX.

2219 2083 2483 2151 Quomodo
2508 2087 2891 2163 intelligendum
2912 2095 3048 2165 quod
3067 2095 3209 2155 Deus
3234 2100 3389 2160 octies
3405 2102 3527 2157 vidit
3551 2102 3683 2165 bona
3702 2122 3811 2169 esse

2760 2204 2763 2205 ν
2860 2201 3014 2254 opera
3036 2204 3148 2245 sua.

2287 2266 2375 2323 44.
2399 2269 2463 2323 Et
2479 2266 2679 2327 attendi
2697 2282 2754 2331 ut
2779 2274 3094 2345 invenirem,
3118 2289 3292 2337 utrum
3318 2287 3516 2355 septies
3536 2288 3617 2344 vel
3638 2292 3811 2351 octies

2214 2357 2410 2413 videris
2435 2362 2556 2431 quia
2585 2362 2721 2418 bona
2742 2376 2865 2421 sunt
2882 2382 3042 2437 opera
3068 2379 3174 2437 tua,
3198 2387 3319 2428 cum
3345 2376 3438 2431 tibi
3462 2378 3809 2447 placuerunt;

2214 2459 2268 2503 et
2297 2450 2348 2503 in
2378 2459 2465 2505 tua
2497 2453 2699 2510 visione
2724 2472 2829 2510 non
2853 2458 3034 2514 inveni
3067 2469 3326 2533 tempora,
3351 2482 3447 2535 per
3472 2485 3589 2537 qua:
3613 2471 3815 2527 intellig

2214 2555 2392 2609 gerem
2423 2544 2564 2612 quod
2594 2547 2751 2601 toties
2773 2548 2972 2605 videris
3000 2568 3119 2622 qua:
3145 2553 3337 2623 fecisti,
3370 2567 3423 2612 et
3450 2558 3564 2614 dixi
3591 2579 3603 2615 :
3635 2562 3681 2617 Ο
3701 2564 3815 2618 Du-

2214 2632 2358 2686 mine
2377 2675 2390 2697 ,
2422 2650 2597 2691 nonne
2627 2637 2727 2692 ista
2755 2638 3027 2710 Scriptura
3058 2652 3146 2699 tua
3174 2661 3299 2701 vera
3326 2657 3437 2715 est,
3468 2654 3717 2722 quoniam
3752 2666 3815 2712 tu

2165 2768 2171 2774 .
2216 2739 2376 2781 verax
2405 2734 2459 2780 et
2495 2727 2693 2784 veritas
2723 2732 2935 2787 edidisti
2962 2736 3115 2790 eam?
3145 2737 3251 2798 Cur
3277 2755 3403 2809 ergo
3428 2751 3480 2796 tu
3509 2744 3639 2805 mihi
3670 2746 3814 2803 dicis

2215 2831 2321 2869 non
2352 2832 2470 2872 esse
2497 2819 2547 2872 in
2586 2827 2671 2874 tua
2698 2822 2902 2879 visione
2930 2834 3278 2896 tempora;,et
3301 2831 3693 2904 islaScriptura
3717 2848 3814 2894 tua

2215 2907 2345 2960 mihi
2376 2908 2524 2975 dicit,
2560 2926 2653 2980 per
2682 2913 2930 2984 singulos
2947 2916 3064 2972 dies
3094 2934 3154 2973 ea
3180 2936 3299 2990 qua:
3325 2922 3497 2985 fecisti
3529 2935 3580 2981 te
3609 2921 3818 2985 vidisse

2214 3001 2331 3069 quia
2355 3000 2494 3066 bona
2513 3013 2637 3058 sunt
2653 3020 2667 3069 ;
2685 3014 2738 3061 et
2756 3022 2959 3063 cumea
2976 3026 3337 3081 numerarem,
3363 3018 3537 3073 inveni
3558 3022 3769 3088 quoties
3791 3024 3816 3075 1'

2215 3090 2295 3143 Ad
2324 3091 2439 3147 haec
2470 3102 2525 3151 lu
2554 3094 2689 3150 dicis
2719 3097 2877 3163 mihi,
2908 3102 3158 3170 quoniam
3188 3112 3241 3159 tu
3276 3121 3334 3159 es
3364 3107 3502 3167 Deus
3529 3125 3680 3164 meus
3700 3152 3714 3176 ,
3751 3123 3816 3167 et

2214 3182 2346 3237 dicis
2377 3200 2507 3240 voce
2538 3187 2658 3243 forti
2689 3189 2745 3243 in
2773 3207 2903 3247 aure
2933 3193 3188 3251 interiore
3214 3211 3370 3252 servo
3393 3208 3482 3261 tuo
3501 3243 3516 3265 ,
3549 3217 3811 3271 perrum-

2215 3290 2345 3343 pens
2372 3292 2545 3333 meam
2573 3280 2909 3346 surditatem,
2932 3294 2987 3340 et
3012 3286 3248 3342 clamans
3272 3306 3285 3342 :
3314 3290 3359 3344 0
3389 3290 3569 3359 homo,
3611 3310 3815 3365 nempe

2212 3366 2353 3434 quod
2401 3367 2671 3439 Scriptura
2714 3388 2831 3427 mea
2879 3374 3034 3443 dicit,
3087 3392 3186 3448 ego
3229 3379 3366 3434 dico.
3401 3382 3467 3436 Et
3498 3392 3674 3451 tamen
3712 3387 3813 3442 illa

2216 3461 2581 3528 lemporaliler
2602 3462 2758 3528 dicit,
2792 3465 2967 3521 Verbo
2996 3478 3172 3524 autem
3200 3486 3320 3526 meo
3348 3482 3556 3545 tempus
3579 3492 3683 3531 non
3708 3493 3813 3532 ac-

2211 3550 2366 3616 cidit,
2407 3554 2529 3623 quia
2557 3556 2746 3625 tequali
2774 3574 2980 3613 mecum
3008 3564 3303 3620 mternitate
3324 3570 3584 3623 consistit.
3622 3568 3709 3626 Sic
3735 3589 3812 3628 cu

2210 3657 2329 3711 qua:
2354 3660 2448 3699 vos
2472 3660 2568 3714 per
2592 3648 2846 3716 Spiritum
2869 3667 3046 3707 meum
3078 3654 3289 3721 videtis,
3319 3672 3418 3727 ego
3450 3660 3634 3727 video;
3661 3663 3815 3723 sicut

2209 3748 2270 3785 ea
2302 3750 2420 3802 qua:
2451 3751 2545 3789 vos
2577 3753 2673 3806 per
2698 3740 2950 3809 Spiritum
2981 3760 3157 3800 meum
3187 3747 3381 3812 dicitis,
3411 3766 3511 3821 ego
3537 3755 3675 3814 dico.
3705 3758 3813 3812 At.-

2208 3839 2313 3891 que
2342 3826 2409 3878 ita
2432 3867 2446 3889 ,
2478 3842 2599 3881 cum
2628 3846 2720 3885 vos
2750 3834 3111 3903 temporaliter
3147 3854 3215 3895 ea
3252 3841 3508 3910 videatis,
3553 3860 3657 3901 non
3697 3864 3814 3917 ego

2209 3918 2573 3986 temporalilcr
2600 3922 2786 3988 video;
2816 3928 3285 3998 quemadmodum,
3320 3949 3439 3988 cum
3468 3952 3563 3992 vos
3589 3946 3809 4009 tempus

2207 4009 2390 4069 ralitcr
2415 4024 2475 4065 ea
2505 4010 2713 4081 dicatis,
2749 4031 2852 4070 non
2883 4033 2982 4090 ego
3011 4015 3375 4093 temporaliter
3404 4025 3545 4092 dico.

2776 4128 3002 4185 CAPUT
3041 4130 3212 4187 XXX.

2690 4217 3092 4276 Manichaeorum
3121 4227 3319 4283 deliria.

2274 4306 2362 4360 45.
2396 4306 2462 4361 Ει
2482 4307 2678 4373 audivi,
2711 4310 2932 4367 Domine
2964 4315 3101 4371 Deus
3125 4334 3295 4386 meus,
3324 4332 3377 4377 et
3405 4324 3569 4381 elinxi
3595 4328 3803 4386 stillam

518 4411 812 4481 initiorum,
840 4422 894 4468 et
924 4416 1183 4485 magnalia
1210 4417 1607 4485 miraculorum,
1640 4437 1757 4492 qum
1784 4426 2097 4496 nomincpi-

2212 4398 2503 4498 dulcedinis
2529 4418 2594 4457 ex
2627 4414 2712 4458 tua
2740 4408 2962 4464 veritate
2981 4452 2996 4476 ,
3030 4422 3085 4467 et
3112 4415 3347 4472 intellexi
3390 4424 3636 4490 quoniam
3666 4438 3803 4484 sunt

515 4503 681 4557 scium
711 4514 764 4558 et
790 4515 1026 4561 ceterum
1052 4508 1334 4580 significari
1356 4510 1642 4581 credimus,
1661 4516 1957 4586 suscipiunt
1981 4534 2099 4573 cor-

516 4593 768 4664 poraliter
796 4598 1128 4667 reﬁciendos,
1159 4611 1248 4655 aut
1273 4602 1324 4656 in
1356 4603 1533 4674 aliquo
1559 4610 1837 4676 prarsentis
1858 4611 1978 4666 vita:
2001 4629 2097 4668 usu

513 4686 838 4755 adjuvandus
862 4705 1057 4760 pueros
1080 4703 1227 4758 tuos,
1260 4709 1380 4750 cum
1409 4696 1459 4750 id
1487 4713 1653 4767 quare
1679 4698 1977 4757 faciendum
2005 4706 2091 4771 sit,

511 4789 567 4841 et
592 4797 696 4851 quo
725 4784 989 4851 pertineat
1022 4786 1297 4856 ignorent,
1340 4806 1439 4845 nec
1468 4791 1540 4844 illi
1571 4793 1700 4848 istos
1724 4805 1964 4863 pascunt,
1997 4814 2097 4854 nec

510 4877 595 4932 isti
621 4879 687 4932 ab
713 4880 815 4934 illis
843 4892 1129 4950 pascuntur
1154 4900 1165 4936 :
1195 4884 1316 4953 quia
1345 4900 1442 4940 nec
1472 4885 1544 4940 illi
1572 4887 1685 4943 haec
1714 4902 1894 4945 sancta
1922 4900 1975 4947 et
2003 4910 2091 4949 re-

509 4977 601 5029 cta
638 4970 909 5027 voluntate
947 4983 1268 5043 operantur;
1317 4992 1417 5032 nec
1460 4978 1545 5032 isti
1576 4995 1761 5035 eorum
1789 4982 1956 5050 datis,
2003 4986 2091 5040 ubi

504 5060 735 5116 fructum
766 5063 999 5117 nondum
1027 5064 1229 5130 vident,
1264 5067 1528 5122 limantur.
1580 5069 1703 5127 Inde
1742 5073 1936 5144 quippe
1977 5079 2092 5131 ani-

505 5170 624 5209 mus
650 5154 903 5226 pascitur,
933 5155 1073 5212 unde
1093 5157 1318 5213 lmtalur.
1350 5160 1417 5214 Et
1438 5160 1557 5216 ideo
1584 5163 1756 5233 pisces
1780 5176 1833 5221 et
1861 5169 1961 5225 ceti
1985 5185 2090 5223 non

506 5256 793 5301 vescuntur
822 5246 981 5314 escis,
1011 5263 1143 5318 quas
1171 5265 1276 5304 non
1304 5253 1566 5321 germinat
1592 5254 1690 5319 nisi
1717 5256 1826 5326 jam
1855 5267 1991 5313 terra
2022 5261 2089 5318 ab

505 5335 860 5393 amaritudine
887 5339 1213 5395 marinorum
1235 5339 1487 5398 fluctuum
1515 5342 1761 5403 distincta
1803 5358 1961 5422 atque
2001 5352 2083 5408 di-
2156 5356 2161 5363 ’

501 5436 693 5485 “fcta.

565 5627 579 5701 ξ
602 5625 723 5701 uad.
747 5633 846 5701 Am.
865 5632 937 5701 Er.
966 5636 1014 5679 et
1037 5636 1143 5682 Lov.
1172 5629 1349 5684 addunt
1372 5631 1688 5687 abundantem
1710 5651 1728 5701 ;
1752 5639 1839 5691 sed
1856 5641 1944 5695 hac
1967 5659 2085 5698 voce

500 5695 664 5738 carent
686 5696 784 5738 Mss.
803 5697 851 5739 ct
871 5700 977 5740 Arn.

2204 4492 2419 4558 quidam
2445 4494 2636 4563 quibus
2672 4497 2955 4569 displicent
2984 4519 3147 4574 opera
3180 4518 3302 4575 tua;
3332 4524 3382 4566 et
3413 4516 3575 4570 multa
3604 4534 3799 4577 eorum

2201 4582 2382 4637 dicunt
2410 4592 2463 4639 te
2485 4583 2674 4643 fecisse
2691 4594 3009 4650 necessitate
3031 4601 3386 4670 compulsum,
3408 4605 3544 4661 sicut
3561 4608 3799 4667 fabricas

2200 4673 2457 4729 cwlorum
2504 4684 2560 4731 et
2606 4683 3022 4750 compositiones
3051 4688 3284 4744 siderum
3321 4712 3331 4745 :
3364 4703 3417 4748 ct
3442 4694 3554 4752 haec
3584 4715 3687 4753 nou
3718 4702 3795 4757 de

2203 4776 2312 4835 tuo,
2345 4768 2437 4823 sed
2464 4769 2573 4839 jam
2602 4770 2765 4828 fuisse
2791 4776 2918 4830 alibi
2957 4790 3136 4835 creata
3173 4792 3226 4837 ct
3270 4786 3480 4842 aliunde
3502 4831 3516 4855 ,
3557 4808 3677 4861 qua:
3730 4804 3791 4849 tu

2199 4859 2539 4917 eontraheres
2565 4873 2618 4918 et
2645 4868 3049 4937 compaginares
3089 4881 3246 4943 atque
3285 4859 3632 4950 contexeres,
3663 4901 3790 4941 cum

2198 4949 2266 5005 de
2307 4951 2547 5008 hostibus
2591 4956 2743 5012 victis
2782 4961 3048 5016 mundana
3092 4968 3287 5021 mmuia
3318 4973 3602 5041 molireris,
3640 4986 3699 5030 ut
3720 4995 3787 5033 ea

2196 5044 2592 5099 constructione
2617 5045 2853 5103 devincti
2879 5049 2921 5118 δ,
2954 5052 3209 5111 adversus
3237 5068 3286 5114 te
3311 5060 3499 5115 iterum
3526 5066 3790 5122 rebellare

2196 5149 2301 5188 non
2338 5145 2572 5204 possent.
2620 5138 2737 5194 Alia
2782 5157 2911 5199 vero
2958 5162 3059 5203 nec
3095 5147 3291 5205 fecisse
3337 5163 3405 5220 te,
3440 5171 3540 5211 nec
3565 5161 3789 5215 omnino

2195 5227 2545 5298 compegisse,
2574 5229 2713 5286 sicut
2741 5248 2930 5293 omnes
2956 5253 3145 5296 carnes
3169 5252 3221 5297 et
3250 5244 3604 5303 minutissima
3631 5266 3784 5321 qum-

2258 5341 2283 5419 ξ
2298 5347 2359 5419 ξι]
2376 5349 2509 5419 uss,
2526 5344 2766 5419 “uidemus.
2790 5376 2853 5389 —-
2872 5352 3054 5409 Quibus
3074 5360 3405 5410 assentiuntur
3427 5342 3561 5415 Mart.
3580 5365 3702 5417 Flor.
3732 5374 3785 5419 et

2194 5403 2338 5467 nond.
2364 5407 2679 5467 cumraliquot
2702 5418 2790 5467 Mss
2870 5403 2925 5462 lli.
3041 5403 3045 5404 ⁷

2260 5466 2279 5540 ξ
2312 5472 2443 5540 μων..
2468 5465 2590 5540 illud
2613 5478 2754 5540 atque
2772 5465 2907 5523 aliud
2929 5474 3106 5527 vidisti.

2258 5525 2281 5611 ξ
2520 5525 2755 5611 Alt-lemque
2775 5548 2883 5584 cum
2908 5525 3135 5601 Arni—at
3156 5548 3262 5594 Lov.
3289 5544 3495 5611 aliteque
3519 5549 3779 5609 editiones,

2194 5584 2281 5635 hoc
2292 5588 2434 5637 modo
2452 5584 2849 5645 dic-tlttlttr'ctiam.

2258 5649 2395 5737 in
2418 5650 2964 5737 legendumalss.
2978 5663 3285 5737 Anglicanus.
3312 5696 3369 5705 -ψ
3396 5670 3618 5737 [I‘et‘ictt]
3644 5681 3774 5726 um.

2197 5718 2245 5761 et
2273 5713 2409 5761 ltond.
2442 5728 2549 5769 tum
2573 5717 2601 5765 ὅ
2628 5713 2713 5767 tiss
2779 5720 2999 5773 dcrinrti.
3056 5713 3123 5774 ‘31.
