4078 6366
293 315 397 373 865

289 451 396 507 que
427 432 715 490 animantia
737 474 752 500 ,
783 441 837 489 et
861 431 1114 504 quidquid
1153 429 1416 486 radicibus
1458 439 1654 482 terram
1691 434 1878 482 tenet:

291 525 387 582 sed
415 525 666 582 hostilem
693 532 925 579 mentem
956 531 1304 592 naturamque
1345 513 1503 573 aliam
1524 559 1538 583 ,
1571 533 1674 571 non
1702 517 1796 571 abs
1831 525 1882 572 te

298 619 568 676 conditam
591 659 606 684 ,
634 617 834 686 tibique
872 614 1224 680 contrariam,
1257 612 1308 666 in
1336 603 1674 665 inferioribus
1699 607 1883 662 mundi

296 711 429 767 locis
466 711 565 765 ista
594 710 810 780 gignere
847 716 1006 778 atque
1046 707 1294 760 formare.
1332 702 1508 758 Insani
1547 693 1730 756 dicunt
1767 700 1883 754 haec

294 801 549 871 quoniam
578 815 681 854 non
711 815 804 869 per
819 797 1073 869 Spiritum
1101 804 1248 852 tuum
1264 793 1446 850 vident
1465 807 1626 864 opera
1649 798 1758 858 tua,
1783 805 1882 846 nec

292 901 340 948 te
367 899 695 962 cognoscunt
721 895 772 943 in
800 889 898 944 eis.

855 965 1081 1034 canar
1118 970 1312 1033 xxxr.
1515 1044 1522 1050 _

555 1074 669 1129 Piis
694 1073 826 1127 idem
855 1071 1097 1143 probatur
1124 1069 1259 1141 quod
1284 1068 1391 1122 Deo
1413 1067 1622 1138 placuit.

362 1169 453 1226 46.
495 1168 595 1236 Qui
620 1172 801 1222 autem
833 1179 929 1234 per
957 1163 1210 1234 Spiritum
1240 1169 1386 1216 tuum
1412 1161 1593 1215 vident
1620 1174 1702 1225 ea,
1732 1166 1786 1212 tu
1807 1158 1881 1211 vi-

293 1261 388 1316 des
411 1261 464 1314 in
497 1259 595 1314 eis.
629 1259 769 1328 Ergo
798 1261 918 1310 cum
950 1255 1134 1310 vident
1163 1252 1286 1324 quia
1315 1253 1452 1307 bona
1481 1260 1626 1318 sunt,
1655 1258 1707 1304 tu
1734 1249 1882 1304 vides

291 1351 412 1420 quia
435 1350 572 1404 bona
599 1356 723 1402 sunt
749 1364 762 1398 :
795 1353 848 1400 et
872 1353 1218 1414 qumcumqne
1240 1349 1456 1413 preptcr
1481 1352 1532 1395 te
1554 1340 1785 1411 placent,
1824 1347 1879 1394 tu

292 1443 343 1498 in
375 1443 454 1498 eis
484 1443 663 1514 places
689 1443 738 1507 ¹;
783 1448 840 1494 et
882 1449 998 1507 qua:
1039 1453 1133 1506 per
1176 1436 1430 1506 Spiritum
1475 1445 1620 1487 tuum
1667 1433 1882 1503 placent

291 1536 446 1591 nobis
467 1576 484 1602 ,
519 1535 610 1589 tibi
642 1532 849 1605 placent
877 1534 928 1587 in
956 1532 1128 1586 nobis.
1165 1529 1291 1596 Quis
1329 1527 1459 1580 enim
1501 1527 1591 1580 scit
1622 1524 1880 1578 hominum

291 1635 403 1699 Qua:
432 1636 548 1681 sunt
575 1626 812 1687 hominis,
842 1625 938 1678 nisi
969 1623 1175 1694 spiritus
1204 1620 1420 1674 hominis
1446 1617 1529 1687 qui
1553 1617 1606 1670 in
1638 1619 1748 1685 ipso
1775 1615 1881 1669 est?

291 1722 364 1772 sic
403 1728 451 1772 et
490 1733 602 1788 qua:
635 1717 727 1771 Dei
767 1725 885 1772 sunt
922 1732 1064 1770 nemo
1094 1715 1204 1777 scit,
1232 1713 1328 1766 nisi
1357 1710 1580 1780 Spiritus
1606 1707 1722 1762 Dei.
1771 1707 1881 1762 Nos

290 1819 483 1875 autem,
504 1809 816 1878 inquithnou
837 1807 1068 1878 spiritum
1095 1805 1248 1874 hujus
1275 1801 1447 1856 mundi
1467 1801 1769 1872 accepimus,
1793 1801 1881 1854 sed

293 1900 548 1968 Spiritum
575 1898 660 1970 qui
687 1915 750 1952 ex
780 1897 883 1951 Deo
905 1907 998 1964 est,
1036 1904 1089 1949 ut
1119 1895 1332 1949 sciamus
1357 1907 1472 1965 qua:
1495 1910 1526 1945 a
1556 1891 1663 1946 Deo
1693 1891 1882 1945 donata

293 2001 409 2043 sunt
433 1990 577 2043 nobis
604 1987 658 2060 (Ι
678 1987 794 2043 Cor.
825 2004 882 2055 n,
909 1988 965 2042 ll
987 2028 1001 2052 ,
1031 1985 1142 2056 η).
1175 1986 1236 2039 Et
1266 1985 1557 2038 admoneor
1584 1991 1640 2036 ut
1666 1981 1836 2036 dicam
1864 2000 1876 2035 :

292 2075 452 2136 Certe
469 2093 632 2136 nemo
657 2079 757 2134 scit
775 2095 892 2150 qua:
918 2079 1010 2134 Dei
1032 2086 1177 2142 sunt,
1210 2075 1309 2132 nisi
1339 2075 1567 2145 Spiritus
1597 2074 1709 2128 Dei.
1735 2073 1881 2141 Quo-

294 2172 459 2228 modo
490 2188 616 2242 ergo
645 2172 844 2226 scimus
875 2181 928 2224 et
951 2183 1048 2224 nos
1079 2184 1196 2238 qua:
1225 2183 1255 2222 a
1286 2168 1395 2221 Deo
1423 2166 1615 2220 donata
1643 2173 1766 2220 sunt
1789 2182 1884 2218 uu-

297 2263 418 2318 bis?
448 2262 819 2333 Respondetur
845 2260 976 2315 mihi
1007 2259 1254 2330 quoniam
1290 2274 1408 2328 quze
1451 2269 1544 2326 per
1567 2255 1684 2325 ejus
1712 2255 1881 2324 Spiri-

297 2363 409 2409 tum
456 2355 674 2418 scimus,
717 2354 876 2408 etiam
914 2353 992 2405 sic
1031 2363 1176 2404 nemo
1215 2351 1337 2416 scit,
1371 2349 1468 2402 nisi
1505 2347 1730 2419 Spiritus
1767 2347 1880 2400 Dei.

295 2446 444 2500 Sicut
461 2445 603 2500 enim
624 2455 766 2498 recte
787 2443 986 2498 dictum
1008 2451 1089 2496 est
1113 2483 1126 2506 ,
1159 2439 1279 2495 Non
1299 2440 1430 2494 enim
1457 2453 1542 2494 vos
1562 2439 1678 2493 estis
1698 2440 1783 2508 qui
1810 2440 1886 2492 lo-

297 2534 516 2606 quimini
545 2533 762 2605 (Matth.
791 2549 846 2597 x,
877 2530 994 2604 ΞΟ),
1028 2532 1105 2585 eis
1143 2531 1232 2601 qui
1268 2531 1318 2584 iu
1349 2529 1548 2600 Spiritu
1577 2529 1668 2585 Dei
1699 2529 1886 2600 lo'Quc-

299 2637 522 2692 rentur;
555 2627 630 2681 sic
657 2635 802 2680 recte
830 2625 1022 2680 dicitur
1047 2665 1060 2688 ,
1092 2623 1204 2678 Non
1234 2639 1326 2678 vos
1348 2624 1478 2678 estis
1499 2622 1589 2692 qui
1614 2623 1782 2690 scitis,
1807 2623 1888 2678 eis

304 2719 395 2788 qni
430 2721 480 2772 in
509 2718 601 2772 Dei
635 2718 832 2787 Spiritu
857 2715 1050 2770 sciunt.
1083 2715 1438 2770 Nihilominus
1464 2715 1622 2784 igitur
1646 2724 1789 2770 recte
1810 2715 1889 2769 di-

301 2813 442 2864 citur
465 2851 480 2874 ,
516 2809 630 2863 Non
661 2824 755 2862 vos
779 2809 908 2863 estis
934 2808 1020 2878 qui
1048 2807 1255 2870 videtis,
1288 2807 1366 2859 eis
1390 2806 1476 2875 qui
1506 2806 1557 2859 in
1579 2804 1772 2874 Spiritu
1797 2805 1888 2861 Dei

304 2902 487 2957 vident
511 2919 523 2954 :
549 2901 617 2956 ita
643 2900 892 2971 quidquid
914 2899 968 2955 in
993 2900 1189 2970 Spiritu
1218 2900 1304 2953 Dei
1334 2899 1513 2954 vident
1536 2899 1657 2968 quia
1692 2899 1888 2953 bonum

304 3000 389 3049 est
415 3010 430 3058 ;
464 3005 571 3048 non
600 2993 720 3063 ipsi,
752 2991 849 3048 sed
881 2993 1018 3048 Deus
1047 2992 1190 3047 videt
1228 2992 1348 3063 quia
1381 2982 1576 3046 bonum
1602 2999 1702 3047 est.
1736 2989 1890 3046 Aliud

304 3101 433 3157 ergo
459 3095 565 3152 est,
613 3094 669 3140 ut
712 3094 857 3156 putet
896 3086 1119 3156 quisque
1160 3085 1354 3139 malum
1381 3099 1500 3139 esse
1525 3083 1665 3155 quod
1694 3083 1892 3138 bonum

305 3186 421 3242 est,
469 3177 654 3246 quales
699 3176 985 3246 supradicti
1025 3184 1146 3231 sunt
1180 3194 1192 3229 :
1236 3174 1414 3243 aliud,
1445 3181 1503 3228 ut
1530 3174 1668 3244 quod
1697 3176 1892 3228 bonum

306 3277 420 3334 est,
469 3269 647 3324 videat
691 3268 850 3322 homo
884 3269 1005 3339 quia
1048 3267 1246 3321 bonum
1290 3277 1407 3332 est;
1447 3267 1582 3321 sicut
1603 3266 1781 3321 multis
1809 3275 1895 3320 tua

307 3370 553 3418 creatura
601 3362 772 3432 placet
813 3362 933 3431 quia
982 3361 1117 3418 bona
1144 3368 1258 3428 est,
1287 3360 1480 3430 quibus
1507 3370 1680 3416 tamen
1710 3376 1812 3416 non
1842 3369 1896 3415 tu

310 3454 490 3524 places
519 3454 570 3507 in
601 3465 682 3518 ea,
716 3453 856 3508 unde
881 3453 980 3507 frui
1022 3453 1190 3523 magis
1226 3451 1338 3523 ipsa
1384 3467 1540 3522 quam
1580 3460 1630 3506 te
1673 3453 1894 3506 volunt:

309 3545 456 3599 aliud
489 3555 688 3610 autem,
720 3553 777 3598 ut
801 3559 921 3599 cum
959 3543 1154 3614 aliquid
1195 3543 1339 3598 videt
1365 3542 1524 3597 homo
1553 3543 1675 3612 quia
1703 3543 1897 3597 bonum

312 3643 418 3702 est,
443 3635 585 3690 Deus
611 3635 666 3690 in
691 3636 778 3689 illo
800 3634 976 3690 videat
997 3635 1120 3704 quia
1145 3633 1340 3688 bonum
1364 3643 1446 3688 est
1471 3649 1485 3696 ;
1514 3642 1572 3687 ut
1591 3633 1792 3688 scilicet
1814 3634 1900 3688 ille

314 3736 525 3781 ametur
568 3727 620 3780 in
664 3742 729 3781 eo
769 3725 909 3796 quod
953 3724 1098 3791 fecit,
1126 3725 1216 3794 qui
1247 3740 1351 3779 non
1381 3734 1648 3779 amaretur
1677 3725 1776 3778 nisi
1809 3739 1902 3794 per

315 3817 574 3886 Spiritum
601 3825 840 3871 sanctum
867 3830 1023 3886 quem
1050 3815 1229 3882 dedit;
1257 3816 1509 3886 quoniam
1548 3815 1778 3870 charitas
1809 3813 1899 3868 Dei

316 3901 506 3960 diffusa
538 3917 617 3961 cst
659 3907 708 3960 in
738 3907 988 3961 cordibus
1016 3907 1210 3960 nostris
1241 3922 1334 3976 per
1372 3906 1625 3975 Spiritum
1660 3915 1900 3960 sanctum

317 4001 404 4069 qui
443 4000 600 4055 datus
639 4010 720 4055 est
760 4000 909 4054 nobis
940 3998 1112 4070 (Rom.
1156 4015 1214 4062 v,
1249 3999 1339 4069 5),
1369 4015 1462 4068 per
1481 4014 1639 4069 quem
1665 3999 1902 4053 videmus

317 4093 440 4162 quia
471 4093 668 4147 bonum
698 4101 777 4146 est
815 4091 1068 4162 quidquid
1113 4091 1290 4161 aliquo
1328 4089 1487 4145 modo
1536 4097 1617 4144 est
1651 4107 1663 4142 :
1708 4090 1774 4143 ab
1814 4089 1904 4142 illo

317 4183 460 4237 enim
483 4192 585 4250 est,
608 4183 697 4253 qui
721 4199 824 4237 non
847 4183 1024 4255 aliquo
1045 4181 1202 4238 modo
1222 4189 1325 4250 est,
1351 4180 1446 4236 sed
1470 4179 1609 4254 quod
1630 4191 1731 4246 est,
1757 4189 1838 4235 est
1859 4182 1898 4235 '.

889 4285 1114 4351 CAPUT
1154 4293 1370 4350 XXXII.

683 4364 990 4438 Compendio
1019 4375 1219 4419 enarrat
1244 4382 1398 4438 opera
1425 4364 1537 4419 Dei.

1529 307 1736 364 LIBER
1776 307 2066 365 DECIMUS
2107 307 2417 366 TERTIUS.

3456 313 3558 376 δεῖ)

1994 443 2113 497 qua:
2143 427 2198 482 in
2227 429 2380 484 terris
2405 443 2592 498 graves
2616 429 2838 486 fluitant.
2864 431 3116 489 Videmus
3137 447 3572 508 congregatarum

1990 535 2245 591 aquarum
2290 523 2520 592 speciem
2552 539 2649 594 per
2673 539 2891 596 campos
2931 528 3126 593 maris;
3155 537 3207 583 et
3233 530 3434 586 aridam
3463 542 3574 588 ter-

1989 626 2135 677 ram,
2161 612 2249 668 vel
2280 612 2560 682 nudatam,
2595 614 2679 670 vel
2707 613 2987 671 formatam
3025 627 3080 672 ut
3107 629 3248 674 esset
3274 617 3493 678 visibilis
3522 632 3576 679 ct

1990 706 2282 774 composita
2310 747 2325 772 ,
2373 705 2764 777 herbarumque
2804 719 2959 780 atque
2997 711 3245 766 arborum
3275 715 3572 772 materiem.

1992 799 2243 876 Videmus
2271 799 2553 867 luminaria
2601 800 2800 870 fulgere
2841 801 3102 872 desuper;
3133 805 3300 859 solem
3329 805 3576 863 sufficere

1988 893 2132 959 diei,
2165 885 2344 947 lunam
2375 903 2428 948 et
2456 893 2636 949 stellas
2684 894 2949 950 consolari
2999 908 3243 961 noctem,
3289 907 3446 969 atque
3491 898 3576 954 his

1988 986 2236 1040 omnibus
2266 986 2521 1060 notariet
2549 977 2832 1056 significari
2865 996 3122 1056 tempora.
3175 989 3426 1046 \‘idcmus
3470 990 3575 1045 hu-

1987 1074 2184 1129 midam
2227 1091 2605 1146 usquequaque
2649 1085 2888 1130 naturam
2911 1117 2926 1142 ,
2966 1065 3197 1145 piscibus
3223 1087 3278 1133 et
3306 1066 3493 1136 belluis
3521 1088 3576 1135 ct

1987 1165 2197 1220 alitibus
2224 1155 2577 1232 fecundatam,
2603 1167 2743 1237 quod
2767 1167 2908 1221 aeris
2934 1153 3260 1238 corpulentia
3281 1211 3296 1236 ,
3329 1187 3446 1239 qua:
3474 1185 3572 1225 vo-

1988 1255 2126 1309 latus
2151 1255 2326 1309 avium
2358 1265 2570 1324 portat,
2601 1272 2858 1326 aquarum
2887 1258 3222 1313 exhalatione
3254 1260 3570 1316 concrescit.

1990 1345 2241 1400 Videmus
2271 1347 2500 1402 terrenis
2524 1347 2843 1403 animalibus
2879 1347 3066 1402 faciem
3107 1357 3263 1405 terra:
3291 1350 3569 1418 decorari;

1988 1438 2366 1509 hominemque
2425 1439 2491 1494 ad
2552 1440 2834 1510 imaginem
2881 1449 2936 1496 et
2982 1440 3378 1498 similitudinem
3411 1425 3571 1499 tuam

1986 1534 2191 1586 cunctis
2219 1531 2668 1587 irrationabilibus
2696 1531 3056 1587 animantibus
3085 1533 3197 1603 ipsa
3226 1543 3311 1588 tua
3341 1535 3570 1606 imagine

1986 1639 2050 1679 ac
2077 1622 2426 1679 similitudine
2445 1666 2459 1686 ,
2501 1623 2602 1678 hoc
2630 1623 2961 1705 est‘rationis
2990 1633 3042 1679 et
3070 1613 3432 1696 intelligentia:
3461 1629 3569 1682 vir-

1988 1724 2118 1780 tute,
2147 1715 2402 1786 prmponi.
2433 1715 2500 1769 Et
2523 1715 2966 1786 quemadmodum
3007 1717 3060 1771 in
3087 1716 3200 1786 ejus
3226 1718 3400 1773 anima
3425 1720 3571 1774 aliud

1985 1815 2068 1861 est
2107 1807 2250 1875 quod
2290 1805 2620 1860 consulendo
2645 1805 2970 1872 dominatur,
3002 1807 3142 1861 aliud
3166 1797 3306 1878 quod
3329 1796 3572 1864 subditur

1987 1906 2046 1953 ut
2065 1897 2395 1966 obtemperet
2419 1915 2431 1950 :
2461 1883 2538 1952 sic
2559 1896 2672 1950 viro
2693 1896 2883 1953 factam
2904 1912 3023 1953 esse
3039 1892 3205 1952 etiam
3228 1899 3573 1968 corporaliter

1988 1991 2258 2058 feminam,
2290 2005 2408 2061 qua:
2433 1989 2654 2048 haberet
2677 1989 2898 2062 quidem
2924 1990 2977 2046 in
3005 1998 3184 2046 mente
3203 1991 3473 2046 rationalis
3493 1992 3576 2046 iu-

1987 2083 2292 2154 telligentia:
2334 2097 2514 2152 parem
2558 2091 2832 2152 naturam;
2879 2097 3008 2138 sexu
3036 2091 3211 2138 tamen
3237 2081 3476 2152 corporis
3502 2082 3573 2137 ita

1987 2174 2287 2230 masculino
2316 2173 2464 2227 sexui
2491 2172 2861 2256 subjiceretur,
2891 2171 3335 2241 quemadmodum
3361 2171 3578 2240 subjici~

1988 2276 2076 2322 tur
2116 2266 2386 2336 appetitus
2425 2265 2763 2344 actionis‘ad
2812 2264 3214 2335 concipiendam
3259 2263 3327 2320 de
3371 2265 3578 2320 ratione

1990 2359 2186 2413 mentis
2211 2366 2356 2412 recte
2385 2357 2574 2428 agendi
2603 2357 2894 2424 solertiam.
2928 2355 3180 2412 Videmus
3216 2355 3331 2412 hmo
3368 2365 3423 2412 et
3463 2357 3578 2412 sin-

1989 2451 2113 2523 gula
2142 2451 2302 2516 bona,
2330 2458 2385 2505 et
2409 2449 2590 2505 omnia
2619 2448 2756 2525 bpna
2783 2447 2956 2503 valde.

2552 2550 2779 2616 CAPUT
2821 2557 3055 2614 XXXIII.

2177 2632 2361 2688 Omnia
2389 2632 2450 2686 de
2475 2631 2632 2686 nihilo
2659 2621 2761 2685 dive
2789 2629 2851 2684 de
2877 2638 3139 2683 conci-cata
3172 2629 3399 2683 materia.

2066 2725 2156 2782 48.
2196 2724 2439 2779 Laudent
2465 2731 2517 2778 te
2540 2737 2700 2792 opera
2725 2731 2834 2786 tua,
2866 2730 2919 2775 ut
2948 2724 3188 2775 amemus
3219 2732 3268 2774 te
3293 2739 3306 2786 ;
3337 2730 3392 2777 et
3431 2737 3579 2777 ame-

1998 2833 2118 2873 mus
2138 2827 2196 2872 te
2217 2820 2232 2849 ¹
2254 2854 2271 2884 ,
2304 2826 2363 2871 ut
2388 2814 2601 2869 laudent
2631 2823 2680 2868 te
2701 2827 2860 2883 opera
2885 2822 2992 2876 tua,
3016 2828 3134 2882 qua:
3152 2811 3349 2866 habent
3376 2813 3582 2868 initium

1997 2921 2050 2966 et
2082 2912 2239 2977 finem
2269 2925 2331 2965 ex
2363 2919 2600 2977 tempore
2619 2947 2634 2971 ,
2662 2913 2836 2959 ortum
2880 2911 2937 2958 et
2976 2918 3223 2958 occasum
3249 2945 3262 2969 ,
3290 2903 3584 2972 profectum

1999 3013 2052 3058 et
2095 3001 2397 3063 defectum,
2444 2997 2676 3068 speciem
2716 3004 2770 3050 ct
2814 2994 3184 3064 privationem.
3230 2993 3434 3048 llabent
3458 3007 3586 3064 ergo

2000 3093 2375 3163 consequentia
2399 3105 2554 3145 mane
2578 3096 2634 3143 et
2658 3100 2955 3156 vesperam,
2987 3086 3178 3154 partim
3198 3084 3440 3151 latenter,
3468 3099 3586 3155 par-

2002 3186 2094 3240 tim
2137 3185 2429 3259 evidenter.
2475 3181 2548 3236 De
2587 3179 2751 3233 nihilo
2799 3177 2940 3231 enim
2972 3191 3000 3230 a
3031 3185 3110 3242 te,
3141 3190 3246 3230 non
3272 3175 3340 3230 de
3371 3185 3421 3230 te
3450 3175 3586 3231 facta

2000 3285 2144 3343 sunt,
2173 3291 2280 3330 non
2315 3275 2384 3330 de
2422 3274 2596 3344 aliqua
2637 3287 2740 3327 non
2773 3280 2861 3326 tua
2893 3271 2936 3335 ³,
2966 3267 3047 3324 vel
3077 3284 3194 3337 qua:
3221 3276 3375 3322 antea
3405 3266 3584 3331 fuerit,

2003 3344 2189 3422 Sed‘de
2214 3373 2515 3428 coucreata,
2548 3362 2598 3417 id
2630 3372 2709 3416 est
2735 3361 2892 3416 simul
2936 3375 2965 3414 a
3019 3367 3069 3414 te
3115 3366 3290 3414 creata
3334 3358 3585 3422 materia;

2004 3459 2126 3527 quia
2175 3449 2291 3526 ejus
2336 3445 2642 3510 informitatt
2664 3469 2714 3506 m
2744 3453 2860 3506 sine
2888 3447 2990 3504 ulla
3023 3449 3279 3519 temporis
3308 3448 3588 3517 interposi-

2007 3548 2149 3602 tione
2176 3545 2433 3600 formasti.
2473 3543 2606 3598 Nam
2635 3558 2755 3597 cum
2785 3541 2928 3596 aliud
2956 3541 3024 3594 sit
3051 3538 3170 3595 emli
3203 3549 3255 3593 et
3288 3529 3439 3592 terra:
3471 3553 3587 3592 ma-

2009 3638 2190 3702 teries,
2224 3635 2364 3690 aliud
2390 3635 2512 3690 ςαξιί
2537 3644 2590 3690 et
2618 3643 2772 3688 terra:
2798 3632 3004 3702 species
3028 3647 3042 3696 ;
3072 3629 3345 3685 materiem
3373 3628 3586 3698 quidem

2007 3728 2074 3784 de
2102 3728 2320 3782 omnino
2348 3725 2544 3788 nihilo,
2573 3723 2754 3778 nmndi
2784 3728 2962 3777 autem
3007 3720 3238 3791 speciem
3270 3719 3338 3774 de
3378 3717 3588 3772 informi

2010 3819 2231 3874 materia
2257 3859 2270 3881 ,
2309 3816 2463 3871 simul
2497 3824 2672 3870 tamen
2698 3812 2982 3883 utrumque
3011 3810 3203 3874 fecisti,
3234 3817 3290 3863 ut
3317 3808 3590 3864 materiam

2011 3905 2200 3972 forma,
2233 3907 2377 3964 nulla
2398 3921 2562 3961 mora:
2592 3889 3004 3976 intercapedine,
3037 3909 3368 3974 sequeretur.

2557 4018 2784 4074 CAPUT
2826 4013 3066 4072 XXXIV.

2177 4093 2352 4148 Totius
2379 4091 2646 4147 creationis
2671 4089 2846 4144 mundi
2869 4087 3141 4160 allegorica
3161 4083 3425 4156 expositio.

2085 4187 2176 4243 49.
2210 4185 2543 4256 lnspcximus
2562 4182 2721 4238 etiam
2745 4187 2960 4251 prepter
2979 4193 3202 4248 quorum
3227 4175 3593 4246 figurationem

2013 4279 2115 4334 ista
2143 4278 2224 4332 vel
2251 4277 2340 4331 tali
2369 4276 2556 4331 ordine
2585 4274 2721 4339 fieri,
2744 4273 2828 4328 vel
2850 4271 2942 4327 tali
2963 4269 3149 4324 ordine
3177 4268 3334 4322 scribi
3359 4267 3592 4330 voluisti,

1957 4395 1964 4402 -
2015 4376 2069 4423 et
2108 4368 2335 4423 vidimus
2375 4369 2496 4436 quia
2543 4366 2677 4420 bona
2726 4370 2850 4418 sunt
2891 4359 3127 4430 singula,
3174 4367 3228 4412 ct
3257 4357 3434 4412 omnia
3459 4357 3596 4411 bona

389 4463 478 4536 47.
520 4459 729 4517 Gratias
757 4460 881 4524 tibi,
926 4458 1165 4513 Domine.
1196 4457 1456 4540 Videmus?
1475 4457 1667 4533 cmlum
1705 4443 1994 4542 0w-
2016 4461 2188 4526 valde,
2223 4461 2274 4516 in
2304 4461 2479 4515 Verbo
2507 4470 2616 4526 tuo,
2646 4450 2707 4513 in
2727 4457 2894 4513 Unico
2925 4464 3050 4520 tuo;
3083 4455 3276 4510 emlum
3304 4461 3358 4510 et
3379 4461 3596 4519 terram,

317 4569 457 4618 ram,
485 4552 596 4606 sive
617 4550 949 4620 corporalem
983 4558 1184 4618 partem
1213 4541 1541 4619 superiorem
1571 4557 1731 4619 atque
1769 4541 1906 4604 infe-

318 4645 518 4698 riorem
543 4684 558 4708 ,
605 4643 718 4697 sive
747 4641 1074 4711 spiritualem
1109 4641 1546 4712 eorporalemque
1570 4650 1901 4706 creaturam;

320 4747 481 4806 atque
513 4735 564 4789 in
601 4745 790 4788 ornatu
819 4734 839 4764 ³
867 4733 1052 4787 harum
1099 4732 1326 4803 partium
1355 4733 1546 4803 quibus
1571 4743 1782 4789 constat
1824 4735 1906 4788 vel

321 4827 569 4880 uuiverSa
597 4823 779 4891 niundi
806 4823 996 4890 moles,
1023 4823 1104 4878 vel
1137 4823 1380 4878 universa
1405 4823 1626 4876 omnino
1641 4832 1904 4890 creatura,

321 4918 566 4972 videmus
592 4916 762 4972 lucem
792 4914 984 4969 factam
1007 4956 1020 4980 ,
1057 4914 1384 4983 divisamque
1409 4928 1438 4967 a
1463 4915 1716 4968 tenebris.
1747 4914 1906 4969 Vide-

324 5026 443 5066 mus
488 5011 882 5065 tirmamentum
910 5008 1030 5065 coeli
1058 5026 1069 5061 :
1103 5008 1214 5061 sive
1243 5007 1381 5061 inter
1406 5006 1706 5076 Spirituales
1745 5021 1908 5075 aquas

323 5103 630 5173 superiores
667 5111 722 5158 et
763 5100 1068 5170 corporales
1111 5097 1388 5154 inferiores
1430 5096 1904 5170 (Lib.21tetract.,

323 5211 438 5264 cap.
470 5209 544 5260 vt,
577 5210 629 5248 η.
655 5190 733 5263 2),
757 5191 1064 5264 primarium
1085 5205 1276 5262 corpus
1296 5189 1511 5256 nmudi;
1534 5190 1645 5244 sive
1669 5187 1769 5243 hoc
1788 5204 1907 5259 spa-

328 5287 459 5340 tium
488 5287 648 5354 aeris,
675 5287 797 5356 quia
821 5295 877 5342 et
913 5285 1015 5340 hoc
1040 5295 1259 5339 vocatur
1283 5284 1496 5346 coelum,
1533 5299 1628 5353 per
1648 5282 1786 5353 quod
1813 5298 1907 5337 va-

326 5388 519 5448 gantur
542 5379 775 5432 volatilia
816 5378 940 5434 εωιὶ
981 5378 1119 5431 inter
1153 5390 1316 5446 aquas
1340 5391 1456 5446 qua:
1486 5376 1805 5446 vaporaliter
1831 5377 1909 5433 eis

329 5471 751 5544 snperferuntur,
771 5479 825 5525 et
843 5469 1046 5525 serenis
1067 5467 1224 5522 etiam
1244 5468 1482 5522 noctibus
1513 5473 1713 5534 rorant,
1743 5476 1793 5522 et
1816 5466 1908 5523 has

395 5636 410 5665 ί
449 5629 556 5682 Bad.
585 5637 684 5679 Am.
709 5635 784 5678 Fr.
809 5637 938 5684 t.ov.,
963 5625 1239 5690 (eruptores.

393 5697 413 5728 ²
449 5695 538 5743 sed
555 5699 624 5742 est
640 5700 728 5749 est,
747 5691 882 5754 juxta
915 5691 1058 5738 it'ss.
1087 5699 1178 5750 ειμι
1199 5691 1209 5736 t
1234 5696 1361 5754 itaet.
1422 5696 1473 5736 at.

396 5758 415 5792 ⁸
453 5765 505 5807 in
527 5751 765 5814 omittunt,
785 5758 922 5818 juxta
945 5754 974 5800 ὅ
997 5761 1093 5800 \Iss.
1123 5765 1164 5812 εει
1184 5751 1243 5799 tul
1271 5760 1394 5800 \art.
1463 5759 1515 5798 at.

2013 4562 2173 4624 caput
2209 4560 2264 4607 et
2304 4567 2499 4621 corpus
2543 4549 2792 4606 Ecclesiae
2817 4589 2832 4614 ,
2880 4548 2932 4602 in
2979 4545 3442 4618 prmtlcstinatione
3477 4554 3600 4599 ante

2013 4645 2191 4701 omnia
2217 4654 2478 4713 tempora,
2509 4641 2623 4697 sine
2644 4655 2798 4695 mane
2824 4647 2879 4694 et
2909 4653 3146 4707 vespera.
3174 4636 3268 4692 Ubi
3287 4645 3464 4690 autem
3486 4650 3599 4689 coe-

2015 4738 2138 4808 pisti
2184 4735 2559 4808 prmdestinata
2600 4731 2965 4802 temporaliter
3004 4729 3253 4797 exsequi,
3296 4736 3354 4780 ut
3396 4723 3600 4779 occulta

2017 4827 2418 4890 manifestares,
2471 4834 2527 4880 et
2577 4823 2929 4892 incomposita
2977 4828 3157 4874 nostra
3215 4829 3599 4884 componeres;

2015 4919 2264 4989 quoniam
2297 4931 2458 4986 super
2487 4930 2588 4970 nos
2617 4923 2771 4970 erant
2812 4919 3026 4983 peccata
3067 4915 3244 4962 nostra
3265 4948 3280 4972 ,
3314 4915 3364 4960 et
3395 4906 3444 4958 iu
3477 4919 3602 4973 pro-

2015 5010 2234 5066 fundum
2265 5010 2608 5066 tenebrbsum
2629 5006 2930 5061 abieramus
2949 5003 3044 5056 abs
3069 5009 3139 5065 te,
3163 5008 3218 5054 et
3235 4999 3462 5069 Spiritus
3483 5006 3604 5051 tuus

2015 5103 2189 5158 bonus
2214 5100 2647 5171 superferebatur
2677 5097 2743 5152 ad
2773 5092 3190 5151 subveniendum
3213 5089 3364 5145 nobis
3389 5089 3440 5142 in
3473 5098 3606 5142 tem-

2015 5209 2147 5263 pore
2175 5202 2477 5263 opportuno
2509 5208 2523 5244 :
2555 5199 2608 5244 et
2631 5185 2929 5256 justifieasti
2960 5183 3182 5250 impios,
3223 5189 3278 5235 et
3317 5178 3603 5256 distimisti

2016 5300 2109 5340 eos
2135 5287 2202 5339 ab
2229 5283 2454 5354 iniquis;
2485 5289 2541 5336 et
2566 5277 2804 5336 solidasti
2847 5274 3214 5329 auctoritatem
3243 5269 3387 5325 Libri
3417 5267 3492 5323 tui
3521 5268 3601 5323 iu-

2017 5385 2100 5432 ter
2129 5374 2432 5446 superiores
2469 5373 2557 5444 qui
2591 5370 2683 5426 tibi
2713 5367 2968 5426 docibilcs
2996 5372 3208 5430 essent,
3241 5370 3293 5417 et
3321 5360 3603 5446 inferi-fres

2023 5468 2112 5538 qui
2144 5441 2220 5521 eis
2239 5441 2624 5527 Subdcrcntur;
2652 5469 2705 5516 et
2725 5457 3058 5530 congregasti
3083 5455 3389 5512 societatem
3420 5441 3606 5506 infide-

2086 5628 2100 5658 ι
2139 5624 2273 5686 Angl.
2303 5631 2428 5677 δοες..
2451 5626 2494 5670 et
2520 5631 2783 5686 (numura
2803 5623 2864 5667 te.

2084 5691 2100 5718 ²
2139 5667 2559 5736 imas.11(1):”;
2584 5690 2632 5730 at
2653 5667 2760 5728 bad.
2789 5687 2884 5727 Am.
2909 5685 2984 5727 Er.
3009 5687 3113 5727 ιον.
3135 5677 3337 5735 habent,
3371 5681 3460 5721 non
3481 5667 3600 5720 dcte

2031 5764 2126 5804 ana
2147 5766 2186 5796 :u
2208 5761 2296 5796 non
2317 5749 2374 5796 de
2393 5756 2488 5807 tua,
2511 5741 2600 5805 rei,
2627 5753 2716 5795 etc.
