4078 6366
531 319 632 377 867

530 434 658 488 lium
701 431 756 485 in
786 444 944 485 unam
985 430 1430 500 conspirationem
1455 472 1468 495 ,
1514 438 1568 483 ut
1598 427 2118 499 apparerentstudia

528 524 765 579 ﬁdelium
786 562 801 590 ,
826 530 879 577 et
903 520 997 576 tibi
1033 537 1192 591 opera
1230 519 1609 577 misericordia:
1636 527 1903 589 parerent,
1935 519 2117 576 distri-

528 617 756 673 buentes
781 614 942 669 etiam
972 612 1292 684 pauperibus
1334 620 1575 667 terrenas
1616 609 1894 666 facultates
1930 609 1996 665 ad
2032 625 2117 666 ac-

533 704 794 776 quirenda
816 703 1074 760 ctelestia.
1099 704 1165 757 Et
1184 702 1306 757 inde
1325 701 1613 757 accendisti
1635 700 1877 771 quaedam
1904 701 2121 756 lumina-

528 797 608 850 ria
651 796 706 849 in
750 794 1121 860 ﬁrmamento,
1175 793 1395 847 verbum
1442 793 1564 847 vita:
1608 791 1865 847 habentes
1908 801 2120 847 sanctos

531 896 687 951 tuos,
723 894 777 941 et
802 882 1167 955 spiritualibus
1203 883 1357 938 donis
1394 884 1610 954 praelata
1643 882 1858 938 sublimi
1884 885 2119 939 auctori-

447 986 449 988 ’
532 988 641 1035 tate
665 977 926 1047 fulgentes
951 994 966 1032 :
988 985 1041 1031 et
1067 975 1190 1030 inde
1216 975 1282 1030 ad
1306 974 1619 1031 imbuendus
1646 974 1887 1031 inﬁdeles
1911 986 2116 1046 gentes,

530 1069 872 1125 Sacramenta
898 1074 953 1122 et
979 1067 1233 1121 miracula
1257 1067 1507 1131 visibilia,
1538 1081 1806 1138 vocesque
1834 1067 2117 1123 verborum

531 1157 821 1213 secundum
850 1156 1240 1212 firmamentum
1272 1156 1417 1211 Libri
1444 1156 1541 1224 tui,
1582 1158 1775 1228 quibus
1803 1158 1961 1213 etiam
1988 1158 2119 1215 ﬁde-

532 1248 609 1303 les
638 1246 1102 1313 benedicercntur,
1135 1262 1199 1301 ex
1231 1248 1453 1302 materia
1482 1247 1746 1317 corporali
1774 1248 2075 1318 produxisti
2104 1267 2118 1305 :

532 1345 585 1390 et
610 1333 802 1391 deinde
828 1335 1064 1392 ﬁdelium
1090 1337 1321 1392 animam
1344 1338 1516 1392 vivam
1546 1354 1644 1409 per
1670 1338 1891 1394 affectus
1910 1338 2122 1394 ordina-

532 1437 615 1481 tos
640 1428 983 1483 continentia:
1012 1430 1202 1499 vigore
1232 1429 1475 1484 formasﬁ
1498 1432 1515 1463 ί
1542 1447 1556 1483 :
1588 1437 1745 1500 atque
1770 1429 1892 1485 inde
1915 1430 2006 1484 tibi
2023 1430 2120 1485 soli

453 1504 468 1517 ’
532 1527 767 1575 mentem
796 1521 1094 1589 subditam,
1125 1529 1181 1576 et
1207 1522 1400 1576 nullius
1426 1523 1757 1578 auctoritatis
1786 1522 2029 1578 humanae
2053 1523 2120 1578 ad

533 1609 846 1665 imitandum
878 1612 1224 1683 indigentem,
1257 1614 1527 1668 renovasti
1554 1613 1620 1668 ad
1649 1613 1932 1684 imaginem
1962 1624 2014 1669 et
2043 1614 2118 1668 si-

531 1701 886 1757 militudinem
915 1713 1058 1758 tuam
1089 1721 1101 1757 :
1130 1706 1507 1775 prtestantique
1550 1705 1844 1760 intellectui
1881 1706 2116 1759 rationa-

532 1793 694 1848 bilem
741 1795 1004 1850 actionem
1025 1838 1040 1863 ,
1066 1804 1316 1865 tanquam
1344 1797 1459 1851 viro
1486 1796 1761 1864 feminam,
1798 1797 2071 1852 subdidisti
2101 1817 2113 1852 ε

532 1883 886 1954 omnibusque
913 1886 1017 1941 tuis
1044 1886 1353 1940 ministeriis
1381 1887 1447 1941 ad
1476 1886 1830 1956 perlicieudos
1851 1888 2033 1943 ﬁdeles
2064 1890 2113 1942 in

532 1970 635 2026 hac
661 1973 768 2027 vita
790 1976 1125 2041 necessariis,
1156 1976 1223 2030 ab
1246 1975 1446 2031 eisdem
1475 1975 1716 2031 ﬁdelibus
1738 1978 1804 2030 ad
1837 1993 1961 2033 usus
1986 1987 2118 2033 tem-

528 2062 758 2130 porales,
791 2064 1056 2119 fructuosa
1089 2067 1142 2120 in
1165 2067 1396 2121 futurum
1425 2081 1586 2136 Opera
1615 2067 1842 2137 prmberi
1877 2070 2111 2124 voluisti.

529 2149 658 2206 Haec
679 2155 855 2207 omnia
888 2156 1145 2222 videmus,
1181 2167 1233 2212 et
1258 2158 1396 2213 bona
1426 2167 1550 2213 sunt
1578 2160 1750 2226 valde,
1785 2162 2034 2232 quoniam
2060 2170 2114 2218 tu

529 2256 593 2297 ea
622 2244 771 2299 vides
798 2246 848 2299 in
877 2247 1049 2315 nobis,
1082 2249 1171 2318 qui
1198 2250 1473 2318 Spiritum,
1503 2267 1607 2323 quo
1634 2269 1696 2309 ea
1727 2255 2029 2312 videremus
2061 2267 2115 2312 et

527 2331 584 2387 in
609 2333 685 2390 eis
714 2342 762 2391 te
790 2351 1111 2407 amaremus,
1135 2341 1329 2395 dedisti
1360 2343 1531 2398 nobis.

1117 2471 1344 2529 CAPUT
1384 2475 1600 2533 XXXV.

1165 2564 1320 2635 Optat
1345 2585 1541 2638 pacem.

594 2671 682 2728 50.
714 2674 936 2730 Domine
953 2675 1309 2748 Deus,|paeem
1336 2681 1402 2737 da
1427 2683 1578 2739 nobis
1597 2685 1947 2756 (omniaenim
1975 2705 2110 2760 prac-

526 2762 707 2817 stitisti
736 2764 949 2835 nobis);
981 2782 1166 2837 pacem
1196 2772 1404 2839 quietis,
1433 2789 1615 2843 pacem
1647 2777 1872 2844 sabbati,
1904 2782 2108 2837 sabbati

523 2854 641 2907 sine
668 2870 889 2923 vespera
918 2861 960 2910 ³.
1005 2858 1189 2916 Omnis
1218 2863 1410 2934 quippe
1436 2866 1537 2921 iste
1563 2869 1694 2922 ordo
1724 2871 2111 2939 pulcherrimus

522 2958 702 2999 rerum
727 2948 880 3003 valde
927 2949 1183 3007 bonarum
1233 2956 1404 3010 modis
1448 2960 1561 3013 suis
1606 2963 1834 3028 peractis
1862 2966 2109 3021 transitu-

521 3042 615 3082 rus
635 3038 749 3097 est;
780 3040 833 3086 ct
858 3048 1013 3089 mane
1037 3037 1231 3107 quippe
1252 3040 1302 3093 in
1333 3041 1411 3095 eis
1442 3041 1633 3097 factum
1657 3056 1757 3113 cst,
1783 3056 1838 3103 ct
1859 3064 2104 3120 vespera.

1081 3148 1310 3206 CAPUT
1350 3151 1589 3209 XXXVI.

655 3232 805 3289 Diem
833 3239 1098 3307 septimum
1128 3258 1342 3310 vespera
1384 3263 1539 3315 quare
1573 3266 1675 3304 non
1700 3262 1956 3325 sequatur.

585 3344 673 3399 5l.
707 3345 827 3401 Dies
856 3360 1033 3405 autem
1065 3355 1326 3423 septimus
1354 3358 1470 3413 sine
1499 3375 1720 3432 veSpcra
1742 3374 1841 3430 est,
1876 3381 1974 3421 nec
2005 3366 2099 3421 ha-

519 3437 610 3495 bet
637 3455 881 3497 occasum
904 3485 918 3511 ,
951 3447 1073 3516 quia
1118 3450 1457 3507 sanctiﬁcasti
1487 3468 1609 3509 eum
1649 3456 1715 3510 ad
1770 3461 2099 3527 permansio-

575 3574 593 3647 ξ
627 3573 788 3647 {Index
811 3580 1152 3647 Benignianus,
1175 3581 1397 3647 ﬁrmasti.

572 3635 981 3714 Lsniclegendu‘in
1013 3635 1290 3714 liquet'cum
1313 3647 1557 3697 Albinensi
1579 3649 1777 3714 codice;
1803 3666 1916 3714 non,
1942 3661 1994 3704 ut
2016 3652 2096 3704 alii

1094 314 1468 373 ADMONITlO
1508 316 1596 371 DE
1636 311 2112 384 SEQUENTIBUS
2152 313 2418 373 DUOBUS
2454 315 3003 387 SOLILOQUIORUM
3043 323 3280 381 LIDRlS.

3712 329 3815 388 868

2227 445 2349 485 nem
2375 433 2784 503 sempiternam;
2815 444 2869 491 ut
2894 437 2943 491 id
2971 438 3111 508 quod
3135 449 3187 494 tu
3221 448 3335 510 post
3359 456 3521 512 opera
3552 452 3641 500 tua
3670 444 3804 501 bona

2226 522 2399 591 valde,
2431 526 2672 596 quamvis
2698 542 2758 581 ea
2785 528 2991 599 quietus
3018 529 3230 599 feceris,
3250 533 3551 603 requievisti
3582 538 3812 609 septimo

2226 611 2335 679 die,
2361 614 2462 670 hoc
2492 615 2852 687 prmloquatur
2874 619 3028 675 nobis
3053 636 3154 675 vox
3183 620 3326 677 Libri
3350 624 3444 692 tui,
3467 625 3609 695 quod
3637 636 3693 682 et
3718 642 3814 682 nos

2229 714 2345 775 post
2374 723 2537 777 opera
2578 718 2780 778 nostra,
2809 710 2931 767 ideo
2975 712 3112 768 bona
3144 715 3294 770 valde
3322 717 3440 787 quia
3485 726 3539 773 tu
3572 720 3723 775 nobis
3752 736 3812 778 ea

2227 798 2457 865 denasti,
2504 799 2723 857 sabbato
2769 802 2893 857 vita:
2930 812 3144 859 mterna:
3199 808 3597 877 requiescamus
3642 809 3697 865 in
3745 822 3811 867 te.

2746 912 2974 970 CAPUT
3014 914 3283 971 XXXVII.

2586 1006 2722 1062 Deus
2746 1009 2798 1062 in
2823 1009 2964 1064 nobis
2988 1010 3191 1081 quando
3223 1012 3455 1083 quiescet.

2298 1081 2388 1154 52.
2438 1098 2607 1153 Etiam
2660 1107 2785 1155 tunc
2834 1102 2975 1156 enim
3029 1103 3107 1157 sic
3157 1106 3459 1174 rcquiesces
3534 1106 3588 1160 in
3639 1106 3809 1173 nobis,

2227 1190 2673 1260 quemadmodum
2712 1208 2855 1249 nunc
2892 1197 3132 1265 operaris
3161 1197 3217 1251 in
3246 1199 3431 1263 nobis;
3484 1210 3539 1254 et
3593 1199 3662 1256 ita
3706 1202 3809 1258 erit

2230 1281 2314 1335 illa
2357 1283 2567 1352 requies
2609 1291 2696 1338 tua
2726 1300 2820 1354 per
2866 1301 2986 1354 nos,
3038 1288 3483 1357 quemadmodum
3539 1301 3665 1346 sunt
3716 1294 3814 1347 ista

2228 1387 2391 1439 Opera
2420 1382 2507 1426 tua
2538 1390 2631 1443 per
2658 1390 2776 1431 nos.
2820 1376 2900 1431 Tu
2947 1385 3145 1443 autem,
3178 1380 3417 1447 Domine,
3448 1398 3662 1452 semper
3688 1400 3814 1453 ope-

2228 1464 2381 1529 raris,
2410 1473 2464 1519 et
2488 1479 2700 1536 semper
2742 1468 3051 1539 requiescis.
3079 1469 3190 1526 Nec
3236 1471 3386 1527 vides
3423 1471 3490 1526 ad
3533 1482 3739 1543 tempus
3772 1476 3811 1541 ¹,

2228 1569 2325 1609 nec
2349 1557 2578 1610 moveris
2608 1556 2675 1612 ad
2706 1568 2933 1628 tempus,
2984 1575 3083 1615 nec
3126 1560 3356 1631 quiescis
3382 1563 3449 1617 ad
3497 1574 3732 1635 tempus;
3760 1575 3815 1621 et

2228 1652 2404 1699 tamen
2449 1644 2577 1701 facis
2606 1656 2661 1702 et
2687 1649 2918 1706 visiones
2964 1652 3305 1722 temporales,
3331 1661 3391 1710 et
3412 1654 3523 1726 ipsa
3551 1666 3810 1728 tempora,

2225 1741 2279 1788 et
2302 1736 2534 1805 quietem
2562 1752 2625 1792 ex
2656 1748 2914 1810 tempore.

2785 1849 3007 1909 CAPUT
3047 1854 3331 1912 xxxvm.
3404 1830 3427 1846 ⁸

2470 1918 2631 1974 Aliter
2651 1920 2806 1983 Deus.
2838 1922 2987 1978 aliter
3015 1926 3165 1980 homo
3205 1929 3337 1982 videt
3361 1940 3548 1985 creata.

2293 2009 2382 2065 55.
2408 2009 2517 2092 Nos
2544 2010 2720 2081 itaque
2747 2014 2845 2067 ista
2870 2028 2988 2084 qum
3014 2013 3184 2072 fecisti
3206 2019 3464 2086 videmus,
3494 2023 3615 2092 quia
3641 2032 3765 2079 sunt
3796 2042 3808 2054 ·

2224 2108 2278 2153 ιιι
2307 2088 2483 2155 autem
2509 2103 2631 2172 quia
2671 2103 2819 2158 vides
2863 2120 2946 2172 ea,
2991 2116 3132 2162 sunt.
3176 2109 3242 2164 Et
3285 2125 3384 2166 nos
3412 2110 3539 2168 foris
3569 2113 3811 2171 videmus

2221 2190 2343 2259 quia
2373 2201 2512 2258 sunt,
2544 2205 2598 2247 et
2628 2194 2769 2249 intus
2793 2196 2913 2265 quia
2947 2198 3081 2251 bona
3114 2209 3240 2254 sunt
3269 2218 3281 2254 :
3315 2210 3369 2256 tu
3397 2213 3573 2258 autem
3618 2204 3691 2259 ibi
3721 2208 3809 2260 vi-

2220 2279 2344 2334 disti
2372 2282 2528 2348 facta,
2558 2283 2651 2338 ubi
2683 2284 2865 2340 vidisti
2906 2286 3171 2344 facienda.
3202 2291 3268 2345 Et
3296 2306 3395 2346 nos
3424 2294 3528 2349 alio
3570 2303 3813 2365 tempore

2220 2373 2349 2426 moti
2378 2388 2561 2428 sumus
2586 2375 2651 2430 ad
2673 2376 3132 2447 hencfaciendum,
3181 2392 3521 2453 posteaquam
3551 2388 3805 2455 concepit

2218 2462 2286 2517 de
2333 2462 2531 2533 Spiritu
2581 2474 2671 2520 tuo
2713 2482 2806 2522 cor
2849 2478 3117 2536 nostrum;
3151 2474 3327 2542 priore
3353 2485 3528 2531 autem
3564 2486 3811 2547 tempore

2217 2556 2281 2611 ad
2298 2557 2435 2611 male
2446 2556 2743 2615 faciendum
2770 2562 3113 2619 movebamur
3142 2565 3448 2622 deserentes
3470 2576 3521 2624 te.
3542 2586 3555 2622 :
3576 2576 3633 2623 tu
3652 2585 3810 2637 vero,

2220 2650 2359 2705 Deus
2380 2667 2481 2705 unc
2506 2652 2664 2720 bone,
2692 2668 2963 2726 nunquam
2990 2659 3211 2713 cessasti
3243 2659 3576 2717 benefacere.
3597 2662 3811 2719 Etsunt

2216 2741 2457 2810 quaedam
2504 2743 2642 2797 bona
2671 2759 2836 2814 opera
2878 2756 3058 2803 nostra
3086 2764 3152 2804 ex
3187 2765 3407 2807 munere
3435 2754 3648 2822 quidem
3690 2764 3806 2822 tuo,

2216 2832 2309 2887 sed
2336 2848 2440 2887 non
2469 2836 2790 2904 sempiterna
2814 2855 2829 2893 :
2874 2848 2993 2907 post
3023 2839 3108 2894 illa
3136 2857 3233 2896 nos
3261 2843 3596 2913 requieturos
3624 2845 3677 2899 in
3709 2854 3807 2900 tua

2214 2926 2399 2997 grandi
2445 2929 2863 2987 sanctiﬁcatione
2902 2946 3199 3001 speramus.
3246 2934 3326 2989 Tu
3368 2947 3549 2991 autem
3601 2936 3808 2996 bonum

2214 3019 2358 3073 nullo
2386 3019 2625 3090 indigens
2647 3020 2806 3087 bono,
2836 3038 3049 3092 semper
3073 3025 3280 3094 quietus
3303 3040 3392 3092 es;
3421 3028 3673 3098 quoniam
3701 3037 3803 3084 tua
3896 3066 3900 3070 -

2212 3114 2363 3183 quies
2395 3123 2448 3169 tu
2468 3115 2580 3185 ipse
2606 3130 2686 3172 es.
2716 3116 2781 3171 Et
2808 3115 2911 3171 hoc
2940 3117 3232 3188 intelligere
3261 3119 3378 3188 quis
3409 3119 3683 3175 hominum
3704 3120 3807 3178 da—

2214 3205 2292 3260 bit
2323 3204 2564 3259 homini?
2602 3206 2721 3276 quis
2759 3207 2981 3277 angelus
3020 3209 3242 3278 angelo?
3279 3209 3398 3280 quis
3445 3211 3668 3281 angelus
3697 3211 3806 3267 ho-

2211 3298 2376 3352 mini?
2401 3299 2439 3351 A
2486 3307 2539 3354 te
2577 3306 2808 3368 petatur,
2842 3300 2894 3354 in
2924 3310 2975 3356 te
3016 3312 3299 3371 qumratur,
3328 3301 3393 3357 ad
3428 3312 3477 3358 te
3511 3303 3756 3372 pulsetur
3789 3322 3803 3361 :

2208 3388 2285 3443 sic
2317 3431 2332 3456 ,
2385 3390 2463 3443 sic
2516 3389 2836 3459 accipietur,
2886 3391 2964 3448 sic
3012 3393 3345 3460 invenietur,
3402 3395 3479 3449 sic
3528 3396 3805 3468 aperietur

2207 3481 2429 3550 (Matth.
2458 3498 2550 3546 vn,
2582 3482 2674 3552 8).
2714 3483 2905 3538 Amen.

2269 3594 2285 3625 ι
2322 3594 2405 3643 Hic
2428 3593 2696 3661 editiones,
2713 3603 2921 3658 excepta
2943 3596 3213 3658 Arnaldina,
3225 3598 3537 3661 interponunt
3558 3600 3664 3651 hazc
3686 3615 3804 3653 ver-

2202 3655 2264 3725 ba
2286 3667 2372 3704 nec
2390 3653 2608 3720 operaris
2629 3653 2696 3707 ad
2725 3653 2910 3723 tempus
2930 3670 3075 3724 :qua:
3097 3653 3271 3711 absunt
3291 3673 3320 3710 a
3341 3653 3593 3725 plerisque
3615 3663 3803 3715 codici-

509 3693 733 3759 plerique
755 3693 873 3750 aditi
897 3708 949 3751 et
968 3693 1134 3766 scripti
1154 3693 1895 3779 meneyacza‘ss'zé‘ae'spé};
1902 3693 1916 3714 ⁷
1945 3693 1994 3704 “’
2016 3693 2096 3704 “”’
2201 3693 2421 3768 B‘us'ifss'.‘

554 3809 632 3854 3|
658 3817 675 3843 Ι
1212 3828 1244 3832 Ν.
1488 3824 1493 3827 ς
1563 3824 1570 3830 .
2008 3832 2075 3836 AAA,
2098 3833 2189 3838 ,____
2216 3834 2415 3839 7,._;___‘,
2436 3834 3781 3888 ..ὑφ-ΜΞί

608 3849 698 3856 -----
724 3850 853 3857 ο-ννε
1180 3860 1183 3861 ν
1390 3862 1465 3867 ι.-
1511 3861 1583 3869 η.-
1618 3862 1735 3871 ..α-η..
1804 3870 1827 3873 ,η
1992 3870 2713 3881 -_._.._.-,——___._..___.-———.

1048 4153 1155 4213 DE
1199 4154 1733 4231 SEQUENTIBUS
1774 4164 2082 4229 DUOBUS

2222 3962 2772 4246 ἷέἓωξίω
2814 4171 3068 4234 LIBRIS
3113 4172 3223 4255 (a).

1962 4318 2331 4374 «eam»

579 4419 713 4476 Cum
745 4420 795 4475 id
821 4422 997 4492 operis
1017 4425 1232 4481 molitus
1256 4437 1335 4482 est
1358 4428 1702 4500 Augustinus,
1728 4433 2038 4489 versabatur
2058 4414 2467 4494 adhh'inrure
2494 4440 2813 4509 Cassiciaco,
2834 4457 2899 4496 ex
2921 4443 3012 4497 lib.
3042 4444 3076 4499 9
3103 4444 3281 4514 Conf.,
3309 4463 3357 4504 c.
3386 4451 3451 4518 ις
3483 4452 3788 4527 agebatquc

507 4526 705 4568 annum
736 4518 907 4570 aetatis
931 4518 1256 4587 trigesimum
1288 4523 1523 4587 tertium,
1556 4535 1612 4579 ut
1637 4526 1747 4595 ipse
1769 4525 1856 4581 hic
1884 4535 2107 4582 testatur
2130 4528 2220 4583 lib.
2250 4531 2299 4595 Ι,
2328 4546 2378 4585 c.
2410 4532 2497 4587 10.
2529 4531 2865 4604 QuaprOptcr
2894 4535 2991 4591 sub
3019 4535 3228 4593 initium
3259 4543 3383 4597 anni
3430 4518 3629 4602 Christi
3658 4518 3779 4604 tre-

498 4607 781 4663 ceutcsimi
808 4613 1119 4680 OClOgcsimi
1164 4616 1377 4684 septimi
1419 4619 1788 4677 etillocandum
1818 4623 2059 4692 videtur;
2089 4626 2190 4680 nisi
2230 4626 2363 4683 forte
2389 4630 2507 4699 quis
2537 4630 2663 4686 velit
2690 4632 2758 4689 ad
2806 4636 3098 4706 superioris
3141 4638 3267 4692 anni
3311 4637 3473 4695 ﬁnem
3501 4655 3621 4697 cum
3658 4644 3784 4700 aliis

498 4699 757 4757 hactenus
785 4706 1061 4760 recensitis
1088 4710 1337 4777 operibus
1358 4712 1643 4780 pertinere.

571 4791 629 4845 In
674 4793 849 4865 primo
876 4794 1013 4850 libro
1058 4812 1115 4852 sc
1164 4798 1277 4868 ipse
1296 4800 1361 4854 ad
1388 4802 1564 4856 vivum
1618 4804 1887 4876 depingit,
1945 4824 2082 4861 nova
2132 4810 2380 4879 quadam,
2435 4813 2529 4868 sed
2577 4830 2830 4887 perquam
2882 4818 3124 4875 familiari
3181 4822 3440 4880 methodo
3489 4824 3786 4883 edocturus

493 4884 943 4954 quemadmodum
996 4900 1361 4960 comparatum
1400 4909 1518 4951 esse
1560 4906 1804 4966 oporteat
1852 4915 2004 4966 eum,
2052 4902 2143 4971 qui
2192 4903 2281 4957 Dci
2325 4914 2379 4959 et
2417 4907 2609 4962 anima:
2657 4923 2945 4979 capessere
2989 4914 3262 4969 scientiam
3307 4916 3474 4987 cupit.
3516 4917 3784 4989 Loquitur

492 4990 622 5033 vero
650 4978 702 5033 in
727 4980 913 5048 primis
942 4981 1009 5039 de
1029 4986 1225 5041 mentis
1246 4987 1473 5043 sanitate
1498 4989 1735 5046 subsidio
1764 4990 1906 5059 ﬁdei,
1930 4996 2041 5063 spei
2073 5004 2126 5049 et
2150 4995 2421 5052 charitatis
2452 4978 2815 5068 procuranda;
2848 5012 2903 5059 et
2926 5007 3118 5061 mentis
3140 5008 3350 5063 oculum
3368 5009 3497 5066 dum
3525 5012 3593 5067 ab
3626 5015 3779 5069 omni

490 5084 673 5126 rerum
704 5070 1015 5130 inferiorum
1036 5077 1329 5147 cupiditate
1353 5089 1608 5151 purgatus
1628 5082 1717 5150 sit,
1747 5084 1799 5137 in
1823 5086 1992 5141 solem
2024 5088 2170 5143 illum
2196 5089 2337 5145 haud
2363 5090 2578 5161 impune
2604 5094 2794 5161 attolli,
2823 5095 3018 5152 nedum
3044 5098 3094 5153 in
3116 5113 3183 5155 eo
3208 5098 3363 5171 deﬁgi
3405 5117 3565 5174 posse
3586 5114 3780 5161 osten-

498 5162 596 5217 dit.
632 5161 919 5222 Secundus
944 5167 1080 5224 liber
1100 5169 1153 5224 in
1178 5186 1243 5226 eo
1264 5182 1509 5228 versatur
1528 5180 1693 5243 totus,
1724 5185 1785 5231 ut
1804 5177 2200 5235 demonstretur
2236 5197 2505 5253 nunquam
2528 5184 2983 5244 iutermorituram
3021 5204 3141 5247 esse
3164 5161 3483 5263 veritatem;
3512 5198 3653 5254 unde
3688 5199 3777 5269 ip-

490 5253 603 5308 sius
627 5255 820 5312 anima:
839 5274 960 5328 qua:
990 5261 1233 5317 veritatis
1262 5264 1420 5320 sedes
1441 5273 1544 5332 est,
1570 5266 1939 5325 immortalitas
1956 5271 2240 5341 colligitur.

576 5368 731 5431 Vide
758 5370 986 5434 librum
1016 5374 1075 5449 1,
1109 5394 1244 5457 cap.
1282 5376 1357 5453 ιι,
1388 5380 1974 5459 Retractationum,
2011 5383 2131 5446 col.
2161 5384 2482 5468 589-590,
2533 5413 2570 5454 α
2609 5394 2853 5467 verbis,
2898 5397 3075 5462 Inter
3118 5399 3253 5465 hac
3291 5404 3558 5485 scripsi,
3588 5424 3655 5470 η.
3691 5408 3726 5471 1
3748 5452 3773 5486 ,

487 5487 679 5549 usque
712 5472 794 5534 ad
819 5473 1006 5536 verba
1028 5495 1095 5557 η,
1123 5476 1185 5555 Is,
1207 5479 1407 5544 Varia
1438 5501 1714 5546 mecum.
2007 5487 2094 5548 M.

510 5593 1601 5689 gn{trilingui}Ieditionege‘rie‘digin‘a“librosde
1621 5609 1799 5660 Ordine
1822 5619 2122 5677 sequuntur;
2148 5612 2237 5664 sed
2259 5613 2354 5665 huc
2378 5616 2722 5682 transtulimus,
2746 5622 2873 5685 quod
2897 5623 3068 5676 vividis
3085 5624 3279 5689 pietatis
3300 5627 3554 5683 affectibus
3573 5638 3768 5688 Conta-

486 5663 675 5707 stouum
695 5667 881 5711 natura":
905 5663 1057 5725 magis
1080 5665 1285 5727 proximi
1306 5666 1420 5717 sint.
1486 5675 1543 5720 at.
