4078 6366
1545 428 1729 564 3L

1985 317 2673 331 Ἥ

2031 323 3562 385 ἠή--ε--ιῖι--α--ς-μ-ᾐ-Ἶ-ἡ-,Ἧ

1740 317 3061 578 3mm

1311 643 1725 715 HIPPON
1742 645 1984 717 ENSI
2004 647 2056 718 S
2124 648 2615 723 EPISCOPI

982 784 2952 998 SOLILOQUIORUM'

1359 1055 1878 1170 LIBRI
1937 1061 2305 1175 Ι)υο
2359 1051 2501 1174 (³)-

1680 1327 1689 1335 .
1744 1251 2158 1345 M943»-

1244 1493 1251 1500 ·
1344 1455 1816 1572 LIBER
1895 1459 2546 1570 PBLMUS.

367 1658 570 1728 instituit
595 1669 649 1706 se
677 1658 780 1719 ipse
807 1657 1094 1738 itttgustinus
1112 1657 1172 1738 ad
1195 1657 1538 1738 capessendam
1560 1658 1720 1738 Deilet
1741 1658 1911 1738 animae
1948 1662 2236 1738 scientiam;
2277 1676 2332 1734 ac
2374 1665 2577 1736 primum
2601 1665 2808 1715 divinam
2830 1681 2972 1729 opem
2996 1671 3232 1733 implorat,
3257 1680 3358 1722 tum
3397 1677 3560 1738 agnita

307 1718 453 1798 ille:
476 1732 628 1798 flll‘l‘“.
641 1717 1037 1798 9999395§éi31§fii
1046 1717 1560 1798 υψξες,ιτ.πξςςεῑξιειξξέςιρ,
1574 1717 1858 1798 alites"?!
1879 1734 2049 1798 essem
2063 1724 2132 1798 ede
2156 1717 2298 1798 θιιίιειί
2316 1717 2391 1795 .su'i
2413 1728 2618 1798 sanitate
2643 1717 2981 1790 νιόιιιονέιιαει»
2999 1717 3560 1798 ὑὶὶιὶῑὶιῦἱίιὸῶὶὶῶιῐίίίἦ

279 1776 454 1838 _Dcum
478 1776 580 1830 tuto
602 1776 1052 1842 denium'assurgau
1077 1781 1136 1827 Ad
1164 1776 1436 1831 eitremutn
1455 1777 1563 1828 libri
1585 1776 1784 1842 colligit,
1805 1793 1864 1830 ea
1885 1795 1994 1843 qua:
2021 1797 2137 1834 vere
2160 1793 2287 1845 sunt,
2315 1786 2591 1836 intmortalia
2618 1776 2748 1838 esse.

1767 1909 2134 1968 sesese»:

444 2037 664 2093 CAPUT
713 2037 994 2093 PRIMUM.
1023 2067 1091 2077 —
1129 2037 1352 2090 Precatio
1401 2039 1466 2090 ad
1517 2037 1692 2092 Deum.

373 2129 423 2181 1.
471 2128 706 2181 Volventi
755 2129 879 2182 mihi
913 2128 1072 2180 mttlta
1113 2142 1174 2180 ac
1219 2127 1362 2180 varia
1402 2143 1608 2182 meeum
1655 2129 1779 2191 ditt,
1813 2143 1876 2181 ac

301 2233 397 2289 per
429 2219 623 2273 multos
650 2219 766 2275 dies
791 2219 978 2273 scdulo
1006 2219 1259 2287 qttmrenti
1289 2221 1654 2288 mentctipsum
1684 2234 1746 2273 ac
1775 2220 1871 2272 bo-

303 2326 428 2364 num
471 2327 671 2377 meum,
701 2311 891 2380 quidve
920 2310 1040 2365 mali
1081 2311 1381 2364 evitandum
1422 2321 1590 2375 esset;
1630 2312 1702 2379 ait
1751 2311 1877 2364 mihi

299 2401 492 2464 subito,
523 2403 633 2455 sive
659 2417 755 2470 ego
781 2401 914 2470 ipse,
947 2401 1058 2454 sive
1083 2401 1220 2455 alius
1242 2401 1360 2470 quis
1381 2403 1730 2467 extrinsecus,
1766 2402 1877 2455 sive

301 2491 636 2556 intrinsecus,
668 2491 852 2545 nescio
883 2508 896 2543 :
929 2506 1048 2544 nam
1074 2491 1170 2543 hoc.
1198 2491 1365 2560 ipsum
1393 2501 1470 2545 est
1500 2492 1637 2560 quod
1662 2507 1877 2561 magno-

301 2596 426 2650 pere
455 2582 590 2636 scire
618 2581 805 2634 molior
838 2600 849 2635 :
879 2581 951 2636 ait
975 2596 1098 2650 ergo
1130 2581 1274 2644 mihi,
1318 2581 1383 2635 Π.
1413 2580 1508 2654 (b).
1541 2581 1700 2649 Ecce,
1723 2581 1802 2636 fac
1827 2592 1877 2636 te

302 2673 566 2727 invenisse
604 2672 837 2743 aliquid;
883 2672 966 2726 cui
1015 2672 1435 2738 comntendabis,
1481 2682 1537 2726 ttt
1587 2687 1772 2743 pergas
1811 2675 1874 2727 ad

299 2763 534 2817 aliaiA.
594 2763 862 2818 Memoria:
905 2763 1123 2817 scilicet.
1179 2763 1246 2818 R.
1291 2765 1524 2818 Tantane
1577 2764 1660 2818 illa
1700 2774 1780 2819 est
1823 2774 1879 2819 ttt

301 2856 592 2926 excogitata
635 2857 809 2909 omnia
857 2856 992 2910 bene
1035 2857 1242 2910 servet?
1289 2855 1352 2908 Α.
1389 2854 1607 2910 Difﬁcile
1635 2865 1739 2922 est,
1771 2856 1878 2909 imo

301 2962 407 3000 non
456 2956 644 3015 potest.
681 2945 746 3000 Β.
777 2946 916 3016 Ergo
953 2945 1288 3000 scribendum
1326 2954 1424 3000 cst.
1456 2947 1558 3001 Sed
1589 2947 1713 3016 quid
1742 2947 1877 3017 agis,

301 3041 440 3110 quod
483 3040 730 3093 valetudo
771 3049 856 3093 tua
907 3038 1172 3094 scribendi
1222 3039 1456 3093 laborem
1505 3039 1745 3093 recusat?
1771 3039 1878 3094 Nec

301 3131 399 3184 ista
428 3130 611 3184 dicuu-i
642 3128 862 3194 debent;
895 3143 1016 3182 nam
1064 3127 1398 3182 solitudinem
1441 3141 1642 3182 meram
1670 3126 1878 3182 deside-

301 3231 436 3275 rant.
491 3221 555 3274 Α.
602 3219 796 3273 Verum
837 3219 986 3274 dicis.
1040 3216 1221 3288 Itaque
1268 3232 1486 3287 prorsus
1533 3217 1710 3272 nescio
1752 3217 1876 3288 quid

301 3327 470 3381 agam.
503 3309 568 3362 Il.
598 3308 698 3364 Ora
745 3309 966 3363 salutem
994 3315 1046 3362 et
1075 3307 1326 3361 auxilium
1370 3322 1475 3377 quo
1502 3307 1567 3360 ad
1599 3308 1876 3377 concupita

303 3400 598 3471 pervenias,
623 3409 677 3455 et
706 3399 806 3454 hoc
832 3399 1002 3467 ipsum
1041 3398 1230 3452 litteris
1277 3397 1486 3460 manda,
1521 3406 1577 3451 ut
1600 3398 1751 3468 prole
1789 3406 1875 3452 tua

307 3493 400 3546 tias
425 3491 732 3544 aninmsior.
783 3489 982 3544 Deinde
1025 3489 1165 3559 quod
1207 3487 1407 3541 invenis
1435 3488 1616 3556 paucis
1661 3489 1876 3544 conclu-

301 3583 557 3638 sinnculis
582 3583 819 3637 breviter
857 3581 1063 3650 collige.
1093 3579 1204 3635 Nec
1229 3581 1385 3634 modo
1417 3594 1572 3635 cures
1613 3580 1879 3634 invitatio-

305 3691 424 3730 nem
453 3675 616 3729 turbm
655 3672 969 3742 legentium;
1001 3670 1180 3741 paucis
1228 3671 1326 3725 ista
1371 3677 1454 3726 sat
1496 3677 1652 3726 erunt
1676 3670 1877 3725 civibus

304 3767 422 3820 tuis.
455 3765 519 3820 Α.
547 3765 620 3819 lta
650 3759 856 3839 faciam.

369 3855 426 3910 2.
455 3856 598 3909 Deus
625 3850 983 3907 univcrsitatis
1003 3849 1266 3914 conditor,
1287 3857 1477 3919 praista
1501 3849 1629 3903 mihi
1653 3849 1875 3918 primum

307 3957 360 4002 ut
390 3947 525 4001 bene
555 3953 607 3999 te
631 3959 834 4014 regem,
880 3941 1073 3997 deinde
1101 3949 1161 3995 ut
1187 3956 1272 3994 me
1296 3956 1445 4009 agant
1477 3941 1688 4009 dignum
1719 3954 1874 4009 quem

306 4036 575 4100 exaudias,
597 4044 867 4104 postremo
887 4041 945 4086 ut
973 4032 1187 4087 liberes.
1216 4031 1354 4085 Deus
1375 4047 1467 4100 per
1491 4045 1644 4098 quem
1675 4031 1872 4093 omnia,

303 4145 420 4199 qnze
451 4143 545 4198 per
568 4143 626 4181 se
653 4140 755 4180 non
785 4132 986 4187 essent,
1024 4122 1245 4178 tendunt
1273 4135 1414 4175 esse.
1448 4121 1584 4174 licus
1613 4121 1700 4188 qui
1731 4133 1797 4173 ne
1827 4119 1875 4172 id

304 4219 516 4290 quidem
530 4216 666 4287 quod
685 4232 741 4270 se
757 4213 981 4270 invicem
997 4213 1228 4282 perimit,
1252 4212 1428 4281 perire
1442 4211 1717 4280 permittis.
1744 4211 1878 4263 Deus

302 4311 391 4380 qui
419 4311 487 4366 de
512 4307 677 4362 nihilo
703 4305 955 4360 mundum
981 4305 1135 4358 istum
1192 4301 1408 4367 creasti,
1461 4317 1618 4372 quem
1643 4302 1877 4355 omnium

304 4402 442 4456 oculi
483 4400 721 4456 sentiunt
749 4395 1182 4466 pulcherrimum.
1214 4394 1356 4448 Dens
1383 4393 1472 4464 qui
1519 4391 1715 4446 malum
1770 4407 1876 4444 non

305 4493 434 4550 lacis
457 4535 471 4556 ,
499 4502 552 4548 et
580 4491 710 4545 facis
749 4504 867 4544 esse
893 4503 963 4543 ne
992 4488 1275 4558 pessimum
1316 4485 1430 4540 ﬂat.
1458 4485 1597 4540 Deus
1621 4485 1710 4554 qui
1753 4499 1882 4553 pau-

304 4585 380 4642 cis
400 4584 465 4639 ad
494 4583 544 4637 id
568 4581 708 4653 quod
735 4596 858 4635 vere
883 4588 963 4634 est
984 4577 1362 4649 refugientibus
1379 4618 1394 4642 ,
1426 4576 1660 4632 ostendis
1686 4576 1880 4629 malum

305 4675 433 4730 nihil
474 4688 614 4728 esse.
651 4672 788 4728 Deus
814 4686 908 4740 per
933 4684 1088 4740 quem
1121 4669 1435 4723 universitas
1475 4667 1630 4720 etiam
1661 4682 1778 4719 cum
1803 4666 1879 4721 si-

304 4768 467 4823 nistra
497 4775 648 4835 parte
676 4762 903 4834 perlecta
933 4770 1032 4815 est.
1076 4761 1216 4814 Deus
1242 4776 1271 4813 a
1291 4773 1397 4829 quo
1432 4757 1752 4812 dissonantia
1789 4773 1880 4810 us-

301 4874 404 4930 que
433 4859 486 4912 in
503 4865 803 4913 extremum
846 4853 986 4908 nulla
1014 4860 1116 4918 est,
1146 4866 1264 4905 cum
1290 4851 1552 4905 deteriora
1575 4849 1882 4903 melioribus

303 4951 606 5006 concinunt.
639 4949 777 5002 Deus
796 4961 951 5016 quem
969 4949 1111 4998 amat
1125 4959 1282 4998 omne
1307 4943 1447 5014 quod
1485 4953 1655 5013 potest
1680 4955 1878 5005 amare,

302 5041 413 5098 sive
458 5039 654 5106 sciens,
681 5037 794 5093 sive
835 5035 1096 5092 nesciens.
1138 5035 1277 5090 Deus
1316 5034 1367 5087 in
1393 5048 1496 5102 quo
1533 5040 1656 5087 sunt
1680 5031 1876 5096 onmia,

1981 2036 2064 2090 cui
2097 2043 2268 2092 tamen
2301 2039 2558 2094 universa:
2577 2053 2832 2098 creaturae
2857 2060 2953 2099 nec
2972 2045 3236 2114 turpitudo
3255 2047 3418 2116 turpis
3436 2059 3538 2116 est,

1981 2142 2078 2180 nec
2104 2127 2297 2181 malitia
2317 2138 2487 2195 nocet,
2513 2147 2610 2186 nec
2636 2147 2786 2186 error
2809 2145 2968 2188 errat.
3001 2137 3134 2190 Dens
3157 2138 3244 2205 qui
3271 2137 3370 2191 nisi
3396 2153 3551 2192 mun-

1980 2215 2077 2270 dos
2120 2232 2300 2272 vermn
2337 2219 2472 2273 seire
2523 2222 2755 2276 noluisti.
2804 2225 2941 2278 Deus
2991 2234 3141 2294 pater
3180 2226 3438 2294 veritatis,
3467 2242 3558 2297 pa-

1983 2313 2063 2359 ter
2090 2307 2380 2375 sapientim,
2410 2318 2558 2376 pater
2587 2327 2723 2365 verte
2739 2327 3065 2383 stimulatque
3089 2315 3229 2379 vitae,
3262 2325 3410 2384 pater
3429 2316 3552 2370 bea-

1987 2395 2243 2460 lilttdinis,
2290 2408 2441 2468 pater
2478 2398 2598 2454 boni
2644 2410 2694 2454 et
2742 2403 2967 2470 pulchri,
3009 2411 3157 2472 pater
3208 2405 3548 2474 intelligibilis

1983 2488 2134 2555 lucis,
2163 2499 2311 2559 pater
2349 2493 2700 2560 evigilationis
2735 2503 2890 2562 atque
2916 2495 3310 2550 illuminationis
3333 2504 3548 2565 nostra,

1981 2589 2133 2649 pater
2163 2581 2398 2649 pignoris
2414 2597 2517 2650 quo
2535 2583 2883 2636 admonemur
2911 2584 3083 2639 redire
3103 2585 3168 2639 ad
3197 2594 3267 2640 te.

2053 2671 2105 2723 5.
2137 2670 2210 2723 Te
2245 2671 2451 2735 invoco,
2477 2671 2616 2726 Deus
2651 2673 2862 2736 veritas,
2904 2674 2956 2726 in
2981 2689 3084 2743 quo
3107 2685 3159 2728 et
3183 2689 3214 2729 a
3238 2690 3342 2746 quo
3370 2684 3423 2730 et
3449 2690 3546 2747 per

1981 2775 2136 2829 quem
2173 2775 2298 2814 vera
2318 2769 2439 2814 sunt
2463 2803 2476 2827 ,
2516 2776 2634 2832 qua:
2662 2778 2784 2818 vera
2813 2775 2935 2818 sunt
2953 2766 3149 2819 omnia.
3183 2767 3320 2822 Deus
3340 2768 3552 2837 sapien-

1983 2853 2076 2917 tia,
2109 2851 2159 2904 in
2191 2866 2296 2920 quo
2323 2861 2378 2906 et
2403 2867 2432 2903 a
2462 2868 2566 2922 quo
2585 2862 2638 2908 et
2657 2869 2752 2922 per
2771 2869 2925 2923 quem
2946 2856 3175 2924 sapiunt,
3202 2873 3320 2928 qure
3345 2858 3556 2927 sapiunt

1981 2942 2176 2996 omnia.
2209 2942 2347 2998 Deus
2368 2958 2490 2997 vera
2530 2955 2582 2998 et
2617 2959 2822 2998 summa
2847 2946 2972 3011 vita,
3004 2947 3056 3000 in
3085 2963 3189 3016 quo
3220 2957 3274 3002 et
3301 2960 3331 3002 a
3374 2963 3480 3020 quo
3506 2958 3561 3004 et

1983 3046 2078 3100 per
2111 3047 2266 3100 quem
2301 3033 2637 3102 vivunt,qua3
2666 3051 2788 3087 vere
2813 3049 3124 3106 summeque
3148 3037 3326 3092 vivunt
3352 3038 3548 3093 omnia.

1986 3122 2127 3177 Deus
2152 3122 2424 3180 beatitudo
2450 3164 2464 3188 ,
2510 3123 2560 3176 in
2587 3139 2690 3192 quo
2718 3133 2772 3178 et
2798 3140 2826 3176 a
2869 3141 2974 3193 quo
3001 3134 3054 3180 et
3096 3142 3190 3194 per
3214 3142 3370 3196 quem
3394 3128 3548 3184 beata

1987 3219 2130 3278 sunt,
2150 3227 2270 3281 qua:
2289 3210 2444 3266 beata
2464 3213 2790 3266 suntonmia.
2817 3214 2952 3268 Deus
2969 3214 3162 3268 bonum
3184 3227 3237 3270 et
3252 3217 3558 3285 pulchrum,

1981 3301 2033 3355 itt
2058 3315 2162 3370 quo
2186 3310 2239 3356 et
2259 3316 2286 3353 a
2308 3315 2413 3370 quo
2431 3310 2484 3356 et
2511 3317 2604 3371 per
2631 3317 2786 3371 quem
2809 3303 2940 3356 bona
2962 3313 3015 3358 et
3031 3304 3244 3372 pulchra
3274 3314 3415 3372 sunt,
3441 3322 3560 3377 qua:

1983 3393 2117 3447 bona
2141 3401 2196 3449 et
2215 3393 2430 3463 pulchra
2461 3404 2581 3448 sunt
2617 3397 2815 3450 omnia.
2841 3396 3332 3464 Densintelligibilis
3363 3399 3470 3463 lux,
3503 3398 3557 3453 in

1981 3495 2084 3551 quo
2103 3491 2156 3536 et
2177 3498 2207 3536 a
2226 3497 2331 3552 quo
2350 3492 2402 3537 et
2425 3498 2683 3554 perquem
2707 3484 3096 3555 intelligibiliter
3120 3487 3310 3551 lucent,
3336 3502 3452 3558 qua:
3472 3487 3556 3542 in-

1982 3575 2327 3644 telligibililer
2343 3575 2521 3630 lucent
2537 3576 2733 3630 omnia.
2752 3576 2886 3630 Deus
2905 3575 3056 3645 cujus
3082 3591 3298 3646 regnum
3319 3587 3400 3633 est
3415 3586 3554 3634 totus

1982 3664 2228 3732 mundus,
2257 3680 2415 3736 quem
2450 3681 2639 3721 sensus
2682 3667 2910 3737 ignorat.
2945 3669 3085 3722 Deus
3113 3668 3180 3724 de
3217 3669 3367 3739 cujus
3391 3685 3556 3741 regno

1981 3755 2065 3809 lex
2087 3755 2244 3810 etiam
2271 3756 2322 3809 in
2351 3756 2449 3810 ista
2482 3771 2640 3826 regna
2673 3757 3005 3812 describitur.
3030 3758 3169 3812 Deus
3200 3774 3350 3828 aquo
3362 3763 3547 3825 averti,

1981 3846 2202 3911 cadere;
2233 3847 2284 3900 in
2312 3862 2468 3917 quem
2494 3849 2748 3910 converti,
2778 3863 3083 3918 resurgere;
3116 3850 3169 3903 in
3197 3865 3300 3918 quo
3320 3866 3554 3918 manere,

1981 3938 2274 3992 consistere
2293 3946 2396 3992 est.
2424 3938 2562 3992 Deus
2590 3954 2618 3992 a
2644 3952 2749 4008 quo
2779 3939 2946 4002 exire,
2976 3940 3169 4003 emori;
3203 3941 3255 3994 in
3284 3955 3438 4010 quem
3466 3957 3556 3996 re-

1982 4026 2113 4092 dire,
2132 4027 2470 4092 reviviscere;
2494 4028 2544 4082 in
2558 4044 2661 4097 quo
2675 4027 2932 4093 habitare,
2949 4029 3124 4083 vivere
3137 4038 3234 4083 est.
3255 4031 3390 4084 Deus
3401 4045 3558 4098 quem

1985 4133 2141 4172 nemo
2161 4118 2372 4184 atnittit,
2392 4119 2489 4172 nisi
2502 4118 2774 4188 deceptus;
2792 4135 2948 4188 quem
2963 4134 3116 4174 nemo
3137 4121 3451 4190 quaerit,nisi
3467 4121 3554 4176 ad-

1983 4211 2240 4275 monitus;
2269 4226 2425 4279 quem
2445 4226 2600 4265 nemo
2612 4211 2828 4272 invenit,
2844 4211 2942 4265 nisi
2956 4222 3225 4282 purgatus.
3242 4212 3383 4268 Deus
3400 4227 3556 4282 quem

1986 4303 2310 4372 relinquere,
2335 4304 2438 4386 hoe
2463 4313 2546 4358 est
2567 4303 2707 4372 quod
2728 4304 2937 4373 perire;
2965 4319 3121 4373 quem
3139 4305 3432 4372 attendere,
3457 4305 3559 4359 hoc.

1984 4403 2066 4448 est
2093 4393 2231 4464 quod
2260 4409 2471 4459 amare;
2503 4410 2660 4463 quem
2690 4394 2891 4462 videre,
2923 4393 3024 4450 hoc
3067 4396 3306 4465 estquod
3336 4396 3553 4452 habere.

1987 4487 2125 4542 Deus
2142 4486 2226 4540 cui
2255 4500 2354 4540 nos
2382 4485 2512 4540 lides
2538 4487 2750 4553 excitat,
2773 4500 2896 4556 spes
2914 4487 3088 4557 erigit,
3111 4488 3342 4544 Charitas
3361 4489 3554 4560 jungit,

1987 4578 2127 4631 Dens
2147 4591 2241 4645 per
2265 4593 2420 4646 quem
2445 4577 2706 4631 vincimus
2725 4577 3016 4646 inimicum,
3040 4589 3093 4634 te
3111 4580 3391 4650 deprecor.
3417 4582 3558 4638 Deus

1989 4683 2080 4736 per
2103 4682 2260 4738 quem
2299 4667 2599 4736 accepimus
2628 4668 2642 4698 ¹
2679 4681 2746 4722 ne
2771 4667 2991 4722 omnino
3018 4669 3331 4739 periretnns.
3362 4671 3500 4725 Deus
3525 4687 3558 4724 a

1987 4773 2090 4828 quo
2113 4758 2460 4813 admonemur
2483 4767 2544 4812 ut
2575 4757 2876 4828 vigilemus.
2911 4761 3049 4816 Deus
3088 4777 3184 4831 per
3208 4777 3364 4832 quem
3393 4777 3423 4816 a
3453 4777 3553 4817 ma-

1987 4851 2052 4905 lis
2091 4851 2226 4905 hona
2270 4865 2598 4921 separamus.
2644 4852 2783 4909 Deus
2808 4868 2904 4923 per
2941 4870 3096 4924 quem
3138 4855 3277 4909 mala
3305 4853 3556 4924 fugimus,

1985 4950 2041 4995 et
2082 4941 2220 4995 bona
2262 4942 2557 5011 sequimur.
2585 4941 2725 4997 Deus
2755 4959 2846 5012 per
2873 4959 3030 5012 quem
3072 4960 3176 4998 non
3205 4943 3443 4998 cedimus
3462 4944 3558 4998 ad-

1987 5031 2342 5086 versitatibus.
2370 5032 2510 5086 Deus
2536 5047 2630 5102 per
2645 5048 2801 5096 quem
2825 5033 2959 5088 bene
2974 5033 3233 5088 servimus
3258 5033 3461 5088 ctbene
3475 5033 3562 5088 do-

1795 5133 2068 5172 ADHONITIO.

366 5213 604 5264 necensiti
627 5218 742 5261 sunt
783 5210 843 5259 ad
889 5216 992 5257 MSS.
1018 5207 1317 5266 't‘huaneum,
1341 5205 1650 5264 Victorinum,
1672 5203 1990 5261 Navarricum,
2013 5202 2291 5266 sorhonicos
2310 5201 2449 5266 duos,
2472 5204 2952 5266 negiouontensem,
2973 5184 3358 5266 Audoenensem,
3382 5208 3562 5257 Meder-

305 5263 531 5335 densetn,
553 5263 912 5323 vindocinensis
933 5269 1207 5335 monasterii
1231 5263 1397 5335 unum,
1421 5266 1480 5314 ad
1504 5263 1794 5335 vaticanum,
1832 5266 2155 5335 vedastinttm,
2193 5263 2252 5312 ad
2286 5263 2581 5335 Anglic-ames
2600 5266 2835 5335 quinque,
2872 5263 3056 5335 scilicet
3080 5263 3414 5335 bodieianuin.
3445 5267 3564 5317 ducs

309 5325 443 5389 ﬁeri.
469 5325 529 5386 et'
543 5335 748 5386 totidem
767 5339 898 5382 Cant.
917 5330 977 5380 ad
996 5328 1231 5379 lectiones
1251 5327 1548 5391 Belgioorutn
1569 5327 1784 5390 quinque
1807 5337 1895 5388 per
1917 5325 2238 5374 Lovanienses
2251 5325 2513 5387 collectas;
2537 5333 2590 5376 et
2609 5325 2670 5375 ad

2752 5327 2926 5376 itiones
2945 5327 3055 5376 Bad.
3079 5333 3152 5376 Er.
3179 5335 3232 5378 et
3246 5335 3356 5378 nov.

387 5415 900 5497 Comparaeimus
933 5418 1231 5492 prwterea
1273 5429 1370 5470 eas
1403 5426 1605 5470 omnes
1649 5407 1948 5470 editiones
1996 5405 2184 5468 initio
2230 5406 2772 5468 Retractationum
2819 5409 2882 5466 et
2925 5400 3415 5466 Confessionum
3441 5422 3561 5464 mc-

320 5495 614 5562 moratds.
699 5495 788 5558 M.

372 5603 445 5726 ξοζ
466 5603 633 5674 Scripti
655 5601 747 5672 sub
771 5598 956 5666 initium
977 5607 1055 5645 an.
1078 5591 1375 5662 Cltristi.387.

396 5665 424 5715 b
472 5674 522 5714 It.
547 5662 780 5724 Signiﬁcat
807 5665 960 5718 Ratio,
990 5667 1038 5705 ,4.
1068 5658 1367 5720 Augustinus.

396 5658 445 5724 b3
472 5674 522 5714 It.
547 5658 780 5724 signiﬁcat
807 5658 960 5718 Ratio,
990 5667 1038 5705 ,4.
1068 5658 1367 5720 Augustinus.

2061 5588 2074 5618 '
2099 5591 2148 5636 In
2167 5593 2270 5637 Mss.
2289 5593 2481 5652 septem
2499 5597 2560 5636 ex
2580 5585 2859 5649 potioribus,
2885 5594 3004 5638 Deus
3020 5599 3156 5650 quem
3171 5587 3435 5650 accepimus
