4078 6366
533 302 632 377 871

532 446 821 491 mtnamur.
857 433 996 488 Deus
1034 445 1128 503 per
1155 448 1309 503 quem
1350 430 1599 487 discimus
1632 433 1798 485 aliena
1844 446 1962 484 esse
1991 444 2109 497 qua:

532 526 817 597 aliquando
866 535 1084 592 nostra,
1145 533 1200 579 et
1249 535 1431 579 nostra
1487 537 1605 577 esse
1657 538 1775 592 quae
1825 523 2108 591 aliquando

528 618 699 672 aliena
737 619 1070 687 putabamus.
1129 617 1265 673 Deus
1314 632 1408 686 per
1445 632 1603 685 quem
1656 615 1914 669 malorum
1968 616 2107 669 escis

527 719 686 779 atque
725 710 986 766 illecebris
1017 725 1121 763 non
1163 708 1445 763 hmrcmus.
1482 708 1620 761 Deus
1658 721 1753 776 per
1801 721 1958 777 quem
2009 722 2105 760 nos

526 814 613 858 res
656 805 874 857 minime
921 818 1023 856 non
1067 782 1325 855 minuunt.
1372 802 1511 854 Deus
1558 815 1651 869 per
1701 806 1860 868 qttem
1913 798 2103 853 melius

527 903 766 947 nostrum
792 894 1039 947 deteriori
1070 893 1365 961 subjectum
1390 892 1493 945 ndn
1525 902 1624 945 est.
1655 888 1796 945 Deus
1823 906 1917 959 per
1941 888 2098 960 quem

525 999 672 1039 mors
716 985 1027 1041 absorbetur
1052 987 1102 1039 iu
1148 985 1421 1039 victoriam
1450 983 1498 1054 (l
1523 982 1640 1038 Cor.
1670 998 1762 1044 xv.
1793 983 1919 1048 54).
1962 984 2101 1037 Deus

521 1078 611 1146 'qui
633 1093 730 1131 nos
750 1079 1030 1133 convertis.
1054 1079 1191 1131 Deus
1217 1076 1302 1146 qui
1327 1091 1421 1130 nos
1443 1090 1507 1130 eo
1522 1074 1661 1145 quod
1692 1090 1793 1127 non
1817 1083 1899 1129 est
1924 1076 2095 1142 exuis,

522 1178 576 1222 et
604 1184 667 1223 eo
695 1168 832 1237 quod
860 1178 941 1223 est
968 1167 1156 1221 induis.
1191 1169 1326 1221 Deus
1347 1167 1434 1236 qui
1463 1181 1560 1219 nos
1586 1166 1911 1219 exaudibilcs
1941 1165 2093 1222 facis.

522 1260 662 1314 Deus
687 1259 773 1329 qui
806 1274 902 1314 nos
941 1259 1113 1312 munis
1142 1260 1179 1310 ί.
1215 1258 1351 1311 Deus
1394 1258 1481 1327 qui
1511 1270 1610 1311 nos
1640 1257 1691 1310 in
1719 1272 1932 1311 omnem
1959 1256 2097 1310 veri—

520 1358 680 1403 tatem
712 1348 937 1403 inducis.
972 1348 1111 1402 Deus
1149 1349 1235 1417 qui
1279 1348 1431 1402 nobis
1457 1348 1631 1401 omnia
1663 1348 1797 1402 bona
1840 1346 2088 1417 loqueris,

518 1454 617 1493 nec
659 1439 871 1493 insanos
916 1438 1079 1502 facis,
1110 1453 1208 1492 nec
1245 1453 1273 1491 a
1316 1453 1581 1507 quoquam
1613 1436 1723 1491 fieri
1773 1438 1923 1491 sinis.
1953 1438 2093 1491 Deus

514 1533 601 1601 qui
646 1547 745 1586 nos
782 1547 1001 1587 revocas
1044 1532 1095 1585 in
1144 1532 1302 1584 viam.
1338 1532 1475 1585 Deus
1502 1531 1588 1600 qui
1621 1545 1720 1584 nos
1762 1530 1978 1585 deducis
2023 1530 2089 1584 ad

510 1626 744 1694 januam.
811 1626 951 1680 Deus
998 1622 1085 1695 qui
1139 1624 1267 1678 facis
1330 1632 1387 1677 ut
1439 1623 1769 1692 pulsantibus
1826 1624 2091 1691 aperiatur

514 1706 733 1785 (Matth.
759 1732 847 1781 vn,
878 1715 967 1786 8).
1000 1717 1137 1770 Deus
1163 1716 1249 1785 qui
1275 1716 1425 1769 nobis
1446 1715 1540 1769 das
1567 1714 1755 1785 panem
1784 1715 1921 1769 vita).
1950 1715 2089 1769 Deus

510 1824 606 1879 per
632 1825 787 1879 quem
816 1809 1023 1863 sitimus
1052 1818 1253 1877 potum,
1285 1823 1389 1877 quo
1418 1807 1605 1862 hausto
1636 1823 1901 1877 nunquam
1934 1808 2085 1863 sitia—

508 1916 625 1954 mus
656 1900 848 1971 (Joan.
879 1916 954 1968 Vl,
986 1900 1105 1970 55).
1128 1900 1263 1953 Deus
1280 1899 1365 1969 qui
1394 1899 1571 1979 arguis
1591 1898 1842 1953 smculum
1863 1898 1929 1954 de
1955 1914 2084 1968 pec-

508 2000 646 2057 cato,
674 1991 741 2045 de
763 1990 986 2059 justitia,
1018 2001 1069 2045 et
1095 1990 1163 2045 de
1185 1990 1387 2060 judicio
1409 1987 1529 2061 (Id.
1567 2005 1679 2053 xvn,
1706 1989 1791 2057 8).
1826 1990 1963 2044 Deus
1990 2006 2085 2059 per

507 2097 664 2151 quem
690 2097 787 2136 nos
804 2098 905 2136 non
936 2091 1152 2137 movent
1181 2082 1265 2152 qui
1296 2082 1511 2136 minime
1540 2082 1781 2137 credunt.
1815 2082 1954 2136 Deus
1983 2097 2080 2151 per

506 2188 662 2242 quem
708 2174 1065 2243 improbamus
1117 2188 1299 2227 eorum
1345 2184 1605 2237 errorem,
1653 2174 1740 2243 qui
1785 2172 2083 2228 animarum

506 2264 694 2317 merita
727 2264 870 2317 nulla
897 2279 1015 2317 esse
1038 2264 1173 2332 apud
1205 2271 1256 2317 te
1282 2271 1487 2332 putant.
1515 2264 1651 2317 Deus
1671 2279 1766 2332 per
1788 2279 1947 2332 quem
1975 2278 2081 2318 non

502 2355 763 2409 servimus
806 2355 1027 2409 infirmis
1057 2365 1110 2409 et
1143 2355 1327 2423 egenis
1354 2355 1629 2408 clementis
1659 2354 1863 2426 (Calai.
1889 2371 1963 2419 tv,
1988 2354 2078 2427 9).

503 2446 643 2501 Deus
672 2448 761 2517 qui
800 2462 897 2502 nos
926 2463 1140 2518 purgas,
1170 2456 1224 2502 et
1252 2448 1316 2501 ad
1347 2448 1522 2501 divina
1551 2463 1817 2518 przeparas
1838 2449 2077 2520 praemia,

474 2539 684 2595 adveni
713 2540 843 2594 mihi
873 2541 1129 2610 propitius
1152 2549 1226 2594 tu.

566 2632 619 2687 4.
639 2631 901 2702 Quidquid
927 2647 954 2684 a
973 2648 1058 2686 mc
1082 2631 1279 2685 dictum
1302 2640 1384 2686 est
1407 2673 1421 2697 ,
1444 2645 1580 2686 unus
1607 2632 1744 2688 Deus
1771 2640 1847 2698 tu,
1882 2641 1935 2688 tu
1959 2634 2078 2688 veni

498 2722 627 2776 mihi
660 2723 710 2776 in
741 2722 1023 2784 auxilium;
1074 2737 1176 2775 una
1226 2730 1421 2777 :etcrna
1467 2737 1588 2775 vera
1634 2724 1944 2789 substantia,
1991 2726 2078 2780 ubi

500 2814 643 2867 nulla
688 2813 1067 2883 discrepantia,
1118 2814 1259 2866 nulla
1303 2813 1562 2880 ceiifusio,
1612 2815 1753 2868 nulla
1810 2817 2071 2882 transitio,

498 2907 643 2960 nulla
671 2906 977 2976 indigentia,
1012 2906 1151 2960 nulla
1180 2921 1343 2961 mors.
1396 2906 1490 2961 Ubi
1538 2923 1742 2961 summa
1768 2909 2072 2975 concordia,

497 3012 705 3051 summa
749 2996 1034 3060 evidentia,
1065 3008 1269 3051 summa
1318 2998 1632 3061 constantia,
1677 3013 1882 3053 summa
1911 3000 2073 3069 pleni-

499 3088 645 3150 tudo.
678 3103 881 3142 summa
925 3088 1050 3143 vita.
1089 3087 1188 3143 Ubi
1219 3088 1353 3141 nihil
1396 3088 1565 3153 deest,
1618 3088 1748 3143 nihil
1791 3090 2070 3145 redundat.

500 3178 600 3233 Ubi
630 3179 718 3249 qui
739 3179 920 3249 gignit,
953 3186 1008 3233 et
1031 3194 1187 3249 quem
1213 3180 1378 3249 gignit
1405 3195 1567 3233 unum
1592 3190 1673 3234 est
1701 3180 1796 3253 (τι).
1829 3182 1966 3236 Deus
1988 3182 2073 3236 cui

494 3270 730 3324 serviunt
767 3270 961 3333 omnia,
996 3285 1113 3339 qua:
1133 3271 1407 3333 serviunt;
1438 3270 1521 3325 cui
1546 3271 1876 3341 obtemperat
1900 3274 2073 3327 omnis

494 3362 630 3416 bona
659 3362 852 3417 anima.
877 3362 1040 3432 Cujus
1069 3362 1272 3433 legibus
1296 3374 1537 3419 rotantur
1568 3364 1691 3434 poli,
1734 3380 1923 3421 cursus
1945 3381 2071 3422 suos

493 3452 667 3507 sidera
699 3463 976 3523 peragunt,
1005 3453 1085 3508 Sol
1111 3455 1506 3521 exercetdiem,
1540 3457 1659 3509 luna
1686 3465 1946 3525 temperat
1973 3474 2072 3511 no-

491 3552 628 3597 ctem
658 3560 672 3597 :
699 3544 977 3614 omnisque
998 3546 1225 3599 mundus
1248 3561 1342 3616 per
1360 3545 1497 3612 dies,
1528 3546 1895 3601 vicissitudine
1941 3540 2071 3603 lucis

490 3639 542 3685 et
568 3633 769 3697 noetis;
804 3641 897 3702 per
936 3650 1169 3700 menses,
1217 3635 1562 3690 incrementis
1605 3636 2070 3707 decrementisque

490 3722 794 3789 lunaribus;
825 3730 922 3794 per
951 3736 1139 3794 annos,
1172 3728 1332 3793 veris,
1363 3728 1577 3792 :estatis,
1604 3729 1843 3782 autumni
1872 3738 1925 3783 et
1953 3729 2068 3783 hie-

488 3816 589 3869 mis
618 3817 1076 3879 suceessiouibus;
1103 3831 1195 3885 per
1221 3818 1410 3883 instra,
1431 3818 1754 3887 perfectione
1773 3834 1960 3874 cursus
1985 3836 2071 3875 so-

488 3907 647 3972 laris;
684 3924 776 3978 per
804 3924 1024 3977 magnos
1054 3908 1231 3976 orbes,
1276 3912 1495 3964 recursu
1522 3910 1572 3963 in
1596 3919 1744 3964 ortus
1772 3925 1897 3965 suos
1924 3912 2067 3967 side-

489 4014 628 4066 rum,
657 4014 901 4070 magnam
921 4014 1100 4055 rerum
1123 4001 1496 4065 constantiam,
1525 4009 1778 4071 quantttm
1802 4004 2070 4059 sensibilis

488 4091 706 4146 materia
734 4091 949 4161 patitttr,
981 4100 1277 4162 temporum
1301 4093 1576 4149 ordinibus
1608 4095 2064 4165 replicationilmsé

488 4190 592 4251 que
635 4181 883 4236 custodit.
932 4182 1071 4238 Deus
1111 4184 1263 4254 cujus
1303 4184 1507 4254 legibus
1534 4186 1585 4239 in
1614 4201 1727 4239 :evo
1773 4188 2064 4255 stantibus,

489 4280 665 4326 motus
710 4272 969 4328 instabilis
997 4287 1174 4329 rerum
1206 4275 1535 4329 mutabilium
1582 4277 1916 4346 perturbatus
1946 4294 2067 4335 esse

490 4378 595 4419 non
614 4363 1104 4437 sinitur,frenisque
1129 4368 1567 4423 circumeuntium
1586 4370 1901 4426 saaculorum
1927 4388 2066 4427 sem-

488 4470 583 4523 per
607 4455 672 4509 ad
702 4456 1098 4513 similitudinem
1128 4459 1427 4514 stabilitatis
1457 4469 1736 4515 revocatur
1766 4464 1780 4517 :'
1808 4461 1957 4531 cujus
1985 4463 2064 4518 le-

487 4544 639 4611 gibus
667 4545 941 4600 arbitrium
961 4549 1151 4602 anima:
1174 4549 1397 4604 liberum
1424 4561 1525 4617 est,
1557 4551 1815 4623 bonisque
1845 4555 2064 4624 pravmia

488 4642 543 4687 et
573 4635 723 4689 malis
749 4651 940 4705 poenae,
972 4639 1088 4693 lixis
1120 4656 1213 4708 per
1254 4642 1430 4696 omnia
1460 4643 1860 4699 necessitatibus
1888 4646 2066 4701 distri-

486 4725 623 4779 but:e
666 4736 806 4780 sunt.
837 4728 977 4783 Deus
1002 4745 1032 4784 a
1060 4746 1165 4801 quo
1194 4741 1408 4786 manant
1435 4741 1601 4804 usque
1639 4736 1705 4789 ad
1752 4752 1847 4790 nos
1887 4740 2061 4792 omnia

482 4815 639 4881 bona,
672 4832 702 4871 ιι
728 4834 832 4887 quo
860 4830 1173 4876 coercentur
1193 4836 1223 4876 a
1251 4822 1403 4877 nobis
1423 4824 1597 4879 omnia
1627 4827 1781 4882 mala.
1813 4826 1948 4881 Deus
1970 4845 2063 4882 su-

489 4922 579 4978 pra
606 4927 763 4981 quem
801 4913 963 4982 nihil,
991 4920 1137 4969 extra
1165 4930 1321 4986 quem
1353 4918 1504 4983 nihil,
1534 4918 1649 4973 sine
1674 4934 1779 4989 quo
1805 4920 1931 4975 nihil
1959 4933 2061 4977 est.

483 5010 625 5059 Deus
640 5004 739 5058 sub
763 5014 1053 5075 quototum
1072 5018 1171 5073 est,
1196 5009 1245 5061 in
1273 5020 1379 5079 quo
1404 5019 1567 5065 totum
1591 5026 1690 5074 eat.
1714 5024 1831 5067 eum
1850 5029 1953 5083 quo
1984 5023 2068 5069 to-'-

481 5106 593 5151 tum
623 5109 725 5152 est.
755 5098 853 5164 Qui
900 5099 1066 5154 fecisti
1100 5100 1366 5156 hominem
1394 5104 1459 5157 ad
1490 5103 1769 5175 imaginem
1795 5116 1846 5160 et
1871 5109 2062 5163 simili-

483 5186 721 5242 tudinem
778 5198 938 5249 tuam.
992 5190 1129 5260 quod
1183 5192 1270 5261 qui
1325 5208 1384 5247 se
1432 5193 1544 5263 ipse
1596 5196 1748 5250 novit
1801 5199 2059 5266 agnoscit.

480 5277 707 5346 Exaudi,
730 5281 939 5345 exaudi,
955 5283 1142 5336 exaudi
1166 5299 1272 5349 me,
1297 5286 1434 5339 Deus
1458 5300 1626 5353 meus,
1651 5287 1869 5344 Domine
1890 5306 2058 5361 meus,

482 5382 575 5424 rex
604 5385 773 5437 meus,
800 5380 947 5440 pater
974 5387 1143 5439 meus,
1172 5386 1331 5430 causa
1349 5392 1487 5444 mea,
1514 5392 1637 5449 spes
1664 5394 1800 5447 mea,
1821 5394 1906 5436 res
1920 5398 2058 5451 mea,

484 5460 656 5517 honor
687 5476 858 5529 meus,
886 5462 1075 5517 domus
1102 5480 1242 5530 mea,
1268 5469 1432 5537 patria
1464 5485 1600 5536 mea,
1634 5472 1775 5526 salus
1802 5489 1937 5539 mea,
1973 5475 2060 5531 lux

487 5562 626 5613 mea,
657 5550 761 5604 vita
790 5567 925 5606 mea.
959 5553 1181 5620 Exaudi,
1206 5558 1415 5625 exaudi,
1448 5562 1637 5616 exatdi
1669 5578 1750 5620 me
1774 5579 1921 5621 more.
1950 5566 2038 5621 illo

546 5663 562 5693 ⁸
582 5668 776 5725 Septem
804 5672 929 5723 3:55.,
950 5665 1077 5715 imis.

537 5728 610 5796 (τι)
634 5734 788 5787 videt
817 5742 1042 5799 Retract,
1068 5750 1169 5800 cap.
1199 5739 1244 5799 4,
1271 5754 1318 5790 n.
1344 5742 1388 5791 5.

1715 311 2259 383 sontoomoauu
2299 316 2353 371 s.
2396 296 2758 378 AUGUSTlNl

3690 332 3791 389 872

2220 438 2308 481 tuo
2336 435 2514 499 paucis
2541 437 2838 489 notissimo.
3056 460 3059 461 ν
3142 504 3148 511 ἦ

2285 524 2338 576 5.
2362 524 2476 578 Jam
2512 537 2561 580 te
2596 529 2765 581 solum
2802 542 2945 594 amo,
2990 536 3038 583 te
3074 529 3248 586 solum
3283 546 3497 602 sequor,
3537 543 3588 591 te
3619 538 3790 593 solum

2211 628 2413 682 qumro,
2444 616 2535 671 tibi
2574 620 2673 672 soli
2701 620 2900 675 servire
2940 632 3157 691 paratus
3193 638 3335 690 sum,
3381 628 3503 696 quia
3553 638 3608 684 tu
3646 633 3789 687 solus

2204 704 2348 773 juste
2373 708 2701 776 dominaris;
2733 713 2804 767 tui
2841 712 2975 783 juris
3008 729 3126 770 esse
3166 719 3345 787 cupio.
3394 719 3553 788 Jube,
3582 738 3783 792 qumso,

2206 800 2365 865 atque
2402 798 2602 868 impera
2650 802 2904 872 qui‘dquid
2936 805 3034 870 vis,
3062 806 3156 860 Sed
3183 821 3313 862 sana
3359 818 3413 863 et
3450 813 3595 880 aperi
3630 828 3784 867 aures

2208 890 2374 954 meas,
2406 891 2595 958 quibus
2623 907 2781 948 voces
2812 902 2926 949 tuas
2950 887 3183 950 audiam.
3206 898 3341 954 Sana
3362 910 3416 956 et
3432 904 3581 973 aperi
3603 908 3783 959 oculos

2204 990 2374 1042 meos,
2405 980 2599 1048 quibus
2629 992 2787 1037 nutus
2815 992 2931 1039 tuos
2958 986 3188 1041 videam.
3222 989 3439 1060 Expelle
3467 1009 3495 1045 a
3527 1010 3613 1048 me
3641 994 3782 1049 iusa-

2204 1068 2366 1135 niam,
2402 1080 2456 1124 ut
2484 1078 2859 1144 recognOscam
2892 1086 2960 1131 te.
2991 1078 3085 1133 Dic
3111 1080 3241 1135 mihi
3271 1098 3371 1152 qua
3404 1086 3697 1153 attendam,
3728 1096 3782 1144 ut

2202 1160 2453 1233 aspiciam
2486 1171 2571 1229 te,
2604 1175 2656 1220 et
2708 1168 2884 1221 omnia
2926 1185 3012 1225 me
3053 1185 3209 1241 spero
3256 1188 3375 1243 qua:
3413 1175 3638 1244 jusseris
3662 1194 3781 1235 esse

2202 1254 2481 1307 iacturum.
2514 1254 2729 1326 Recipe,
2760 1275 2874 1325 oro,
2901 1259 3174 1331 fugitivum
3203 1271 3372 1330 tuum,
3400 1266 3641 1335 Domine,
3671 1271 3779 1325 cle-

2200 1344 2527 1399 mentissime
2552 1356 2699 1415 pater
2731 1367 2743 1403 :
2772 1349 2983 1419 jamjam
3007 1353 3134 1405 satis
3156 1363 3339 1421 ptenas
3368 1355 3625 1424 dederim,
3650 1362 3781 1415 satis

2199 1433 2424 1489 inimicis
2456 1435 2575 1515 tuis,
2609 1452 2742 1508 quos
2767 1440 2868 1494 sub
2909 1442 3134 1510 pedibus
3160 1444 3343 1510 habes,
3367 1448 3665 1515 servierim,
3694 1465 3779 1505 sa-

2200 1525 2265 1577 tis
2294 1512 2843 1585 fuerim‘failaciarum
2866 1532 3175 1588 ludibrium.
3217 1537 3411 1606 Accipe
3440 1554 3526 1593 me
3571 1540 3638 1594 ab
3668 1542 3781 1597 istis

2196 1614 2478 1685 fugientem
2510 1619 2763 1676 famulum
2793 1630 2961 1690 tuum,
2990 1626 3109 1695 quia
3137 1634 3190 1681 et
3212 1628 3295 1681 isti
3324 1643 3410 1684 me
3434 1632 3649 1701 quando
3670 1642 3697 1686 a
3728 1645 3777 1689 te

2195 1704 2454 1778 fugiebam
2479 1724 2804 1783 acceperunt
2831 1716 3084 1772 alienmn.
3107 1718 3187 1773 Ad
3218 1728 3269 1775 te
3291 1721 3420 1776 mihi
3448 1715 3775 1779 redeundum

2193 1814 2311 1854 esse
2335 1804 2507 1857 sentio
2536 1824 2547 1857 :
2580 1815 2756 1874 pateat
2785 1808 2911 1862 mihi
2944 1810 3167 1877 pulsanti
3189 1810 3353 1881 janua
3373 1822 3487 1879 tua;
3511 1818 3777 1885 quomodo

2191 1888 2256 1945 ad
2287 1899 2336 1946 te
2364 1895 2699 1961 perveniatur
2737 1897 2869 1952 doce
2906 1914 3010 1953 me.
3050 1899 3190 1954 Nihil
3225 1902 3366 1957 aliud
3411 1904 3582 1960 habeo
3618 1922 3775 1978 quam

2191 1984 2548 2051 voluntatem;
2582 1986 2708 2040 nihil
2739 1989 2878 2043 aliud
2910 1990 3020 2046 scio
3039 1991 3138 2046 nisi
3168 1991 3304 2047 fluxa
3336 2004 3389 2048 et
3410 1996 3605 2053 Caduca
3633 2012 3777 2067 Sper-

2190 2073 2361 2127 nenda
2401 2090 2551 2142 esse;
2597 2086 2742 2131 certa
2771 2087 2825 2133 et
2854 2088 3050 2135 arterna
3095 2084 3434 2151 requirenda.
3477 2084 3589 2141 Hoc
3614 2085 3772 2153 facio,

2190 2163 2365 2229 Pater,
2394 2167 2514 2236 quia
2538 2168 2639 2223 hoc
2662 2171 2832 2225 solum
2861 2173 3014 2236 novi;
3042 2174 3136 2228 sed
3168 2175 3311 2230 unde
3332 2176 3399 2230 ad
3423 2186 3472 2231 te
3500 2180 3775 2249 pervenias

2190 2262 2274 2309 tur
2301 2257 2507 2333 ignoro.
2538 2258 2616 2313 Tu
2641 2260 2768 2315 mihi
2804 2276 3045 2332 suggere,
3078 2273 3131 2319 tu
3162 2267 3402 2333 ostende,
3444 2276 3500 2322 tu
3527 2269 3771 2325 viaticum

2188 2347 2385 2414 praebe.
2418 2347 2473 2404 Si
2501 2349 2600 2404 fide
2629 2359 2679 2405 te
2710 2352 2982 2407 inveniunt
3010 2356 3099 2423 qui
3128 2355 3191 2409 ad
3221 2366 3271 2411 te
3294 2356 3577 2428 refugiunt,
3613 2360 3771 2415 fidem

2186 2436 2350 2500 da;si
2374 2438 2585 2505 virtute,
2606 2441 2889 2506 virtutem;
2928 2444 2972 2497 si
3010 2446 3250 2510 scicntia,
3285 2449 3580 2503 scientiam.
3622 2452 3775 2521 Auge

2186 2525 2240 2580 in
2266 2542 2350 2581 me
2378 2528 2557 2595 ﬁdem,
2590 2546 2723 2601 auge
2748 2546 2920 2602 spem,
2961 2549 3095 2605 auge
3135 2536 3473 2593 charitatcm.
3520 2540 3567 2597 0
3594 2541 3771 2596 admid

2185 2619 2348 2673 randa
2376 2630 2430 2677 et
2454 2622 2734 2693 singularis
2761 2626 2968 2682 bonitas
2998 2630 3119 2684 tuai

2256 2710 2308 2765 6.
2351 2712 2430 2767 Ad
2456 2722 2505 2769 te
2533 2716 2729 2781 ambio,
2762 2726 2817 2771 et
2839 2718 3032 2788 quibus
3056 2720 3215 2776 rebus
3239 2722 3304 2776 ad
3334 2731 3386 2777 te
3426 2724 3707 2790 ambiatur,
3735 2742 3769 2781 τι

2187 2809 2239 2855 te
2267 2818 2475 2858 rursum
2507 2816 2648 2874 peto.
2678 2807 2755 2861 Tu
2781 2809 2922 2863 enim
2950 2811 2993 2865 si
3022 2810 3245 2877 deseris,
3271 2814 3473 2883 peritur
3504 2834 3518 2871 :
3546 2817 3639 2873 sed
3661 2834 3770 2872 non

2184 2893 2408 2960 deseris,-
2432 2896 2551 2966 quia
2575 2904 2628 2951 tu
2659 2912 2717 2953 es
2746 2914 3008 2955 summum
3037 2900 3255 2968 bonum,
3285 2905 3425 2975 quod
3448 2922 3605 2964 nemo
3625 2920 3772 2965 recte

2182 2986 2440 3053 quaesivit,
2464 2995 2519 3041 et
2546 2989 2762 3046 minime
2788 2991 3005 3047 invenit.
3034 2992 3218 3049 Omnis
3244 3009 3419 3053 autem
3450 3008 3597 3056 recte
3622 3017 3771 3072 qum-

2181 3074 2321 3140 sivit,
2350 3092 2507 3146 quem
2548 3085 2602 3132 tu
2630 3089 2771 3134 recte
2800 3090 3042 3151 qumrere
3070 3083 3258 3139 fecisti.
3295 3086 3400 3142 Fac
3435 3105 3541 3154 me,
3577 3090 3760 3154 Pater,

2180 3181 2418 3235 quzerere
2444 3176 2514 3233 te,
2547 3170 2752 3226 vindica
2774 3188 2860 3228 me
2889 3173 2956 3229 ab
2984 3188 3199 3241 errore;
3230 3182 3487 3248 quzerenti
3540 3191 3592 3237 te
3635 3184 3766 3237 mihi

2180 3255 2307 3309 nihil
2352 3256 2491 3311 aliud
2541 3273 2638 3327 pro
2667 3269 2717 3315 te
2765 3273 3028 3318 occurrat.
3078 3265 3135 3320 Si
3176 3266 3306 3321 nihil
3340 3269 3482 3323 aliud
3517 3270 3775 3327 desidem

2178 3360 2335 3415 quam
2363 3356 2431 3412 te,
2456 3348 2719 3405 inveniam
2753 3361 2803 3407 te
2828 3354 2956 3423 jam,
2977 3371 3181 3425 qumso,
3203 3359 3375 3415 Pater.
3404 3360 3457 3416 Si
3480 3371 3657 3418 autem
3684 3377 3777 3421 est

2178 3436 2229 3491 in
2253 3454 2338 3493 me
2363 3441 2616 3510 superliui
2649 3444 2873 3515 alicujus
2901 3450 3175 3517 appetitio,
3208 3460 3261 3506 tu
3293 3452 3406 3521 ipse
3427 3470 3513 3511 me
3541 3458 3768 3520 munda,

2175 3537 2231 3584 et
2260 3530 2341 3586 fac
2370 3532 2614 3588 idoneum
2657 3537 2725 3591 ad
2773 3538 3053 3595 videndum
3086 3548 3155 3596 te.
3184 3543 3443 3600 Caeterum
3485 3547 3551 3603 de
3592 3549 3775 3605 salute

2176 3619 2332 3690 hujus
2352 3625 2589 3679 mortalis
2611 3629 2850 3697 corporis
2869 3629 2989 3695 mei,
3009 3632 3259 3701 quamdiu
3278 3638 3457 3690 nescio
3482 3638 3608 3708 quid
3627 3639 3763 3694 mihi

2174 3725 2240 3766 ex
2269 3726 2335 3767 eo
2374 3712 2501 3769 utile
2543 3715 2633 3783 sit,
2672 3719 2753 3773 vel
2784 3719 2860 3773 eis
2890 3736 3021 3790 quos
3068 3723 3250 3793 diligo,
3298 3726 3394 3780 tibi
3437 3728 3562 3783 illud
3610 3744 3770 3785 eom-‘

2175 3804 2348 3870 mitto,
2384 3804 2542 3861 Pater
2581 3810 2970 3877 sapientissime
3002 3824 3161 3883 atque
3202 3817 3422 3885 optime,
3463 3828 3518 3875 et
3558 3835 3654 3891 pro
3698 3839 3769 3880 eo

2173 3894 2314 3964 quod
2340 3896 2406 3950 ad
2434 3906 2642 3968 tempus
2666 3900 3006 3958 admonueris
3028 3904 3355 3977 deprecabor
3383 3926 3394 3962 :
3428 3918 3632 3967 tantum
3659 3928 3767 3968 oro

2174 3985 2667 4044 excellentissimam
2693 3991 3025 4049 clementiam
3060 4004 3225 4063 tuam,
3261 4008 3317 4052 ut
3342 4015 3428 4055 me
3459 4002 3668 4071 penitus
3694 4006 3765 4059 ad

2176 4082 2226 4128 te
2255 4086 2554 4143 convertas,
2587 4080 2824 4150 nihilque
2846 4082 2973 4137 mihi
3005 4099 3299 4155 repugnare
3330 4087 3492 4145 facias
3518 4092 3758 4149 tendenti

2173 4164 2238 4218 ad
2268 4174 2340 4233 te,
2368 4166 2660 4239 jubeasque
2679 4186 2765 4227 me
2791 4172 2917 4230 dum
2943 4174 3043 4229 hoc
3067 4176 3238 4245 ipsum
3260 4192 3451 4248 corpus
3474 4195 3572 4252 ago
3600 4193 3765 4255 atque

2172 4266 2343 4327 porto,
2374 4275 2586 4330 purum,-
2630 4267 3043 4337 magnanimum,
3088 4269 3309 4339 justum,
3337 4274 3763 4349 prudentemque

2171 4364 2313 4417 esse,
2369 4353 2768 4426 perfectumque
2822 4366 3113 4415 amatorem
3160 4372 3625 4438 perceptoremque
3672 4385 3763 4423 sa-

2170 4442 2382 4511 pientiae
2403 4453 2527 4510 tua),
2550 4446 2832 4517 etdignum
2853 4449 3197 4520 habitatione,
3220 4464 3377 4525 atque
3401 4455 3760 4516 habitatorem

2168 4531 2463 4591 beatissimi
2489 4538 2635 4608 regni
2661 4540 2753 4593 tui.
2784 4540 2976 4607 Amen,
3006 4557 3187 4599 amen.

2510 4650 2737 4708 CAPUT
2777 4653 2837 4708 11.
2862 4684 2932 4695 --
2963 4655 3099 4722 Quid
3123 4660 3415 4716 amandum.

2239 4739 2290 4793 7.
2351 4740 2413 4795 Α.
2476 4742 2613 4798 Ecce
2672 4744 2820 4798 oravi
2878 4746 3063 4801 Deum.
3121 4748 3188 4804 Β.
3243 4750 3378 4816 Quid
3434 4754 3561 4824 ergo
3616 4757 3757 4812 seire

2168 4832 2283 4886 vis?
2327 4834 2389 4886 Α.
2440 4834 2562 4889 llaec
2613 4836 2723 4905 ipsa
2772 4838 2949 4891 omnia
3012 4840 3130 4910 qua:
3172 4843 3339 4897 oravi.
3394 4842 3456 4897 R.
3516 4844 3759 4902 Breviter

2167 4938 2228 4978 ea
2274 4926 2479 4995 collige.
2527 4928 2590 4980 Α.
2656 4928 2821 4983 Deum
2872 4940 2926 4985 et
2980 4933 3209 4987 animam
3260 4936 3397 4991 scire
3447 4939 3622 5008 cupio.
3685 4940 3752 4994 Β.

2166 5013 2378 5071 Nihilne
2427 5018 2583 5087 phis?
2636 5019 2696 5071 Α.
2779 5018 2919 5075 Nihil
2975 5020 3211 5078 omnino.
3264 5022 3331 5080 Β.
3390 5024 3529 5099 Ergo
3582 5030 3757 5101 incipe

2166 5124 2423 5177 quazrere.
2489 5109 2593 5166 Sed
2652 5113 2797 5183 prius
2845 5115 3053 5186 explica
3107 5120 3371 5187 quomodo
3422 5122 3515 5179 tibi
3558 5123 3604 5179 si
3656 5125 3756 5180 de-

2167 5200 2487 5259 monstretur
2513 5204 2674 5271 Dcus,
2722 5205 2893 5274 possis
2936 5202 3133 5276 dicere,
3181 5210 3274 5266 Sat
3308 5221 3409 5267 est.
3451 5214 3513 5268 Α.
3563 5210 3758 5273 Nescio

2165 5295 2432 5364 quomodo
2458 5295 2583 5349 mihi
2613 5296 2967 5353 demonstrari
2985 5300 3194 5367 debeat,
3226 5315 3281 5357 ut
3300 5304 3495 5372 dicam,
3521 5308 3613 5363 Sat
3635 5316 3751 5364 est:

2165 5396 2269 5438 non
2299 5384 2439 5440 enim
2469 5384 2629 5441 credo
2671 5402 2758 5442 me
2786 5388 2925 5444 seire
2964 5389 3159 5461 aliquid
3190 5393 3288 5460 sic,
3320 5398 3590 5466 quomodo
3615 5401 3754 5455 scire

2164 5474 2333 5531 Deum
2359 5475 2629 5531 desidero.
2660 5475 2729 5531 Β.
2762 5478 2897 5545 Quid
2919 5493 3048 5551 ergo
3072 5483 3315 5552 agimus?
3337 5484 3525 5546 Nonne
3564 5504 3753 5545 censes

2165 5566 2311 5635 prius
2336 5566 2428 5621 tibi
2460 5582 2580 5622 esse
2599 5567 2894 5633 sciendum,
2922 5572 3190 5641 quomodo
3212 5572 3303 5629 tibi
3326 5574 3491 5631 Deum
3512 5577 3648 5634 scire
3668 5593 3751 5631 sa-

2165 5656 2232 5709 tis
2259 5657 2346 5719 sit,
2376 5673 2480 5727 quo
2504 5674 2623 5711 cum
2677 5660 2983 5728 perveneris
3023 5677 3127 5716 non
3165 5661 3391 5733 amplius
3420 5664 3661 5735 quzeras'.’
3684 5670 3748 5721 Α.

2171 5747 2377 5803 Censeo
2406 5747 2619 5819 quidem
2651 5766 2665 5815 ;
2693 5749 2785 5805 sed
2809 5764 2911 5821 quo
2929 5760 3081 5819 pacto
3102 5751 3211 5808 ﬁeri
3240 5755 3428 5826 possit,
3448 5773 3553 5813 uou
3578 5757 3747 5814 video.
