4078 6366
276 278 374 339 875

277 399 405 465 Quid
463 401 603 456 enim
652 400 762 457 Deo
806 399 978 457 simile
1023 415 1252 470 unquam
1286 399 1538 464 intellexi,
1569 407 1626 452 ut
1654 399 1850 468 possim

276 494 466 558 dicere,
517 494 796 561 Quomodo
837 495 936 549 hoc
987 495 1242 567 intelligo,
1287 495 1364 550 sic
1391 495 1510 549 volo
1563 492 1856 563 intelligere

277 589 480 643 Deum?
508 587 576 643 Β.
604 589 701 656 Qui
734 589 968 644 nondum
1000 589 1165 644 Deum
1195 590 1353 650 nosti.
1388 588 1528 643 unde
1555 589 1691 641 nosti
1725 585 1856 640 nihil

277 692 326 737 te
347 698 505 738 nosse
536 684 645 738 Deo
673 682 882 737 simile?
932 683 994 736 Α.
1044 682 1175 749 Quia
1215 681 1259 736 si
1298 682 1494 753 aliquid
1528 682 1638 735 Deo
1684 679 1856 734 simile

277 773 482 838 scirem,
504 774 618 830 sine
645 773 805 829 dubio
834 772 883 828 id
906 790 1173 839 amarem;
1200 789 1336 827 nunc
1359 783 1531 828 autem
1555 772 1682 826 nihil
1713 771 1854 826 aliud

277 883 390 920 amo
417 883 574 938 quam
612 867 779 923 Deum
820 877 871 921 et
897 868 1146 929 animam,
1198 882 1419 936 quorum
1450 873 1692 920 neutrum
1718 865 1849 919 scio.

277 961 340 1014 Β.
373 961 486 1014 Non
538 960 695 1030 igitur
736 974 885 1016 amas
924 960 1124 1016 amicos
1150 959 1305 1013 tuos?
1335 960 1394 1012 A.
1425 959 1540 1026 Quo
1583 966 1734 1028 pacto
1761 971 1854 1011 eos

275 1065 506 1121 possum,
541 1064 725 1104 amans
749 1051 1000 1114 animam,
1031 1065 1136 1105 non
1181 1050 1392 1104 amare?
1436 1048 1500 1102 R.
1537 1049 1646 1104 Hoc
1697 1047 1854 1102 modo

277 1157 396 1210 ergo
421 1149 470 1195 ct
497 1141 695 1211 pulices
713 1151 766 1196 et
781 1142 997 1196 cimices
1011 1141 1193 1196 amas?
1219 1141 1280 1193 Λ.
1303 1142 1544 1196 Animam
1570 1156 1654 1196 me
1675 1155 1856 1195 amare

276 1231 398 1294 dixi,
440 1247 542 1286 non
583 1233 850 1286 animalia.
880 1230 946 1285 R.
974 1233 1080 1286 Aut
1132 1232 1371 1286 homines
1401 1247 1504 1285 non
1535 1240 1658 1286 sunt
1699 1231 1854 1286 amici

277 1324 366 1387 tui,
393 1332 485 1378 aut
510 1339 604 1378 eos
634 1340 740 1378 non
772 1339 920 1378 amas
944 1341 957 1376 :
986 1324 1158 1378 omnis
1179 1325 1318 1378 enim
1345 1323 1506 1378 homo
1531 1333 1612 1378 est
1636 1323 1852 1388 animal,

276 1422 326 1468 ct
354 1414 600 1467 animalia
634 1425 685 1470 te
715 1429 818 1468 non
847 1429 1027 1468 amare
1053 1414 1328 1468 dixisti.A.
1349 1415 1412 1469 Et
1440 1415 1680 1468 homines
1707 1423 1851 1482 sunt,

277 1517 324 1560 et
348 1521 439 1560 eos
470 1522 610 1574 amo,
653 1521 759 1561 non
801 1521 867 1562 eo
906 1505 1044 1576 quod
1074 1507 1338 1568 animalia,
1372 1506 1463 1560 sed
1489 1522 1555 1561 eo
1585 1507 1723 1577 quod
1755 1507 1853 1560 ho-

275 1598 440 1653 mines
467 1607 620 1663 sunt;
653 1597 702 1651 id
730 1607 832 1662 est,
866 1614 929 1652 ex
955 1613 1021 1653 eo
1049 1597 1188 1667 quod
1216 1598 1501 1653 rationales
1526 1600 1730 1652 animas
1759 1598 1855 1651 ha-

275 1691 415 1754 bent,
443 1707 574 1760 quas
598 1707 718 1745 amo
747 1691 905 1746 etiam
934 1691 986 1745 in
1022 1690 1334 1746 latronibus.
1376 1692 1524 1746 Licet
1554 1693 1693 1745 enim
1722 1690 1853 1746 mihi

275 1784 322 1837 in
347 1785 534 1854 quovis
554 1798 733 1837 amare
762 1783 1044 1849 rationem,
1068 1797 1189 1838 cum
1219 1784 1365 1837 illum
1391 1785 1510 1853 jure
1539 1784 1740 1838 oderim
1764 1783 1853 1854 qui

273 1876 408 1929 male
458 1876 621 1929 utitur
663 1891 726 1929 eo
755 1876 892 1945 quod
941 1889 1082 1929 amo.
1129 1875 1311 1946 Itaque
1361 1884 1507 1930 tanto
1537 1877 1702 1946 magis
1731 1891 1854 1929 ante

273 1967 472 2021 amicos
519 1981 686 2029 meos,
716 1976 914 2037 quanto
951 1967 1119 2037 magis
1148 1967 1285 2022 bene
1311 1975 1527 2022 utuntur
1555 1959 1728 2022 anima
1772 1983 1856 2022 ra-

274 2058 472 2126 tionali,
503 2059 583 2113 vel
608 2068 752 2113 certe
777 2067 1033 2129 quantum
1063 2059 1369 2114 desiderant
1393 2076 1457 2115 ea
1488 2061 1624 2115 bene
1649 2061 1742 2114 uti.

649 2152 875 2209 CAPUT
903 2152 987 2209 III.
1015 2183 1086 2195 —
1113 2154 1342 2225 Cognitio
1369 2153 1480 2208 Dei.

339 2243 392 2299 8.
436 2243 503 2296 R.
532 2244 746 2314 Accipio
785 2245 965 2299 istud:
1008 2245 1102 2300 sed
1150 2254 1327 2300 tamen
1372 2247 1417 2299 si
1475 2246 1591 2316 quis
1639 2245 1730 2301 tibi
1767 2245 1852 2300 di-

272 2344 451 2402 ceret,
501 2335 712 2390 Faciam
751 2345 801 2392 te
836 2338 914 2394 sic
964 2339 1128 2392 Deum
1171 2353 1348 2403 nosse,
1399 2337 1667 2408 quomodo
1713 2339 1852 2393 nosti

270 2427 551 2498 Alypium;
609 2443 784 2484 nonne
828 2429 1025 2499 gratias
1071 2444 1278 2499 ageres,
1335 2438 1388 2482 et
1434 2428 1661 2496 diceres,
1712 2430 1854 2483 Satis

280 2521 392 2574 est?
421 2519 484 2572 Α.
518 2521 740 2588 Agerent
772 2521 980 2590 quidem
1029 2521 1246 2590 gratias,
1295 2520 1385 2575 sed
1418 2521 1544 2574 satis
1580 2535 1698 2576 esse
1745 2536 1850 2576 non

271 2611 523 2665 dicerem.
548 2609 617 2665 R.
645 2612 771 2677 Cur,
795 2612 1012 2681 quaeso?
1045 2611 1110 2666 A.
1142 2611 1275 2678 Quia
1309 2612 1474 2666 Deum
1518 2628 1586 2669 ne
1633 2613 1710 2667 sic
1738 2613 1854 2682 qui-

271 2701 389 2757 dem
421 2702 544 2757 novi
572 2703 838 2773 quomodo
871 2704 1137 2775 Alypium,
1173 2714 1224 2759 et
1264 2713 1439 2760 tamen
1475 2705 1723 2777 Alypium
1746 2721 1853 2763 non

272 2796 396 2849 satis
434 2797 574 2850 novi.
629 2795 696 2850 Β.
752 2796 884 2852 Vide
921 2811 1051 2867 ergo
1097 2814 1164 2854 ne
1208 2797 1540 2868 impudenter
1582 2787 1714 2854 velis
1762 2813 1853 2854 sa-

276 2886 340 2940 tis
362 2887 528 2940 Deum
555 2900 734 2952 nosse,
765 2888 852 2956 qui
885 2887 1130 2959 Alypium
1171 2903 1276 2942 non
1301 2889 1428 2942 satis
1454 2889 1612 2944 nosti.
1643 2889 1704 2942 Α.
1734 2888 1851 2943 Non

275 2978 529 3047 sequitur.
554 2977 684 3032 Nam
711 2979 763 3034 in
792 2981 1187 3049 comparatione
1210 2980 1464 3047 siderum,
1488 2981 1613 3051 quid
1634 2991 1714 3036 est
1733 2997 1852 3037 mea

273 3085 424 3125 cmna
452 3070 638 3124 vilius?
665 3079 720 3125 et
742 3081 914 3126 tamen
943 3087 1061 3128 cras
1087 3071 1212 3141 quid
1241 3071 1338 3126 sint
1369 3080 1672 3127 coenaturus
1704 3073 1853 3144 igno-

273 3180 364 3229 ro;
394 3180 503 3234 quo
528 3173 703 3219 autem
732 3165 884 3235 signo
915 3167 1036 3218 luna
1065 3166 1237 3219 futura
1266 3166 1354 3230 sit,
1384 3182 1486 3219 non
1518 3167 1854 3248 impudenter

275 3271 357 3311 me
386 3254 524 3310 scire
554 3257 824 3326 proﬁteor.
860 3257 927 3311 R.
981 3259 1118 3327 Ergo
1155 3257 1239 3312 vel
1285 3259 1351 3312 ita
1381 3259 1546 3314 Deum
1575 3273 1733 3314 nosse
1762 3261 1852 3315 tibi

273 3349 400 3402 satis
425 3357 528 3411 est,
578 3357 632 3402 ut
674 3349 812 3404 nosti
843 3365 948 3419 quo
976 3364 1093 3403 cras
1120 3351 1272 3421 signo
1317 3350 1438 3403 luna
1481 3365 1697 3405 cursura
1743 3351 1852 3405 sit?

274 3439 333 3492 A.
365 3439 477 3492 Non
510 3449 591 3494 est
619 3441 748 3494 satis
785 3457 796 3492 ε
832 3456 951 3493 nam
981 3440 1081 3494 hoc
1111 3441 1357 3495 sensibus
1385 3441 1638 3510 approbo.
1664 3441 1854 3512 Ignoro

275 3541 448 3584 autem
479 3541 655 3584 utrum
686 3531 768 3583 vel
797 3531 932 3585 Deus
952 3531 1036 3586 vel
1053 3531 1224 3600 aliqua
1250 3541 1451 3585 natura:
1476 3533 1679 3587 occulta
1695 3549 1855 3590 causa

274 3623 446 3676 subito
473 3623 610 3676 luna:
635 3622 872 3676 ordinem
902 3637 1222 3692 cursumque
1245 3630 1537 3677 commutet
1584 3641 1596 3678 :
1639 3624 1779 3694 quod
1808 3627 1854 3680 si

274 3717 541 3781 acciderit,
594 3725 762 3770 totum
804 3717 932 3770 illud
976 3717 1116 3787 quod
1149 3732 1617 3788 praesumpseram,
1661 3719 1850 3775 falsum

276 3810 393 3864 erit.
424 3808 489 3862 Β.
525 3809 591 3862 Et
616 3809 790 3864 credis
818 3809 919 3864 hoc
948 3809 1058 3864 ﬁeri
1092 3811 1281 3878 posse?
1307 3811 1369 3863 Α.
1401 3812 1515 3865 Non
1547 3811 1725 3867 credo.
1750 3811 1855 3866 Sed

277 3916 372 3970 ego
391 3900 518 3970 quid
540 3901 700 3955 sciam
723 3915 926 3970 quaero,
953 3916 1060 3954 non
1087 3901 1212 3971 quid
1231 3901 1463 3956 credam.
1489 3901 1658 3958 Omne
1679 3913 1854 3957 autem

277 3992 417 4062 quod
461 3993 679 4060 scimus,
711 4001 854 4047 recte
897 3993 1121 4048 fortasse
1146 3993 1304 4048 etiam
1344 3994 1562 4048 credere
1599 3995 1854 4061 dietntur;

276 4096 324 4138 at
358 4101 463 4139 non
490 4101 647 4140 omne
669 4085 808 4155 quod
832 4086 1118 4152 credimus,
1148 4088 1310 4140 etiam
1339 4087 1495 4142 scire.
1528 4086 1593 4140 R.
1634 4089 1858 4157 Respuis

280 4180 434 4248 igitur
466 4180 514 4232 in
564 4179 662 4232 hac
704 4194 861 4234 causa
899 4193 1057 4233 omne
1085 4179 1443 4234 testimonium
1479 4180 1764 4234 sensuum?
1790 4180 1854 4233 Α.

281 4271 506 4325 Prorsus
517 4285 729 4340 respuo.
760 4270 826 4323 Β.
846 4270 1016 4337 Quid?
1038 4271 1183 4324 illum
1204 4271 1510 4325 familiarem
1536 4280 1679 4325 tuum
1698 4287 1856 4341 quem

281 4370 330 4414 te
353 4362 529 4416 adhuc
567 4362 811 4432 ignorare
839 4362 1038 4425 dixisti,
1076 4376 1233 4416 sensu
1277 4363 1356 4414 vis
1384 4377 1562 4427 nosse,
1602 4377 1668 4416 an
1700 4363 1858 4417 intel-

282 4453 460 4508 lectu?
486 4453 548 4506 Α.
574 4455 745 4508 Sensu
780 4452 993 4523 quidem
1018 4452 1157 4522 quod
1201 4454 1250 4506 in
1303 4467 1367 4508 eo
1407 4454 1547 4516 novi,
1594 4457 1636 4507 si
1685 4464 1859 4509 tamen

280 4561 437 4600 sensu
464 4545 657 4616 aliquid
696 4547 953 4611 noscitur,
975 4553 1030 4599 et
1058 4544 1160 4600 vile
1187 4553 1288 4612 est,
1327 4555 1379 4599 et
1415 4547 1544 4600 satis
1563 4554 1645 4600 est
1673 4563 1685 4600 :
1716 4546 1861 4601 illam

281 4653 406 4693 vero
437 4646 640 4708 partem
667 4653 770 4708 qua
809 4637 936 4691 mihi
967 4637 1168 4692 amicus
1197 4647 1300 4702 est,
1347 4637 1396 4691 id
1427 4649 1506 4692 est
1534 4639 1704 4707 ipsum
1743 4640 1863 4694 ani-

277 4746 446 4794 mum,
495 4730 765 4785 intellectu
810 4729 1021 4799 assequi
1066 4728 1242 4798 cupio.
1295 4728 1361 4782 R.
1411 4729 1660 4785 Potestne
1711 4730 1864 4785 aliter

279 4823 467 4876 nosci?
498 4822 561 4874 Α.
594 4821 752 4876 Nullo
773 4821 953 4875 modo.
979 4819 1047 4873 Β.
1078 4821 1318 4875 Anticum
1349 4820 1507 4889 igitur
1535 4831 1678 4874 tuum
1705 4829 1758 4876 et
1783 4837 1865 4874 ve-

278 4914 560 4968 hementer
586 4913 922 4976 familiarem,
950 4911 1115 4966 audes
1143 4913 1234 4966 tibi
1257 4911 1434 4965 dicere
1452 4927 1570 4965 esse
1593 4912 1863 4982 ignotum?

277 5006 340 5059 Α.
372 5005 566 5073 Quidni
596 5005 859 5060 audeam?
885 5004 1032 5058 Illam
1058 5005 1198 5058 enim
1231 5004 1403 5073 legem
1425 5003 1666 5058 amicitia:
1683 5004 1865 5074 justis-

277 5099 469 5150 simam
512 5111 631 5151 esse
668 5096 918 5159 arbitror,
953 5110 1055 5165 qua
1102 5095 1460 5164 praescribitur
1501 5105 1555 5148 ut
1595 5094 1729 5148 sicut
1758 5113 1861 5151 non

277 5191 478 5254 minus,
536 5189 604 5242 ita
654 5203 752 5243 nec
780 5189 896 5258 plus
925 5189 1146 5258 quisque
1175 5185 1402 5264 anticum
1446 5202 1600 5256 quam
1629 5189 1862 5257 scipsum

277 5282 481 5352 diligat.
515 5281 697 5352 Itaque
725 5296 846 5336 cum
875 5281 1243 5350 memctipsum
1277 5279 1534 5349 ignorem,
1567 5295 1666 5350 qua
1692 5291 1866 5350 potest

278 5391 308 5430 a
337 5392 424 5431 me
456 5376 594 5431 allici
627 5375 968 5442 contumelia,
1001 5389 1158 5444 quem
1189 5372 1318 5427 mibi
1342 5387 1461 5428 esse
1486 5373 1670 5428 dixero
1715 5375 1863 5444 igno-

282 5479 416 5535 tum,
449 5485 572 5524 cum
597 5469 913 5539 prmscrtim,
939 5477 993 5520 ut
1014 5465 1192 5531 credo,
1229 5480 1292 5517 ne
1319 5465 1430 5533 ipse
1459 5464 1669 5534 quidem
1697 5481 1754 5520 se
1782 5482 1867 5519 no-

279 5560 456 5614 verit?
489 5559 556 5612 R.
592 5562 788 5628 Sicrgo
820 5560 912 5611 ista
943 5574 1058 5627 quae
1079 5559 1216 5611 scire
1238 5557 1332 5621 vis,
1365 5573 1425 5610 ex
1449 5572 1514 5609 co
1534 5565 1656 5609 sunt
1676 5573 1866 5626 genere

279 5668 402 5722 qua:
439 5653 737 5707 intellectus
769 5651 1088 5720 assequitur,
1135 5666 1252 5703 cunt
1278 5649 1506 5704 dicerem
1539 5648 1868 5716 impudenter

279 5752 335 5803 te
362 5746 502 5801 velle
533 5745 698 5798 Deum
730 5745 887 5807 scire,
919 5759 1036 5796 cum
1078 5743 1323 5811 Alypium
1351 5743 1574 5809 nescias,
1620 5757 1724 5797 non
1771 5744 1867 5800 tle-

567 5834 772 5898 SANCT
854 5836 1119 5897 Λυοιιετ»
1155 5835 1204 5892 ι·

1666 277 1868 339 LIBER
1907 277 2176 335 PRIMUS.

2395 259 2418 285 °
3440 285 3542 345 θ’ῖὸ

1961 392 2120 446 buisti
2181 392 2306 446 mihi
2371 410 2578 453 coznam
2636 411 2775 456 tuam
2835 411 2889 456 et
2934 401 3108 456 lunam
3157 403 3393 474 proferre
3449 421 3543 474 pro

1961 486 2140 552 simili,
2161 488 2205 541 si
2233 487 2369 554 hanc,
2403 499 2456 544 ut
2484 491 2681 558 dixisti,
2712 495 2775 550 ad
2803 511 3016 550 sensum
3045 498 3328 566 pertinent.

2259 579 2485 638 CAPUT
2513 584 2601 638 IV.
2623 616 2695 627 —
2721 586 2868 642 Certa
2896 590 3099 643 scientia
3125 605 3252 660 qum.

2032 669 2086 724 9.
2135 669 2238 726 Sed
2287 673 2412 743 quid
2441 675 2506 730 ad
2549 679 2688 733 nos?
2735 680 2885 735 Nunc
2915 681 3040 735 illud
3079 681 3340 751 responde
3367 699 3384 738 :
3411 682 3454 736 si
3481 697 3542 738 ea

1961 776 2080 830 quae
2098 759 2172 819 ’de
2200 765 2308 818 Deo
2333 765 2580 824 dixerunt
2602 771 2750 826 Plato
2771 783 2824 828 et
2844 774 3080 828 Plotinus
3109 791 3234 830 vera
3277 785 3422 841 sunt,
3454 790 3543 828 sa-

1961 857 2096 911 tisne
2115 857 2206 913 tibi
2236 869 2319 914 est
2347 861 2416 915 ita
2450 863 2614 918 Deum
2642 867 2798 934 scire,
2836 879 2894 922 ut
2921 869 2994 922 illi
3023 869 3296 924 sciebant?
3326 870 3390 922 A.
3429 869 3545 923 Non

1959 949 2231 1014 continuo,
2267 952 2309 1006 si
2335 969 2397 1008 ea
2423 970 2540 1025 quae
2561 957 2826 1025 dixerunt,
2857 977 2979 1016 vera
3005 969 3147 1027 sunt,
3177 962 3334 1016 etiam
3379 964 3545 1015 scisse

1960 1037 2080 1091 illos
2107 1054 2167 1093 ea
2212 1056 2431 1098 necesse
2475 1055 2575 1100 est.
2602 1047 2730 1101 Nam
2783 1050 2930 1104 multi
2963 1051 3174 1122 copiose
3215 1052 3400 1106 dicunt
3424 1068 3545 1122 qu:e

1960 1129 2224 1197 nesciunt,
2255 1141 2309 1186 ιιι
2344 1150 2441 1204 ego
2465 1137 2577 1206 ipse
2607 1140 2782 1194 omnia
2810 1157 2926 1211 qum
2954 1145 3119 1207 oravi,
3163 1159 3248 1198 me
3278 1143 3383 1198 dixi
3406 1147 3544 1198 scire

1959 1235 2174 1291 cupere,
2197 1225 2337 1294 quod
2360 1243 2464 1281 non
2493 1245 2741 1300 cuperem
2770 1235 2810 1287 si
2837 1234 2947 1303 jam
2970 1236 3158 1290 scirem
3189 1253 3201 1289 :
3233 1251 3358 1289 num
3386 1236 3545 1305 igitur

1958 1329 2023 1369 eo
2053 1317 2230 1372 minus
2261 1319 2346 1373 illa
2377 1320 2556 1378 dicere
2591 1325 2775 1392 potui?
2805 1326 2918 1381 Dixi
2943 1328 3084 1383 enim
3118 1345 3220 1382 non
3244 1344 3362 1398 qua:
3392 1329 3546 1384 intel-

1959 1406 2100 1462 lectu
2151 1413 2549 1480 comprehendi,
2601 1416 2694 1470 sed
2743 1434 2862 1488 qure
2912 1420 3282 1489 undecumque
3323 1422 3543 1476 collecta

1958 1502 2230 1555 memoria:
2271 1505 2535 1571 mandavi,
2564 1516 2618 1562 et
2643 1508 2832 1577 quibus
2873 1513 3266 1566 accommodavi
3291 1523 3542 1582 quantam

1961 1593 2103 1660 potui
2147 1593 2342 1648 ﬁdem:
2377 1596 2512 1651 scire
2551 1608 2726 1653 autem
2755 1600 2896 1654 aliud
2933 1610 3032 1656 est.
3067 1601 3134 1656 R.
3185 1602 3294 1666 Dic,
3336 1618 3539 1672 quaeso,

1960 1685 2134 1738 scisne
2181 1687 2367 1741 saltem
2399 1689 2450 1741 in
2476 1691 2796 1759 geometrica
2823 1692 3097 1762 disciplina
3125 1695 3254 1763 quid
3276 1696 3342 1748 sit
3367 1695 3544 1749 linea?

1960 1779 2020 1831 Α.
2049 1777 2188 1833 Istud
2217 1781 2374 1851 plane
2405 1783 2536 1836 scio.
2567 1784 2634 1838 R.
2660 1784 2766 1839 Nec
2789 1785 2838 1838 in
2872 1785 2967 1838 ista
2990 1786 3319 1856 professione
3339 1789 3543 1842 vereris

1959 1870 2344 1926 Academicos?
2369 1873 2432 1926 Α.
2465 1874 2577 1928 Νοη
2603 1876 2840 1930 omnino.
2872 1876 2950 1930 Illi
2975 1879 3115 1932 enim
3147 1880 3438 1948 sapientem
3466 1895 3546 1934 er-

1959 1976 2080 2018 rare
2110 1964 2420 2024 noluerunt:
2474 1983 2572 2038 ego
2613 1981 2788 2024 autem
2817 1970 3026 2040 sapiens
3052 1986 3156 2024 non
3195 1987 3332 2026 sum.
3366 1972 3544 2042 Itaque

1959 2051 2131 2108 adhuc
2163 2069 2264 2108 non
2295 2071 2486 2111 vereor
2505 2074 2685 2112 earum
2727 2075 2904 2114 rerum
2949 2076 3080 2129 quas
3103 2063 3244 2126 novi,
3269 2063 3543 2116 scientiam

1959 2145 2217 2212 proﬁteri.
2249 2145 2400 2212 Quod
2423 2148 2488 2214 si,
2513 2158 2570 2202 ttt
2598 2150 2771 2218 cupio,
2798 2165 3089 2220 pervenero
3115 2152 3180 2206 ad
3205 2154 3541 2221 sapientiam,

1959 2234 2146 2289 faciam
2173 2238 2311 2306 quod
2355 2238 2438 2292 illa
2475 2242 2760 2295 monuerit.
2806 2240 2874 2295 R.
2921 2242 3055 2296 Nihil
3099 2259 3266 2297 renuo
3298 2262 3312 2298 :
3344 2245 3458 2309 sed,
3487 2256 3543 2298 ut

1959 2341 2197 2396 qumrerc
2225 2343 2511 2398 coeperam,
2557 2332 2627 2386 ita
2655 2341 2713 2385 ut
2752 2333 2944 2388 lineam
2993 2335 3153 2400 nosti,
3202 2336 3338 2390 nosti
3384 2337 3542 2391 etiam

1959 2418 2118 2488 pilam
2143 2435 2300 2489 quam
2319 2421 2582 2489 sphmram
2611 2424 2922 2478 nominant?
2954 2424 3017 2478 Α.
3050 2424 3201 2478 Novi.
3254 2424 3322 2480 Β.
3367 2425 3544 2496 Eque

1959 2516 2240 2580 utrumque
2285 2515 2442 2575 nosti,
2485 2526 2550 2566 an
2591 2513 2731 2567 aliud
2777 2514 2879 2567 alio
2919 2515 3084 2583 magis
3108 2525 3195 2569 aut
3223 2517 3438 2571 minus?
3477 2519 3543 2572 Α.

1958 2597 2138 2669 Eque
2172 2615 2405 2669 prorsus.
2440 2601 2571 2656 Nam
2585 2603 2650 2657 in
2682 2611 2904 2673 utroque
2942 2604 3068 2658 nihil
3107 2604 3280 2658 fallor.
3309 2606 3374 2660 R.
3407 2607 3543 2675 Quid

1959 2688 2094 2754 haec,
2126 2691 2440 2746 sensibusne
2485 2695 2790 2764 percepisti,
2845 2709 2910 2748 an
2963 2696 3270 2751 intellectu?
3321 2698 3386 2750 Α.
3434 2699 3545 2752 Imo

1957 2794 2146 2836 sensus
2201 2783 2253 2837 in
2303 2783 2403 2838 hoc
2450 2786 2661 2855 negotio
2707 2785 2856 2855 quasi
2902 2786 3079 2840 navim
3122 2802 3238 2841 sum
3267 2798 3541 2858 expertus.

1957 2873 2089 2928 Nam
2115 2889 2233 2930 eum
2267 2877 2362 2946 ipsi
2396 2893 2481 2932 me
2520 2877 2587 2932 ad
2617 2878 2791 2934 locum
2820 2895 2925 2948 quo
2956 2881 3233 2936 tendebam
3276 2897 3545 2952 pervexe-

1960 2965 2083 3031 rint,
2106 2967 2194 3021 ubi
2211 2983 2303 3022 eos
2327 2968 2524 3033 dimisi,
2545 2977 2598 3022 et
2623 2969 2732 3039 jam
2758 2971 2898 3025 velut
2922 2973 2971 3025 in
2999 2973 3113 3027 solo
3143 2975 3342 3041 positus
3367 2975 3380 3005 ¹
3405 2975 3543 3043 οωρί

1958 3059 2281 3128 cogitatione
2308 3061 2406 3114 ista
2435 3062 2673 3127 volvere,
2705 3061 2793 3116 diu
2829 3062 2960 3116 mihi
2984 3064 3198 3133 vestigia
3231 3065 3542 3118 titubarunt.

1959 3149 2134 3217 Quare
2161 3152 2316 3207 citius
2362 3153 2490 3207 mihi
2539 3153 2749 3208 videtur
2790 3155 2842 3209 in
2896 3164 3036 3211 terra
3087 3171 3244 3226 posse
3285 3159 3541 3229 navigari.

1959 3256 2117 3311 quam
2138 3245 2511 3312 geometricam
2539 3245 2785 3300 sensibus
2825 3246 3045 3315 percipi,
3083 3249 3322 3316 quamvis
3374 3255 3545 3319 primo

1961 3331 2227 3388 discentes
2267 3333 2594 3404 aliquantum
2647 3336 2897 3406 adjuvare
2944 3337 3238 3393 videantur.
3288 3340 3354 3395 R.
3399 3342 3540 3411 Ergo

1962 3422 2182 3478 istarum
2211 3441 2388 3480 rerum
2414 3426 2767 3496 disciplinam,
2796 3429 2837 3482 si
2867 3445 2966 3498 qua
2998 3430 3089 3484 tibi
3111 3441 3210 3495 est,
3247 3447 3352 3485 non
3384 3433 3541 3487 duhi-

1963 3521 2043 3566 tas
2069 3517 2242 3570 vocari
2297 3517 2702 3572 scientiam?A.
2745 3518 2882 3584 Non,
2935 3520 2977 3572 si
3029 3520 3191 3576 Stoici
3229 3523 3423 3590 sinant,
3454 3525 3543 3594 qui

1962 3605 2234 3658 scientiam
2268 3608 2503 3661 tribuunt
2538 3608 2686 3671 nulli,
2719 3609 2820 3663 nisi
2868 3609 3112 3680 sapienti.
3143 3611 3543 3682 Perceptionem

1963 3709 2093 3750 sane
2121 3697 2338 3751 istorum
2371 3715 2456 3753 me
2488 3700 2680 3754 habere
2709 3716 2812 3754 non
2843 3716 2998 3770 nego,
3029 3718 3184 3771 quam
3227 3705 3385 3759 etiam
3408 3707 3542 3759 stul-

1965 3787 2093 3840 titim
2121 3788 2416 3843 concedunt
2441 3807 2452 3842 :
2486 3790 2577 3845 sed
2602 3806 2699 3845 nec
2733 3792 2863 3845 istos
2893 3793 3176 3860 quidquam
3203 3797 3539 3863 pertimesco.

1963 3875 2190 3932 Prorsus
2236 3879 2350 3933 haec
2379 3896 2495 3950 qua:
2523 3881 2853 3952 interrogasti
2899 3883 3117 3938 scientia
3156 3894 3309 3940 teneo
3343 3903 3545 3958 :petge

1967 3971 2158 4038 modo;
2187 3973 2392 4027 videam
2425 3989 2676 4043 quorsum
2712 3975 2810 4029 ista
2835 3976 3047 4046 quaaris.
3090 3975 3157 4030 Β.
3185 3977 3262 4033 Ne
3296 3996 3540 4049 propera,

1963 4063 2118 4116 otiosi
2146 4077 2347 4118 sumus.
2377 4063 2614 4119 Intentus
2644 4073 2843 4120 tantum
2873 4067 3072 4137 accipe,
3096 4083 3164 4123 ne
3189 4069 3312 4138 quid
3343 4079 3544 4125 temere

1965 4154 2242 4208 concedas.
2275 4155 2600 4212 Gaudentem
2626 4166 2678 4213 te
2704 4149 2890 4214 studeo
2915 4159 3136 4215 reddere
3157 4161 3222 4216 de
3249 4163 3408 4217 rebus
3431 4165 3547 4232 qui-

1965 4243 2062 4298 bus
2088 4244 2288 4299 nullum
2318 4261 2497 4300 casum
2531 4247 2891 4316 pertimescas,
2929 4259 2982 4303 et
3022 4251 3171 4319 quasi
3210 4266 3427 4320 parvum
3455 4269 3548 4307 ne-

1963 4336 2162 4404 gotium
2203 4337 2290 4402 sit,
2343 4339 2672 4408 praecipitare
2715 4340 2910 4409 jubes?
2936 4342 2999 4394 A.
3033 4341 3108 4396 Ita
3141 4343 3277 4398 Deus
3307 4343 3456 4412 faxit,
3491 4355 3548 4400 ut

1964 4425 2116 4481 dicis.
2148 4420 2575 4496 Itaque'arbitrio
2601 4437 2692 4483 tuo
2712 4440 2914 4500 rogato,
2939 4440 2993 4486 et
3009 4432 3284 4505 objurgato
3309 4437 3542 4506 gravius,

1964 4517 2009 4578 si
2039 4517 2319 4587 quidquam
2350 4518 2453 4573 tale
2477 4519 2713 4588 posthac.
3313 4539 3325 4552 '

2037 4610 2125 4665 It).
2168 4611 2234 4664 Β.
2281 4611 2419 4681 Ergo
2452 4611 2644 4667 lineam
2693 4613 2744 4667 in
2801 4613 2932 4668 duas
2979 4615 3147 4672 lineas
3197 4634 3291 4687 per
3331 4619 3543 4690 longum

1966 4701 2154 4768 scindi,
2183 4702 2517 4758 manifestum
2543 4704 2634 4758 tibi
2660 4715 2742 4759 est
2767 4706 2912 4760 nullo
2950 4707 3108 4762 modo
3139 4709 3332 4777 posse?
3353 4710 3414 4763 Α.
3439 4711 3548 4764 Ma-
3591 4753 3608 4773 ι

1965 4793 2235 4849 nifestum.
2270 4795 2338 4850 Β.
2371 4795 2528 4862 Quid,
2571 4798 2953 4852 trausversim?
2999 4799 3061 4852 A.
3094 4799 3250 4866 Quid,
3293 4801 3391 4855 nisi
3422 4801 3546 4854 inﬁ-

1967 4888 2075 4941 nite
2103 4888 2270 4942 secari
2296 4889 2490 4958 posse?
2517 4887 2583 4942 R.
2613 4889 2769 4957 Quid,
2793 4889 3056 4959 sphaeram
3084 4907 3148 4945 ex
3178 4907 3280 4945 una
3311 4892 3548 4961 qualibet

1970 4987 2118 5046 parte
2146 4993 2175 5031 a
2206 4977 2402 5044 medio,
2430 4996 2492 5032 ne
2518 4979 2652 5033 duos
2679 4979 2888 5048 quidem
2913 4994 3067 5048 pares
3094 4980 3321 5034 circulos
3348 4980 3548 5036 habere

1973 5081 2127 5136 posse
2143 5069 2522 5136 pariterlucet?
2541 5071 2601 5121 Α.
2621 5069 2825 5125 Pariter
2836 5071 3075 5126 omnino.
3096 5070 3161 5124 Il.
3177 5071 3310 5139 Quid
3330 5073 3465 5128 linea
3492 5083 3551 5128 et

1969 5161 2216 5230 sphmra?
2243 5177 2476 5217 unumne
2505 5163 2700 5232 aliquid
2733 5163 2822 5216 tibi
2861 5163 3106 5218 videntur
3133 5179 3270 5229 esse,
3301 5181 3366 5219 an
3395 5167 3552 5234 quid-

1969 5266 2125 5320 quam
2162 5251 2300 5306 inter
2328 5267 2386 5306 se
2435 5253 2718 5307 diﬁerunt?
2746 5253 2806 5305 Α.
2837 5253 2965 5318 Quis
2993 5269 3097 5307 non
3128 5254 3302 5308 videat
3332 5255 3550 5312 diﬂ‘erre

1971 5342 2288 5411 plurimum?
2317 5342 2380 5396 Β.
2407 5344 2473 5397 At
2503 5345 2547 5397 si
2586 5359 2735 5413 aeque
2759 5344 2883 5398 illud
2911 5353 3068 5414 atque
3089 5345 3188 5400 hoc
3217 5348 3448 5414 nosti,et
3471 5355 3542 5402 ta-

1975 5447 2095 5485 men
2120 5432 2258 5486 inter
2284 5449 2361 5496 se,
2389 5442 2447 5487 ut
2473 5434 2672 5498 fateris,
2705 5435 2982 5502 plurimum
3023 5436 3293 5503 diﬁ'erunt,
3318 5449 3552 5509 estergo

1972 5523 2323 5577 dill'crcntiutu
2353 5540 2526 5578 rerum
2554 5525 2769 5579 scientia
2801 5524 3222 5582 indill'erens?A.
3252 5528 3382 5594 Quis
3406 5530 3553 5584 enim

1973 5617 2220 5687 negavit?
2263 5617 2326 5670 Ii.
2361 5618 2436 5671 'l‘u
2476 5620 2632 5686 paulo
2681 5628 2818 5673 ante.
2855 5619 2984 5673 Nam
3013 5635 3133 5675 cum
3186 5631 3235 5675 te
3282 5637 3552 5693 rogassem-

2037 5751 2054 5786 ³
2074 5752 2146 5803 Sic
2160 5751 2270 5803 Edd.
2291 5760 2344 5804 At
2363 5761 2488 5817 Mss,
2505 5753 2554 5803 in
2571 5753 2670 5801 solo
2689 5753 2880 5819 positus.

2819 5835 3279 5924 (ﬁngi-ltuit.)
