4078 6366
519 291 622 350 875

518 411 786 482 quomodo
819 411 959 486 velis
1011 409 1178 466 Deum
1230 423 1408 476 nosse,
1437 416 1492 462 ut
1530 408 1700 478 possis
1723 408 1922 473 dicere,
1963 407 2103 462 Satis

518 519 628 570 est;
660 504 977 574 respondisti
1031 513 1080 558 te
1112 505 1230 560 ideo
1261 505 1478 576 nequire
1519 503 1618 556 hoc
1651 503 1915 572 explicare
1938 543 1950 564 ,
1983 501 2102 570 quia

439 591 442 594 ’
523 597 650 650 nihil
681 595 904 650 haberes
933 603 1258 668 perceptum,
1303 593 1548 666 similiter
1569 601 1725 668 atque
1755 592 1916 662 Deum
1951 590 2100 658 cupis

522 686 816 758 percipere,
849 686 978 744 nihil
1009 687 1147 740 enim
1179 692 1230 740 te
1271 685 1406 740 seire
1435 684 1541 738 Deo
1585 683 1774 740 simile.
1807 681 1942 754 Quid
1973 696 2099 750 ergo

521 779 697 832 nunc?
731 778 867 834 linea
895 778 974 832 vel
1003 776 1209 846 Spharra
1236 776 1432 830 similes
1463 775 1618 828 sunt?
1649 775 1710 826 Α.
1740 773 1866 842 Quis
1899 775 1996 828 huc
2020 773 2100 842 ιιι-

519 873 689 928 xerit?
725 872 792 926 Β.
818 870 924 938 Sed
963 886 1062 942 ego
1089 870 1456 942 qttzrsivct‘atn,
1490 882 1592 922 non
1615 867 1738 937 quid
1778 867 1880 922 tale
1907 866 2095 933 scires,

517 965 610 1020 sed
637 965 764 1036 quid
797 965 968 1040 scires
1015 965 1111 1030 sic,
1141 961 1404 1032 quomodo
1436 961 1600 1020 Deum
1627 960 1764 1016 scire
1803 960 2094 1014 desideras.

515 1059 604 1118 Sic
630 1059 772 1134 enim
801 1057 936 1114 nosti
965 1057 1160 1116 lineam
1190 1063 1246 1110 ut
1272 1055 1408 1110 nosti
1434 1053 1716 1124 Sphaeram,
1750 1067 1868 1110 cum
1901 1069 1958 1110 se
1991 1065 2098 1108 non

513 1151 590 1208 sic
611 1131 800 1228 habeat
825 1151 964 1208 linea
1003 1158 1056 1220 ut
1086 1163 1143 1202 se
1175 1147 1332 1202 habet
1361 1146 1588 1218 sphaara.
1612 1145 1968 1214 Quamobrem
2001 1159 2091 1204 re-

517 1243 720 1314 sponde
750 1253 922 1298 utrum
950 1242 1042 1298 tibi
1073 1241 1202 1298 satis
1225 1241 1294 1295 sit
1317 1241 1397 1296 sic
1435 1239 1600 1298 Deum
1639 1253 1816 1304 nosse,
1843 1246 1902 1292 nt
1929 1237 2096 1308 pilam

515 1319 1055 1408 illam'geometricam
1087 1333 1258 1406 nosti;
1286 1321 1385 1386 hoc
1413 1339 1514 1398 est,
1535 1333 1606 1388 ita
1635 1329 1701 1392 de
1731 1331 1841 1386 Deo
1858 1329 2012 1398 nihil,
2037 1337 2096 1384 ut

513 1430 580 1484 de
607 1429 714 1495 illa,
735 1427 996 1486 dubitare.

551 1519 774 1578 CAPUT
817 1519 880 1590 Υ.
925 1550 997 1560 --
1023 1517 1360 1592 Dissimilium
1388 1515 1560 1588 eadem
1589 1523 1676 1570 aut
1705 1531 1799 1588 par
1829 1513 2054 1568 scientia.

585 1614 672 1668 11.
711 1611 775 1666 Α.
806 1611 996 1684 Οιιωες)
1043 1619 1115 1676 te,
1142 1609 1384 1680 quamvis
1411 1608 1754 1666 vehementer
1783 1621 1970 1676 urgeas
2005 1613 2088 1664 at—

514 1721 618 1776 que
643 1703 948 1770 convincas,
978 1719 1081 1762 non
1112 1701 1282 1762 audeo
1321 1709 1495 1772 tamen
1522 1699 1700 1754 dicere
1743 1700 1812 1752 ita
1843 1711 1928 1752 me
1956 1697 2090 1762 velle

515 1797 676 1852 Deum
721 1795 877 1862 scire,
905 1804 963 1850 ut
1013 1794 1128 1850 haec
1158 1794 1287 1848 scio.
1319 1791 1432 1850 Non
1465 1791 1640 1848 solum
1685 1791 1826 1846 enim
1861 1804 1970 1856 res,
1996 1788 2092 1858 sed

509 1889 621 1958 ipsa
645 1888 800 1944 etiam
831 1886 1050 1940 scientia
1069 1885 1194 1938 mihi
1217 1883 1426 1938 videtur
1445 1898 1562 1938 esse
1578 1881 1864 1958 dissimilis.
1883 1879 2083 1946 Primo,

509 1979 630 2050 quia
660 1993 756 2034 nec
779 1978 912 2034 linea
933 1985 986 2034 et
1014 1976 1117 2054 pila
1145 1983 1346 2032 tantum
1395 1975 1530 2030 inter
1559 1987 1615 2028 se
1644 1972 1908 2038 dilicrunt,
1939 1979 2091 2042 utta-

509 2085 632 2126 men
660 2084 842 2126 eorum
861 2067 1214 2138 cognitionem
1238 2081 1340 2134 una
1359 2065 1632 2136 disciplina
1649 2079 1755 2120 non
1780 2063 2048 2118 contineat
2069 2080 2084 2118 :

507 2162 686 2218 nullus
730 2170 904 2216 autem
933 2169 1232 2232 geometres
1271 2158 1436 2214 Deum
1482 2171 1540 2210 se
1581 2156 1772 2210 dueere
1819 2154 2088 2224 professus

503 2265 604 2312 est.
632 2255 854 2322 Deinde,
883 2254 928 2308 si
960 2253 1054 2310 Dei
1079 2261 1134 2308 et
1157 2253 1376 2322 istarum
1417 2265 1596 2306 rerum
1636 2249 1854 2304 scientia
1887 2264 1980 2318 par
2003 2262 2088 2302 es-

504 2358 614 2412 set,
649 2355 848 2416 tantum
891 2344 1174 2418 gauderem
1205 2343 1346 2418 quod
1391 2343 1488 2398 ista
1519 2342 1661 2406 novi,
1705 2350 1954 2410 quantum
1999 2355 2086 2396 me

505 2440 614 2494 Deo
641 2439 852 2510 cognito
879 2438 1182 2510 gavisurum
1225 2451 1343 2492 esse
1387 2449 1670 2506 praesumo.
1711 2433 1860 2490 Nunc
1907 2441 2082 2494 autem

503 2531 826 2601 permultum
851 2529 968 2598 hinc
1011 2529 1062 2584 in
1091 2527 1233 2588 illius
1265 2527 1660 2598 comparatione
1697 2533 2002 2590 contemno,
2029 2533 2086 2580 ut

505 2636 882 2692 nonnunquam
927 2620 1167 2676 videatur
1195 2617 1324 2676 mihi
1375 2618 1420 2672 si
1465 2617 1612 2672 illum
1653 2615 1982 2682 intellexero,
2031 2624 2086 2678 et.

504 2714 664 2768 modo
679 2714 770 2774 illo
791 2727 896 2782 quo
915 2711 1080 2766 videri
1111 2717 1283 2780 potest
1304 2707 1506 2770 videro,
1535 2707 1650 2762 hinc
1669 2707 1846 2762 omnia
1875 2707 1944 2762 de
1966 2721 2083 2764 mea

503 2806 688 2860 notitia
713 2819 832 2860 esse
857 2803 1088 2876 peritura
1111 2818 1122 2856 :
1148 2799 1407 2870 siquidem
1439 2813 1578 2856 nunc
1605 2814 1714 2868 pra:
1741 2797 1882 2852 illius
1902 2811 2084 2860 amore

501 2897 614 2966 jam
641 2897 726 2950 vix
747 2894 878 2950 mihi
903 2894 1124 2960 veniunt
1159 2892 1210 2948 in
1243 2899 1496 2960 mentem.
1527 2887 1594 2944 Β.
1629 2889 1756 2944 Esto
1799 2887 1915 2958 plus
1945 2897 1994 2944 te
2021 2903 2084 2944 ac

503 2991 672 3046 multo
703 2989 818 3058 plus
847 3001 1002 3058 quam
1029 2986 1094 3040 de
1127 2985 1239 3040 istis
1269 2983 1376 3040 Deo
1404 2981 1614 3052 cognito
1637 2980 1962 3051 gavisurum,
1992 2993 2084 3046 re-

503 3098 620 3136 rum
663 3089 837 3136 tamen
865 3093 970 3148 non
997 3076 1294 3138 intellectus
1323 3071 1788 3132 dissimilitudine;
1819 3071 1918 3130 nisi
1945 3069 2082 3136 forte

505 3177 609 3230 alio
626 3176 742 3230 visu
765 3183 980 3238 terram,
1003 3170 1108 3234 alio
1125 3183 1372 3224 serenum
1389 3166 1581 3222 ccelum
1605 3165 1843 3228 intueris,
1862 3179 1982 3222 cum
2005 3173 2086 3230 ta-

502 3283 624 3324 men
653 3266 816 3321 multo
839 3264 955 3334 plus
984 3262 1126 3322 illius
1147 3276 1306 3332 quam
1327 3258 1484 3330 hujus
1509 3267 1753 3328 aspectus
1775 3265 1826 3312 te
1849 3256 2083 3326 permul-

503 3371 640 3418 ceat.
672 3359 822 3416 Oculi
841 3365 1018 3412 autem
1049 3355 1092 3412 si
1117 3369 1222 3410 non
1252 3353 1522 3418 falluntur,
1555 3351 1718 3406 credo
1757 3358 1812 3412 te
1851 3350 2081 3406 interro-

497 3462 676 3524 gatum
713 3459 888 3506 utrum
930 3448 1024 3504 tibi
1061 3455 1170 3502 tant
1219 3456 1420 3500 certum
1462 3444 1531 3498 sit
1561 3451 1754 3498 terram
1801 3449 1853 3498 te
1899 3441 2082 3496 videre

500 3561 658 3618 quam
701 3545 917 3610 caelum,
950 3550 1056 3596 tam
1089 3540 1180 3596 tibi
1208 3547 1410 3594 certum
1450 3551 1570 3592 esse
1615 3535 1942 3604 respondere
1987 3533 2084 3590 de-

500 3638 646 3702 bere,
687 3634 928 3706 quamvis
953 3646 1060 3688 non
1097 3639 1204 3690 tam
1235 3638 1390 3686 terra:
1425 3643 1582 3698 quam
1617 3627 1740 3682 caeli
1781 3625 2078 3696 pulchritu-

498 3726 622 3782 dine
652 3737 808 3796 atque
851 3721 1138 3793 splendore
1177 3721 1388 3776 lateris.
1431 3719 1494 3772 A.
1529 3716 1700 3774 Movet
1737 3733 1841 3784 me,
1887 3717 2076 3782 fateor,

501 3817 614 3874 bzec
656 3813 965 3890 similitudo,
987 3811 1328 3880 adducorque
1363 3817 1426 3866 ut
1447 3810 1708 3866 assentiar
1751 3817 2002 3877 quantum
2025 3807 2078 3864 in

497 3925 594 3964 suo
621 3921 816 3976 genere
839 3921 870 3962 a
899 3905 1037 3964 coelo,
1059 3911 1278 3966 terram,
1310 3909 1512 3964 tantum
1549 3901 1616 3956 ab
1643 3899 1958 3968 intelligibili
1987 3898 2078 3954 Dei

497 3999 774 4070 majestate
797 3994 1122 4066 spectamina
1151 3993 1236 4050 illa
1263 3991 1662 4068 disciplinarum
1703 4005 1826 4046 vera
1851 3999 1905 4046 et
1931 4000 2078 4046 certa

499 4091 730 4146 differre.

495 4181 720 4240 CAPUT
741 4179 830 4238 Vl.
851 4209 922 4219 —-
937 4177 1128 4234 Sensus
1167 4176 1350 4232 animm
1375 4175 1427 4228 in
1443 4171 1619 4244 quibus
1657 4173 1865 4244 percipit
1885 4171 2072 4228 Deum.

567 4273 652 4328 12.
693 4271 762 4326 R.
795 4271 938 4326 Bene
963 4267 1210 4330 moveris.
1237 4266 1500 4324 Promittit
1525 4265 1666 4318 enim
1693 4264 1828 4320 ratio
1847 4279 1968 4334 qua:
1999 4273 2077 4320 te-

510 4379 618 4420 :um
637 4363 888 4432 loquitur,
903 4361 970 4416 ita
991 4375 1048 4415 se
1069 4359 1546 4414 demonstraturam
1571 4355 1736 4412 Deum
1758 4363 1860 4410 tute
1885 4355 2072 4424 menti,

501 4467 550 4511 ,ιι
583 4456 746 4516 oculis
763 4455 842 4512 sol
863 4454 1273 4532 demonstratur.
1303 4450 1433 4508 Nam
1457 4449 1648 4506 mentis
1667 4449 1816 4518 quasi
1847 4449 1928 4504 sui
1953 4455 2076 4504 sunt

497 4541 634 4596 oeuli
659 4554 847 4594 sensus
893 4536 1160 4600 animzc‘;
1205 4534 1600 4604 disciplinarum
1628 4542 1802 4592 autem
1851 4547 2074 4603 quicque

495 4631 790 4688 certissima
823 4629 944 4684 talia
963 4635 1104 4692 sunt,
1124 4625 1296 4696 qualia
1329 4625 1413 4680 illa
1442 4641 1558 4694 quae
1585 4623 2068 4690 soleillustrantnr,

493 4735 546 4780 ιιι
575 4723 742 4796 videri
771 4721 1010 4792 possint,
1045 4718 1210 4774 veluti
1243 4727 1378 4772 terra
1407 4725 1488 4774 est
1523 4725 1680 4786 atque
1708 4727 1918 4770 terrena
1951 4731 2070 4770 om-

493 4818 576 4870 nia
608 4833 618 4867 :
647 4816 784 4874 Deus
806 4821 982 4868 autem
1024 4819 1107 4866 est
1131 4811 1244 4880 ipse
1264 4811 1354 4880 qui
1383 4810 1626 4866 illustrat.
1651 4809 1762 4879 Ego
1787 4817 1960 4862 autem
1985 4824 2069 4864 ra-

489 4907 566 4962 tio
591 4906 660 4962 ita
687 4921 808 4961 sum
835 4906 888 4960 in
911 4903 1196 4968 mentibus,
1223 4910 1278 4956 ut
1300 4901 1352 4956 in
1369 4901 1534 4956 oculis
1549 4909 1632 4956 est
1655 4909 1918 4968 aspectus.
1953 4901 2068 4956 Non

492 5003 634 5054 enim
661 4998 762 5052 hoc
787 5007 872 5052 est
891 4995 1089 5050 habere
1117 4994 1300 5050 oculos
1327 4991 1468 5063 quod
1515 4993 1782 5062 aspicere;
1823 5001 1915 5046 aut
1939 4993 2066 5048 item

487 5091 590 5146 hoc
614 5101 694 5148 est
714 5091 950 5160 aspicere
979 5087 1120 5158 quod
1143 5087 1344 5142 videre.
1377 5085 1516 5156 Ergo
1537 5087 1728 5140 animae
1761 5087 1928 5142 tribus
1959 5088 2068 5156 qui-

485 5185 707 5242 busdam
729 5184 888 5238 rebus
913 5199 1046 5253 opus
1074 5189 1234 5238 estut
1275 5180 1456 5234 oculos
1487 5179 1676 5236 habeat
1724 5179 1914 5248 quibus
1953 5182 2063 5250 jam

489 5277 624 5330 bene
655 5277 730 5328 uti
751 5275 936 5344 possit,
959 5283 1016 5330 ut
1039 5273 1277 5343 aspiciat,
1297 5281 1354 5328 ut
1381 5272 1574 5328 videat.
1597 5272 1746 5328 Oculi
1771 5273 1886 5328 sani
1911 5288 2065 5329 mens

485 5375 566 5421 est
591 5370 610 5398 ²
639 5367 702 5424 ab
729 5368 872 5424 omni
895 5368 1011 5424 labe
1036 5367 1276 5435 corporis
1307 5382 1459 5434 pura,
1491 5366 1540 5420 id
1569 5377 1668 5432 est,
1697 5382 1726 5420 a
1755 5367 2062 5436 cupiditati-

487 5458 588 5514 bus
609 5473 784 5512 rerum
799 5460 1096 5516 mortalium
1113 5459 1224 5528 jam
1243 5469 1444 5514 remota
1465 5467 1623 5528 atque
1651 5471 1868 5530 purgata
1889 5477 1900 5512 :
1921 5460 2060 5530 quod

540 5593 554 5623 ¹
579 5599 704 5642 Lov.:
727 5601 844 5642 Nam
859 5599 1036 5642 utentes
1053 5588 1280 5654 quasism'
1300 5597 1416 5654 istm:
1447 5603 1608 5642 sensus
1630 5591 1829 5654 genituris.
1865 5593 1934 5640 Sic
1952 5591 2058 5642 alia:

477 5668 674 5722 quoque
693 5655 948 5714 editiones,
967 5653 1202 5715 nisiquod
1221 5653 1328 5702 Bad.
1349 5654 1524 5714 habet,
1558 5653 1734 5714 mtiliti;
1769 5665 1868 5703 Am.
1891 5663 1942 5704 et
1957 5663 2054 5718 r1r.,

472 5729 662 5830 “milia
675 5787 778 5830 Mss.
795 5777 1040 5840 plerique.
1061 5783 1116 5828 Al.
1131 5774 1262 5826 Fidd.:
1283 5775 1456 5828 oculus
1473 5777 1648 5832 anima:
1667 5791 1798 5830 utens
1815 5785 1898 5832 est.

1650 285 2196 357 SOLILOQUIORUM
2235 289 2290 346 S.
2333 283 2718 348 AUGUSTINI.

3701 289 3802 350 876

2211 409 2258 462 ei
2289 407 2418 462 nihil
2461 408 2602 464 aliud
2633 413 2852 478 priestat
2894 420 3052 478 quam
3081 404 3212 462 fides
3241 406 3433 478 primo.
3465 406 3624 476 Quod
3651 409 3794 464 enim

2211 499 2382 554 adhuc
2418 501 2468 556 ei
2499 499 2850 554 demonstrari
2899 515 3006 554 non
3028 507 3202 570 potest
3229 498 3372 556 vitiis
3397 499 3684 572 inquinata:
3711 509 3794 558 at-

2211 609 2310 664 que
2337 593 2646 664 :egrotanti,
2684 594 2804 662 quia
2853 593 3036 648 videre
3061 595 3242 664 nequit
3272 594 3374 650 nisi
3419 609 3566 662 sana,
3599 595 3645 650 si
3689 611 3792 654 non

2209 683 2391 740 credat
2431 685 2583 742 aliter
2617 700 2674 740 se
2705 700 2807 740 non
2855 699 2972 742 esse
3005 686 3262 754 visuram,
3291 701 3399 742 non
3443 687 3534 742 dat
3575 701 3790 758 operam

2207 793 2314 830 sua:
2354 779 2582 832 sanitati.
2629 778 2732 834 Sed
2757 779 2921 850 .quid,
2955 780 2998 836 si
3025 780 3207 840 credat
3233 781 3448 850 quidem
3477 783 3548 840 ita
3591 799 3650 838 se
3679 800 3790 840 rem

2207 867 2402 924 habere
2424 879 2480 924 ut
2499 871 2716 936 dicitur,
2737 881 2894 944 atque
2925 873 2994 942 ita
3021 886 3100 936 se,
3129 873 3172 928 si
3197 873 3378 930 videre
3399 876 3650 944 potuerit,
3671 891 3792 934 esse

2205 963 2457 1030 visuram,
2502 966 2674 1020 sanari
2698 981 2754 1020 se
2789 975 2964 1028 tamen
2987 981 3144 1036 posse
3186 966 3467 1038 desperet;
3515 985 3696 1028 nonne
3731 986 3790 1028 se

2206 1069 2419 1120 prorsus
2439 1055 2620 1126 abiicit
2637 1067 2794 1126 atque
2820 1059 3135 1124 contemnit,
3165 1073 3265 1116 nec
3291 1059 3572 1129 praeceptis
3595 1061 3788 1116 medici

2201 1148 2570 1218 obtemperat?
2597 1145 2659 1204 Α.
2687 1149 2915 1204 Omnino
2957 1151 3027 1210 ita
3069 1161 3171 1214 est,
3219 1153 3512 1222 praesertim
3554 1155 3675 1224 quia
3724 1169 3786 1212 ea

2201 1249 2462 1308 praecepta
2491 1255 2710 1296 necesse
2731 1249 2812 1296 est
2835 1249 2890 1298 ιιι
2911 1242 3129 1300 morbus
3153 1241 3284 1298 dura
3309 1245 3520 1302 sentiat.
3549 1243 3618 1298 Β.
3645 1244 3788 1316 Ergo

2200 1329 2322 1384 ﬁdei
2356 1345 2478 1400 spes
2512 1331 2806 1400 adjicienda
2833 1341 2930 1388 est.
2968 1334 3030 1386 Α.
3069 1332 3143 1398 lta
3171 1333 3352 1390 credo.
3383 1333 3450 1388 R.
3473 1333 3630 1400 Quid,
3665 1334 3710 1392 si
3731 1345 3788 1392 et

2198 1423 2378 1496 credat
2405 1425 2474 1480 ita
2495 1439 2556 1480 se
2585 1425 2782 1492 habere
2810 1427 3007 1492 omnia,
3035 1439 3090 1482 et
3113 1443 3170 1486 se
3193 1437 3370 1498 speret
3398 1444 3558 1498 posse
3583 1431 3780 1496 sanari,

2201 1514 2370 1584 ipsam
2399 1525 2572 1572 tamen
2615 1532 2734 1588 qua:
2765 1519 3087 1588 promittitur
3125 1520 3296 1576 lucem
3347 1537 3452 1576 non
3492 1531 3654 1584 amet,
3677 1538 3784 1580 non

2199 1607 2486 1676 desideret,
2535 1610 2752 1680 suisque
2801 1611 3054 1676 tenebris,
3101 1627 3219 1682 qua:
3247 1613 3356 1682 jam
3399 1615 3784 1672 consuetudine

2191 1699 2438 1767 jucunda:
2467 1711 2610 1766 sunt,
2653 1716 2712 1758 se
2740 1703 3022 1762 arbitretur
3047 1703 3244 1758 debere
3271 1703 3483 1766 interim
3513 1720 3632 1760 esse
3655 1721 3784 1762 con-

2195 1799 2422 1856 tentam;
2453 1809 2630 1850 nonne
2660 1794 2926 1868 medicum
2968 1795 3110 1859 illum
3155 1793 3502 1850 nihilominus
3541 1797 3782 1864 respuit?

2193 1883 2256 1938 Α.
2287 1883 2514 1938 Prorsus
2552 1883 2620 1942 ita
2646 1893 2744 1938 est.
2777 1883 2845 1944 Β,
2877 1883 3016 1954 Euge
3047 1885 3196 1940 tertia
3225 1884 3456 1940 charitas
3481 1889 3778 1942 necessaria

2195 1983 2294 2028 est.
2328 1975 2392 2032 Α.
2427 1973 2566 2028 Nihil
2592 1974 2808 2028 omnino
2833 1983 2937 2028 tam
2969 1973 3433 2032 ueces.<arium.R.
3463 1975 3588 2030 Sine
3613 1977 3780 2034 tribus

2193 2065 2305 2120 istis
2335 2065 2494 2140 igitur
2518 2066 2690 2124 anima
2723 2067 2863 2122 nulla
2893 2077 3130 2134 sanatur,
3159 2075 3214 2126 ut
3241 2067 3407 2137 possit
3432 2068 3595 2124 Deum
3623 2085 3782 2126 suum

2193 2158 2393 2220 videre,
2421 2156 2472 2210 id
2503 2165 2582 2210 est
2614 2157 2926 2228 intelligere.

2263 2251 2350 2304 15.
2392 2249 2523 2304 Cum
2555 2263 2683 2320 ergo
2709 2265 2869 2304 sanos
2899 2249 3142 2306 habuerit
3171 2250 3374 2315 oculos,
3417 2249 3544 2319 quiti
3572 2251 3780 2306 restat?

2191 2343 2254 2396 Α.
2289 2343 2358 2402 Ut
2405 2345 2644 2416 aSpieiat.
2691 2341 2758 2397 R.
2793 2344 3053 2412 Aspectus
3092 2343 3306 2410 animre,
3345 2343 3480 2400 ratio
3521 2353 3602 2400 est
3637 2361 3649 2396 :
3683 2345 3780 2399 sed

2190 2439 2312 2508 quia
2341 2454 2442 2492 non
2471 2439 2706 2508 sequitur
2727 2445 2784 2492 ιιι
2813 2437 2986 2494 omnis
3007 2437 3096 2507 qni
3111 2438 3300 2506 aspicit
3319 2435 3514 2502 videat,
3533 2445 3782 2506 aspectus

2189 2544 2364 2590 rectus
2409 2541 2566 2603 atque
2602 2531 2886 2602 perfectus,
2933 2531 2985 2586 id
3029 2539 3113 2586 est
3150 2546 3308 2600 quem
3349 2532 3482 2590 visio
3519 2531 3780 2600 sequitur,

2191 2625 2354 2680 virtus
2381 2632 2626 2688 vocatur;
2655 2632 2740 2680 est
2761 2623 2902 2678 enim
2933 2623 3100 2682 virtus
3131 2621 3212 2678 vel
3242 2631 3388 2680 recta
3425 2622 3512 2680 vel
3539 2623 3776 2692 perfecta

2188 2717 2341 2772 ratio.
2367 2715 2472 2774 Sed
2493 2725 2546 2772 et
2574 2717 2686 2786 ipse
2709 2725 2956 2785 aspectus
2989 2713 3227 2784 quamvis
3265 2713 3374 2782 jam
3397 2729 3560 2770 sanos
3591 2715 3784 2772 oeulos

2187 2817 2501 2864 convertere
2545 2807 2598 2862 in
2626 2808 2794 2862 lucem
2823 2821 2926 2860 non
2959 2813 3152 2876 potest,
3199 2806 3298 2860 nisi
3323 2806 3420 2868 tria
3447 2805 3532 2859 illa
3563 2821 3779 2874 perma-

2189 2911 2348 2958 neant
2381 2919 2394 2954 :
2423 2900 2576 2966 ﬁdes,
2606 2916 2710 2970 qua
2735 2899 2918 2956 credat
2945 2899 3014 2954 ita
3041 2915 3099 2956 se
3131 2915 3242 2958 rem
3275 2899 3492 2964 habere,
3521 2899 3590 2954 ad
3618 2915 3780 2968 quant

2187 2993 2574 3052 convertendus
2602 3002 2850 3063 aspectus
2866 3003 2964 3058 est,
2987 3001 3046 3048 ιιι
3068 2995 3176 3048 visa
3203 2993 3358 3050 iaciat
3389 2993 3600 3048 beatum
3623 3009 3782 3063 ;spes

2188 3101 2290 3156 qua
2311 3101 2432 3142 cum
2461 3087 2596 3142 bene
2622 3087 2908 3156 aspexerit,
2939 3099 2998 3140 se
3017 3086 3250 3142 visurum
3295 3100 3416 3140 esse
3445 3095 3732 3154 praesumat
3757 3103 3778 3150 ς

2185 3179 2437 3246 Charitas,
2470 3186 2572 3248 qua
2598 3178 2778 3234 videre
2806 3177 3108 3248 perfruique
3149 3176 3434 3238 desideret.
3465 3177 3582 3234 Jain
3613 3193 3780 3246 aspe-

2185 3281 2328 3326 ctum
2371 3267 2608 3342 sequitur
2634 3271 2746 3340 ipsa
2775 3271 2912 3334 visio
2949 3269 3064 3335 Dei,
3107 3270 3196 3340 qui
3223 3277 3306 3326 est
3333 3271 3450 3326 linis
3495 3279 3778 3340 aspectus;

2185 3379 2291 3420 non
2321 3364 2462 3434 quod
2487 3363 2596 3434 jam
2619 3379 2724 3420 non
2751 3365 2838 3428 sit,
2877 3363 2970 3418 sed
2992 3362 3132 3433 quod
3163 3363 3290 3418 nihil
3325 3364 3552 3432 amplius
3585 3363 3782 3420 habeat

2184 3472 2290 3526 quo
2320 3471 2380 3512 se
2405 3457 2646 3512 intendat
2672 3475 2684 3510 :
2709 3465 2764 3512 et
2805 3456 2918 3512 haec
2943 3465 3026 3512 est
3051 3471 3179 3512 vere
3207 3456 3440 3526 perfecta
3472 3457 3658 3524 virtus,
3691 3473 3784 3512 ra-

2189 3548 2260 3602 tio
2289 3547 2604 3616 perveniens
2627 3547 2694 3602 ad
2721 3547 2880 3602 tinem
2915 3563 3090 3614 suum,
3119 3563 3278 3616 quam
3303 3547 3458 3604 beata
3501 3549 3609 3602 vita
3639 3563 3780 3604 con-

2185 3641 2442 3710 sequitur.
2473 3639 2590 3710 ipsa
2617 3649 2794 3696 autem
2831 3641 2990 3706 visio,
3025 3641 3326 3696 intellectus
3367 3653 3448 3698 est
3475 3643 3561 3698 ille
3601 3644 3686 3712 qui
3719 3643 3780 3698 in

2185 3733 2358 3786 anima
2387 3739 2498 3799 est,
2529 3733 2618 3802 qui
2663 3731 2940 3788 coniicitur
2981 3749 3058 3788 ex
3087 3733 3416 3802 intelligente
3447 3742 3504 3789 et
3537 3749 3600 3790 eo
3629 3733 3780 3802 quod

2183 3822 2491 3892 intelligitur
2523 3840 2536 3876 :
2571 3831 2628 3884 ut
2648 3823 2698 3878 in
2730 3823 2896 3880 oculis
2933 3823 3110 3880 videre
3137 3823 3280 3894 quod
3309 3823 3522 3889 dicitur,
3559 3840 3624 3878 ex
3657 3825 3778 3892 ipso

2182 3929 2342 3968 sensu
2371 3923 2580 3968 constat
2601 3923 2758 3984 atque
2787 3915 3048 3982 sensibili,
3081 3931 3310 3986 quorum
3331 3916 3570 3974 detracto
3595 3917 3778 3988 quoli-

2181 4016 2288 4070 net,
2321 4005 2488 4060 videri
2517 4005 2648 4060 nihil
2687 4014 2876 4075 potest.

2287 4097 2511 4154 CAPUT
2545 4097 2652 4154 Vll.
2683 4129 2756 4140 —-
2782 4098 2958 4166 Fides,
2985 4115 3116 4169 spes,
3145 4100 3365 4156 clraritas
3391 4117 3489 4172 qua
3509 4117 3664 4172 usque

2819 4191 3128 4246 necessaries.

2255 4281 2341 4336 M.
2382 4280 2522 4351 Ergo
2545 4295 2666 4336 cum
2697 4281 2886 4336 animae
2915 4283 3078 4338 Deum
3105 4281 3306 4348 videre,
3338 4281 3440 4336 hoc
3477 4289 3560 4338 est
3599 4283 3772 4340 Deum

2181 4373 2476 4444 intelligere
2511 4374 2812 4444 contigerit,
2857 4373 3129 4428 videamus
3157 4383 3332 4430 utrum
3362 4373 3535 4428 adhuc
3583 4375 3632 4428 ei
3663 4377 3768 4430 tria

2181 4463 2265 4518 illa
2319 4466 2428 4520 sint
2453 4465 2772 4522 necessaria.
2803 4463 2958 4520 Fides
2988 4480 3152 4534 quare
3197 4466 3266 4522 sit
3291 4466 3608 4530 necessaria,
3641 4481 3770 4522 eum

2175 4555 2284 4626 jam
2315 4557 2525 4610 videat?
2553 4559 2686 4626 Spes
2713 4558 3074 4624 nihilominus,
3105 4559 3228 4628 quia
3276 4557 3388 4628 jam
3417 4567 3578 4614 tenet.
3621 4559 3770 4614 Cha-

2179 4649 2322 4702 ritati
2351 4663 2476 4702 vero
2507 4663 2630 4704 non~
2663 4649 2834 4704 solum
2878 4649 3006 4704 nihil
3036 4649 3367 4716 detrahetur,
3409 4649 3502 4706 sed
3537 4649 3770 4706 addetur

2177 4739 2336 4794 etiam
2365 4739 2672 4810 plurimum.
2705 4739 2836 4794 Nam
2873 4750 2928 4796 et
2953 4741 3094 4796 illam
3125 4741 3446 4810 singularem
3475 4757 3764 4809 veramque

2176 4832 2620 4902 pulchritudinem
2651 4849 2771 4888 cum
2802 4833 3010 4900 viderit,
3041 4835 3160 4902 plus
3187 4833 3414 4898 amabit;
3447 4841 3502 4890 et
3549 4833 3646 4888 nisi
3679 4834 3760 4886 in-

2175 4927 2318 4996 genti
2360 4941 2542 4982 amore
2575 4927 2792 4982 oculum
2821 4925 3070 4993 inﬁxerit,
3103 4939 3205 4980 nec
3239 4925 3306 4982 ab
3335 4923 3641 4993 aspicienda
3667 4941 3759 4976 us-

2175 5017 2314 5088 piam
2343 5017 2704 5080 declinaverit,
2737 5032 2954 5072 manere
3001 5016 3056 5070 in
3087 5015 3178 5070 illa
3221 5014 3522 5070 beatissima
3553 5013 3760 5066 visione

2173 5126 2278 5166 non
2301 5110 2510 5179 poterit.
2536 5108 2640 5165 Sed
2663 5109 2790 5164 dum
2809 5109 2864 5162 in
2881 5107 2984 5164 hoc
3007 5122 3232 5180 corpore
3252 5115 3334 5162 est
3361 5105 3558 5168 anima,
3578 5104 3758 5157 etiani~

2172 5203 2216 5258 si
2251 5203 2558 5272 plenissime
2587 5201 2782 5268 videat,
2811 5201 2910 5256 hoc
2936 5201 3290 5270 cstintelligat
3317 5199 3514 5264 Deum;
3551 5207 3738 5251 tamen.

2169 5297 2290 5366 quia
2333 5298 2492 5352 etiam
2519 5296 2761 5366 corporis
2789 5309 2980 5350 sensus
3005 5302 3221 5350 utuntur
3245 5309 3409 5363 Opere
3438 5292 3673 5362 proprio,
3705 5290 3752 5346 si

2168 5391 2298 5444 nihil
2319 5389 2532 5460 quidem
2553 5391 2730 5446 valent
2748 5390 2814 5444 ad
2843 5389 3148 5454 fallendum,
3187 5403 3292 5442 non
3327 5397 3502 5442 tamen
3533 5387 3656 5440 nihil
3681 5385 3750 5444 ad

2171 5497 2276 5534 non
2301 5482 2674 5552 ambigendum
2697 5483 2734 5548 ί,
2757 5490 2934 5551 potest
2961 5481 3134 5536 adhuc
3159 5479 3264 5536 dici
3295 5479 3425 5534 lides
3451 5495 3512 5534 ea
3542 5493 3644 5548 qua
3667 5475 3748 5531 liis

2165 5573 2448 5636 resistitur,
2463 5583 2516 5628 et
2533 5573 2660 5628 illud
2677 5573 2856 5643 potius
2871 5587 3054 5628 verum
3076 5587 3192 5628 esse
3209 5569 3464 5626 creditur.
3479 5570 3606 5622 Item
3625 5568 3746 5637 quia

2227 5717 2334 5763 isie
2351 5724 2452 5764 λῐςς.
2491 5723 2544 5765 ,ιι
2579 5713 2935 5776 Γιίιιηιιιιῑιριιιε
2965 5721 3165 5766 (tantur
3197 5709 3598 5776 operegpmprio,
3623 5701 3743 5776 nihil

2161 5777 2352 5842 quidem
2369 5777 2548 5830 vidente
2563 5775 2626 5827 ad
2643 5775 2908 5840 fauertdum
2919 5817 2932 5840 ,
2952 5791 3046 5828 non
3061 5785 3218 5828 tamen
3227 5771 3358 5826 "nihil
3371 5771 3556 5840 bgeiue,
3576 5771 3738 5837 νοω.
