4078 6366
292 259 397 322 877

289 381 344 435 in
373 380 475 435 ista
497 377 626 446 vita,
648 390 946 448 quanquam
973 375 1086 431 Deo
1107 375 1378 430 intellecto
1393 375 1567 428 anima
1590 373 1697 444 jam
1730 375 1880 428 beata

287 471 386 540 sit;
417 480 613 537 tamen,
643 471 765 539 quia
788 464 791 465 ⁷
811 469 1006 524 multas
1056 469 1330 523 molestias
1356 468 1594 537 corporis
1635 466 1877 529 sustinet,

288 561 609 632 sperandum
638 568 719 615 est
739 561 787 614 ei
815 568 934 629 post
976 569 1201 614 mortem
1224 560 1400 613 omnia
1425 560 1524 613 ista
1545 557 1880 612 incommoda

288 670 395 711 non
421 655 611 707 futura.
639 652 778 723 Ergo
801 667 900 707 nec
939 666 1082 722 spes,
1111 651 1238 706 dum
1270 652 1321 705 in
1359 651 1457 704 hac
1479 658 1560 705 est
1590 650 1715 714 vita,
1758 649 1879 703 ani-

289 761 431 802 mam
462 745 678 801 deserit.
727 743 833 799 Sed
863 759 981 798 cum
1019 752 1139 814 post
1188 743 1325 798 hanc
1363 744 1525 797 vitam
1582 750 1686 796 tota
1716 756 1774 796 se
1826 742 1878 796 in

290 842 457 897 Deum
484 839 787 910 collegerit,
810 837 1042 893 charitas
1063 845 1342 906 restatqua
1372 835 1439 890 ibi
1465 844 1724 890 teneatur.
1747 834 1878 888 Nam

287 948 461 1005 neque
485 932 708 989 dicenda
739 940 822 987 est
849 931 1006 986 fidem
1044 930 1240 986 habere
1283 928 1423 999 quod
1453 929 1540 982 illa
1578 929 1686 982 sint
1729 943 1872 991 vera,

284 1026 500 1099 quando
549 1026 690 1081 nulla
739 1023 992 1080 falsorum
1037 1021 1461 1093 interpellatione
1527 1019 1875 1085 sollicitatur;

284 1135 456 1191 neque
477 1118 762 1190 quidquam
791 1117 1111 1187 sperandum
1143 1116 1189 1171 ei
1216 1124 1403 1178 restat,
1433 1130 1552 1169 cum
1585 1122 1756 1168 totum
1786 1128 1876 1167 se-

284 1228 408 1266 cura
453 1209 741 1282 possideat.
784 1211 906 1264 Tria
933 1210 1091 1281 igitur
1133 1209 1199 1263 ad
1239 1209 1468 1262 animam
1495 1207 1778 1276 pertinent,
1822 1215 1878 1260 ut

283 1322 412 1362 Sana
442 1305 532 1370 sit,
576 1313 632 1359 ut
664 1305 904 1374 aspiciat,
936 1313 994 1359 ut
1040 1303 1236 1358 videat.
1268 1302 1383 1356 Alia
1412 1316 1542 1355 vero
1571 1300 1690 1366 tria,
1721 1298 1872 1365 fides,

286 1413 410 1468 spes
438 1406 491 1452 et
519 1398 771 1461 Charitas,
802 1397 977 1466 primo
997 1395 1205 1450 illorum
1232 1397 1390 1448 trium
1412 1403 1465 1447 et
1491 1392 1722 1448 secundo
1739 1407 1879 1446 sem-

285 1508 378 1561 per
411 1500 533 1550 sunt
562 1491 867 1546 necessaria
893 1510 906 1544 :
936 1489 1092 1544 tertio
1121 1504 1247 1543 vero
1291 1488 1344 1542 in
1383 1487 1482 1543 hac
1503 1489 1628 1553 vita,
1660 1487 1833 1543 omnia
1858 1503 1873 1555 ;

285 1594 404 1652 post
436 1584 571 1640 hanc
597 1584 781 1649 vitam,
805 1583 916 1638 sola
943 1582 1196 1637 charitas.
1439 1571 1454 1584 °

392 1673 622 1730 CAPUT
663 1672 798 1728 VIII.
825 1704 894 1714 —
917 1674 1043 1739 Qua:
1071 1673 1140 1726 ad
1177 1672 1578 1743 cognoscendum
1605 1671 1770 1726 Deum

931 1765 1233 1819 necessaria.

357 1859 446 1914 15.
487 1857 640 1912 Nunc
666 1856 866 1926 accipe,
919 1864 1180 1927 quantum
1209 1870 1444 1928 praesens
1485 1866 1691 1928 tempus
1713 1873 1877 1930 expo-

287 1951 408 2017 scit,
451 1967 517 2004 ex
546 1949 635 2002 illa
688 1947 1031 2002 similitudine
1077 1947 1409 2002 sensibilium
1462 1948 1621 2002 etiam
1649 1948 1717 2003 de
1766 1941 1877 2005 Deo

286 2041 483 2112 aliquid
513 2055 652 2095 nunc
679 2055 765 2096 me
787 2038 1066 2094 doceutc‘.
1117 2037 1465 2108 lntclligibilis
1513 2054 1706 2109 nempe
1739 2042 1877 2112 licus

288 2143 390 2199 est,
416 2131 765 2201 intelligibilia
797 2130 959 2184 etiam
983 2129 1068 2184 illa
1092 2129 1488 2198 disciplinarum
1516 2133 1875 2206 spectamiua;

289 2231 466 2276 tamen
500 2222 788 2291 plurimum
821 2219 1090 2276 differunt.
1125 2218 1254 2274 Nam
1301 2228 1354 2275 et
1397 2229 1535 2298 terra
1559 2222 1797 2288 visibilis,
1825 2232 1880 2280 et

290 2313 414 2380 lux;
449 2313 541 2368 sed
578 2322 737 2378 terra,
765 2311 865 2365 nisi
896 2311 1014 2364 luce
1044 2311 1322 2380 illustrata,
1349 2312 1516 2367 videri
1548 2329 1653 2368 non
1681 2322 1873 2386 potest.

289 2409 428 2477 Ergo
458 2417 512 2462 et
537 2408 620 2461 illa
659 2423 778 2476 qua:
831 2408 883 2462 in
910 2407 1204 2476 disciplinis
1251 2408 1547 2474 traduntur,
1584 2424 1701 2480 qua:
1730 2408 1877 2478 quis-

289 2499 406 2566 quis
437 2497 710 2566 intelligit,
750 2497 1027 2566 verissima
1059 2512 1177 2552 esse
1209 2498 1354 2552 nulla
1385 2497 1711 2572 dubitatione
1747 2513 1878 2572 con:

289 2591 459 2657 cedit,
491 2588 815 2644 credendum
846 2597 929 2644 est
955 2604 1016 2642 ea
1046 2605 1150 2643 non
1187 2603 1344 2660 posse
1391 2589 1630 2659 intelligi,
1664 2589 1764 2662 nisi
1811 2589 1880 2644 ab

291 2683 392 2736 alio
415 2681 566 2752 quasi
593 2697 689 2735 suo
711 2682 820 2736 sole
851 2681 1200 2734 illustrentur.
1227 2681 1368 2750 Ergo
1402 2682 1668 2750 quomodo
1696 2682 1747 2734 in
1777 2680 1881 2734 hoc

294 2775 405 2828 sole
436 2774 531 2828 tria
560 2773 800 2843 quaedam
836 2773 956 2827 licet
977 2772 1430 2846 animadvertere;
1450 2771 1589 2842 quod
1609 2781 1709 2838 est,
1738 2771 1880 2842 quod

297 2868 479 2939 fulget,
513 2868 652 2938 quod
700 2868 963 2922 illuminat
1005 2885 1017 2920 :
1052 2868 1122 2920 ita
1153 2867 1204 2920 in
1257 2867 1344 2920 illo
1387 2867 1742 2920 sccrctissimo
1771 2867 1881 2920 Deo

299 2977 456 3030 quem
488 2961 568 3014 vis
615 2961 930 3030 intelligere,
982 2959 1078 3013 tria
1110 2959 1353 3030 quaedam
1401 2969 1556 3020 sunt;
1607 2959 1749 3029 quod
1778 2968 1878 3024 est,

297 3052 436 3122 quod
484 3052 810 3120 intelligitur,
843 3060 897 3105 et
940 3049 1080 3120 quod
1125 3058 1316 3104 caetera
1345 3049 1466 3104 facit
1493 3049 1730 3120 intelligi.
1760 3050 1882 3103 Ilaec

295 3145 421 3209 duo,
457 3144 507 3198 id
535 3152 633 3206 est,
666 3144 890 3213 teipsum
919 3151 970 3196 et
998 3143 1183 3206 Deum,
1214 3150 1271 3196 ut
1301 3142 1587 3211 intelligas,
1615 3141 1806 3196 docere
1831 3152 1882 3198 te

295 3236 488 3290 audeo.
521 3236 624 3290 Sed
649 3233 912 3304 responde
933 3234 1196 3304 quomodo
1219 3234 1334 3290 haic
1355 3234 1650 3304 acceperis;
1675 3245 1732 3288 ut
1763 3249 1883 3303 pro-

298 3330 514 3393 babilia,
538 3344 603 3381 an
621 3337 676 3384 ut
702 3327 866 3381 vera?
885 3326 1123 3381 A.Plane
1142 3334 1196 3380 ut
1222 3325 1540 3396 probabilia;
1568 3333 1621 3378 et
1637 3326 1686 3378 in
1709 3340 1880 3394 spem,

298 3421 438 3491 quod
483 3420 751 3480 fatendum
781 3427 881 3486 est,
940 3419 1196 3494 majorem
1235 3418 1439 3472 surrexi
1474 3435 1485 3470 :
1519 3433 1642 3471 nam
1687 3427 1880 3487 przcter

300 3513 387 3568 illa
409 3512 514 3567 duo
538 3512 605 3567 de
631 3495 769 3566 linea
796 3519 850 3566 et
875 3510 996 3584 pila,
1036 3510 1166 3566 nihil
1193 3510 1286 3563 abs
1315 3517 1364 3564 te
1398 3509 1596 3564 dictum
1639 3517 1720 3563 est
1743 3509 1884 3579 quod

304 3621 387 3660 me
412 3607 548 3660 scire
578 3604 798 3668 audeam
827 3603 1026 3658 dicere.
1054 3603 1121 3657 R.
1152 3601 1269 3658 Non
1304 3612 1386 3657 est
1413 3601 1710 3656 mirandum
1735 3622 1747 3658 :
1777 3617 1882 3656 non

302 3699 442 3752 enim
465 3697 750 3766 quidquam
777 3703 861 3751 est
882 3695 1054 3750 adhuc
1082 3695 1152 3749 ita
1192 3694 1513 3766 expositum,
1537 3703 1596 3749 ut
1618 3694 1714 3749 abs
1739 3701 1791 3748 te
1816 3693 1885 3750 sit

300 3790 580 3862 flagitanda
609 3791 896 3861 perceptio.

657 3883 885 3938 CAPUT
925 3882 1015 3938 IX.
1055 3882 1306 3938 ——Amor
1350 3882 1525 3937 nostri.

372 3973 460 4029 16.
505 3973 610 4030 Sed
636 3976 758 4052 quid
788 3975 1098 4032 moramur?
1128 3974 1496 4046 Aggredienda
1541 3982 1622 4030 est
1653 3974 1735 4030 via
1762 3991 1774 4026 :
1803 3974 1884 4044 vi-

301 4066 524 4121 deamus
553 4077 746 4133 tamen,
771 4067 911 4139 quod
942 4068 1194 4138 praecedit
1218 4067 1394 4122 omnia
1417 4109 1430 4132 ,
1464 4075 1640 4122 utrum
1674 4069 1786 4138 sani
1813 4068 1886 4124 si-

301 4174 438 4212 mus.
482 4158 546 4211 A.
588 4160 696 4214 lloc
728 4170 782 4214 ιιι
809 4159 1024 4227 videris,
1057 4161 1100 4214 si
1152 4160 1235 4214 vel
1276 4159 1328 4214 in
1376 4168 1445 4224 te,
1477 4159 1557 4213 vel
1587 4159 1637 4213 in
1669 4175 1754 4214 me
1783 4159 1885 4214 ali-

303 4262 554 4321 quantum
587 4252 824 4322 aspicere
848 4262 997 4323 potes
1022 4269 1034 4306 :
1063 4267 1162 4326 ego
1179 4234 1454 4321 quaerenti,
1470 4251 1514 4306 si
1541 4251 1666 4322 quid
1691 4251 1882 4316 sentio,

302 4343 660 4412 respondebo.
706 4343 775 4398 R.
807 4344 1042 4400 Amasne
1089 4343 1285 4414 aliquid
1331 4354 1525 4414 przeter
1563 4344 1637 4397 tui
1684 4344 1884 4416 Deique

301 4436 624 4491 scientiam?
668 4437 730 4490 Α.
773 4437 992 4492 Possem
1023 4437 1366 4507 respondere,
1412 4436 1538 4494 nihil
1590 4450 1677 4508 me
1705 4451 1886 4492 amare

303 4530 550 4600 amplius,
586 4545 682 4599 pro
721 4545 784 4584 eo
810 4544 969 4584 sensu
991 4530 1080 4600 qui
1112 4529 1242 4584 mihi
1284 4544 1423 4604 nunc
1457 4537 1564 4592 est;
1599 4527 1694 4582 sed
1724 4528 1886 4586 tutius

299 4620 600 4690 I‘CSpOﬂdCO
650 4621 858 4676 nescire
882 4637 986 4677 me.
1024 4620 1154 4684 Nam
1186 4636 1328 4691 saepe
1357 4620 1485 4676 mihi
1516 4636 1612 4674 usu
1657 4621 1802 4678 venit
1830 4627 1888 4696 ut

302 4727 420 4765 cum
452 4713 553 4765 alia
584 4711 724 4766 nulla
763 4727 821 4767 re
861 4728 946 4767 me
990 4713 1265 4767 crederem
1305 4712 1647 4777 commoveri,
1683 4713 1888 4774 veniret

304 4813 475 4859 tamen
504 4805 698 4875 aliquid
723 4805 774 4859 in
802 4814 1056 4869 mentem,
1081 4805 1220 4874 quod
1253 4821 1335 4858 me
1360 4805 1524 4859 multo
1549 4806 1704 4860 aliter
1727 4814 1885 4875 atque

306 4881 754 4965 praisumpseram
779 4906 1050 4966 pungeret.
1076 4897 1202 4951 Item
1235 4911 1396 4965 s:epe,
1421 4887 1669 4965 quamvis
1701 4899 1751 4951 in
1789 4911 1884 4952 co-

300 4987 611 5055 gitationem
638 5001 724 5041 res
752 4987 927 5057 aliqua
955 4986 1193 5040 incidens
1214 5001 1317 5039 non
1347 5002 1431 5040 me
1449 4987 1771 5056 pervellerit,
1802 5002 1887 5042 re-

301 5093 421 5130 vera
448 5086 623 5130 tamen
647 5077 866 5134 veniens
892 5077 1217 5146 perturbavit
1266 5077 1382 5148 plus
1413 5091 1568 5147 quam
1600 5077 1880 5147 putabam:

300 5169 390 5222 sed
412 5168 570 5222 modo
597 5167 778 5224 videor
798 5168 925 5223 mihi
958 5169 1122 5224 tribus
1143 5177 1341 5222 tantum
1366 5167 1524 5223 rebus
1549 5183 1702 5238 posse
1732 5183 1881 5224 coms

302 5262 504 5317 moveri
530 5280 543 5316 :
574 5273 718 5318 metu
743 5262 1044 5317 amissionis
1061 5278 1243 5317 eorum
1268 5278 1398 5334 quos
1427 5261 1606 5333 diligo,
1631 5270 1772 5316 metu
1797 5262 1885 5316 do-

301 5354 452 5420 loris,
483 5363 625 5410 metu
649 5356 853 5409 mortis.
883 5354 949 5408 R.
972 5357 1132 5408 Amas
1148 5369 1274 5425 ergo
1298 5364 1350 5408 et
1378 5354 1536 5407 vitam
1559 5363 1732 5408 tecum
1759 5352 1886 5408 cha-

302 5449 634 5502 rissimorum
661 5457 892 5514 tuorum,
908 5457 958 5500 et
979 5447 1168 5500 bonam
1187 5446 1537 5501 valetudinem
1555 5456 1716 5510 tuam,
1733 5454 1784 5500 et
1803 5447 1883 5499 vi-

303 5546 408 5593 tam
427 5549 568 5592 tuam
589 5539 753 5608 ipsam
774 5539 824 5592 in
845 5538 944 5591 huc
958 5552 1178 5608 corpore
1199 5556 1211 5590 :
1231 5538 1555 5607 nequeenim
1571 5538 1886 5592 aliteramis-

301 5631 508 5688 sionem
538 5629 728 5684 horum
768 5637 1050 5683 metueres.
1079 5630 1138 5682 Α.
1167 5628 1375 5696 Fateor,
1403 5630 1470 5683 ita
1506 5637 1603 5684 cst.
1639 5627 1700 5680 It.
1730 5627 1884 5682 Modo

366 5745 380 5776 ⁸
403 5751 480 5794 Er.
504 5753 621 5794 ven.
642 5751 751 5794 Lov.
773 5744 1034 5794 doceiuem.
1054 5750 1112 5794 tu.

1692 255 1891 313 LIBER
1933 253 2204 311 PRIMUS.

3466 265 3569 322 878

1990 387 2138 443 ergo,
2173 371 2311 443 quod
2337 386 2439 426 non
2473 387 2657 428 omnes
2689 382 2859 430 tecum
2892 383 3014 430 sunt
3039 378 3189 431 amici
3222 379 3312 444 tui,
3348 389 3401 434 et
3429 381 3568 450 quod

1989 473 2075 518 tua
2106 465 2350 520 valetudo
2381 465 2556 520 minus
2601 467 2800 534 integra
2831 474 2932 534 est,
2975 468 3095 522 facit
3121 471 3296 522 animo
3339 471 3568 526 nonnul-

1989 556 2092 610 lam
2119 558 2483 626 mgritudinem
2514 575 2526 610 :
2552 574 2673 612 nam
2702 568 2755 613 et
2801 558 2851 612 id
2883 574 2999 613 esse
3029 575 3360 631 consequens
3389 563 3564 618 video.

1987 650 2050 703 A.
2081 651 2244 707 [lecte
2273 652 2447 717 vides;
2496 667 2691 721 negare
2735 668 2838 705 non
2879 667 3116 721 possum.
3142 652 3209 706 lt.
3233 653 3390 719 Quid,
3421 656 3464 708 si
3517 666 3568 711 te
3651 665 3659 672 '

1988 753 2209 815 repente
2239 760 2368 799 sano
2398 761 2516 801 esse
2560 761 2783 815 corpore
2809 746 3007 800 sentias
3036 754 3090 800 et
3116 745 3328 816 probes,
3362 755 3565 801 tecum-

1987 854 2089 906 que
2118 853 2304 892 omnes
2331 855 2463 908 quos
2497 837 2673 908 diligis
2699 837 3049 900 concorditer,
3073 837 3274 892 liberali
3327 839 3436 891 otio
3465 839 3567 893 frui

1987 931 2186 997 videas,
2207 948 2382 985 nonne
2397 932 2721 1001 aliquantum
2745 931 2839 985 tibi
2859 930 3016 986 etiam
3036 930 3214 985 laetitia
3226 931 3561 1001 gestiendum

1986 1024 2098 1077 est?
2115 1023 2322 1079 A.Vere
2341 1026 2694 1094 aliquantum;
2719 1025 2845 1087 imo,
2869 1025 2911 1078 si
2940 1025 3053 1078 haec
3076 1025 3390 1093 praesertim,
3417 1034 3472 1079 ut
3491 1027 3563 1080 di-

1986 1117 2082 1180 cis,
2107 1126 2328 1187 repente
2359 1118 2716 1187 provenerint,
2744 1118 2954 1188 quando
2981 1135 3064 1172 me
3092 1120 3327 1187 capiam;
3351 1121 3564 1190 quando

1987 1209 2035 1263 id
2056 1226 2218 1280 genus
2235 1211 2408 1279 gaudii
2435 1212 2514 1267 vel
2535 1210 2870 1266 dissimulare
2888 1213 3162 1280 pcrmittar
3177 1213 3199 1266 ?
3216 1213 3280 1265 R.
3302 1213 3560 1272 Omnibus

1985 1302 2143 1372 igitur
2171 1303 2342 1356 adhuc
2365 1304 2564 1357 morbis
2593 1305 2751 1357 animi
2777 1313 2833 1358 et
2863 1305 3353 1372 perturbationibus
3392 1309 3558 1377 agita-

1984 1396 2077 1449 ris.
2119 1395 2372 1463 Quarnani
2407 1412 2532 1463 ergo
2569 1397 2748 1449 talium
2784 1397 3059 1451 oculorum
3093 1397 3414 1466 impudentia
3459 1408 3560 1468 est,

1983 1488 2120 1542 velle
2162 1488 2307 1542 illum
2345 1489 2510 1542 solem
2559 1487 2874 1542 viderefA.
2936 1487 3006 1541 Ita
3057 1489 3360 1542 conclusisti
3413 1494 3563 1560 quasi

1982 1595 2202 1650 prorsus
2240 1596 2343 1633 non
2381 1580 2605 1632 sentiam
2634 1587 2888 1648 quantum
2915 1579 3114 1633 sanitas
3139 1594 3255 1633 mea
3279 1596 3556 1650 promoves

1981 1672 2073 1739 rit,
2099 1678 2191 1725 aut
2212 1670 2336 1740 quid
2365 1672 2590 1739 pestium
2627 1671 2925 1736 recesserit,
2970 1679 3327 1742 quantumque
3355 1672 3563 1727 restite~

1983 1764 2071 1818 rit.
2101 1763 2206 1817 Fac
2231 1778 2314 1816 me
2341 1762 2484 1816 istud
2512 1761 2826 1816 concedere.

2041 1853 2265 1910 CAPUT
2289 1853 2360 1910 Χ.
2381 1882 2455 1894 --
2479 1853 2636 1907 Amor
2660 1837 2826 1906 r'erum
2855 1853 3078 1924 corporis
3098 1862 3142 1906 et
3166 1862 3502 1908 externarum.

2055 1947 2143 2000 1⁵1.
2163 1944 2229 1998 R.
2253 1945 2440 1999 Nonne
2462 1945 2609 1999 vides
2626 1943 2724 1999 hos
2744 1945 2982 2013 corporis
3003 1944 3184 1998 oculos
3203 1945 3359 1999 etiam
3383 1961 3558 2012 sanos,

1984 2037 2100 2091 luce
2129 2037 2256 2090 solis
2288 2036 2438 2090 istius
2470 2051 2610 2104 saepe
2626 2036 2887 2105 repercuti
2909 2045 2961 2089 et
2985 2035 3171 2097 averti,
3205 2046 3363 2105 atque
3384 2036 3447 2090 ad
3480 2037 3565 2090 illa

1984 2147 2077 2186 sua
2109 2131 2334 2186 obseura
2380 2129 2706 2200 confugere?
2749 2130 2828 2184 Tu
2873 2139 3047 2183 autem
3079 2129 3202 2200 quid
3238 2131 3566 2199 promovet-is

1984 2225 2182 2295 cogitas
2205 2267 2219 2288 ,
2261 2223 2386 2293 quid
2416 2224 2544 2277 velis
2573 2223 2753 2277 videre
2781 2239 2883 2276 non
2914 2221 3114 2290 cogitas
3145 2239 3158 2274 :
3190 2230 3243 2275 et
3279 2232 3452 2275 tamen
3484 2233 3566 2276 te-

1984 2330 2103 2370 cum
2135 2315 2235 2368 hoc
2267 2315 2438 2383 ipsum
2460 2313 2738 2368 discutiam
2759 2355 2772 2378 ,
2796 2313 2922 2382 quid
2946 2311 3236 2382 profecisse
3263 2327 3360 2368 uos
3391 2324 3565 2382 putas.

1986 2407 2204 2460 Divitias
2247 2406 2418 2459 nullas
2464 2407 2651 2475 cupis?
2680 2406 2742 2458 Α.
2770 2405 2880 2458 Iloc
2910 2405 3121 2474 quidem
3151 2421 3255 2458 non
3297 2421 3435 2458 nunc
3463 2407 3571 2474 pri-

1983 2513 2149 2552 mum.
2180 2496 2310 2550 Nam
2338 2512 2456 2549 cum
2501 2496 2716 2566 triginta
2745 2504 2851 2550 tres
2873 2511 3042 2549 annos
3072 2511 3220 2565 agam
3247 2496 3283 2557 ¹,
3315 2506 3569 2564 quatuor-

1987 2590 2157 2645 decim
2187 2589 2296 2644 fere
2321 2587 2448 2642 anni
2491 2599 2613 2642 sunt
2638 2605 2700 2643 ex
2730 2605 2833 2659 quo
2875 2590 2970 2642 ista
2997 2604 3189 2658 cupere
3225 2589 3437 2655 destiti,
3472 2606 3570 2645 nec

1986 2681 2126 2735 aliud
2154 2680 2438 2750 quidquam
2470 2679 2524 2734 in
2553 2680 2632 2732 his
2652 2722 2665 2745 ,
2691 2680 2732 2732 si
2768 2694 2872 2748 quo
2901 2693 3025 2732 casu
3051 2679 3400 2745 offerrentur,
3434 2696 3575 2750 pra:-

1988 2784 2068 2831 ter
2109 2774 2467 2829 necessarium
2491 2773 2686 2832 victum
2739 2773 3116 2841 liberalemque
3146 2789 3295 2826 usum
3325 2773 3571 2842 cogitavi.

1989 2868 2214 2922 Prorsus
2245 2867 2372 2920 mihi
2401 2882 2538 2919 unus
2555 2865 2825 2919 Ciceronis
2857 2865 2988 2918 liber
3014 2865 3261 2919 facillime
3290 2868 3573 2934 persuasit,

1988 2961 2136 3016 nullo
2164 2959 2323 3012 modo
2348 2958 2672 3028 appetendas
2707 2973 2823 3011 esse
2849 2957 3086 3020 divitias,
3119 2957 3210 3010 sed
3241 2957 3282 3011 si
3310 2972 3574 3028 provene-

1987 3055 2131 3120 rint,
2163 3054 2553 3124 sapientissime
2583 3062 2739 3123 atque
2767 3053 3070 3106 cautissime
3101 3052 3568 3107 administrandas.

1989 3149 2057 3203 Β.
2097 3148 2234 3216 Quid
2265 3147 2534 3202 honores?
2558 3147 2620 3200 Α.
2655 3145 2847 3201 Fateor
2866 3187 2878 3208 ,
2903 3162 2994 3200 eos
3019 3146 3178 3199 modo
3200 3188 3213 3211 ,
3247 3161 3307 3199 ac
3331 3161 3465 3214 pene
3491 3146 3574 3200 his

1989 3240 2175 3295 diebus
2205 3256 2399 3310 cupere
2425 3239 2622 3293 destiti.
2669 3238 2733 3292 Β.
2771 3236 2905 3302 Quid
2931 3237 3105 3290 uxor?
3133 3236 3318 3290 Nonne
3348 3247 3396 3289 te
3422 3235 3571 3290 dele-

1989 3342 2098 3386 ctat
2139 3333 2400 3386 interdum
2435 3331 2682 3400 pulchra,
2727 3329 2932 3398 pudica,
2977 3329 3258 3400 morigera,
3304 3331 3530 3384 litterata
3559 3373 3574 3398 ,
3650 3355 3652 3358 -

1989 3425 2073 3481 vel
2103 3440 2221 3495 quae
2251 3424 2345 3478 abs
2375 3434 2427 3478 te
2471 3422 2624 3478 facile
2672 3422 2839 3492 possit
2881 3421 3114 3484 erudiri,
3159 3421 3384 3476 atl‘erens
3414 3423 3576 3477 etiam
3651 3477 3654 3480 .

1990 3520 2129 3574 dotis
2155 3529 2356 3574 tantum
2378 3561 2392 3586 ,
2425 3517 2671 3588 quoniam
2703 3515 2998 3570 contemnis
3029 3514 3272 3582 divitias,
3316 3523 3573 3584 quantum
3654 3541 3658 3546 ι

1992 3629 2109 3668 eam
2137 3625 2356 3682 prorsus
2386 3610 2553 3665 nihilo
2579 3609 2736 3662 faciat
2756 3623 3036 3662 onerosam
3066 3607 3175 3660 otio
3207 3617 3316 3670 tuo,
3348 3623 3578 3677 praescr—

1993 3706 2084 3760 tim
2132 3705 2176 3760 si
2219 3718 2403 3774 speres
2441 3710 2721 3771 certusque
2767 3699 2840 3754 sis
2880 3698 3007 3752 nihil
3039 3714 3102 3752 ex
3132 3715 3191 3754 ea
3223 3707 3273 3752 te
3315 3699 3579 3756 molestia

1991 3814 2109 3854 esse
2129 3811 2403 3868 passurum
2420 3795 2444 3847 ?
2459 3794 2523 3848 Α.
2549 3791 2943 3860 Quantumlibet
2969 3791 3100 3846 velis
3123 3808 3238 3845 eam
3263 3793 3479 3864 pingere
3495 3803 3578 3848 at-

1991 3908 2094 3962 que
2115 3889 2384 3945 cumulare
2407 3888 2560 3942 bonis
2587 3887 2861 3952 omnibus,
2902 3886 3028 3939 nihil
3056 3886 3184 3940 mihi
3226 3897 3331 3940 tam
3376 3888 3578 3957 fugien-

1992 3983 2117 4037 dum
2155 3998 2311 4054 quam
2352 3981 2688 4035 concubitum
2716 3993 2835 4032 esse
2862 3977 3073 4033 decrevi
3104 3997 3116 4032 :
3148 3977 3278 4032 nihil
3308 3994 3429 4034 esse
3455 3995 3578 4034 sen-

1995 4077 2068 4131 tio
2093 4074 2233 4146 quod
2261 4075 2426 4144 magis
2446 4089 2511 4127 ex
2536 4087 2656 4126 arce
2673 4071 2882 4140 dejiciat
2907 4070 3143 4124 animum
3160 4071 3390 4137 virilem,
3418 4087 3578 4141 quam

1995 4166 2356 4221 blandimenta
2406 4163 2657 4228 feminea,
2703 4175 3093 4230 corporumque
3137 4160 3222 4214 ille
3263 4170 3575 4226 contactus,

1995 4259 2109 4314 sine
2138 4274 2241 4327 quo
2272 4271 2405 4310 uxor
2436 4254 2614 4309 haberi
2657 4269 2759 4306 non
2798 4259 2990 4322 potest.
3035 4249 3242 4321 Itaque,
3294 4253 3337 4305 si
3368 4252 3434 4306 ad
3464 4252 3578 4307 offl-

1994 4351 2134 4405 cium
2167 4350 2392 4422 pertinet
2418 4347 2670 4416 sapientis
2699 4346 2718 4407 (
2737 4344 2876 4415 quod
2907 4344 3138 4398 nomlum
3169 4345 3425 4416 comperi)
3452 4345 3582 4402 dare

1996 4457 2211 4512 Operam
2245 4440 2444 4502 liberis,
2478 4437 2720 4509 quisquis
2750 4437 2822 4490 rei
2852 4435 3006 4505 hujus
3029 4445 3230 4490 tantum
3257 4437 3424 4507 gratia
3453 4454 3582 4492 con-

1993 4534 2233 4601 cumbit,
2279 4530 2554 4586 mirandus
2592 4530 2720 4583 mihi
2751 4529 2916 4583 videri
2958 4537 3165 4598 potest,
3207 4539 3262 4584 at
3289 4547 3416 4586 vero
3457 4532 3578 4586 imi-

1996 4625 2186 4680 tandus
2208 4624 2352 4678 nullo
2379 4621 2537 4676 modo
2560 4640 2570 4674 ;
2597 4637 2717 4674 nam
2743 4630 2946 4675 tentare
2976 4619 3077 4674 hoc
3099 4621 3442 4689 periculosius
3471 4631 3571 4687 est,

1994 4733 2149 4787 quam
2176 4731 2328 4786 posse
2359 4713 2581 4769 felicius.
2611 4712 2964 4780 Quamobrem
2987 4755 3000 4778 ,
3027 4713 3182 4777 satis,
3217 4713 3406 4779 credo,
3435 4715 3579 4782 juste

1995 4821 2150 4882 atque
2183 4809 2380 4864 utiliter
2403 4823 2496 4879 pro
2518 4809 2757 4863 libertate
2779 4807 2971 4861 animm
3000 4822 3131 4861 meae
3159 4805 3287 4859 mihi
3320 4807 3577 4876 imperavi

1995 4919 2097 4957 non
2116 4917 2329 4974 cupere,
2355 4917 2459 4954 non
2478 4914 2742 4970 quaerere,
2763 4913 2867 4952 non
2894 4897 3085 4951 ducere
3101 4912 3344 4951 uxorem.
3374 4897 3438 4950 It.
3460 4896 3575 4955 Non

1993 5013 2093 5068 ego
2134 5011 2278 5050 nunc
2305 5008 2486 5066 quaero
2525 4991 2652 5062 quid
2697 4989 3034 5052 decreveris,
3077 4987 3167 5042 sed
3197 4995 3370 5041 utrum
3407 4987 3578 5042 adhuc

1994 5089 2208 5144 lucteris
2229 5131 2244 5155 ,
2271 5103 2336 5140 an
2371 5100 2498 5140 vero
2516 5085 2623 5154 jam
2653 5084 2820 5152 ipsam
2846 5080 3118 5134 libidinem
3141 5080 3360 5134 -viceris.
3392 5079 3579 5147 Agitur

1993 5181 2137 5236 enim
2166 5180 2233 5234 de
2266 5178 2488 5232 sanitate
2514 5175 2787 5230 oculorum
2832 5183 3062 5226 tuorum.
3093 5169 3154 5224 A.
3191 5170 3416 5225 Prorsus
3448 5170 3581 5224 nihil

1995 5270 2294 5343 hujusmodi
2322 5283 2526 5340 quzero,
2554 5265 2686 5320 nihil
2711 5263 2990 5328 desidero;
3019 5261 3177 5316 etiam
3207 5276 3326 5316 cum
3355 5260 3578 5315 horrore

2055 5429 2071 5460 ι
2097 5433 2147 5474 tn
2163 5424 2331 5474 codice
2362 5421 2757 5484 Regio-Mentorisi
2780 5431 2965 5467 necnon
2987 5419 3036 5466 in
3069 5418 3227 5469 tribus
3264 5430 3328 5467 ex
3370 5418 3430 5467 iis
3460 5423 3586 5480 quas

1989 5491 2310 5541 Lovamenses
2328 5488 2666 5546 inspexerunt,
2687 5484 2910 5546 habetur,
2932 5495 3080 5546 xx-igiv
3109 5493 3256 5531 (mnos
3272 5493 3441 5546 agam.
3459 5489 3587 5528 Men-

1991 5554 2135 5608 dnse;
2158 5549 2395 5610 siquidem
2406 5541 2778 5610 'qitutuordccim
2798 5546 2896 5610 fere
2914 5541 3027 5592 (mni
3043 5549 3264 5610 emittam
3284 5541 3380 5604 quo
3398 5543 3586 5610 (_:_i_cero-

1992 5618 2066 5664 iiis
2102 5603 2408 5661 llorti'tisium
2432 5603 2636 5666 "legerat
2670 5603 2984 5669 augustinus;
3021 5607 3151 5668 atqui
3188 5603 3373 5653 huncce
3407 5603 3583 5669 librum

1996 5694 2118 5729 anno
2139 5694 2162 5722 :i
2183 5676 2293 5722 tatis
2312 5671 2677 5730 untlevigt-sin‘it;
2700 5666 2875 5717 lectum
2894 5682 2920 5715 a
2938 5683 2992 5717 se
3035 5666 3178 5716 iUISSU
3212 5676 3415 5717 testatur
3451 5666 3532 5715 lib.
3553 5667 3585 5719 5

1994 5743 2149 5802 (;οιιι’.,
2169 5751 2273 5796 cap.
2296 5736 2344 5792 4,
2360 5733 2504 5783 etlib.
2523 5733 2554 5780 5
2570 5741 2734 5781 contra
2753 5732 2992 5792 Acadenr,
3011 5745 3113 5794 cap.
3133 5730 3210 5781 20.
