4078 6366
497 323 600 388 879

499 460 662 519 atque
691 445 1064 518 aspernatione
1105 443 1226 500 talia
1255 440 1526 497 recordor.
1555 438 1690 507 Quid
1723 440 1800 494 vis
1822 435 2088 509 amplius?

498 545 566 598 Et
606 542 706 594 hoc
732 537 860 592 mihi
899 538 1096 592 bonum
1125 537 1177 590 in
1221 535 1338 590 dies
1365 532 1592 588 crescit:
1627 545 1747 585 nam
1770 541 1968 600 quanto
1990 543 2087 582 au-

500 641 654 704 getur
681 645 804 701 spes
829 628 1068 684 videndm
1111 628 1250 682 illius
1273 640 1374 696 qua
1404 623 1751 678 vehementer
1776 629 1943 675 aestuo
1971 620 2087 690 pul-

500 722 854 784 chritudinis,
887 730 1034 774 tanto
1063 719 1128 773 ad
1176 719 1320 772 illam
1366 725 1506 770 totus
1548 729 1699 767 amor
1743 713 2090 782 voluptasque

497 813 851 874 convertitur.
874 813 940 866 R.
965 810 1100 878 Quid
1127 809 1367 864 ciborum
1391 803 1730 876 jucunditas?
1759 813 1970 873 quanta:
1997 801 2090 856 tibi

515 921 644 963 tura:
669 907 788 960 est?
817 904 882 957 Α.
915 904 984 956 Ea
1007 917 1124 972 qua:
1141 901 1297 954 statui
1323 913 1430 954 non
1451 897 1611 952 edere
1631 938 1646 962 ,
1677 894 1810 948 nihil
1835 910 1920 948 me
1946 909 2091 948 com-

514 1005 736 1052 movent.
777 996 842 1048 lis
879 1003 1052 1048 autem
1095 1007 1211 1062 quae
1253 1005 1357 1044 non
1388 987 1652 1058 amputavi
1675 1029 1689 1052 ,
1723 987 1974 1040 delectari
2005 999 2092 1039 me

509 1088 855 1159 prmsentibus
882 1084 1070 1150 fateor,
1101 1085 1172 1138 ita
1199 1092 1374 1138 tamen
1398 1089 1457 1135 ut
1485 1083 1600 1134 sine
1629 1081 1732 1134 ulla
1759 1080 2092 1150 permotione

506 1182 666 1238 animi
698 1181 776 1234 vel
807 1180 916 1234 visa
949 1178 1032 1232 vel
1071 1184 1280 1248 gustata
1311 1173 1706 1229 subtrahantur.
1741 1173 1872 1226 Cum
1917 1178 2092 1224 autem

507 1292 610 1330 non
640 1273 831 1328 adsunt
858 1283 1076 1340 prorsus
1098 1309 1113 1334 ,
1147 1283 1253 1321 non
1295 1266 1452 1321 audet
1477 1264 1594 1318 hrec
1634 1262 1886 1334 appetitio
1915 1276 1973 1314 se
2010 1260 2092 1312 in-

504 1381 682 1420 serere
724 1363 789 1418 ad
841 1361 1278 1432 impedimentum
1325 1357 1734 1430 cogitationibus
1784 1355 1936 1408 meis.
1989 1353 2092 1407 Sed

505 1458 722 1511 omnino
751 1456 864 1510 sive
885 1455 950 1508 de
973 1454 1093 1508 cibo
1123 1463 1176 1508 et
1205 1461 1329 1522 potu
1353 1494 1368 1518 ,
1394 1453 1504 1506 sive
1532 1451 1600 1506 de
1621 1449 1854 1514 balneis,
1883 1457 2096 1502 caetera-

503 1563 606 1618 que
635 1546 874 1616 corporis
907 1545 1177 1614 voluptate
1219 1543 1348 1598 nihil
1393 1546 1720 1612 interroges:
1753 1547 1957 1592 tantum
2001 1537 2096 1591 ha-

509 1643 636 1695 bere
665 1647 858 1710 appeto
882 1639 899 1670 ¹
930 1679 945 1706 ,
983 1645 1238 1708 quantum
1265 1636 1318 1690 in
1341 1633 1657 1690 valetudinis
1686 1646 1841 1702 opem
1867 1630 2095 1684 conferri

507 1743 697 1804 potest.

503 1823 728 1880 CAPUT
773 1821 1194 1878 XI.—-Externa
1221 1818 1484 1874 commoda
1518 1833 1618 1871 non
1657 1824 1860 1887 prapter
1879 1830 1965 1879 se,
2008 1811 2097 1867 sed

577 1925 781 1986 propter
824 1913 928 1968 alia
961 1931 1077 1968 vera
1105 1912 1236 1967 bona
1271 1920 1482 1983 possunt
1522 1909 1716 1963 admitti
1743 1908 1906 1964 verius
1946 1922 2097 1978 quam

575 2006 762 2074 expeti.

585 2099 669 2154 18.
700 2100 762 2152 Β.
793 2097 1011 2152 Multum
1043 2095 1310 2165 profecisti
1336 2113 1348 2148 :
1380 2108 1442 2148 ea
1463 2101 1634 2146 tamen
1657 2105 1774 2161 qua:
1799 2096 2002 2144 restant
2029 2086 2098 2142 ad

509 2191 786 2246 videndam
817 2191 958 2244 illam
991 2190 1184 2253 lucem,
1213 2187 1501 2256 plurimum
1521 2183 1833 2254 impediunt.
1857 2179 1962 2236 Sed
1993 2194 2098 2234 mo.

505 2285 608 2338 lior
634 2281 829 2352 aliquid
857 2279 998 2350 quod
1023 2280 1148 2333 mihi
1177 2278 1386 2332 videtur
1406 2275 1562 2330 facile
1582 2273 1824 2336 ostendi;
1852 2281 1942 2326 aut
1969 2271 2097 2372 nihil

503 2372 854 2429 edomandunt
886 2370 1035 2424 nobis
1061 2383 1374 2434 remanere,
1417 2375 1508 2420 aut
1548 2365 1683 2420 nihil
1735 2379 1834 2418 nos
1879 2365 2098 2418 omnino

507 2464 816 2535 profecisse,
851 2465 1192 2531 omniumque
1215 2460 1423 2513 illorum
1451 2474 1569 2528 quae
1595 2466 1802 2512 resecta
1829 2454 2097 2509 credimus

507 2557 679 2610 tabent
711 2569 950 2609 manere.
980 2552 1110 2606 Nam
1139 2567 1319 2622 quaero
1344 2551 1438 2604 abs
1465 2557 1516 2604 te
1541 2591 1555 2614 ,
1581 2549 1624 2602 si
1655 2547 1748 2600 tibi
1773 2544 2096 2616 persuadea-

503 2655 587 2700 tur
607 2645 764 2698 aliter
791 2659 910 2698 cum
945 2642 1128 2696 multis
1155 2638 1480 2695 charissimis
1517 2639 1619 2692 tuis
1641 2647 1691 2690 te
1721 2637 1772 2690 in
1803 2635 1978 2690 studio
2007 2651 2092 2689 sa-

505 2738 715 2808 pientia:
743 2752 846 2791 non
879 2749 1036 2805 posse
1058 2734 1236 2786 vivere
1256 2773 1270 2798 ,
1307 2731 1406 2785 nisi
1438 2730 1610 2800 ampla
1634 2743 1721 2783 res
1741 2727 1911 2798 aliqua
1947 2725 2096 2779 fami-

504 2830 648 2883 liaris
679 2827 1022 2882 necessitates
1047 2832 1250 2878 vestras
1278 2823 1538 2876 sustinere
1571 2820 1765 2888 possit;
1799 2833 1971 2872 nonne
1997 2817 2063 2871 de
2081 2848 2094 2858 -

503 2919 764 2976 siderabis
791 2916 1000 2970 divitias
1031 2923 1085 2969 et
1117 2913 1364 2984 optabis?
1401 2911 1464 2964 A.
1498 2909 1795 2964 Assentior.
1827 2910 1892 2963 Β.
1921 2910 2056 2976 Quid
2077 2950 2092 2974 ,

505 3014 548 3068 si
573 3012 730 3067 etiam
759 3008 886 3063 illud
915 3016 1185 3076 appareat,
1218 3014 1270 3058 et
1301 3004 1478 3057 multis
1503 3011 1550 3056 te
1580 3016 1951 3072 persuasurum
1975 3017 2094 3056 esse

504 3102 856 3172 sapientiam,
907 3098 951 3152 si
1003 3096 1094 3152 tibi
1137 3096 1203 3150 de
1243 3096 1447 3150 honore
1491 3095 1775 3148 auctoritas
1819 3094 2091 3162 creverit,

501 3209 699 3262 eosque
725 3191 868 3262 ipsos
905 3188 1192 3243 familiares
1227 3197 1344 3242 tuos
1375 3204 1478 3242 non
1515 3201 1670 3256 posse
1717 3186 2095 3256 cupiditatibus

500 3283 611 3337 suis
653 3280 864 3335 modum
915 3280 1216 3348 imponere,
1279 3295 1440 3348 seque
1486 3287 1626 3332 totos
1669 3288 1978 3333 convertere
2026 3279 2094 3334 ad

500 3373 844 3442 quairendum
867 3371 1053 3434 Deum,
1086 3370 1184 3424 nisi
1213 3379 1262 3422 et
1291 3370 1388 3439 ipsi
1417 3369 1614 3423 fuerint
1642 3369 1908 3436 honorati,
1936 3371 2093 3442 idque

501 3463 600 3517 nisi
629 3478 720 3531 per
759 3472 876 3515 tuos
909 3461 1138 3516 honores
1167 3460 1582 3530 dignitatemque
1613 3462 1725 3516 fieri
1756 3477 1858 3516 non
1890 3463 2094 3532 posse?

501 3571 676 3608 nonne
705 3555 800 3609 ista
832 3556 990 3608 etiam
1021 3551 1370 3608 desideranda
1405 3563 1589 3618 erunt,
1626 3563 1677 3607 et
1704 3563 1759 3607 ιιι
1787 3555 2094 3622 proveniant

501 3659 824 3714 magnopere
851 3643 1173 3698 instandum.
1205 3643 1268 3696 Α.
1294 3641 1368 3696 lta
1392 3651 1474 3697 est
1504 3654 1557 3697 ut
1595 3645 1748 3698 dicis.
1782 3645 1848 3698 R.
1877 3645 1993 3698 iam
2026 3645 2093 3700 de

503 3752 666 3790 uxore
693 3737 819 3790 nihil
849 3736 1092 3804 disputo;
1119 3734 1343 3788 fortasse
1373 3737 1512 3790 enim
1545 3753 1650 3790 non
1675 3745 1877 3806 potest,
1909 3747 1964 3790 ut
1993 3736 2091 3791 du-

499 3840 682 3895 catur,
731 3829 959 3884 existere
996 3829 1114 3881 talis
1142 3829 1430 3882 necessitas
1460 3845 1472 3881 :
1504 3845 1842 3900 quanquam,
1893 3833 1934 3884 si
1975 3831 2090 3898 ejus

504 3923 680 3992 amplo
711 3922 1030 3992 patrimonio
1057 3931 1257 3974 certum
1291 3922 1356 3973 sit
1391 3922 1678 3975 sustentari
1723 3937 1879 3992 posse
1905 3938 2090 3978 omnes

500 4029 633 4083 quos
657 4022 826 4067 tecum
855 4013 908 4066 in
931 4028 1034 4066 uno
1063 4013 1180 4065 loco
1205 4013 1379 4067 vivere
1405 4014 1575 4070 otiose
1595 4015 1763 4082 cupis,
1797 4015 1908 4082 ipsa
1930 4015 2088 4070 etiam

500 4103 838 4158 concorditer
867 4103 918 4156 id
946 4103 1152 4157 sinente
1172 4143 1186 4167 ,
1233 4104 1528 4171 praesertim
1572 4105 1613 4158 si
1644 4106 1855 4174 generis
1895 4107 2086 4160 nobili-

502 4206 606 4252 tate
642 4205 780 4250 tanta
811 4197 1031 4264 polleat,
1057 4205 1113 4248 ut
1149 4195 1378 4250 honores
1400 4197 1518 4250 illos
1544 4215 1676 4266 quos
1698 4213 1816 4254 esse
1844 4216 2088 4254 necessa-

501 4303 608 4343 νιος
631 4289 737 4358 jam
762 4287 986 4354 dedisti,
1011 4301 1104 4356 per
1127 4303 1242 4341 eam
1271 4287 1418 4342 facile
1446 4288 1662 4358 adipisci
1685 4291 1877 4360 possis,
1907 4291 2087 4346 nescio

503 4391 676 4434 utrum
710 4381 969 4450 pertineat
1007 4379 1072 4434 ad
1118 4381 1348 4434 officium
1381 4390 1527 4434 tuum
1575 4381 1674 4436 ista
1721 4393 2083 4440 contemnere.

499 4475 562 4528 Α.
593 4473 812 4538 Quando
842 4487 938 4541 ego
959 4471 1098 4524 istud
1128 4487 1344 4541 sperare
1369 4473 1632 4527 audeam?

573 4567 656 4619 19.
690 4564 754 4618 ιι.
793 4563 862 4616 ita
917 4563 1052 4617 istud
1091 4563 1252 4629 dit-is,
1304 4565 1452 4634 quasi
1502 4580 1601 4635 ego
1643 4581 1780 4622 nunc
1817 4569 2082 4638 requiram

499 4659 622 4728 quid
657 4673 860 4726 Speres.
898 4657 1013 4711 Non
1042 4673 1222 4725 qmcro
1262 4657 1384 4726 quid
1417 4669 1659 4728 negatum
1691 4678 1794 4715 non
1823 4661 2080 4730 delectet,

497 4751 587 4802 sed
637 4749 724 4818 qtti
768 4747 997 4802 delectet
1035 4747 1290 4801 oblatum.
1343 4748 1496 4802 Aliud
1522 4759 1604 4804 est
1643 4752 1782 4804 enim
1827 4755 2082 4810 exhausta

498 4842 660 4912 pestis
684 4882 698 4906 ,
751 4841 890 4895 aliud
939 4841 1233 4908 cunSopita.
1267 4840 1342 4894 Ad
1389 4839 1488 4896 hoc
1517 4842 1658 4896 enim
1697 4844 1838 4899 valet
1880 4849 2020 4916 quod
2053 4864 2081 4902 a

497 4933 810 5003 quibusdam
848 4932 1019 4986 doctis
1057 4931 1182 4985 viris
1207 4931 1403 4985 dictum
1434 4942 1548 5001 est,
1581 4934 1650 4987 ita
1677 4949 1862 4990 omnes
1891 4939 2083 4995 stultos

497 5027 714 5080 insanos
755 5041 904 5088 esse,
935 5033 992 5078 ut
1021 5025 1154 5078 male
1181 5025 1322 5078 olere
1349 5040 1504 5079 omne
1533 5041 1744 5080 omnum
1765 5069 1779 5094 ,
1810 5031 1948 5099 quod
1978 5046 2079 5086 non

497 5133 706 5186 ,ιυιιιιιρι-
726 5159 740 5182 ,
789 5115 884 5170 sed
909 5115 1034 5170 dum
1063 5130 1396 5182 commoves,
1427 5118 1641 5172 sentias.
1673 5119 1890 5174 Multum
1919 5107 2082 5178 inter;

503 5219 580 5262 est
607 5219 781 5262 utrum
833 5209 994 5262 animi
1023 5207 1393 5276 deSpcratione
1415 5209 1668 5264 obruatur
1691 5212 1951 5283 cupiditas
1971 5257 1983 5280 ,
2012 5232 2080 5270 an

496 5305 722 5357 saturitate
763 5302 1008 5370 pellatur.
1049 5301 1111 5355 Α.
1139 5302 1446 5372 Quanquam
1479 5305 1570 5360 tibi
1609 5308 1931 5374 respondere
1974 5327 2080 5366 non

499 5408 737 5462 possum,
769 5409 1038 5464 nunquam
1061 5403 1234 5448 tamen
1267 5395 1392 5448 mihi
1420 5397 1762 5466 persuadebis
1789 5409 1844 5454 ut
1871 5401 1970 5456 hac
1998 5403 2078 5457 af-

495 5485 722 5540 fectione
762 5487 954 5540 mentis
975 5528 987 5550 ,
1016 5502 1118 5555 qua
1161 5503 1299 5542 nunc
1327 5503 1411 5542 me
1440 5503 1557 5544 esse
1583 5493 1753 5545 sentio
1772 5535 1788 5558 ,
1837 5494 1968 5550 nihil
1995 5513 2081 5554 me

499 5573 788 5646 profecisse
834 5576 1080 5630 arbitrer.
1116 5574 1181 5629 R.
1215 5577 1387 5632 Credo
1417 5591 1694 5649 propterea
1739 5583 1830 5638 tibi
1877 5586 1978 5644 hoc
2007 5591 2080 5644 vi-

499 5763 520 5832 ί
559 5701 588 5813 ἰ
600 5701 824 5836 tsdd.,lab1
831 5715 890 5752 ea
921 5709 1030 5767 peto
1052 5715 1068 5752 :
1089 5701 1262 5753 inclitis
1281 5704 1520 5768 anglicani
1539 5715 1666 5769 .‘~tss.,
1685 5709 1860 5762 habere
1891 5720 2080 5782 appeto.

527 5775 554 5811 ..ι
603 5777 662 5815 ea
677 5777 736 5830 pe
755 5775 800 5814 ο.

527 5775 588 5813 ..ιθ
603 5777 662 5815 ea
677 5775 800 5830 peto.

1621 313 2176 388 SOLILOQUIORUM
2214 318 2270 376 S.
2312 315 2676 379 AUGUSTINI

3680 319 3788 383 880

2200 435 2346 504 deri,
2395 439 2516 508 quia
2555 437 2795 509 quamvis
2841 439 2935 494 ista
2983 449 3167 510 Optare
3209 455 3428 512 posses,
3477 455 3580 496 non
3609 450 3790 498 tamen

2197 536 2413 598 propter
2432 529 2605 598 seipsa
2628 571 2642 594 ,
2671 530 2764 584 sed
2793 539 3008 600 propter
3037 531 3180 587 aliud
3207 533 3504 602 expetenda
3543 533 3792 590 videren-

2197 628 2302 672 tur.
2331 620 2394 672 A.
2442 621 2552 674 Hoc
2579 630 2663 676 est
2686 622 2824 691 quod
2857 622 3036 679 dicere
3057 624 3332 694 cupiebam
3363 643 3376 678 :
3421 641 3544 680 nam
3577 627 3790 698 quando

2198 710 2492 766 desideravi
2520 712 2762 778 divitias,
2811 713 2929 768 ideo
2971 715 3270 770 desideravi
3301 728 3358 772 ut
3387 718 3534 773 dives
3571 735 3744 774 essem
3769 763 3784 788 ,

2199 802 2534 876 honoresque
2562 807 2726 876 ipsos,
2757 823 2981 878 quorum
3003 809 3344 880 cupiditatem
3377 812 3538 868 modo
3557 829 3642 868 me
3674 830 3790 884 per.

2199 895 2468 951 domuisse
2513 899 2800 968 respondi,
2851 916 3036 957 eorum
3089 905 3271 958 nescio
3297 921 3402 974 quo
3432 907 3604 962 nitore
3643 907 3788 964 dele-

2199 998 2370 1042 ctatus
2399 991 2681 1058 volebam;
2731 992 2968 1062 nihilque
2993 994 3136 1049 aliud
3166 996 3216 1050 in
3251 1012 3415 1052 uxore
3457 1015 3672 1069 semper
3707 1011 3787 1056 at-

2199 1080 2380 1142 tendi,
2425 1096 2546 1136 cum
2586 1083 2820 1152 attendi,
2869 1085 2970 1140 nisi
3018 1103 3175 1157 quam
3216 1089 3345 1144 mihi
3391 1090 3626 1146 efficeret
3671 1109 3788 1149 cum

2198 1169 2336 1224 bona
2369 1171 2505 1226 fama
2533 1175 2880 1244 voluptatem.
2905 1177 3053 1232 Tunc
3077 1189 3192 1233 erat
3217 1181 3436 1234 istorum
3461 1181 3514 1236 in
3553 1200 3638 1239 me
3671 1203 3788 1242 vera

2199 1265 2489 1332 cupiditas;
2525 1281 2666 1320 nunc
2686 1283 2748 1322 ea
2767 1269 2943 1322 omnia
2973 1285 3192 1339 prorsus
3217 1287 3476 1341 aspernor
3499 1294 3512 1328 :
3533 1277 3626 1331 sed
3655 1279 3696 1332 si
3728 1280 3792 1334 ad

2201 1355 2290 1410 i'lla
2317 1371 2436 1426 qua:
2461 1359 2618 1428 cupio
2643 1376 2747 1414 non
2781 1362 2878 1415 nisi
2904 1378 2997 1432 per
3017 1363 3132 1418 hinc
3159 1365 3286 1420 mihi
3319 1369 3570 1423 transitus
3599 1373 3752 1425 datur
3775 1415 3786 1434 ,

2201 1465 2304 1502 non
2349 1452 2711 1520 amplectenda
2757 1465 2988 1524 appeto,
3033 1457 3128 1511 sed
3172 1459 3338 1516 subeo
3383 1462 3680 1518 toleranda.
3719 1464 3786 1518 R.

2201 1539 2410 1610 Optime
2453 1544 2713 1599 omnino:
2755 1563 2874 1600 nam
2917 1563 3016 1602 nec
3057 1563 3158 1619 ego
3203 1553 3428 1606 ullarum
3471 1571 3652 1609 rerum
3698 1573 3788 1608 vo-

2200 1633 2420 1686 candam
2459 1644 2586 1704 puto
2611 1637 2952 1708 cupiditatem
2975 1681 2990 1707 ,
3019 1657 3138 1711 quae
3186 1653 3402 1714 propter
3429 1647 3570 1703 aliud
3613 1651 3789 1719 requi-

2201 1733 2406 1780 runtur.

2201 1817 2427 1900 CAPUT:
2456 1818 2572 1873 ΧΠ.
2588 1852 2660 1861 -
2681 1821 2834 1900 ilril
2854 1827 3184 1900 expetendum
3207 1828 3307 1884 nisi
3325 1839 3571 1900 quatenus
3599 1834 3786 1887 condu-

2272 1890 2336 1940 cit
2353 1889 2420 1942 ad
2439 1907 2690 1947 summum
2711 1889 2926 1962 bonum,
2949 1899 3074 1952 nihil
3095 1889 3402 1954 horrendtim
3425 1903 3525 1957 nisi
3547 1917 3789 1975 quatenus

2272 1972 2467 2014 avocat.

2271 2051 2362 2107 20.
2391 2053 2496 2108 Sed
2531 2071 2713 2126 quaero
2737 2057 2833 2113 abs
2859 2067 2941 2126 te,
2971 2075 3069 2116 cur
3097 2077 3191 2117 eos
3227 2063 3473 2120 homines
3513 2082 3646 2138 quos
3673 2069 3791 2124 dili-

2201 2143 2307 2214 gis,
2330 2145 2412 2200 vel
2433 2147 2630 2216 vivere,
2663 2152 2742 2204 vel
2767 2159 2940 2206 tecum
2967 2155 3142 2209 vivere
3172 2157 3388 2226 cupias?
3407 2157 3474 2210 A.
3497 2157 3567 2214 Ut
3585 2159 3786 2213 animas

2203 2245 2411 2292 nostras
2439 2248 2494 2293 et
2522 2239 2686 2294 Deum
2739 2241 2894 2296 simul
2941 2246 3278 2301 concorditer
3317 2248 3664 2318 inquiramus.
3719 2254 3791 2308 ita

2202 2329 2342 2382 enim
2374 2329 2528 2384 facile
2561 2331 2644 2384 cui
2677 2333 2839 2402 priori
2866 2337 3126 2407 contingit
3162 2339 3434 2406 inventio,
3474 2351 3700 2398 creteros
3726 2359 3789 2398 eo

2200 2419 2316 2474 sine
2346 2420 2526 2476 labore
2559 2423 2815 2491 perducit.
2841 2421 2908 2478 R.
2933 2426 3068 2494 Quid
3089 2469 3103 2494 ,
3133 2429 3178 2483 si
3207 2430 3392 2484 nolunt
3419 2431 3532 2486 haec
3553 2433 3624 2487 illi
3649 2449 3791 2504 quai-

2201 2515 2358 2568 rere?
2377 2515 2440 2568 Α.
2466 2515 2804 2574 Persuadebo
2827 2529 2884 2574 ut
2909 2521 3089 2576 velint.
3116 2523 3184 2578 R.
3215 2525 3372 2592 Quid,
3405 2527 3448 2581 si
3471 2543 3574 2582 non
3599 2532 3788 2599 possis,

2200 2608 2285 2662 vel
2313 2609 2452 2678 quod
2487 2625 2544 2664 se
2575 2611 2842 2669 invenisse
2878 2613 2984 2684 jam
3007 2657 3022 2682 ,
3062 2619 3148 2672 vel
3186 2619 3328 2688 quod
3359 2622 3457 2674 ista
3492 2638 3596 2675 non
3637 2637 3791 2692 posse

2203 2703 2428 2756 inveniri
2459 2703 2812 2773 arbitrantur,
2840 2709 2922 2762 vel
2951 2709 3092 2779 quod
3119 2713 3344 2767 aliarum
3373 2729 3550 2769 rerum
3579 2717 3720 2770 curis
3739 2725 3792 2772 et

2200 2791 2466 2849 desiderio
2498 2797 2931 2866 praepediuntur?
2971 2801 3035 2854 A.
3065 2802 3282 2857 Habebo
3307 2819 3401 2858 eos
3420 2846 3434 2869 ,
3463 2816 3516 2860 et
3546 2807 3645 2876 ipsi
3671 2824 3754 2862 me
3773 2851 3786 2876 ,

2199 2885 2337 2939 sicut
2369 2901 2670 2956 possumus.
2717 2889 2784 2943 R.
2815 2890 2948 2956 Quid
2969 2934 2984 2958 ,
3015 2893 3060 2946 si
3091 2903 3140 2948 te
3181 2897 3249 2948 ab
3289 2897 3604 2966 inquirendo
3631 2900 3789 2953 etiam

2202 2973 2456 3044 impediat
2495 2993 2680 3032 eorum
2723 2981 3050 3050 prmsentia?
3099 2999 3276 3040 nonne
3319 2985 3586 3042 laborabis
3637 2999 3789 3060 atque

2199 3068 2408 3135 Optabis
2428 3109 2442 3134 ,
2476 3069 2519 3122 si
2561 3070 2716 3124 aliter
2741 3087 2860 3127 esse
2889 3088 2996 3127 non
3041 3087 3290 3144 possunt,
3335 3093 3440 3132 non
3470 3089 3642 3134 tecum
3673 3095 3790 3138 esse

2199 3157 2375 3226 potius
2413 3175 2568 3227 quam
2615 3161 2692 3214 sic
2737 3163 2986 3217 esse?A.
3021 3163 3245 3234 Fateor,
3297 3168 3367 3223 ita
3413 3179 3496 3224 est
3535 3180 3590 3225 ut
3637 3171 3786 3226 dicis.

2199 3247 2267 3302 R.
2299 3249 2413 3303 Non
2449 3251 2605 3320 igitur
2629 3269 2814 3308 eorum
2845 3255 2928 3310 vel
2957 3256 3118 3311 vitam
3147 3260 3228 3312 vel
3277 3263 3616 3330 przcsentiam
3665 3279 3788 3333 pro-

2198 3351 2315 3412 pter
2342 3345 2600 3412 seipsam,
2649 3346 2742 3400 sed
2789 3357 3008 3418 propter
3053 3351 3424 3408 inveniendam
3475 3357 3787 3426 sapientiam

2197 3435 2387 3502 cupis?
2433 3434 2496 3488 Α.
2529 3436 2753 3492 Prorsus
2783 3440 3156 3496 asseutior.R.
3201 3443 3378 3512 Quid?
3419 3433 3588 3516 ipsam
3629 3449 3788 3503 vitam

2199 3535 2340 3580 tuam
2378 3527 2420 3580 si
2451 3527 2540 3582 tibi
2572 3537 2777 3584 certum
2805 3540 2947 3586 eSset
2987 3533 3367 3604 impedimento
3387 3553 3506 3594 esse
3529 3540 3594 3594 ad
3638 3555 3786 3596 eom-

2199 3617 2625 3686 prehéudentlam
2659 3623 3002 3690 sapientiam,
3056 3625 3222 3681 velles
3252 3643 3368 3682 eam
3427 3635 3688 3689 manere?
3716 3636 3780 3690 .4.

2197 3710 2424 3764 Omnino
2453 3728 2567 3766 eam
2597 3712 2852 3784 fugerem.
2877 3715 2945 3770 R.
2970 3715 3152 3785 Quid?
3183 3723 3226 3774 si
3251 3720 3523 3779 ducereris
3547 3769 3561 3792 ,
3603 3737 3712 3784 tam
3739 3739 3787 3786 te

2197 3802 2381 3856 relicto
2411 3803 2510 3856 isto
2537 3819 2777 3874 corpore,
2811 3823 2969 3878 quam
3001 3811 3052 3864 in
3087 3811 3202 3882 ipso
3227 3817 3572 3872 constitutum
3592 3861 3605 3885 ,
3629 3836 3786 3892 posse

2195 3891 2262 3946 ad
2309 3895 2622 3963 sapientiam
2669 3901 2981 3967 pervenire,
3013 3917 3230 3959 curares
3257 3916 3431 3962 utrum
3460 3908 3577 3976 hic,
3623 3891 3690 3966 an
3731 3914 3788 3968 in

2194 3985 2296 4038 alia
2323 3987 2428 4040 vita
2454 4003 2518 4042 eo
2544 3989 2684 4058 quod
2709 3990 2884 4062 diligis
2913 3991 3206 4050 fruereris?
3230 3996 3298 4050 Α.
3327 3999 3386 4054 Si
3410 4000 3544 4055 nihil
3571 4019 3656 4057 me
3695 4019 3788 4074 pe-

2189 4076 2276 4146 jus
2298 4089 2640 4150 excepturum
2683 4083 3032 4156 iuteiligerem
3053 4131 3068 4155 ,
3102 4091 3244 4159 quod
3275 4102 3602 4165 retroageret
3630 4099 3698 4154 ab
3719 4113 3786 4155 eo

2193 4185 2298 4240 quo
2335 4187 2647 4241 progressus
2676 4191 2829 4242 sum,
2880 4193 2984 4233 non
3029 4195 3296 4238 curarem.
3351 4186 3416 4240 R.
3467 4187 3620 4243 Nunc
3657 4205 3786 4262 ergo

2195 4274 2474 4337 prepterea
2504 4269 2640 4322 muri
2672 4269 2855 4336 times,
2911 4289 2977 4327 ne
3010 4274 3186 4344 aliquo
3213 4276 3394 4346 pejore
3437 4281 3578 4336 malo
3609 4282 3783 4338 invol-

2191 4359 2367 4427 varis,
2396 4375 2501 4430 quo
2532 4361 2624 4416 tibi
2649 4361 2919 4418 auferatur
2940 4364 3118 4422 divina
3145 4370 3392 4438 cognitio.
3425 4373 3488 4426 Α.
3531 4375 3645 4429 Non
3688 4391 3780 4432 so-

2191 4451 2300 4506 lum
2329 4467 2396 4508 ne
2434 4453 2703 4510 auferatur
2738 4457 2898 4512 timeo
2920 4499 2934 4525 ,
2981 4461 3026 4514 si
3075 4461 3202 4529 quid
3234 4462 3368 4520 forte
3413 4471 3656 4538 percepi,
3686 4471 3780 4527 sed

2191 4545 2348 4598 etiam
2373 4560 2438 4599 ne
2463 4545 2844 4604 intercludatur
2871 4551 2999 4604 mihi
3029 4551 3204 4608 aditus
3229 4571 3412 4611 eorum
3441 4561 3630 4629 quibus
3663 4579 3783 4632 pcr-

2190 4625 2460 4708 cipiendis‘
2497 4641 2945 4714 inhio;quamvis
2986 4647 3128 4717 quod
3170 4649 3279 4720 jam
3327 4661 3520 4720 teneo,
3571 4673 3780 4712 mecum

2187 4746 2495 4787 mansurum
2531 4744 2730 4802 putem.
2765 4736 2832 4792 Β.
2855 4738 2972 4793 Non
3010 4741 3169 4811 igitur
3195 4753 3249 4799 et
3277 4746 3436 4801 vitam
3471 4749 3624 4804 istam
3659 4767 3784 4821 pro-

2189 4835 2307 4894 pter
2353 4827 2612 4895 seipsam,
2643 4828 2740 4883 sed
2791 4841 3006 4901 propter
3053 4835 3368 4904 sapientiam
3419 4840 3499 4895 vis
3537 4857 3776 4900 manere.

2187 4916 2252 4971 Α.
2277 4916 2365 4973 Sic
2390 4926 2489 4974 est.

2259 5011 2348 5064 2|.
2381 5011 2446 5065 Β.
2477 5011 2634 5066 Dolor
2660 5015 2898 5084 corporis
2919 5027 3113 5086 restat,
3147 5022 3231 5092 qui
3262 5032 3313 5078 te
3341 5023 3566 5082 fortasse
3603 5027 3653 5081 vi
3683 5042 3779 5084 sua

2189 5111 2509 5158 commovet.
2538 5103 2602 5158 Α.
2635 5105 2700 5159 Et
2728 5106 2901 5175 ipsum
2935 5125 3038 5164 non
3060 5112 3130 5167 ob
3145 5113 3288 5168 aliud
3315 5115 3658 5174 vehementer
3677 5120 3780 5176 for-

2188 5191 2333 5246 mido
2355 5235 2370 5260 ,
2401 5195 2498 5247 nisi
2543 5197 2664 5265 quia
2687 5212 2771 5251 me
2803 5198 3024 5268 impedit
3061 5219 3088 5256 a
3116 5207 3422 5273 quaerendo.
3465 5209 3778 5282 Quanquam

2189 5286 2328 5339 enim
2351 5288 2613 5342 acerrimo
2629 5289 2708 5342 his
2720 5289 2909 5346 diebus
2931 5293 3165 5350 dentium
3180 5297 3366 5354 dolore
3385 5309 3657 5374 torquerer
3675 5305 3774 5375 (a),

2189 5391 2294 5430 non
2329 5379 2540 5446 quidem
2576 5381 2790 5437 sinebar
2819 5385 3000 5440 animo
3027 5389 3242 5445 volvere
3261 5433 3275 5458 ,
3317 5393 3416 5446 nisi
3446 5409 3506 5448 ea
3527 5412 3645 5464 qua:
3664 5397 3774 5466 jam

2190 5467 2324 5522 forte
2339 5469 2647 5536 didiceram;
2673 5489 2700 5524 a
2724 5473 2977 5530 discendo
3001 5489 3178 5534 autem
3203 5483 3409 5550 penitus
3426 5485 3772 5555 impediebar,

2187 5559 2253 5613 ad
2283 5560 2423 5630 qttod
2459 5561 2583 5615 mihi
2616 5573 2719 5617 tota
2751 5565 3040 5623 intentione
3067 5571 3227 5625 animi
3257 5589 3388 5642 Opus
3414 5585 3562 5630 erat:
3597 5585 3772 5633 tamen

2189 5651 2318 5704 mihi
2344 5652 2636 5718 videbatur,
2662 5657 2704 5709 si
2729 5672 2785 5712 se
2807 5659 2894 5713 ille
2919 5664 3186 5718 mentibus
3202 5667 3332 5721 meis
3349 5669 3584 5726 veritatis
3603 5667 3782 5742 fulgor

2249 5783 2324 5850 (a)
2347 5785 2446 5836 vid.
2473 5785 2556 5838 lib.
2581 5787 2779 5852 90onf.,
2803 5803 2906 5858 cap.
2935 5793 2982 5858 4,
3007 5809 3054 5844 n.
3089 5797 3156 5852 1:2.
