4078 6366
295 382 390 442 881
1712 367 1914 425 LIBER
1953 367 2232 428 PRIMUS.

296 499 528 573 aperiret
547 538 560 560 ,
579 503 669 550 aut
695 504 910 547 menon
939 501 1218 543 sensurum
1249 481 1412 545 fuisse
1442 483 1587 539 illum
1617 483 1879 548 dolorem,

292 607 384 654 aut
412 604 558 652 certe
589 604 682 660 pro
709 586 873 642 nihilo
910 584 1274 639 toleraturum.
1320 578 1424 636 Sed
1463 578 1583 648 quia
1610 578 1709 632 etsi
1755 578 1885 631 nihil

293 692 466 759 majus
489 682 768 755 aliquando
800 677 1011 750 pertuli,
1047 686 1222 729 tamen
1251 689 1394 743 saepe
1424 673 1662 742 cogitans
1686 681 1884 740 quanto

291 785 562 858 graviores
591 778 795 849 possint
826 773 1099 834 accidere,
1138 783 1301 838 cogor
1341 765 1605 820 interdum
1637 764 1884 820 Cornelio

289 852 450 936 Celso
477 872 753 935 assentiri,
798 869 885 938 qui
915 867 987 919 ait
1009 876 1274 919 smnmum
1301 861 1496 914 bonum
1524 875 1643 914 esse
1667 859 1882 929 sapien-

290 976 453 1037 tiam,
485 981 750 1023 summum
775 973 950 1015 autem
993 957 1186 1011 malmn
1211 954 1448 1008 dolorem
1477 953 1738 1022 corporis.
1774 953 1884 1007 Nec

288 1072 403 1139 t-jus
433 1067 568 1122 ratio
608 1059 734 1116 mihi
769 1054 977 1110 videtur
1006 1047 1253 1103 absurda.
1287 1045 1419 1100 Nam
1457 1046 1703 1115 quoniam
1748 1047 1882 1101 dua-

285 1165 388 1218 bus
409 1206 424 1228 ,
456 1160 624 1230 inquit
646 1199 660 1222 ,
681 1150 924 1226 partibus
943 1140 1221 1212 compositi
1245 1153 1427 1194 smnus
1447 1181 1462 1206 ,
1495 1154 1560 1192 ex
1583 1141 1759 1194 animo
1787 1144 1884 1198 sci'

286 1259 410 1310 licet
439 1264 494 1310 et
532 1267 755 1322 corpore
776 1293 790 1316 ,
835 1262 1054 1320 quarum
1086 1245 1232 1315 prior
1262 1257 1382 1314 pars
1408 1251 1488 1296 est
1526 1241 1734 1294 animus
1765 1255 1879 1293 me-

287 1352 386 1404 lior
407 1391 420 1410 ,
470 1346 706 1402 deterius
737 1357 931 1412 corpus
958 1349 1072 1406 est,
1105 1352 1373 1393 summum
1421 1336 1617 1388 bonum
1647 1342 1731 1388 est
1766 1348 1881 1388 me-

286 1441 435 1494 lioris
458 1438 621 1509 partis
649 1436 944 1506 optimum,
978 1447 1244 1486 summum
1277 1439 1451 1483 autem
1486 1427 1678 1480 malum
1710 1425 1877 1495 pessi-

285 1548 431 1585 mum
455 1529 735 1585 deterioris
761 1547 773 1582 :
803 1535 886 1582 est
905 1535 1078 1580 autem
1102 1523 1361 1594 optimum
1385 1522 1435 1575 in
1469 1521 1646 1574 animo
1669 1520 1878 1588 sapien-

284 1626 354 1677 tia
377 1666 390 1689 ,
425 1634 508 1678 cst
536 1624 590 1677 in
615 1636 840 1692 corpore
879 1621 1163 1690 pessimum
1201 1615 1372 1670 dolor.
1413 1614 1687 1669 Summum
1717 1615 1877 1681 igitur

282 1715 484 1770 bonmn
512 1715 742 1768 hominis
769 1729 987 1783 sapere,
1016 1727 1282 1767 summum
1315 1709 1511 1762 malum
1534 1709 1735 1774 dolere,
1761 1709 1875 1765 sine

283 1810 427 1874 ulla,
464 1818 521 1862 ut
562 1810 790 1877 opinor,
833 1807 1059 1860 falsitate
1103 1805 1454 1860 concluditur.
1503 1805 1548 1858 It
1606 1805 1875 1859 Posterius

284 1903 386 1956 ista
417 1902 730 1956 videbimus.
789 1899 944 1954 Aliud
993 1899 1134 1953 enim
1182 1898 1406 1952 fortasse
1454 1897 1606 1951 nobis
1651 1897 1760 1966 ipsa
1807 1897 1874 1951 ad

281 2011 442 2065 quam
471 1995 747 2064 pervenire
781 1993 996 2046 nitimur
1024 1992 1279 2061 sapientia
1312 1990 1668 2060 persuadebit.
1700 1991 1752 2046 Si
1775 2007 1870 2046 au-

282 2097 390 2143 tem
423 2089 522 2142 hoc
542 2104 660 2142 esse
682 2102 862 2142 vermn
885 2085 1176 2140 ostenderit
1200 2129 1212 2148 ,
1245 2086 1381 2140 hanc
1408 2085 1474 2140 dc
1501 2100 1710 2140 summo
1733 2087 1872 2142 bono

282 2191 333 2234 ct
349 2195 559 2233 smnmo
577 2180 714 2236 malo
735 2179 1050 2233 sententiam
1068 2179 1181 2233 sine
1198 2177 1527 2233 dubitatione
1551 2179 1866 2232 tenebimus.

281 2271 510 2327 CAPUT
551 2271 689 2326 Xlll.
713 2302 782 2310 —
808 2271 1070 2336 Quomodo
1110 2282 1154 2324 et
1195 2270 1373 2342 quibus
1409 2271 1647 2341 gradibus
1677 2272 1872 2342 perspi-

643 2343 805 2396 ciatur
839 2343 1106 2411 sapientia.
1157 2346 1310 2395 Antor
1347 2359 1509 2396 verus.

352 2435 444 2489 Ἡ.
472 2435 620 2489 Nunc
647 2434 773 2489 illud
801 2436 1112 2505 quaerimus,
1143 2437 1312 2506 qualis
1339 2437 1414 2491 sis
1434 2446 1639 2490 amator
1660 2437 1870 2507 sapien-

283 2529 394 2592 tim,
429 2544 586 2599 quam
613 2529 911 2583 castissimo
935 2539 1226 2598 conspectu
1251 2540 1407 2598 atque
1432 2531 1700 2600 amplexu,
1725 2531 1869 2586 nullo

279 2623 601 2692 interposito
630 2623 927 2677 velamento
967 2622 1115 2691 quasi
1147 2622 1340 2678 nudam
1371 2622 1552 2678 videre
1595 2640 1657 2679 ac
1689 2635 1870 2681 tenere

278 2714 588 2778 desideras,
616 2714 826 2785 qualem
866 2729 924 2768 se
964 2715 1051 2769 illa
1078 2729 1180 2769 non
1223 2715 1379 2778 sinit,
1405 2715 1507 2770 nisi
1537 2718 1869 2786 paucissimis

279 2816 335 2861 et
375 2807 712 2861 electissimis
758 2807 1083 2862 amatoribus
1127 2808 1258 2862 suis.
1311 2809 1391 2862 An
1421 2824 1548 2862 vero
1573 2810 1616 2863 si
1646 2811 1869 2880 alicujus

281 2899 518 2968 pulchra:
556 2898 768 2954 femina:
809 2915 992 2954 amore
1038 2899 1331 2970 ﬂagrares,
1378 2901 1500 2971 jure
1549 2916 1607 2956 se
1639 2903 1730 2957 tibi
1764 2919 1867 2957 non

279 2991 455 3058 daret,
485 2993 529 3046 si
557 2992 697 3046 aliud
727 2993 821 3047 abs
844 3001 894 3047 te
915 2994 1200 3064 quidquam
1227 3005 1421 3064 praeter
1447 3012 1504 3050 se
1531 2998 1696 3050 amari
1723 3013 1870 3050 com-

284 3084 539 3151 perisset;
563 3085 834 3153 sapientia:
860 3099 918 3138 se
949 3085 1040 3139 tibi
1069 3087 1362 3141 castissima
1388 3088 1742 3156 pulchritudo,
1769 3091 1870 3145 nisi

280 3176 454 3230 solam
507 3177 736 3244 arseris,
767 3177 1189 3232 demonstrabit?
1235 3180 1296 3231 Α.
1347 3179 1481 3247 Quid
1525 3197 1652 3251 ergo
1699 3183 1871 3238 adhuc

281 3270 585 3339 suSpendor
607 3255 816 3334 infelix,
834 3280 888 3327 et
911 3273 1147 3327 cruciatu
1172 3273 1458 3327 miserabili
1481 3273 1732 3330 differor?
1752 3276 1869 3332 .lam

281 3373 429 3419 certe
460 3364 667 3418 ostendi
716 3365 846 3418 nihil
889 3366 1028 3420 aliud
1062 3383 1146 3420 me
1175 3383 1354 3421 amare
1375 3410 1390 3431 ,
1432 3368 1694 3438 siquidem
1730 3371 1870 3439 quod

285 3471 391 3509 non
412 3465 629 3526 propter
647 3472 707 3511 se
736 3466 963 3521 amatur,
988 3475 1092 3512 non
1115 3468 1338 3512 amatur.
1367 3458 1478 3529 Ego
1500 3471 1675 3515 autem
1700 3463 1869 3516 solam

281 3556 506 3616 pr0pter
534 3561 592 3601 se
636 3562 756 3601 amo
803 3548 1148 3618 sapientiam,
1181 3561 1374 3605 caetera
1404 3567 1530 3605 vero
1571 3555 1654 3608 vel
1684 3555 1872 3610 adesse

283 3641 414 3694 mihi
448 3641 567 3694 volo
587 3682 601 3708 ,
631 3643 712 3696 vel
743 3641 932 3696 deesse
977 3645 1138 3697 timeo
1167 3653 1381 3713 propter
1426 3647 1592 3714 ipsam
1619 3664 1633 3713 ;
1667 3647 1826 3702 vitam
1852 3691 1867 3714 ,

281 3731 539 3800 quietem,
571 3733 792 3787 amicos.
825 3733 992 3802 Quem
1021 3736 1234 3789 modum
1265 3747 1440 3791 autem
1472 3746 1643 3806 potest
1673 3737 1872 3795 habere

283 3825 426 3880 illius
457 3826 866 3896 pulchritudinis
896 3844 1065 3893 amor,
1100 3829 1152 3882 in
1183 3845 1285 3899 qua
1313 3845 1417 3884 non
1445 3831 1614 3886 solum
1649 3848 1751 3885 non
1787 3833 1870 3886 in-

283 3918 440 3972 video
465 3919 672 3974 caeteris
696 3961 712 3984 ,
744 3920 838 3975 sed
867 3920 1026 3974 etiam
1055 3919 1312 3990 plurimos
1338 3938 1520 3990 quer
1545 3924 1633 3992 qui
1662 3939 1871 3980 mecum

283 4018 556 4077 appetant,
588 4025 798 4065 mecum
829 4011 1068 4077 inhient,
1117 4027 1324 4065 mecum
1353 4021 1596 4078 teneant,
1631 4030 1872 4070 mecum-

281 4116 385 4170 que
412 4099 792 4171 perfruantur;
825 4110 973 4157 tanto
999 4103 1129 4158 mihi
1159 4104 1439 4160 amiciores
1468 4105 1650 4174 futuri,
1674 4117 1872 4176 quanto

282 4193 384 4246 erit
413 4195 568 4248 nobis
597 4205 772 4249 amata
799 4196 1153 4250 communior.

351 4284 445 4339 25.
475 4283 544 4338 R.
579 4285 802 4342 Prorsus
827 4287 956 4342 tales
977 4302 1095 4342 esse
1115 4296 1381 4344 amatores
1404 4289 1675 4360 sapientia:
1696 4291 1868 4347 decet.

282 4373 444 4430 Tales
471 4377 663 4445 quaerit
706 4377 794 4432 illa
835 4378 986 4454 cujus
1017 4394 1138 4434 vere
1179 4388 1324 4435 casta
1371 4391 1452 4435 est
1476 4423 1490 4449 ,
1525 4391 1579 4437 et
1622 4384 1736 4440 sine
1768 4386 1872 4442 ulla

281 4469 737 4523 contaminatione
766 4471 1086 4539 conjunctio.
1135 4471 1240 4526 Sed
1281 4487 1385 4527 non
1416 4474 1482 4527 ad
1509 4490 1626 4528 eam
1657 4491 1758 4531 una
1789 4479 1872 4533 via

281 4561 590 4630 pervenitur
619 4561 717 4635 (a).
744 4561 948 4633 Quippe
979 4579 1074 4633 pro
1102 4579 1195 4620 sua
1224 4567 1446 4637 quisque
1473 4570 1698 4626 sanitate
1714 4588 1776 4628 ac
1795 4573 1874 4627 fir-

284 4652 471 4706 mitate
512 4654 920 4722 comprehendit
966 4656 1093 4710 illud
1144 4659 1408 4728 singulare
1448 4677 1511 4716 ac
1541 4665 1873 4723 verissimum

281 4744 506 4799 bonum.
535 4745 650 4800 Lux
675 4757 758 4802 est
785 4749 1025 4818 qua'dam
1069 4750 1350 4808 inell‘abilis
1381 4765 1433 4809 et
1463 4756 1872 4828 incomprehen-

284 4835 456 4897 sibilis
479 4838 758 4892 mentium.
783 4840 893 4894 Lux
920 4842 1016 4895 ista
1040 4843 1271 4912 vulgaris
1298 4860 1395 4900 nos
1412 4847 1600 4905 doceat
1619 4864 1872 4920 quantum

285 4938 484 4998 potest,
517 4933 785 5001 quomodo
823 4949 883 4988 se
912 4934 1040 4989 illud
1073 4935 1281 4990 habeat.
1313 4938 1445 4994 Nam
1477 4952 1599 4996 sunt
1631 4948 1872 5003 nonnulli

284 5021 422 5075 oculi
453 5031 560 5076 tam
586 5025 701 5078 sani
726 5034 780 5080 et
804 5027 995 5096 vegeti,
1021 5028 1109 5097 qui
1133 5044 1210 5096 se,
1238 5045 1362 5086 mox
1390 5042 1445 5087 ut
1465 5038 1630 5104 aperti
1653 5037 1866 5105 fuerint,

285 5112 334 5165 in
367 5115 541 5181 ipsum
567 5115 735 5170 solem
763 5117 880 5172 sine
907 5117 1011 5171 ulla
1041 5120 1389 5189 trepidatione
1417 5137 1750 5182 convertant.
1782 5131 1872 5186 llis

283 5205 680 5274 quodammodo
706 5208 818 5279 ipsa
859 5209 949 5264 lux
983 5213 1181 5266 sanitas
1211 5223 1292 5268 est
1314 5255 1329 5280 ,
1359 5233 1455 5272 nec
1486 5219 1703 5274 doctore
1732 5221 1872 5277 indi-

283 5305 408 5366 gent
436 5298 477 5364 ¹,
511 5299 603 5353 sed
634 5301 746 5356 sola
789 5299 1016 5358 fortasse
1064 5304 1441 5362 admonitione.
1490 5311 1582 5364 llis
1609 5313 1829 5369 credere
1852 5357 1867 5380 ,

285 5403 506 5457 sperare
525 5431 541 5457 ,
573 5405 754 5447 amare
779 5393 908 5448 satis
935 5404 1038 5449 eSt.
1073 5396 1174 5450 Alii
1205 5413 1332 5453 vero
1361 5399 1478 5470 ipso
1505 5417 1662 5471 quem
1693 5405 1874 5462 videre

285 5479 639 5538 vehementer
668 5483 991 5552 desiderant,
1028 5486 1228 5557 fulgore
1256 5489 1515 5546 feriuntur
1539 5533 1552 5558 ,
1589 5505 1644 5549 et
1671 5511 1736 5550 co
1767 5514 1873 5551 non

284 5571 403 5626 viso
415 5586 559 5642 εωρθ
573 5575 622 5627 in
641 5577 886 5632 tenebras
902 5593 1020 5633 cum
1043 5579 1394 5636 delectatione
1415 5584 1655 5640 redeunt.
1671 5587 1874 5652 Quibus

349 5685 646 5770 :andinsg
663 5689 839 5770 sanitas
850 5691 957 5770 dux.
964 5700 1052 5770 est,
1063 5707 1149 5743 nec
1161 5693 1357 5748 ductore
1366 5693 1595 5768 indigent.
1611 5707 1729 5754 Wes
1745 5708 1870 5770 Mss,

289 5754 400 5814 Ipsa
416 5747 505 5801 lux
522 5747 700 5802 διὶηὲιιιε
715 5759 802 5814 est,
820 5767 906 5806 nec
925 5747 1133 5808 doctore.

347 5834 422 5908 tu)
447 5836 469 5896 ι
499 5842 722 5904 Benaci,
740 5854 845 5914 cap.
871 5842 920 5910 4,
943 5855 993 5899 η.
1017 5842 1062 5905 5,

3479 377 3587 439 882

2003 487 2356 554 periculosum
2386 499 2468 545 eSt
2491 531 2506 557 ,
2550 491 2791 553 quamvis
2837 491 2942 560 iam
2974 495 3165 552 talibus
3205 505 3264 552 ut
3297 499 3411 554 sani
3440 507 3587 556 recte

1997 575 2099 631 dici
2133 579 2370 648 possint,
2396 583 2532 638 velle
2573 584 2854 641 ostendere
2897 588 3036 658 quod
3067 587 3240 643 adhuc
3271 589 3447 646 videre
3477 606 3584 646 non

1999 668 2196 724 valent.
2225 672 2366 742 Ergo
2388 674 2470 727 isti
2500 677 2784 731 exercendi
2812 689 2933 733 sunt
2961 679 3125 749 prius,
3155 690 3410 736 eteorum
3433 699 3586 737 amor

1997 763 2194 817 utiliter
2215 764 2540 821 differendus
2565 778 2723 838 atque
2753 771 3066 826 nutriendus
3102 781 3202 827 est.
3235 774 3413 828 Primo
3438 775 3582 829 enim

1995 855 2235 923 quzedam
2256 856 2356 910 illis
2373 858 2783 915 demonstranda
2802 871 3051 934 suntqute
3069 879 3172 919 non
3193 879 3288 934 per
3303 881 3360 920 se
3380 865 3578 933 lucent,

1995 948 2087 1002 sed
2124 964 2219 1019 per
2248 951 2419 1006 lucem
2459 953 2625 1008 videri
2656 957 2895 1024 possint,
2928 967 2984 1011 ut
3008 958 3172 1012 vestis
3196 1001 3211 1025 ,
3242 967 3335 1013 aut
3361 960 3537 1030 paries
3562 1003 3578 1028 ,

1993 1048 2084 1094 aut
2107 1042 2302 1112 aliquid
2347 1044 2556 1100 horum.
2602 1047 2802 1102 Deinde
2829 1049 2968 1119 quod
3002 1065 3106 1104 non
3137 1065 3231 1120 per
3258 1066 3316 1104 se
3341 1051 3575 1120 quidem,

1992 1132 2085 1186 sed
2134 1142 2307 1188 tamen
2354 1151 2448 1205 per
2492 1136 2634 1191 illam
2681 1139 2852 1193 lucem
2903 1139 3174 1208 pulchrius
3216 1140 3488 1212 eﬂ'ulgeat,
3523 1152 3580 1197 ut

1989 1237 2174 1278 aurum
2197 1268 2210 1290 ,
2235 1237 2508 1294 argentum
2533 1239 2587 1283 et
2615 1231 2802 1285 similia
2828 1257 2852 1296 ,>
2874 1247 2970 1287 nec
3011 1241 3184 1288 tamen
3217 1233 3286 1287 ita
3314 1234 3574 1288 radiatum

1992 1324 2047 1370 ut
2070 1318 2252 1371 oculos
2280 1319 2455 1374 laedat.
2483 1322 2521 1373 Τ
2529 1337 2628 1375 nnc
2651 1321 2878 1378 fortasse
2907 1332 3150 1378 terrenus
3172 1325 3271 1378 iste
3301 1325 3433 1395 ignis
3459 1339 3576 1380 mo-

1987 1405 2138 1462 deste
2167 1409 2611 1466 demonstrandus
2639 1421 2740 1480 est,
2773 1415 2963 1470 deinde
2989 1415 3185 1480 sidera,
3215 1416 3406 1472 deinde
3428 1416 3572 1482 luna,

1988 1499 2180 1556 deinde
2209 1518 2414 1557 aurorae
2445 1504 2616 1575 fulgor
2641 1549 2656 1572 ,
2688 1516 2743 1560 et
2779 1507 3096 1563 albescentis
3140 1508 3260 1564 caeli
3309 1509 3466 1563 nitor.
3517 1507 3574 1562 In

1987 1590 2178 1660 quibus
2198 1607 2291 1647 seu
2314 1593 2466 1648 citius
2489 1610 2582 1649 seu
2615 1597 2814 1652 tardius
2830 1638 2845 1664 ,
2869 1601 2980 1652 sive
3000 1614 3094 1668 per
3116 1608 3281 1654 totum
3304 1599 3571 1665 ordinem,

1987 1681 2097 1736 sive
2125 1683 2437 1752 quibusdam
2482 1689 2800 1756 contemptis
2821 1730 2834 1751 ,
2869 1704 2966 1757 pro
2994 1704 3087 1744 sua
3114 1693 3336 1762 quisque
3365 1691 3572 1746 valetu-

1984 1772 2108 1828 diue
2134 1789 2468 1840 assuescens,
2502 1778 2616 1832 sine
2645 1779 2994 1846 trepidatione
3023 1791 3220 1836 etcum
3253 1798 3441 1852 magna
3475 1798 3570 1836 vo-

1986 1865 2184 1936 luptate
2213 1868 2378 1922 solem
2419 1869 2632 1924 videbit.
2668 1870 2796 1926 Tale
2836 1873 3032 1943 aliquid
3071 1874 3342 1944 sapientia:
3370 1874 3569 1929 studioc

1983 1958 2236 2021 sissimis,
2279 1977 2376 2015 nec
2402 1971 2557 2016 acute
2581 2003 2595 2027 ,
2622 1962 2732 2032 jam
2764 1974 2938 2018 tamen
2970 1964 3269 2020 videntibus
3290 2007 3306 2032 ,
3334 1966 3569 2036 magistri

1982 2051 2165 2118 optimi
2189 2051 2407 2107 faciunt.
2431 2053 2564 2109 Nam
2587 2056 2774 2111 ordine
2795 2058 3024 2126 quodam
3051 2059 3117 2112 ad
3144 2075 3261 2112 eam
3292 2059 3568 2128 pervenire

1980 2143 2132 2198 bonae
2163 2145 2456 2215 disciplina.-
2500 2150 2730 2202 officium
2776 2160 2855 2204 est
2877 2193 2889 2214 ,
2919 2153 3034 2206 sine
3063 2151 3250 2206 ordine
3277 2160 3455 2206 autem
3483 2152 3569 2206 vix

1980 2236 2247 2291 credibilis
2278 2236 2564 2294 felicitatis.
2609 2240 2714 2296 Sed
2760 2241 2916 2297 hodie
2945 2244 3074 2298 satis
3099 2285 3112 2311 ,
3148 2253 3204 2298 ut
3241 2253 3368 2314 puto
3391 2285 3405 2311 ,
3438 2244 3569 2299 scri-

1980 2328 2213 2396 psimus;
2245 2332 2570 2398 parcendum
2601 2343 2684 2388 est
2713 2334 3020 2389 valetudini.

1979 2416 2204 2475 CAPUT
2232 2420 2370 2477 XIV.
2387 2451 2460 2463 —
2474 2422 2602 2495 Ipsa
2626 2425 2875 2495 sapientia
2902 2425 3127 2481 medetur
3152 2426 3312 2482 oculis
3333 2436 3388 2481 ut
3409 2427 3568 2482 videri

2681 2522 2859 2590 possit.
3131 2498 3158 2518 ’

2048 2607 2140 2662 24.
2180 2607 2244 2663 Α.
2286 2610 2352 2664 Et
2379 2611 2484 2667 alio
2523 2611 2612 2667 die
2643 2629 2657 2667 :
2693 2614 2765 2667 Da
2793 2657 2808 2682 ,
2839 2631 3022 2685 quaeso
3047 2656 3062 2683 ,
3091 2616 3305 2687 inquam
3329 2659 3345 2685 ,
3372 2617 3481 2688 jam
3521 2619 3568 2674 si

1980 2707 2152 2768 potes,
2177 2700 2324 2757 illum
2352 2702 2614 2759 ordinem.
2645 2706 2775 2772 Duc,
2809 2723 2904 2778 age
2933 2725 3033 2778 qua
3062 2710 3159 2772 vis,
3195 2726 3289 2778 per
3317 2726 3435 2780 qua:
3460 2711 3564 2780 vis,

1978 2793 2247 2861 quomodo
2273 2796 2370 2849 vis.
2403 2795 2606 2867 Impera
2637 2799 2842 2868 qumvis
2870 2799 3002 2854 dura
3028 2841 3043 2867 ,
3071 2801 3320 2870 quaelibet
3363 2802 3528 2856 ardua
3549 2844 3565 2868 ,

1980 2899 2097 2953 qua:
2132 2893 2307 2940 tamen
2343 2887 2395 2941 in
2423 2904 2538 2943 mea
2569 2898 2830 2960 potestate
2879 2893 2987 2946 sint
3009 2935 3022 2959 ,
3059 2907 3151 2962 per
3190 2909 3308 2963 qua:
3350 2909 3434 2948 me
3463 2909 3571 2964 quo

1979 2974 2258 3044 desidero,
2294 2989 2670 3049 perventurum
2709 2998 2826 3038 esse
2857 2999 2962 3038 non
3000 2984 3257 3039 dubitem.
3293 2986 3358 3039 It.
3394 2984 3570 3040 Unum

1979 3079 2062 3122 est
2085 3069 2226 3138 quod
2255 3071 2348 3124 tibi
2378 3087 2594 3140 possum
2627 3075 2918 3143 prrecipere
2938 3093 2950 3103 ·
2983 3076 3118 3129 nihil
3143 3077 3259 3146 plus
3290 3078 3430 3132 novi.
3472 3078 3576 3134 Pe-

1981 3161 2124 3217 nitus
2136 3178 2254 3218 esse
2273 3163 2368 3218 ista
2383 3165 2650 3220 sensibilia
2669 3167 2912 3236 fugienda
2933 3167 3030 3240 (a),
3049 3170 3447 3241 cavendumque
3463 3187 3574 3225 ma-

1980 3267 2236 3323 gnopere,
2261 3255 2386 3309 dum
2414 3255 2514 3311 hoc
2534 3273 2730 3328 corpus
2750 3260 2973 3329 agimus,
3003 3276 3072 3315 ne
3097 3276 3204 3330 quo
3226 3277 3409 3316 eorum
3427 3263 3574 3319 visco

1983 3359 2172 3414 penna:
2198 3354 2394 3400 nostrai
2423 3349 2797 3418 impediantur,
2825 3351 3016 3420 quibus
3045 3353 3266 3423 integris
3293 3354 3574 3420 perfectis-

1981 3450 2086 3505 que
2110 3453 2243 3508 opus
2272 3449 2356 3493 est
2379 3482 2392 3504 ,
2423 3451 2479 3494 ut
2508 3442 2574 3495 ad
2606 3442 2748 3496 illam
2780 3443 2950 3498 lucem
2986 3445 3053 3499 ab
3081 3447 3163 3501 his
3189 3447 3421 3502 tenebris
3447 3463 3577 3504 evo-

1981 3527 2152 3583 lemus
2186 3548 2197 3583 :
2230 3548 2349 3600 quae
2376 3548 2435 3587 se
2460 3550 2528 3588 ne
2555 3537 2837 3592 ostendere
2867 3538 3084 3608 quidem
3114 3540 3361 3611 dignatur
3385 3543 3439 3597 in
3475 3542 3578 3599 hac

1981 3635 2144 3676 cavea
2175 3623 2391 3680 inclusis
2413 3667 2426 3690 ,
2473 3628 2573 3681 nisi
2608 3628 2739 3684 tales
2784 3629 2983 3686 fuerint
3015 3643 3071 3686 ut
3101 3633 3199 3688 ista
3231 3635 3315 3690 vel
3357 3635 3575 3693 effracta

1981 3713 2066 3766 vel
2105 3714 2357 3770 dissoluta
2389 3719 2598 3789 possint
2627 3720 2678 3774 in
2725 3737 2882 3778 auras
2911 3740 3034 3778 suas
3074 3727 3319 3782 evadere.
3357 3728 3576 3798 Itaque,

1981 3809 2194 3874 quando
2224 3807 2389 3863 fueris
2436 3811 2557 3865 talis
2603 3821 2659 3866 ut
2704 3813 2837 3868 nihil
2882 3823 2933 3870 te
2981 3832 3199 3886 prorsus
3242 3827 3577 3876 terrenormn

1982 3896 2230 3964 delectet,
2260 3901 2388 3955 mihi
2417 3903 2595 3969 crede,
2629 3905 2818 3960 eodem
2848 3917 3142 3976 momento,
3171 3910 3359 3966 eodem
3381 3922 3578 3981 puncto

1983 3991 2237 4059 temporis
2265 3993 2469 4048 videbis
2515 3996 2658 4066 quod
2701 4001 2869 4070 cupis.
2908 4003 2974 4054 A.
3014 4001 3236 4069 Quando
3264 4003 3406 4059 istud
3435 4006 3575 4074 erit,

1985 4094 2081 4134 oro
2115 4084 2202 4136 te?
2227 4083 2342 4139 Non
2370 4087 2512 4141 enim
2558 4098 2684 4158 puto
2710 4105 2868 4160 posse
2909 4093 3035 4147 mihi
3081 4094 3196 4151 haec
3225 4096 3277 4150 in
3307 4111 3574 4153 summum

1982 4174 2167 4228 venire
2197 4186 2559 4248 contemptum
2585 4222 2602 4247 ,
2635 4185 2735 4238 nisi
2782 4185 2963 4242 videro
3005 4188 3136 4244 illud
3173 4190 3227 4244 in
3255 4191 3406 4262 cujus
3431 4207 3578 4248 com-

1983 4269 2259 4337 paratione
2285 4271 2384 4326 ista
2424 4274 2757 4332 sordescant.

2055 4359 2144 4416 25.
2187 4363 2254 4416 Β.
2295 4364 2404 4418 lloc
2431 4367 2589 4420 modo
2615 4379 2795 4437 posset
2819 4380 2870 4425 et
2900 4372 2999 4428 iste
3019 4375 3205 4430 oculus
3225 4379 3465 4450 corporis
3491 4379 3578 4435 di-

1983 4469 2106 4509 cere
2139 4473 2152 4508 :
2186 4454 2319 4510 Tum
2369 4458 2615 4513 tenebras
2644 4476 2747 4515 non
2778 4464 2988 4530 amabo,
3020 4481 3139 4520 cum
3167 4469 3336 4524 solem
3369 4471 3574 4528 videro.

1984 4546 2206 4601 Videtur
2227 4548 2366 4601 enim
2389 4549 2539 4618 quasi
2560 4560 2614 4605 et
2641 4554 2739 4606 hoc
2767 4553 2830 4608 ad
2857 4555 3097 4611 ordinem
3121 4561 3409 4628 pertinere,
3433 4565 3578 4633 quod

1984 4638 2140 4708 longe
2165 4647 2246 4692 est
2274 4655 2447 4694 secus.
2481 4642 2639 4696 Amat
2667 4643 2810 4698 enim
2842 4648 3086 4703 tenebras
3109 4691 3126 4718 ,
3155 4667 3220 4706 eo
3245 4655 3386 4723 quod
3413 4669 3577 4711 sanus

1982 4743 2104 4783 nou'
2129 4738 2243 4797 est;
2277 4732 2444 4788 solent
2475 4744 2653 4790 autem
2693 4737 2794 4791 nisi
2824 4753 2983 4795 sanus
3013 4742 3191 4799 videre
3235 4761 3340 4799 non
3379 4756 3574 4815 potest.

1980 4823 2048 4878 Et
2069 4824 2122 4878 in
2145 4839 2210 4878 eo
2231 4839 2371 4894 saepe
2393 4826 2593 4882 fallitur
2612 4829 2840 4897 animus,
2863 4843 2919 4886 ut
2934 4848 3120 4888 sanum
3142 4851 3200 4891 se
3217 4847 3366 4906 putet
3383 4848 3436 4893 et
3457 4855 3580 4897 sese

1977 4914 2173 4984 jactet;
2203 4925 2256 4971 et
2275 4919 2396 4987 quia
2428 4920 2663 4974 nondum
2693 4922 2854 4988 videt,
2877 4924 3040 4982 veluti
3063 4925 3184 4996 jure
3209 4930 3572 4998 conqueritur.

1979 5005 2134 5061 Novit
2154 5018 2330 5062 autem
2361 5011 2447 5064 illa
2475 5012 2809 5079 pulchritudo
2835 5015 3048 5084 quando
3081 5031 3139 5072 se
3172 5019 3435 5073 ostendat.
3459 5021 3576 5088 Ipsa

1981 5099 2122 5152 enim
2150 5101 2340 5156 medici
2369 5103 2602 5172 fungitur
2626 5120 2879 5171 munere,
2901 5108 3196 5177 meliusque
3215 5109 3464 5180 intelligit
3483 5119 3574 5183 qu’

1981 5190 2087 5244 sint
2107 5194 2238 5257 sani,
2256 5209 2411 5263 quam
2426 5194 2584 5249 iidem
2601 5196 2696 5265 ipsi
2713 5197 3091 5266 quisanantur.
3102 5198 3209 5256 Nos
3228 5211 3402 5256 autem
3415 5219 3556 5273 quan

1982 5292 2092 5338 tum
2133 5288 2512 5341 emerserimus
2536 5329 2550 5352 ,
2580 5288 2826 5344 videmur
2871 5290 3024 5346 nobis
3061 5292 3244 5349 videre
3272 5311 3285 5347 :
3314 5306 3574 5366 quantum

1981 5385 2157 5429 autem
2187 5378 2342 5432 mersi
2372 5394 2608 5447 eramus,
2637 5389 2692 5435 et
2718 5396 2826 5450 quo
2851 5385 3120 5452 progressi
3150 5384 3439 5452 fueramus,
3474 5403 3574 5444 nec

1981 5468 2234 5536 cogitare,
2264 5485 2361 5523 nec
2386 5471 2586 5524 sentire
2614 5470 2992 5541 permittimur,
3019 5485 3074 5529 et
3098 5476 3148 5530 in
3176 5479 3574 5548 comparatione

1981 5559 2239 5628 gravioris
2262 5561 2433 5615 morbi
2455 5576 2614 5616 sanos
2639 5577 2758 5616 esse
2784 5581 2879 5617 nos
2905 5566 3188 5622 credimus.
3216 5569 3400 5626 Nonne
3421 5570 3573 5628 vides

1979 5665 2141 5722 quam
2175 5651 2335 5706 veluti
2379 5653 2552 5707 securi
2583 5653 2834 5710 hesterno
2871 5657 2958 5712 die
3003 5663 3528 5727 prommtizn'eramus
3549 5703 3568 5730 ,

1983 5742 2126 5800 nulla
2144 5743 2255 5812 jam
2291 5759 2388 5802 nos
2414 5754 2562 5820 peste
2590 5745 2851 5818 detineri,
2883 5750 3120 5836 nihilque
3157 5769 3338 5814 amare
3359 5753 3461 5818 nisi
3486 5769 3573 5821 sa-

2053 5854 2131 5936 (α)
2156 5856 2269 5921 tbid.
2459 5887 2462 5890 ί
3228 5857 3255 5884 θ
