4078 6366
518 423 626 482 883

515 544 770 617 pientiam
795 559 810 610 ;
832 553 1024 602 caetera
1042 559 1172 600 vero
1199 557 1302 598 non
1323 541 1426 598 nisi
1447 547 1662 610 propter
1683 537 1834 592 istam
1861 547 2100 606 quaerere

515 647 610 692 aut
638 637 814 693 velle?
843 637 1012 704 Quam
1059 636 1150 692 tibi
1181 633 1428 690 sordidus
1451 673 1466 698 ,
1499 645 1656 701 quam
1701 627 1872 683 fmdus
1895 665 1914 692 ,
1943 640 2102 696 quam

515 728 882 795 exsecrabilis,
914 743 1070 799 quam
1103 726 1372 782 horribilis
1397 723 1709 792 complexus
1739 718 2001 776 femineus
2027 717 2105 770 vi-

514 821 744 876 debatur
761 861 777 888 ,
803 820 1015 890 quando
1045 821 1182 874 inter
1210 833 1308 873 nos
1348 819 1414 872 de
1441 815 1622 870 uxoris
1645 813 1932 884 cupiditate
1959 827 2102 879 quas-

513 914 674 968 situm
701 923 784 969 est
809 913 822 966 l
849 913 1008 966 Certe
1035 911 1134 966 ista
1162 919 1316 966 nocte
1336 909 1629 978 vigilantes,
1661 921 1782 960 cum
1809 919 1992 959 rursus
2013 918 2105 958 ea-

514 1005 637 1060 dem
657 1005 932 1060 nobiseum
955 1017 1254 1073 ageremus,
1283 1001 1495 1056 sensisti
1520 1015 1678 1070 quam
1703 1006 1755 1054 te
1775 997 1928 1052 aliter
1943 1011 2101 1067 quam

513 1109 948 1168 praesumpseras,
973 1095 1270 1166 imaginata“:
1291 1094 1392 1148 illa:
1415 1092 1682 1148 blanditia:
1701 1101 1756 1146 et
1777 1105 1957 1146 amara
1983 1105 2103 1144 sua-

457 1185 462 1190 ’
517 1190 654 1244 vitas
703 1189 1034 1252 titillaverit;
1081 1189 1235 1257 longe
1275 1185 1488 1256 quidem
1525 1186 1682 1254 longe
1727 1185 1902 1238 minus
1940 1199 2100 1254 quam

513 1279 686 1342 solet,
719 1279 812 1333 sed
861 1279 990 1334 item
1026 1279 1181 1348 longe
1227 1277 1383 1332 aliter
1407 1293 1562 1348 quam
1595 1287 1912 1346 putaveras;
1942 1285 2000 1329 ut
2025 1275 2100 1330 sic

512 1370 608 1423 tibi
638 1371 1028 1425 secretissimus
1058 1369 1148 1426 ille
1185 1369 1422 1424 medicus
1449 1379 1736 1439 utrumque
1763 1369 2100 1424 demonstra-

509 1471 616 1528 ret,
641 1471 694 1518 et
719 1462 858 1518 unde
886 1477 1014 1519 cura
1039 1461 1156 1532 ejus
1181 1463 1435 1528 evaseris,
1463 1471 1519 1516 et
1543 1461 1668 1532 quid
1695 1459 1986 1516 curandum
2011 1473 2096 1514 re-

511 1561 746 1608 maneat.

579 1645 668 1702 26.
709 1645 778 1702 A.
814 1645 972 1710 Tace,
1013 1645 1276 1713 obsecro,
1321 1653 1454 1700 tace.
1495 1641 1927 1712 Quidcrucias?
1973 1641 2098 1711 quid

509 1749 714 1794 tantum
743 1739 878 1795 fodis
917 1741 1128 1810 alteque
1153 1739 1476 1794 descendis?
1501 1737 1618 1793 Jam
1643 1737 1768 1792 flere
1795 1751 1900 1790 non
1927 1736 2060 1790 duro
2079 1775 2094 1802 ,

505 1831 724 1901 jamjam
751 1832 882 1886 nihil
907 1833 1180 1902 promitto,
1208 1831 1340 1886 nihil
1370 1845 1662 1900 przcsumo,
1689 1845 1756 1882 ne
1781 1843 1866 1882 me
1893 1827 1960 1882 de
1983 1827 2098 1880 istis

505 1923 668 1980 rebus
699 1924 1014 1994 interroges.
1045 1923 1203 1978 Certe
1233 1923 1366 1978 dicis
1391 1921 1530 1989 quod
1561 1920 1649 1974 ille
1679 1919 1792 1990 ipse
1826 1933 1982 1988 quem
2013 1917 2095 1972 vi—

507 2015 638 2070 dere
669 2015 830 2070 ardeo
853 2055 868 2082 ,
902 2017 1108 2070 noverit
1145 2015 1356 2086 quando
1399 2015 1496 2068 sim
1527 2029 1724 2076 sanus;
1757 2012 1912 2066 faciat
1953 2010 2096 2080 quod

505 2111 682 2182 placet
715 2129 727 2162 :
759 2112 970 2181 quando
1001 2113 1172 2182 placet
1225 2127 1342 2167 sese
1369 2110 1640 2174 ostendat;
1669 2109 1777 2180 jam
1809 2124 1896 2164 me
1927 2117 2094 2162 totum

507 2205 624 2274 ejus
648 2205 944 2260 clementite
971 2221 1214 2276 curaeque
1241 2205 1532 2260 committo.
1563 2203 1737 2259 Semel
1767 2203 1832 2257 de
1859 2201 1948 2257 illo
1972 2217 2094 2257 cre-

505 2288 614 2342 didi
651 2289 792 2360 quod
823 2291 900 2344 sic
941 2305 1064 2360 erga
1109 2305 1168 2345 se
1207 2289 1424 2344 affectos
1466 2289 1742 2344 sublevare
1771 2295 2092 2344 noneesset.

502 2377 617 2448 Ego
647 2380 777 2434 nihil
806 2379 872 2436 de
901 2395 1017 2434 mea
1047 2381 1274 2435 sanitate
1294 2421 1306 2444 ,
1341 2379 1442 2435 nisi
1471 2394 1592 2434 cum
1621 2379 1765 2433 illam
1795 2378 2094 2448 pulchritu-

501 2469 680 2524 dinem
715 2469 932 2538 videro,
977 2473 1348 2540 pronuntiabo.
1395 2471 1462 2525 R.
1509 2473 1734 2526 Prorsus
1780 2471 1906 2524 nihil
1948 2471 2091 2526 aliud

499 2561 684 2616 facias.
725 2563 830 2618 Sed
849 2563 958 2633 jam
984 2565 1174 2621 cohibe
1203 2575 1254 2620 te
1277 2581 1304 2618 a
1345 2564 1594 2637 lacrymis
1621 2605 1634 2630 ,
1665 2573 1719 2620 et
1743 2565 1944 2634 stringe
1971 2565 2090 2618 ani-

499 2669 670 2709 mum.
701 2655 744 2708 lli
757 2655 920 2710 ultum
945 2657 1166 2712 omnino
1187 2655 1398 2722 llevisti,
1425 2667 1478 2712 et
1505 2656 1605 2711 hoc
1630 2656 1848 2710 omnino
1873 2656 2092 2712 morbus

503 2746 606 2800 iste
653 2746 884 2816 pectoris
949 2749 1020 2802 tui
1089 2749 1322 2818 graviter
1373 2747 1582 2817 accipit.
1633 2747 1701 2802 Α.
1751 2745 1960 2802 Modum
2012 2747 2092 2800 vis

498 2837 700 2894 habere
745 2839 1006 2910 lacrymas
1047 2855 1230 2906 meas,
1270 2855 1390 2894 cum
1437 2839 1668 2894 miseria:
1699 2855 1830 2894 mea:
1873 2839 2088 2892 modum

499 2944 608 2984 non
653 2929 900 2984 videam?
944 2939 1034 2986 aut
1075 2931 1712 3002 valetudinemcorporis
1751 2929 2092 2984 considerare

499 3035 588 3074 me
622 3019 814 3090 jubes,
843 3037 964 3076 cum
1005 3037 1103 3092 ego
1147 3021 1260 3092 ipse
1289 3023 1408 3076 tabe
1452 3020 1726 3078 confectus
1769 3019 1908 3075 sint?
1947 3019 2086 3086 Sed,

501 3127 683 3182 quaeso
706 3121 756 3168 te
773 3153 787 3178 ,
812 3113 856 3167 si
884 3111 1008 3182 quid
1035 3113 1087 3167 iu
1109 3127 1196 3168 me
1214 3113 1386 3179 vales,
1411 3121 1468 3168 ut
1493 3128 1578 3168 me
1601 3119 1773 3167 tentes
1795 3127 1890 3182 per
1916 3112 2090 3182 aliqua

501 3203 816 3275 compendia
848 3203 1080 3272 ducere,
1127 3213 1186 3260 ut
1227 3205 1310 3260 vel
1355 3204 1624 3260 vicinitate
1663 3205 1916 3260 nonnulla
1959 3205 2092 3260 lucis

501 3294 676 3360 illius,
709 3311 888 3364 quam,
923 3298 964 3350 si
992 3297 1116 3366 quid
1161 3295 1380 3366 profeci.
1423 3296 1650 3350 tolerare
1685 3297 1798 3364 jam
1829 3311 2044 3364 possunt
2071 3337 2087 3363 ,

499 3386 678 3454 pigeat
707 3386 887 3442 oculos
927 3388 1124 3442 referre
1153 3387 1218 3442 ad
1251 3388 1365 3442 illas
1393 3387 1638 3442 tenebras
1659 3425 1673 3451 ,
1706 3401 1837 3456 quas
1865 3387 2088 3456 reliqui;

504 3479 548 3532 si
591 3486 766 3534 tamen
799 3481 996 3536 relictae
1036 3481 1274 3537 dicenda:
1319 3491 1476 3546 sunt,
1524 3495 1644 3551 qua:
1689 3479 1912 3536 cmcitati
1957 3495 2092 3536 mea:

505 3570 680 3625 adhuc
707 3571 933 3626 blandiri
959 3573 1174 3628 audent.

502 3663 730 3720 CAPUT
767 3663 972 3720 XV.—
1011 3665 1196 3720 Anima
1219 3665 1472 3736 quomodo
1499 3667 1840 3738 cognoscitur.
1865 3665 2088 3723 Fiducia

1147 3773 1268 3828 erga
1295 3757 1474 3812 Deum.

467 3851 487 3872 ⁸
571 3849 663 3904 27.
705 3849 772 3906 Β.
814 3849 1240 3914 Concludamus,
1273 3851 1320 3904 si
1365 3850 1570 3919 placet,
1604 3851 1706 3906 hoc
1735 3851 1964 3920 primum
1993 3867 2087 3906 vo-

501 3941 721 4010 lumen,
760 3951 819 3998 ut
849 3944 958 4014 jam
997 3943 1050 3998 in
1089 3943 1326 4010 secundo
1351 3943 1614 4012 aliquam,
1653 3959 1772 4013 quae
1809 3945 2090 4000 commoda

501 4035 828 4102 occurrerit,
875 4035 1243 4106 aggrediantur
1269 4023 1428 4090 viam.
1457 4035 1576 4090 Non
1620 4037 1760 4090 enim
1803 4037 1925 4092 huic
1961 4037 2090 4092 affe-

500 4127 662 4183 ctioni
698 4137 802 4182 tua:
843 4143 870 4180 a
909 4128 1184 4184 moderata
1210 4129 1588 4184 exercitatione
1629 4131 1945 4186 cessandum
1983 4141 2082 4185 est.

499 4222 564 4276 A.
599 4221 712 4277 Non
749 4223 920 4276 sinam
963 4223 1181 4277 omnino
1215 4221 1460 4278 concludi
1498 4225 1637 4278 hunc
1670 4223 1940 4288 libellum,
1985 4225 2086 4278 nisi

501 4316 632 4372 mihi
661 4316 926 4370 modicum
962 4333 1066 4386 quo
1089 4317 1321 4372 intentus
1355 4317 1454 4370 sim
1499 4317 1566 4372 de
1591 4318 1780 4372 vicinia
1807 4318 1942 4372 lucis
1962 4331 2090 4387 ape-

499 4411 694 4464 rueris.
725 4403 792 4462 Β.
824 4407 972 4466 Gcrit
999 4409 1090 4466 tibi
1119 4411 1206 4466 ille
1231 4411 1468 4466 medicus
1493 4427 1716 4466 morem.
1747 4412 1878 4466 Nam
1909 4415 2088 4468 nescio

501 4501 621 4570 quis
650 4517 736 4556 me
764 4517 870 4570 quo
897 4511 948 4556 te
985 4501 1172 4556 ducam
1203 4501 1376 4572 fulgor
1403 4503 1586 4558 invitat
1613 4515 1664 4558 et
1691 4503 1873 4574 tangit.
1907 4503 2087 4575 Itaque

499 4595 681 4664 accipe
708 4595 960 4650 intentus.
1004 4595 1066 4648 Α.
1111 4596 1220 4651 Duc
1241 4638 1255 4664 ,
1287 4611 1380 4652 oro
1411 4607 1485 4664 te,
1517 4613 1578 4652 ac
1609 4613 1733 4666 rape
1761 4613 1866 4668 quo
1887 4599 1986 4654 vis.
2017 4597 2083 4654 Β.

499 4685 746 4739 Animam
789 4695 842 4741 te
879 4695 1026 4744 certe
1055 4685 1219 4754 dicis,
1261 4695 1316 4742 et
1359 4687 1530 4744 Deum
1559 4689 1694 4744 velle
1723 4691 2088 4759 cognoscere?

501 4775 566 4828 Α.
593 4776 704 4832 lloc
715 4785 798 4832 est
813 4785 980 4832 totum
999 4777 1264 4847 negotium
1287 4793 1484 4834 meum.
1513 4777 1578 4832 Β.
1601 4779 1812 4834 Nihilne
1829 4780 2088 4849 amplius?

499 4869 564 4922 A.
605 4868 746 4924 Nihil
779 4885 1022 4942 prorsus.
1063 4871 1129 4925 It.
1170 4871 1344 4940 Quid?
1381 4872 1656 4928 veritatem
1702 4887 1804 4926 non
1835 4875 1914 4928 vis
1938 4889 2086 4928 com-

499 4959 872 5032 prehendere?
903 4963 966 5018 A.
995 4963 1155 5029 Quasi
1183 4979 1308 5020 vero
1339 4965 1534 5034 possim
1562 4963 1676 5018 haac
1699 4965 1802 5019 nisi
1831 4981 1924 5034 per
1943 4967 2086 5020 illam

503 5066 848 5122 cognoscere.
879 5051 948 5106 R.
977 5053 1117 5124 Ergo
1148 5055 1294 5125 prius
1319 5055 1432 5124 ipsa
1469 5056 1835 5124 cognoscenda
1861 5066 1958 5122 est,
1993 5073 2088 5128 per

499 5161 658 5216 quam
683 5157 907 5218 possunt
929 5147 1013 5202 illa
1035 5149 1304 5218 cognosci.
1326 5149 1391 5202 A.
1423 5147 1564 5204 Nihil
1587 5147 1779 5203 abnuo.
1809 5149 1874 5204 R.
1906 5149 2088 5204 Primo

498 5235 679 5306 itaque
705 5237 832 5292 illud
861 5237 1135 5293 videamus
1160 5279 1174 5304 ,
1207 5254 1328 5294 cum
1368 5239 1472 5294 duo
1503 5239 1660 5296 verba
1681 5237 2007 5296 sint'veritas
2035 5251 2090 5296 et

499 5343 687 5384 verum
707 5371 722 5398 ,
751 5339 928 5384 utrum
957 5331 1052 5386 tibi
1091 5331 1250 5386 etiam
1289 5347 1378 5387 res
1419 5329 1539 5386 dure
1581 5333 1696 5386 istis
1718 5333 1896 5388 verbis
1924 5333 2088 5402 signi-

499 5419 650 5474 ficari
672 5461 687 5484 ,
727 5435 796 5476 an
825 5437 926 5476 una
955 5421 1214 5478 videatur.
1255 5423 1317 5476 A.
1363 5423 1490 5478 Duae
1518 5438 1604 5479 res
1627 5423 1889 5478 videntur.
1917 5424 2048 5479 Nam
2069 5467 2086 5492 ,

499 5519 562 5565 ut
585 5511 726 5566 aliud
754 5522 836 5567 est
859 5514 1074 5568 castitas
1095 5555 1110 5580 ,
1141 5513 1283 5570 aliud
1325 5523 1528 5570 castum
1551 5555 1565 5580 ,
1593 5522 1648 5570 et
1672 5515 1836 5570 multa
1867 5516 1919 5570 in
1949 5515 2090 5572 hunc

503 5601 752 5668 modum;
777 5605 848 5658 ita
876 5605 1038 5662 credo
1064 5605 1208 5662 aliud
1235 5621 1354 5662 esse
1379 5607 1682 5676 veritatem,
1707 5617 1762 5664 et
1782 5609 1923 5666 aliud
1947 5611 2088 5682 quod
2123 5601 2126 5604 ’

503 5711 688 5752 verum
731 5697 941 5754 dicitur.
984 5699 1052 5756 Β.
1093 5698 1245 5766 Quod
1288 5701 1476 5756 horum
1517 5701 1741 5756 duorum
1783 5711 1936 5772 putas
1973 5719 2092 5760 esse

503 5792 873 5860 prmstantius!
917 5793 979 5845 Α.
1027 5793 1314 5846 Veritatem
1352 5795 1560 5863 opinor.
1607 5794 1722 5849 Non
1763 5799 1904 5852 enim
1944 5807 2092 5854 casto

479 5881 755 5964 acastitas,
785 5883 882 5942 sed
916 5883 1160 5942 castitate
1183 5885 1242 5941 fit
1269 5893 1502 5954 castum;
1549 5893 1620 5944 ita
1653 5887 1814 5944 etiam
1831 5929 1847 5960 ,
1883 5889 1928 5946 si
1961 5891 2089 5962 quid

1645 407 2200 480 SOLILOQUIORUM
2237 408 2294 465 S.
2339 407 2708 468 AUGUSTINI

3699 405 3803 462 884

2213 543 2400 584 verum
2427 537 2508 584 est
2526 565 2546 598 ,
2578 529 2804 584 veritate
2833 527 3014 600 utique
3043 542 3226 584 verum
3253 535 3354 582 est.

2283 621 2374 676 28.
2417 621 2486 676 [ἰ.
2527 620 2706 689 Quid?
2749 637 2872 676 eum
2899 631 3076 676 castus
3101 620 3291 690 aliquis
3317 617 3546 674 moritur
3567 659 3583 686 ,
3615 633 3802 674 censes

2211 713 2346 768 mori
2389 713 2552 768 etiam
2597 713 2939 768 castitatem?
2979 713 3042 766 A.
3085 712 3238 766 Nullo
3287 711 3466 766 modo.
3516 711 3581 765 Β.
3623 709 3801 782 Ergo,

2209 819 2330 860 cum
2365 805 2542 859 interit
2583 805 2778 876 aliquid
2813 804 2956 874 quod
2985 819 3172 859 verum
3211 813 3294 858 est
3315 844 3332 871 ,
3367 819 3474 858 non
3504 803 3685 858 interit
3709 820 3800 856 ve-

2210 897 2359 951 ritas.
2401 897 2466 952 Α.
2509 897 2786 966 Quomodo
2807 905 2984 952 autem
3015 898 3195 952 interit
3221 898 3416 968 aliquid
3438 897 3662 952 verum?
3687 898 3800 954 Non

2207 989 2352 1044 cnim
2391 989 2569 1046 video.
2615 989 2684 1044 R.
2727 990 2889 1046 Miror
2919 999 2968 1046 te
2999 991 3140 1045 istud
3164 1007 3404 1060 quazrere
3433 1007 3446 1042 :
3477 1005 3654 1046 nonne
3679 1002 3802 1046 ante

2207 1079 2394 1134 oculos
2425 1091 2635 1136 nostros
2673 1081 2840 1136 millia
2877 1097 3056 1136 rerum
3097 1073 3338 1136 videmus
3387 1081 3646 1136 interire?
3693 1081 3800 1136 Nii

2207 1169 2344 1226 forte
2363 1181 2516 1242 putas
2535 1171 2672 1227 hanc
2687 1173 2952 1238 arborem,
2973 1181 3065 1226 aut
3083 1188 3202 1228 esse
3219 1173 3487 1238 arborem,
3508 1171 3600 1226 sed
3623 1187 3798 1226 veram

2206 1280 2314 1318 non
2331 1279 2472 1332 esse,
2502 1275 2592 1320 aut
2615 1275 2762 1321 certe
2787 1265 3006 1321 interire
3035 1281 3140 1320 non
3171 1281 3347 1336 posse.
3377 1263 3630 1332 Quamvis
3659 1267 3800 1318 enim

2205 1371 2312 1410 non
2335 1358 2524 1412 credas
2551 1358 2798 1414 sensibus
2817 1399 2832 1426 ,
2863 1359 3140 1428 possisque
3167 1357 3490 1428 reSpondere
3510 1399 3524 1422 ,
3555 1359 3799 1427 ignorare

2205 1457 2258 1506 te
2281 1465 2496 1520 prorsus
2525 1459 2700 1506 utrum
2727 1451 2886 1506 arbor
2917 1452 3014 1518 sit;
3045 1459 3219 1506 tamen
3249 1450 3376 1506 illud
3405 1468 3508 1506 non
3538 1452 3756 1520 negabis
3779 1495 3792 1516 ,

2205 1550 2262 1596 ut
2287 1543 2510 1612 opinor,
2541 1559 2722 1597 veram
2772 1559 2891 1598 esse
2921 1545 3206 1610 arborem,
3251 1543 3296 1596 si
3343 1542 3503 1596 arbor
3541 1551 3622 1598 est
3653 1562 3665 1597 :
3691 1558 3794 1598 non

2203 1634 2344 1688 enim
2375 1633 2477 1688 hoc
2506 1649 2669 1690 sensu
2695 1677 2708 1700 ,
2743 1635 2839 1690 sed
2881 1635 3224 1704 intelligentia
3255 1635 3540 1705 judicatur.
3571 1633 3624 1690 Si
3653 1637 3790 1690 enim

2203 1723 2336 1779 falsa
2359 1726 2518 1780 arbor
2544 1735 2627 1780 est
2649 1768 2664 1793 ,
2691 1743 2797 1781 non
2841 1735 2922 1780 cst
2965 1727 3162 1792 arbor;
3196 1725 3242 1780 si
3286 1739 3462 1782 autem
3492 1727 3650 1782 arbor
3678 1737 3788 1792 est,

2203 1832 2328 1872 vera
2351 1815 2420 1871 sit
2443 1832 2662 1872 necesse
2685 1825 2787 1872 est.
2828 1815 2891 1870 Α.
2933 1805 3180 1872 Concedo
3203 1817 3360 1872 istud.
3403 1815 3468 1870 R.
3511 1817 3790 1885 Quid~illud

2201 1907 2478 1963 alterum?
2511 1925 2686 1963 nonne
2725 1909 2976 1963 concedis
3023 1909 3122 1962 hoc
3152 1925 3317 1980 genus
3355 1923 3538 1963 rerum
3564 1924 3682 1964 esse
3710 1925 3791 1963 ar-

2199 2000 2422 2066 borem,
2465 1999 2606 2072 quod
2658 2009 2907 2055 nascatur
2951 2009 3004 2055 et
3052 2001 3311 2055 intereat?
3349 2001 3412 2056 Α.
3452 2000 3657 2071 Negare
3687 2017 3788 2055 non

2200 2108 2439 2164 possum.
2481 2091 2550 2148 R.
2594 2087 2940 2148 Concluditur
2963 2093 3306 2164 crgoaliquid
3335 2093 3476 2164 quod
3497 2109 3680 2148 verum
3701 2095 3787 2154 sit.

2199 2183 2439 2239 interire.
2481 2183 2542 2238 Α.
2585 2183 2700 2240 Non
2727 2185 3091 2239 contravenio.
3139 2185 3202 2239 R.
3245 2185 3381 2251 Quid
3410 2185 3578 2240 illud?
3615 2201 3790 2240 nonne

2199 2275 2294 2332 tibi
2325 2275 2534 2332 videtur
2577 2277 2964 2334 intereuntibus
3004 2279 3164 2334 rebus
3197 2281 3333 2334 veris
3361 2279 3638 2335 veritatem
3679 2295 3784 2334 non

2199 2368 2421 2424 interire
2445 2411 2459 2436 ,
2491 2378 2546 2424 ut
2591 2387 2696 2426 non
2737 2371 2873 2426 mori
2915 2383 3064 2428 casto
3105 2383 3316 2428 mortuo
3351 2375 3685 2428 castitatem?
3723 2376 3789 2428 A.

2196 2460 2312 2518 Jam
2347 2472 2404 2544 et
2441 2463 2540 2518 hoc
2583 2465 2819 2520 concedo
2845 2507 2860 2530 ,
2890 2475 2944 2521 et
2995 2483 3314 2538 magnopere
3353 2467 3478 2538 quid
3509 2468 3750 2524 moliaris
3771 2507 3790 2537 ,

2197 2567 2470 2626 exspecto.
2511 2557 2580 2612 Ii.
2623 2559 2764 2630 Ergo
2791 2561 3026 2616 attende.
3067 2560 3130 2614 A.
3177 2561 3336 2616 lsthic
3359 2576 3500 2616 sum.

2267 2649 2359 2706 29.
2403 2651 2471 2706 R.
2515 2651 2723 2707 Verane
2771 2653 2860 2706 tibi
2907 2652 3116 2706 videtur
3155 2653 3250 2708 ista
3287 2651 3790 2720 sententiazQuid-

2197 2743 2324 2814 quid
2351 2753 2433 2797 est
2459 2785 2474 2810 ,
2517 2744 2710 2798 alicubi
2735 2761 2853 2800 esse
2877 2746 3120 2814 cogitur?
3161 2745 3220 2800 Α.
3254 2745 3396 2802 Nihil
3423 2762 3510 2802 me
3535 2748 3614 2801 sic
3638 2747 3786 2800 ducit

2197 2833 2263 2888 ad
2293 2835 2750 2890 consentiemlum.
2781 2836 2846 2890 Ii.
2873 2835 3076 2890 Fateris
3101 2846 3278 2892 autem
3312 2852 3430 2892 esse
3459 2837 3783 2894 veritatem?

2197 2925 2260 2979 A.
2295 2927 2507 2982 Fateor.
2551 2927 2619 2982 R.
2671 2927 2810 3000 Ergo
2837 2929 2926 2984 ubi
2955 2931 3058 2996 sit,
3091 2945 3312 2986 necesse
3337 2941 3420 2986 est
3447 2947 3788 3002 quieramus;

2197 3033 2306 3072 non
2343 3028 2424 3073 est
2461 3019 2604 3074 enim
2635 3021 2690 3076 in
2721 3021 2835 3076 loco
2855 3063 2868 3086 ,
2911 3021 3010 3076 nisi
3041 3023 3174 3078 forte
3197 3033 3287 3076 aut
3317 3038 3435 3078 esse
3465 3024 3656 3080 inloco
3685 3026 3790 3080 ali-

2196 3109 2321 3180 quid
2353 3111 2494 3166 aliud
2523 3121 2715 3181 prmter
2749 3126 2942 3181 corpus
2965 3153 2980 3180 ,
3023 3105 3115 3168 aut
3147 3114 3420 3168 veritatem
3447 3129 3644 3186 corpus
3667 3130 3792 3172 esse

2197 3201 2495 3256 arbitraris.
2534 3201 2601 3254 Α.
2637 3201 2776 3256 Nihil
2815 3202 3004 3257 horum
3053 3211 3198 3273 puto.
3243 3204 3312 3258 Β.
3361 3204 3584 3261 Ubinam
3631 3207 3792 3276 igitur

2197 3291 2340 3346 illam
2367 3308 2486 3348 esse
2509 3293 2721 3348 credis?
2761 3295 2872 3348 Non
2913 3296 3054 3348 enim
3093 3310 3350 3366 nusquam
3377 3306 3458 3350 est
3483 3313 3639 3366 quam
3667 3313 3790 3354 esse

2196 3382 2559 3438 concedimus.
2605 3383 2668 3436 Α.
2717 3385 2772 3440 Si
2813 3385 3004 3440 scirem
3047 3385 3136 3440 ubi
3174 3397 3343 3456 esset,
3393 3389 3522 3442 nihil
3557 3387 3792 3446 fortasse

2196 3478 2426 3548 amplius
2473 3495 2788 3549 qua-rorem.
2842 3480 2908 3534 R.
2954 3480 3154 3536 Saltem
3201 3481 3290 3536 ubi
3335 3496 3444 3536 non
3481 3483 3581 3548 sit,
3633 3491 3792 3553 potes

2195 3571 2558 3642 cognoscere?
2615 3571 2678 3623 Α.
2727 3571 2768 3624 si
2815 3586 3246 3640 commemores,
3297 3571 3522 3628 fortasse
3573 3585 3782 3644 potero.

2195 3659 2264 3716 Β.
2295 3661 2410 3714 Νοιι
2437 3671 2519 3716 est
2545 3669 2690 3716 certe
2719 3661 2772 3715 in
2797 3663 2958 3716 rebus
2983 3663 3316 3718 mortalibus.
3343 3664 3610 3736 Quidquid
3637 3667 3788 3722 enim

2197 3759 2298 3820 est,
2329 3751 2380 3806 in
2401 3753 2579 3822 aliquo
2601 3768 2704 3807 non
2737 3762 2912 3822 potest
2940 3769 3155 3810 manere
3173 3796 3188 3819 ,
3219 3755 3264 3808 si
3290 3773 3394 3810 non
3423 3767 3636 3812 maneat
3657 3759 3790 3814 illud

2197 3842 2250 3897 in
2289 3860 2394 3914 quo
2421 3853 2502 3900 est
2529 3861 2540 3898 :
2571 3859 2789 3900 manere
2818 3857 2993 3900 autem
3029 3887 3042 3913 ,
3073 3847 3231 3902 etiam
3262 3847 3422 3902 rebus
3451 3851 3590 3904 veris
3619 3851 3788 3906 inter-

2195 3933 2477 4002 euntibus,
2527 3937 2804 3990 veritatem
2846 3937 3002 4005 paulo
3043 3947 3166 3992 ante
3193 3953 3504 3994 concessum
3535 3949 3634 3994 est.
3669 3941 3788 3996 Non

2195 4025 2360 4095 igitur
2385 4035 2468 4080 est
2494 4026 2692 4082 veritas
2725 4027 2779 4080 in
2809 4027 2968 4082 rebus
2999 4029 3334 4083 mortalibus.
3365 4031 3460 4084 Est
3485 4041 3659 4085 autem
3689 4047 3790 4087 ve-

2195 4115 2325 4170 ritas
2345 4157 2362 4182 ,
2393 4127 2442 4172 et
2475 4133 2580 4172 non
2609 4127 2692 4172 est
2733 4133 3016 4187 nusquam.
3047 4119 3180 4173 Sunt
3213 4119 3368 4190 igitur
3395 4137 3480 4176 res
3509 4123 3788 4194 imniorta—

2193 4209 2292 4264 les.
2325 4209 2466 4264 Nihil
2493 4220 2670 4265 autem
2701 4226 2883 4266 verum
2915 4211 2968 4266 in
2995 4227 3098 4282 quo
3123 4213 3321 4268 veritas
3351 4229 3455 4268 non
3481 4225 3580 4269 est.
3603 4213 3790 4270 Conli-

2193 4301 2331 4355 citur
2369 4301 2544 4372 itaque
2569 4319 2671 4356 non
2699 4317 2819 4358 esse
2847 4317 3008 4370 vera,
3041 4303 3140 4358 nisi
3184 4321 3303 4374 quin
3343 4317 3464 4359 sunt
3507 4307 3790 4362 immorta-

2194 4393 2285 4448 lia.
2319 4393 2386 4448 Et
2413 4393 2584 4448 omnis
2611 4393 2744 4448 falsa
2775 4395 2955 4462 arbor,
3002 4411 3104 4450 non
3153 4405 3234 4450 est
3280 4397 3469 4462 arbor,
3508 4409 3562 4452 ct
3591 4397 3786 4454 falsum

2193 4485 2396 4560 lignum
2425 4505 2528 4540 non
2575 4497 2656 4542 cst
2695 4489 2932 4556 lignum,
2963 4497 3015 4544 et
3045 4488 3234 4542 falsum
3263 4501 3536 4560 argentum
3571 4507 3676 4544 non
3703 4505 3790 4546 est

2195 4589 2470 4650 argentum
2496 4623 2511 4648 ,
2543 4590 2598 4636 ct
2626 4582 2847 4637 omnino
2885 4582 3138 4652 quidquid
3173 4583 3360 4638 falsum
3388 4592 3501 4648 est,
3539 4601 3644 4640 non
3677 4595 3784 4642 est.

2197 4671 2367 4728 Omne
2401 4681 2577 4727 autem
2609 4673 2752 4742 quod
2795 4689 2980 4728 verum
3009 4691 3116 4728 non
3147 4684 3248 4742 est,
3283 4673 3470 4730 falsum
3501 4687 3602 4731 est.
3627 4677 3786 4736 Nulla

2193 4763 2351 4834 igitur
2390 4771 2534 4818 recte
2579 4763 2829 4820 dicuntur
2855 4781 3008 4834 esse,
3051 4767 3152 4820 nisi
3181 4767 3520 4824 immortalia.
3555 4770 3700 4826 llauc
3727 4781 3786 4826 tu

2195 4863 2372 4910 tecum
2401 4855 2752 4910 ratiunculam
2786 4857 3069 4928 diligenter
3092 4859 3370 4914 considera
3391 4901 3406 4927 ,
3439 4877 3508 4916 ne
3529 4863 3660 4932 quid
3691 4865 3788 4920 tibi

2192 4947 2593 5005 concedendum
2623 4965 2730 5004 non
2772 4967 2892 5006 esse
2930 4953 3190 5008 videatur.
3239 4955 3294 5010 Si
3340 4957 3482 5012 enim
3515 4970 3628 5012 rata
3659 4969 3774 5024 est,

2193 5048 2365 5096 totum
2406 5041 2676 5114 negotium
2716 5058 2852 5114 pene
2887 5044 3247 5114 confecimus,
3291 5049 3433 5120 quod
3465 5049 3519 5104 in
3542 5051 3647 5108 alio
3673 5049 3786 5107 for-

2199 5145 2344 5191 tasse
2375 5135 2512 5190 libro
2537 5139 2726 5191 melius
2753 5137 3048 5210 apparebit.

2265 5231 2354 5287 30.
2377 5231 2442 5285 A.
2471 5231 2653 5286 Habeo
2677 5235 2900 5302 gratiam
2923 5276 2939 5302 ,
2983 5243 3037 5290 et
3079 5235 3179 5292 ista
3217 5252 3426 5292 mecum
3455 5247 3614 5311 atque
3638 5241 3776 5298 adeo

2196 5331 2392 5390 tecum,
2418 5322 2630 5394 quando
2653 5324 2706 5378 in
2734 5323 2947 5380 silentio
2975 5341 3182 5394 sumus,
3213 5328 3496 5401 diligenter
3519 5343 3780 5405 cauteque

2197 5415 2433 5471 tractabo
2483 5417 2523 5480 ‘,
2568 5417 2610 5470 si
2655 5417 2814 5471 nullm
2853 5432 2911 5473 se
2957 5421 3193 5474 tenebra:
3229 5423 3514 5478 immittam
3541 5465 3558 5492 ,
3599 5427 3784 5494 suique

2197 5507 2358 5564 etiam
2385 5549 2400 5574 ,
2434 5507 2574 5578 quod
2601 5509 2944 5565 vehementer
2965 5511 3223 5582 formido,
3259 5515 3388 5568 mihi
3419 5515 3616 5571 faciant
3641 5517 3812 5574 dele?

2197 5600 2504 5656 ctationem.
2538 5599 2606 5655 Β.
2639 5599 2957 5659 Constanter
2986 5605 3097 5661 Deo
3122 5607 3317 5678 crede,
3357 5609 3510 5680 eique
3541 5621 3592 5667 te
3617 5621 3782 5668 totum

2199 5691 2472 5747 committe
2514 5701 2769 5761 quantum
2810 5705 2980 5764 potes.
3021 5697 3136 5752 Noli
3164 5714 3283 5756 esse
3313 5701 3450 5756 velle
3475 5705 3626 5772 quasi
3657 5719 3782 5774 pro-

2199 5785 2346 5858 prius
2367 5793 2418 5838 et
2446 5785 2501 5838 in
2535 5791 2620 5837 tua
2649 5793 2948 5856 potestate;
2989 5791 3084 5846 sed
3127 5793 3244 5863 ejus
3289 5795 3692 5854 clementissimi
3729 5805 3782 5854 et

2265 5903 2280 5932 ι
2305 5899 2376 5948 sic
2391 5895 2614 5962 plerique
2633 5905 2736 5950 Mss.
2759 5909 2814 5952 At
2831 5901 2966 5968 add,
2987 5909 3268 5958 retractatio.
