4078 6366
359 349 459 406 se".
1694 327 1888 412 ωηιξη

2025 353 2309 420 ΞυΝυΙΙΞσ

358 460 619 521 utilissimi
652 464 854 522 Domini
888 474 937 521 te
967 477 1175 522 servum
1213 477 1331 526 esse
1368 469 1636 540 prolltere.
1679 465 1751 523 Ita
1788 469 1931 525 enim

357 567 407 612 te
431 557 498 612 ad
525 572 581 611 se
609 557 889 614 sublevare
914 573 1019 614 non
1046 560 1283 626 desinet,
1331 559 1568 630 nihilque
1600 559 1690 615 tibi
1720 561 1934 616 evenire

357 651 653 722 permittet,
708 651 806 704 nisi
853 651 991 720 quod
1033 652 1123 707 tibi
1170 653 1376 722 prosit,
1423 655 1582 709 etiam
1625 655 1667 708 si
1704 653 1928 709 nescias.

356 744 412 795 A.
442 741 646 808 Audio,
693 743 887 807 credo,
933 750 988 798 et
1029 735 1284 814 quantum
1327 745 1540 814 possum
1581 745 1928 814 obtempero;

353 836 736 906 plurimumque
764 837 934 906 ipsum
973 837 1251 907 deprecor,
1285 847 1340 894 ut
1377 839 1661 909 plurimum
1688 840 1883 909 possim
1908 879 1921 900 .

3522 359 3627 419 886

2045 471 2140 527 nisi
2171 471 2296 547 quid
2324 474 2461 534 forte
2497 474 2724 547 amplius
2747 489 2778 530 a
2806 490 2892 529 me
2921 455 3208 530 desideras.
3253 475 3318 530 R.
3351 475 3491 531 Bene
3521 477 3622 531 ha-

2040 563 2128 621 bet
2166 567 2412 634 interim,
2456 568 2620 626 facies
2670 578 2852 641 postea
2898 567 3150 640 quidquid
3189 570 3298 640 jam
3335 569 3480 625 visus
3506 569 3621 642 ipse

2039 660 2351 730 praeceperit
2379 661 2416 714 ¹.

2099 847 2115 879 ¹
2135 847 2272 910 Angl.
2297 853 2423 910 Mss,
2441 846 2678 914 quidquid
2683 845 2794 912 jam
2813 863 2926 902 usus
2940 848 3043 916 ipse
3058 829 3360 916 prwceperit.

1262 1063 1740 1175 LIBER
1819 1062 2465 1172 SECUND
2489 1059 2691 1177 US.

338 1258 380 1301 tn
422 1264 481 1300 eo
515 1264 683 1302 secum
724 1253 1017 1316 Augustinus
1051 1249 1115 1301 de
1154 1265 1274 1301 vero
1313 1257 1364 1300 et
1403 1250 1522 1300 falso
1565 1250 1758 1312 ecpiose
1800 1246 2043 1310 disiiutatl,
2069 1254 2122 1298 ut
2143 1248 2342 1299 demum
2364 1253 2585 1304 veritatis
2606 1257 2937 1318 perpetuitate
2959 1257 3090 1309 bene
3111 1266 3387 1322 perspecta,
3411 1260 3601 1312 animm

1079 1337 1233 1399 ipsam
1255 1335 1479 1395 hominis,
1503 1346 1614 1398 quae
1637 1332 1859 1383 veritatis
1880 1328 2028 1382 sedes
2051 1337 2144 1393 est,
2169 1333 2487 1388 immortalem
2510 1352 2621 1390 esse
2643 1340 2910 1392 concludat.

1719 1487 2244 1522 ﬁb—

431 1637 656 1694 CAPUT
685 1635 965 1691 PRIMUM.
987 1665 1058 1673 —
1078 1631 1154 1687 De
1181 1627 1559 1685 immortalitate
1587 1623 1824 1677 hominis.

409 1733 458 1786 1.
504 1733 562 1783 Α.
592 1731 727 1784 Satis
759 1727 1115 1782 intermissum
1156 1733 1240 1781 est
1271 1739 1406 1794 opus
1437 1733 1705 1781 nostrum,
1736 1726 1787 1771 et
1818 1716 1918 1768 im-

335 1824 544 1894 patiens
566 1831 643 1876 est
667 1837 836 1886 amor,
864 1835 962 1874 nec
989 1820 1237 1891 laerymis
1277 1817 1465 1871 modus
1505 1816 1560 1868 lit
1581 1853 1594 1876 ,
1626 1811 1726 1866 nisi
1753 1809 1920 1862 amori

331 1916 490 1970 detur
534 1912 671 1984 quod
718 1921 960 1965 amatur:
988 1927 1176 1981 quare,
1208 1909 1577 1979 aggrediamur
1617 1904 1806 1956 librum
1839 1916 1922 1955 se-

330 2008 586 2063 cundum.
619 2007 684 2061 Il.
720 2004 1119 2075 Aggrediamur.
1158 2004 1222 2056 A.
1261 2001 1557 2057 Credamus
1596 1999 1761 2052 Deum
1789 1996 1920 2050 all‘u—

334 2108 533 2154 turum.
575 2099 640 2152 R.
685 2096 975 2151 Credamus
1019 2110 1182 2161 sane,
1231 2094 1274 2148 si
1317 2094 1400 2146 vel
1444 2092 1543 2146 hoc.
1576 2092 1624 2144 in
1654 2097 1919 2160 potestate

331 2200 515 2245 nostra
547 2198 647 2243 est.
682 2190 744 2242 Α.
776 2189 1016 2240 Potestas
1047 2195 1226 2240 nostra
1256 2186 1366 2256 ipse
1388 2192 1488 2237 est.
1522 2183 1586 2236 li.
1623 2182 1799 2250 Itaque
1825 2194 1918 2233 ora

330 2282 646 2337 brevissime
672 2296 733 2335 ae
761 2263 1184 2349 perfectissime,
1214 2286 1468 2347 quantum
1497 2284 1664 2344 potes.
1693 2275 1752 2326 Α.
1780 2273 1919 2326 Deus

329 2387 546 2440 semper
583 2372 719 2425 idem
744 2411 756 2432 ,
798 2369 1037 2424 noverim
1063 2385 1174 2433 me,
1205 2368 1438 2421 noverim
1473 2375 1540 2420 te.
1575 2364 1790 2419 Oratum
1813 2373 1913 2417 est.

330 2462 399 2516 R.
429 2463 508 2517 Tu
527 2463 615 2532 qui
648 2463 725 2516 vis
753 2471 802 2516 te
828 2474 1012 2528 nosse,
1037 2461 1141 2514 scis
1161 2474 1281 2513 esse
1304 2458 1392 2512 te?
1416 2458 1474 2510 Α.
1501 2457 1641 2513 Seio.
1674 2455 1740 2508 R.
1764 2454 1917 2510 Unde

327 2554 481 2608 scis?
510 2554 572 2608 Α.
603 2553 811 2606 Nescio.
846 2553 911 2607 R.
945 2551 1248 2620 Simplicem
1283 2558 1331 2603 te
1361 2549 1561 2612 sentis,
1593 2563 1728 2602 anne
1750 2546 1919 2600 multi-

328 2648 565 2718 plicem?
603 2648 664 2700 Α.
711 2646 920 2700 Nescio.
971 2645 1036 2699 R.
1081 2643 1273 2697 Moveri
1323 2652 1372 2696 te
1413 2641 1552 2695 scis?
1596 2642 1659 2693 Α.
1704 2639 1912 2694 Nescio.

331 2741 399 2796 R.
437 2739 685 2810 Cugitat‘e
714 2747 763 2792 te
789 2737 933 2792 scis?
973 2736 1031 2789 A.
1065 2735 1206 2790 Seio.
1240 2735 1307 2789 R.
1343 2735 1479 2804 Ergo
1510 2748 1690 2786 verum
1717 2741 1797 2785 est
1822 2746 1914 2785 co-

327 2834 502 2903 gitare
543 2840 610 2886 te.
657 2831 720 2884 Α.
773 2831 988 2884 Verum.
1018 2829 1084 2882 Il.
1118 2828 1472 2882 Immortalem
1520 2836 1569 2879 te
1610 2840 1726 2880 esse
1768 2825 1916 2879 scis?

328 2927 392 2978 Α.
425 2925 634 2978 Nescio.
665 2923 734 2977 Β.
758 2922 956 2976 llormn
987 2915 1223 2975 ominum
1259 2936 1377 2990 qua:
1406 2929 1454 2974 te
1480 2919 1684 2974 nescire
1713 2918 1913 2985 dixisti,

328 3019 456 3090 quid
507 3019 643 3073 scire
686 3020 830 3088 prius
867 3016 1070 3071 mavis?
1101 3015 1164 3069 Α.
1207 3015 1394 3070 Utrum
1439 3012 1754 3068 immortalis
1791 3012 1912 3066 sim.

331 3113 403 3168 Ii.
438 3111 630 3165 Vivere
671 3111 827 3180 igitur
861 3109 1043 3164 amas?
1085 3108 1146 3162 Α.
1171 3107 1382 3161 Fateor.
1414 3106 1482 3160 Β.
1513 3105 1681 3173 Quid,
1713 3119 1832 3158 cum
1865 3112 1916 3158 te

328 3202 686 3257 immortalem
715 3217 832 3256 esse
869 3200 1157 3255 didiceris?
1197 3200 1396 3253 satisne
1441 3197 1580 3252 erit?
1617 3196 1679 3250 Α.
1719 3196 1834 3252 Erit
1864 3195 1914 3250 id

328 3293 552 3363 quidem
571 3309 839 3363 magnum,
872 3291 964 3346 sed
990 3291 1041 3344 id
1071 3291 1197 3345 mihi
1226 3307 1430 3360 parum.
1476 3288 1540 3343 R.
1584 3290 1694 3342 lloc
1739 3298 1913 3342 tamen

330 3385 475 3455 quod
523 3401 703 3453 parum
749 3393 830 3438 est
874 3393 1126 3453 quantum
1178 3381 1473 3452 gaudebis?
1502 3381 1566 3435 Α.
1599 3381 1911 3436 Plurimum.

331 3479 401 3534 Ii.
438 3478 580 3534 Nihil
621 3479 730 3549 jam
776 3477 959 3532 ﬂebis?
999 3477 1062 3529 Α.
1091 3476 1233 3530 Nihil
1263 3475 1500 3530 omnino.
1549 3474 1615 3529 R.
1663 3473 1836 3541 Quid,
1870 3473 1914 3528 si

335 3573 450 3640 ipsa
481 3572 586 3625 vita
613 3570 737 3624 talis
763 3585 882 3624 esse
909 3569 1204 3622 inveniatur
1224 3607 1238 3632 ,
1266 3576 1323 3620 ut
1354 3567 1403 3621 in
1434 3581 1495 3620 ea
1524 3565 1614 3621 tibi
1642 3564 1771 3619 nihil
1803 3580 1915 3618 am-

330 3665 468 3733 plius
490 3679 646 3734 quam
672 3662 829 3727 nosti,
860 3677 1017 3716 nosse
1045 3660 1232 3714 liceat?
1260 3658 1576 3729 temperabis
1597 3674 1624 3712 a
1645 3657 1915 3726 lacrymis?

331 3757 400 3811 Α.
444 3757 554 3808 lmo
597 3763 797 3808 tantum
829 3751 968 3806 ﬂebo
1007 3760 1061 3804 ut
1089 3751 1190 3805 vita
1220 3751 1362 3804 nulla
1393 3751 1479 3803 sit.
1519 3750 1582 3804 Il.
1614 3749 1727 3803 Non
1759 3749 1915 3818 igitur

330 3850 511 3902 vivere
538 3857 754 3916 propter
780 3846 950 3914 ipsum
980 3845 1154 3898 vivere
1181 3858 1328 3898 amas
1348 3882 1363 3908 ,
1396 3841 1486 3896 sed
1512 3851 1727 3911 propter
1757 3840 1910 3894 seire.

331 3941 402 3998 Α.
428 3939 575 3995 Cedo
603 3936 947 3992 conclusioni.
976 3935 1042 3990 Β.
1071 3934 1242 4002 Quid,
1284 3934 1328 3987 si
1363 3933 1547 3987 eadem
1590 3933 1698 4000 ipsa
1737 3946 1913 3985 rerum

329 4030 552 4086 scicntia
603 4029 856 4083 miserum
905 4027 1090 4080 iaciat?
1132 4026 1194 4078 A.
1241 4024 1399 4078 Nullo
1429 4024 1476 4077 id
1511 4023 1725 4092 quidem
1759 4031 1914 4092 pacto

330 4124 445 4179 ﬁeri
501 4137 656 4192 posse
700 4119 882 4174 credo.
933 4119 1039 4174 Sed
1081 4119 1125 4174 si
1171 4119 1240 4172 ita
1272 4126 1386 4182 est,
1417 4133 1573 4171 nemo
1592 4117 1916 4172 essebeatus

331 4224 542 4287 potest;
571 4229 673 4268 non
702 4214 842 4268 enim
864 4228 1004 4268 nunc
1028 4211 1241 4266 aliunde
1269 4227 1384 4264 sum
1413 4211 1594 4274 miser,
1619 4211 1715 4265 nisi
1739 4219 1916 4265 rerum

331 4306 649 4377 ignorantia.
675 4304 824 4372 Quod
860 4305 904 4359 si
939 4313 993 4359 et
1027 4319 1204 4357 rerum
1231 4302 1447 4356 scicntia
1476 4301 1727 4356 miserum
1761 4303 1913 4367 facit,

332 4399 659 4470 sempiterna
687 4398 897 4453 miseria
924 4406 1023 4451 est.
1056 4396 1119 4450 R.
1143 4395 1258 4450 Jam
1284 4394 1436 4449 video
1469 4403 1632 4448 totum
1663 4393 1804 4464 quod
1826 4409 1917 4448 cu-

332 4493 436 4562 pis.
469 4491 633 4557 Nam,
680 4490 928 4560 quoniam
971 4489 1242 4544 neminem
1272 4486 1491 4541 scientia
1519 4485 1769 4540 miserum
1800 4501 1918 4542 esse

332 4583 541 4647 credis,
593 4598 656 4638 ex
685 4597 793 4652 quo
820 4580 1092 4650 probabile
1132 4587 1214 4634 est
1251 4586 1310 4634 ut
1348 4577 1690 4647 intelligentia
1726 4577 1919 4632 el'iieiat

333 4677 590 4742 beatum;
639 4676 824 4731 beatus
869 4684 1044 4729 autem
1090 4688 1246 4728 nemo
1282 4672 1383 4726 nisi
1426 4671 1643 4738 vivens,
1684 4679 1738 4726 et
1762 4687 1918 4727 nemo

331 4769 465 4822 vivit
479 4769 569 4838 qui
587 4783 689 4822 non
705 4777 814 4823 est:
833 4781 953 4822 esse
967 4766 1066 4829 vis,
1083 4766 1261 4821 vivere
1279 4773 1334 4820 et
1349 4765 1668 4836 intelligere;
1691 4765 1782 4819 sed
1801 4780 1920 4821 esse

333 4868 391 4913 ut
412 4860 578 4924 vivas,
601 4860 775 4914 vivere
805 4866 860 4911 ut
886 4857 1166 4926 intelligas.
1195 4855 1474 4925 Ergo'esse
1503 4867 1551 4912 te
1577 4857 1681 4912 seis
1701 4897 1717 4922 ,
1741 4857 1920 4912 vivere

335 4962 386 5006 te
405 4949 530 5017 scis,
557 4951 849 5020 intelligere
866 4957 917 5004 te
935 4948 1056 5003 scis.
1079 4947 1182 5003 Sed
1201 4957 1374 5002 utrum
1398 4947 1496 5002 ista
1517 4963 1728 5018 semper
1747 4949 1919 5004 futura

332 5045 462 5108 sint,
479 5058 547 5096 an
567 5042 694 5096 nihil
713 5041 896 5095 horum
917 5039 1147 5094 futurum
1167 5039 1254 5102 sit,
1273 5054 1339 5092 an
1359 5040 1774 5110 maneataliquid
1791 5056 1923 5095 sem-

333 5148 450 5204 per,
476 5142 530 5188 et
554 5133 746 5204 aliquid
773 5131 1070 5200 intercidat,
1099 5147 1167 5186 an
1194 5131 1357 5185 minui
1379 5140 1430 5186 et
1454 5133 1633 5201 augeri
1661 5133 1773 5188 haec
1802 5150 1924 5203 pos-

334 5228 458 5291 sint,
476 5243 598 5282 eum
615 5226 789 5280 omnia
807 5239 1050 5282 mansura
1068 5225 1193 5291 sint,
1212 5238 1369 5279 nosse
1384 5224 1481 5278 vis.
1497 5225 1559 5277 A.
1580 5225 1651 5278 Ita
1667 5234 1766 5280 est.
1788 5226 1852 5282 Β.
1868 5227 1923 5282 Si

337 5318 502 5390 igitur
529 5317 932 5388 probaverimus
955 5331 1166 5386 semper
1187 5331 1285 5370 nos
1312 5330 1430 5370 esse
1450 5316 1701 5381 victuros,
1731 5332 1923 5387 seque-

343 5419 427 5464 tur
462 5410 621 5464 etiam
662 5424 874 5479 semper
903 5407 1130 5463 futuros.
1160 5408 1222 5461 A.
1257 5407 1539 5478 Sequetur.
1583 5407 1650 5462 Β.
1689 5408 1926 5466 Restabit

344 5515 594 5571 quaerere
616 5499 682 5555 de
711 5500 1072 5566 intelligendo.

671 5591 898 5649 CAPUT
922 5593 983 5648 ll.
1007 5622 1078 5632 —
1111 5590 1308 5646 Veritas
1331 5601 1588 5662 perpetua.

415 5684 473 5740 2.
503 5683 566 5737 Α.
599 5681 1080 5738 Manifestissimum
1122 5682 1360 5736 ordinem
1408 5681 1562 5736 video
1601 5690 1758 5751 atque
1803 5683 1927 5739 bre-

343 5775 649 5832 vissimum.
688 5774 751 5834 R.
798 5773 894 5832 llic
936 5788 1062 5848 ergo
1100 5782 1215 5828 csto
1254 5788 1434 5841 nunc,
1483 5781 1538 5828 ut
1584 5772 1927 5848 interroganti

2028 1628 2182 1676 caute
2208 1621 2460 1695 firmeque
2486 1629 2830 1698 respondeas.
2861 1633 2924 1685 Α.
2955 1632 3114 1690 isthic
3139 1651 3276 1690 sum.
3307 1637 3375 1692 R.
3405 1636 3462 1694 Si
3498 1652 3618 1692 ma-

2030 1713 2175 1768 nebit
2203 1730 2414 1788 semper
2435 1721 2662 1778 mundus
2693 1723 2792 1779 iste
2816 1767 2829 1790 ,
2857 1741 3038 1781 verum
3069 1737 3150 1783 est
3180 1730 3431 1786 mundum
3461 1746 3603 1786 sem-

2029 1819 2127 1874 per
2149 1822 2458 1865 mansurum
2484 1815 2641 1868 esse?
2684 1815 2744 1868 A.
2778 1817 2907 1882 Quis
2937 1818 3038 1873 hoc
3063 1819 3306 1876 dubitet?
3334 1822 3398 1876 Π.
3431 1824 3566 1890 Quid
3595 1865 3610 1890 ,

2025 1896 2204 1952 sinon
2249 1902 2527 1958 manebit?
2572 1920 2749 1961 ncnne
2789 1908 2858 1962 ita
2895 1925 3077 1964 verum
3109 1923 3184 1966 est
3219 1913 3474 1968 mundum
3506 1930 3610 1969 non

2025 2003 2146 2045 esse
2171 1996 2522 2050 mansurum?
2546 1997 2609 2050 Α.
2638 1997 2782 2053 Nihil
2813 2001 3022 2055 resisto.
3053 2001 3121 2056 Β.
3151 2001 3322 2070 Quid,
3369 2019 3488 2058 cmn
3529 2003 3610 2059 in-

2027 2084 2251 2152 terierit,
2283 2087 2330 2141 si
2357 2087 2666 2144 interiturus
2691 2092 2812 2146 est?
2839 2107 3015 2147 nonne
3043 2102 3167 2149 tunc
3194 2094 3245 2148 id
3276 2097 3377 2149 erit
3403 2111 3608 2161 verum,

2026 2175 2282 2231 mundum
2330 2179 2616 2236 interisse?
2659 2182 2788 2237 Nam
2835 2185 3086 2255 quamdiu
3145 2202 3326 2241 verum
3377 2203 3482 2242 non
3531 2199 3612 2244 est

2025 2268 2279 2324 mundum
2320 2273 2581 2329 occidisse
2606 2314 2620 2339 ,
2662 2290 2766 2330 non
2808 2276 3037 2330 occidit:
3070 2289 3327 2348 repugnat
3364 2280 3522 2349 igitur
3550 2290 3607 2335 ut

2024 2360 2251 2416 mundus
2294 2364 2586 2430 occiderit,
2618 2375 2673 2422 et
2707 2383 2889 2422 verum
2931 2382 3034 2421 non
3074 2369 3144 2423 sit
3185 2369 3437 2424 mundum
3464 2367 3606 2425 occl-

2023 2451 2183 2507 disse.
2216 2453 2282 2508 A.
2315 2455 2381 2509 Et
2419 2456 2520 2512 hoc
2553 2458 2810 2514 concedo.
2853 2459 2922 2514 Β.
2946 2459 3082 2528 Quid
3115 2461 3286 2516 illud?
3320 2462 3608 2518 Videturne

2022 2546 2116 2599 tibi
2146 2563 2332 2603 verum
2377 2550 2572 2621 aliquid
2618 2567 2738 2607 esse
2787 2568 2976 2622 posse,
3030 2558 3087 2608 ut
3116 2556 3309 2609 veritas
3354 2572 3457 2610 non
3501 2558 3608 2611 sit?

2024 2638 2086 2691 Α.
2111 2638 2264 2694 Nullo
2286 2641 2462 2695 modo.
2493 2642 2558 2698 Β.
2580 2643 2692 2697 Erit
2717 2645 2876 2713 igitur
2898 2644 3112 2710 veritas,
3143 2646 3349 2701 etiamsi
3381 2646 3606 2703 mundus

2024 2731 2267 2788 intereat.
2303 2733 2362 2786 A.
2393 2733 2598 2804 Negare
2645 2752 2746 2790 non
2795 2751 3032 2805 possum.
3083 2737 3146 2792 R.
3191 2739 3361 2807 Quid,
3408 2741 3452 2793 si
3495 2739 3607 2809 ipsa

2023 2825 2218 2878 veritas
2261 2826 2508 2880 occidat?
2547 2843 2725 2882 nonne
2770 2843 2954 2883 vermn
3005 2830 3108 2884 erit
3151 2819 3426 2886 veritatem
3462 2833 3606 2886 occi-

2023 2914 2204 2970 disse?
2233 2917 2296 2969 A.
2328 2918 2391 2971 Et
2423 2919 2561 2972 istud
2586 2921 2703 2988 quis
2726 2920 2924 2989 negat?
2960 2921 3028 2976 R.
3073 2921 3264 2976 Verum
3294 2932 3468 2977 autem
3502 2939 3606 2978 non

2023 3013 2199 3073 potest
2225 3022 2344 3061 esse
2366 3049 2380 3073 ,
2405 3009 2448 3061 si
2481 3009 2674 3063 veritas
2705 3024 2810 3063 non
2843 3010 2930 3064 sit.
2953 3010 3017 3064 A.
3036 3010 3152 3066 Jam
3179 3011 3280 3066 hoc
3304 3013 3460 3082 paulo
3479 3019 3604 3070 ante

2022 3099 2284 3154 concessi.
2349 3100 2416 3154 R.
2473 3102 2628 3156 Nullo
2681 3102 2841 3158 modo
2901 3103 3062 3174 igitur
3113 3104 3321 3160 occidet
3387 3106 3602 3161 veritas.

2023 3189 2085 3242 A.
2131 3191 2294 3261 Perge
2323 3200 2378 3245 ut
2407 3193 2611 3263 cuspisti
2637 3236 2650 3259 ,
2697 3209 2818 3249 nam
2855 3195 2954 3250 ista
2991 3196 3308 3253 collectione
3349 3198 3481 3254 nihil
3525 3207 3608 3255 est

2026 3297 2218 3335 γενιυς.

2021 3372 2246 3429 CAPUT
2279 3372 2440 3429 lll.—-
2461 3376 2523 3431 Si
2550 3378 2750 3448 falsitas
2775 3394 2968 3456 semper
2991 3381 3100 3447 erit,
3115 3389 3160 3435 et
3189 3380 3296 3434 sine
3326 3396 3473 3436 sensu
3502 3397 3607 3435 esse

2092 3484 2192 3521 non
2230 3470 2440 3538 poterit,
2485 3472 2706 3541 sequitur
2730 3472 2951 3526 animum
2977 3473 3197 3544 aliquam
3225 3489 3418 3542 semper
3447 3474 3605 3528 exsti-

2090 3559 2278 3617 iurum.

2092 3655 2144 3710 ὅ.
2187 3655 2254 3710 R.
2300 3655 2450 3711 Nunc
2504 3657 2829 3727 respondeas
2879 3656 3008 3714 mihi
3047 3658 3242 3727 velim,
3285 3668 3462 3714 utrum
3509 3648 3600 3715 tibi

2021 3749 2221 3802 sentire
2242 3750 2416 3803 anima
2436 3750 2698 3817 videatur,
2725 3765 2789 3804 an
2812 3752 3043 3821 corpus?
3070 3753 3132 3806 A.
3158 3751 3346 3806 Anima
3373 3753 3602 3807 videtur.

2022 3837 2090 3891 R.
2123 3839 2293 3906 Quid?
2336 3839 2633 3895 intellectus
2675 3841 2884 3896 videtur
2924 3843 3013 3897 tibi
3061 3843 3126 3898 ad
3179 3841 3406 3898 animam
3442 3845 3603 3913 perti—

2021 3933 2186 3986 nere?
2214 3930 2274 3983 A.
2304 3931 2527 3987 Prorsus
2558 3932 2786 3988 videtur.
2830 3933 2893 3990 R.
2928 3934 3007 3988 Ad
3038 3935 3201 3989 solam
3239 3937 3467 3989 animam
3490 3979 3503 4002 ,
3536 3929 3603 3990 ari

2019 4022 2085 4075 ad
2111 4023 2306 4092 aliquid
2333 4023 2508 4077 aliud?
2539 4023 2599 4076 Α.
2623 4024 2765 4079 Nihil
2794 4025 2934 4079 aliud
2960 4025 3111 4080 video
3138 4036 3328 4095 prreter
3347 4025 3600 4094 animam,

2021 4115 2121 4170 nisi
2150 4117 2334 4180 Deum,
2364 4118 2451 4171 ubi
2473 4117 2797 4173 intelleettnn
2822 4133 2942 4174 esse
2971 4119 3201 4174 credam.
3227 4118 3295 4173 Β.
3324 4119 3438 4174 Jam
3473 4109 3603 4174 illud

2023 4207 2316 4265 videamus.
2350 4210 2404 4265 Si
2437 4211 2529 4266 tibi
2556 4208 2814 4282 duispiam
2855 4213 3014 4267 istum
3060 4215 3311 4283 parietem
3353 4225 3455 4266 non
3483 4217 3606 4268 esse

2022 4303 2306 4373 parietem,
2337 4304 2428 4359 sed
2458 4297 2701 4359 arborem
2724 4306 2925 4360 diceret
2944 4349 2957 4372 ,
2989 4305 3110 4376 quid
3139 4307 3388 4376 putares?
3411 4299 3472 4360 Α.
3499 4297 3607 4360 Aut

2023 4397 2140 4466 ejus
2169 4411 2404 4463 sensum,
2429 4407 2519 4450 aut
2544 4409 2718 4451 meum
2753 4396 2857 4452 falli
2884 4438 2899 4464 ,
2948 4405 3036 4451 aut
3073 4395 3175 4454 hoe
3203 4398 3415 4453 nomine
3446 4397 3512 4452 ab
3541 4387 3606 4454 eo

2023 4490 2280 4560 parietem
2304 4489 2499 4543 vocari.
2532 4488 2598 4541 R.
2631 4488 2762 4557 Quid
2783 4530 2798 4556 ,
2840 4491 2883 4543 si
2910 4497 2963 4544 et
2991 4490 3062 4543 illi
3092 4488 3298 4560 Species
3318 4489 3524 4546 arboris
3551 4490 3604 4545 in‘

2026 4595 2093 4636 eo
2115 4589 2366 4651 appareat
2391 4621 2405 4645 ,
2434 4588 2488 4634 et
2509 4580 2598 4634 tibi
2629 4581 2886 4650 parietis?
2911 4597 3089 4637 nonne
3109 4583 3304 4652 poterit
3326 4587 3607 4654 utrumque

2022 4687 2205 4726 verum
2233 4671 2394 4727 esse?
2420 4671 2486 4724 Α.⁴
2509 4671 2663 4726 Nullo
2683 4671 2874 4738 modo;
2907 4673 3028 4743 quia
3050 4689 3151 4728 una
3178 4673 3475 4746 eademque
3495 4690 3603 4741 res,

2024 4775 2078 4820 et
2098 4765 2258 4820 arbor
2282 4772 2336 4818 et
2364 4765 2533 4834 paries
2559 4779 2678 4820 esse
2711 4779 2816 4819 non
2848 4769 3039 4835 potest.
3064 4763 3314 4834 Quamvis
3341 4768 3479 4822 enim
3507 4765 3607 4822 sin-

2023 4858 2160 4928 gulis
2190 4857 2342 4910 nobis
2371 4856 2576 4925 singula
2603 4869 2720 4911 esse
2747 4855 3047 4925 videantur,
3078 4873 3298 4912 necesse
3333 4859 3413 4912 est
3440 4874 3602 4913 unum

2024 4957 2264 5004 nostrmn
2293 4949 2719 5019 imaginationem
2757 4945 2940 5003 falsam
2971 4951 3094 5019 pati.
3127 4949 3192 5004 Β.
3223 4947 3359 5016 Quid
3387 4992 3401 5016 ,
3433 4950 3476 5004 si
3507 4966 3605 5007 nec

2026 5045 2199 5114 paries
2224 5058 2320 5098 nec
2350 5044 2508 5098 arbor
2533 5052 2636 5108 est,
2665 5049 2717 5097 et
2737 5043 2892 5097 ambo
2922 5041 3200 5096 fallimini?
3236 5039 3298 5095 A.
3331 5041 3512 5102 Potest
3553 5037 3605 5099 id

2025 5135 2257 5206 quidem.
2298 5135 2364 5189 R.
2409 5132 2518 5190 lloc
2539 5151 2666 5205 ergo
2693 5150 2854 5190 unum
2895 5131 3139 5204 superius
3166 5137 3606 5204 'praetermiseras.

2027 5225 2088 5278 A.
2132 5225 2342 5279 Fateor.
2381 5225 2449 5279 Il.
2479 5223 2614 5292 Quid
2635 5267 2649 5290 ,
2686 5225 2730 5280 si
2768 5223 3064 5295 agnoscatis
3097 5225 3239 5280 aliud
3264 5225 3410 5280 vobis
3440 5226 3606 5282 videri

2027 5330 2186 5385 quam
2211 5315 2327 5368 est?
2357 5315 2734 5385 numquidnam
2766 5315 3044 5370 fallimini?
3067 5315 3131 5371 A.
3163 5313 3302 5372 Non.
3335 5309 3402 5373 Β.
3430 5318 3612 5375 Potest

2030 5408 2188 5477 igitur
2212 5417 2262 5461 et
2291 5407 2478 5462 falsum
2509 5421 2630 5463 esse
2669 5408 2810 5478 quod
2854 5409 3096 5475 videtur,
3139 5421 3192 5466 et
3227 5427 3330 5466 non
3371 5407 3480 5468 l'alli
3524 5415 3608 5470 cui

2029 5499 2254 5553 videtur.
2285 5500 2345 5551 Α.
2374 5493 2574 5553 Potest.
2600 5499 2666 5553 Β.
2690 5499 3060 5556 Conﬁtendum
3083 5514 3165 5557 est
3186 5503 3342 5573 igitur
3362 5519 3466 5559 non
3489 5521 3610 5562 eum

2032 5591 2139 5646 falli
2185 5593 2273 5663 qui
2312 5591 2442 5646 falsa
2477 5589 2620 5646 videt
2644 5633 2658 5658 ,
2701 5592 2794 5648 sed
2835 5607 2954 5649 eum
2994 5595 3084 5666 qui
3127 5597 3414 5652 assentitur
3444 5599 3608 5655 falsis.

2032 5686 2094 5738 Α.
2126 5685 2287 5739 Plane
2313 5683 2693 5739 conﬁtendum.
2729 5686 2796 5741 R.
2825 5683 2962 5754 Quid
2989 5687 3160 5757 ipsum
3192 5687 3426 5744 falsum?
3450 5685 3612 5759 quare

2034 5777 2224 5834 falsum
2267 5777 2386 5834 cst?
2416 5777 2479 5834 Α.
2503 5777 2655 5852 Quod
2685 5779 2838 5836 aliter
2862 5793 2981 5839 sese
3011 5780 3169 5840 habet
3197 5793 3355 5855 quam
3383 5781 3611 5847 videtur.
