4078 6366
471 307 571 365 88⁵1

485 424 548 478 R.
579 423 638 478 Si
667 435 795 492 ergo
817 434 922 475 non
945 419 1051 474 sint
1074 417 1267 489 quibus
1287 415 1548 480 videatur,
1579 414 1708 468 nihil
1733 423 1815 468 est
1840 413 2052 468 falsum.

479 516 542 571 Α.
573 514 842 584 Sequitur.
888 511 952 566 Η.
983 510 1096 564 Νοη
1132 510 1287 579 igitur
1311 518 1392 562 est
1421 509 1471 561 in
1502 508 1661 561 rebus
1688 505 1886 560 falsitas
1910 547 1922 570 ,
1963 503 2057 559 sed

479 612 534 666 in
557 624 720 664 sensu
746 625 758 661 :
783 622 890 661 non
915 613 1088 659 autem
1123 603 1316 656 fallitur
1336 602 1423 671 qui
1453 600 1599 654 falsis
1623 615 1724 653 non
1749 597 2054 652 assentitur.

477 700 767 758 Conficitur
786 706 843 753 ut
865 696 1004 750 aliud
1031 695 1198 749 simus
1220 707 1335 758 nos,
1362 692 1504 746 aliud
1527 706 1748 754 sensus;
1777 688 2058 759 siquidem,

481 808 602 848 cum
635 792 748 861 ipse
793 789 1024 851 fallitur,
1069 799 1350 856 possumus
1378 799 1474 838 nos
1505 798 1607 836 non
1643 783 1771 836 falli.
1812 782 1875 834 Α.
1919 780 2059 834 Nihil

482 883 654 939 habeo
669 881 810 953 quod
833 878 1209 934 contradicam.
1233 877 1299 930 Β.
1325 875 1431 930 Sed
1453 875 1725 944 numquid,
1749 890 1866 928 cum
1889 873 2064 927 anima

489 979 723 1042 fallitur,
769 976 932 1030 audes
972 983 1021 1028 te
1061 973 1238 1027 direre
1281 987 1383 1024 non
1429 985 1546 1042 esse
1587 969 1813 1021 falsum?
1856 968 1916 1020 Α.
1948 967 2065 1034 Quo

487 1080 642 1141 pacto
668 1069 803 1123 istud
833 1065 1091 1121 audeam?
1124 1065 1189 1118 Il.
1218 1064 1286 1117 At
1312 1062 1482 1116 nullus
1512 1076 1697 1115 sensus
1715 1061 1836 1114 sine
1867 1061 2062 1126 anima,

485 1163 628 1216 nulla
656 1160 854 1214 falsitas
888 1160 1003 1212 sine
1034 1172 1215 1211 sensu.
1257 1157 1359 1208 Aut
1394 1163 1642 1224 Operalur
1673 1153 1832 1222 igitur
1856 1153 2028 1206 anima
2049 1193 2064 1220 ,

484 1265 575 1309 aut
597 1262 912 1324 cooperator
932 1251 1144 1306 falsitati
1172 1250 1287 1306 ¹.Α.
1319 1249 1556 1303 Trahunt
1577 1246 1926 1318 praecedentia
1949 1262 2068 1301 cono

486 1349 812 1403 Sensionem.

553 1439 606 1492 4.
653 1421 726 1491 Β.
779 1435 909 1490 Illud
954 1449 1093 1489 nunc
1130 1433 1420 1504 reSponde,
1466 1444 1643 1487 utrum
1691 1430 1780 1486 tibi
1829 1430 2070 1485 videatur

485 1546 642 1600 posse
669 1530 784 1584 fieri
815 1539 870 1583 ut
908 1528 1191 1597 aliquando
1218 1526 1418 1581 falsitas
1446 1541 1550 1580 non
1582 1525 1669 1579 sit.
1701 1525 1760 1577 Α.
1793 1522 2070 1591 Quomodo

486 1625 616 1679 tnihi
649 1624 749 1676 hoc
777 1623 944 1676 videri
979 1630 1170 1690 potest,
1198 1636 1316 1673 cum
1348 1629 1487 1672 tanta
1517 1619 1583 1671 sit
1607 1615 1889 1671 difficultas
1916 1616 2068 1669 inve-

485 1715 694 1770 niendm
714 1715 968 1775 veritatis,
1000 1721 1056 1766 ut
1080 1711 1359 1765 absurdius
1382 1710 1584 1764 dicatur
1611 1709 1886 1762 falsitatem
1912 1722 2068 1777 quam

485 1811 762 1864 veritatem
789 1823 910 1862 esse
939 1822 1042 1860 non
1071 1805 1263 1875 posse?
1299 1805 1360 1858 ll.
1391 1803 1777 1871 Numquidnam
1801 1801 2070 1856 arbitraris

485 1915 607 1954 eum
635 1901 723 1969 qui
754 1915 856 1953 non
890 1899 1035 1962 vivit,
1069 1911 1221 1965 posse
1251 1895 1479 1950 sentire?
1507 1895 1568 1947 Α.
1591 1894 1702 1948 Νοη
1731 1901 1905 1964 potest
1935 1892 2066 1946 ﬁeri.

485 1991 555 2046 R.
587 1991 893 2045 Confectum
937 1997 1017 2042 est
1053 1989 1281 2042 animam
1323 2002 1534 2056 semper
1561 1988 1758 2040 vivere.
1800 1986 1860 2038 Α.
1905 1985 2070 2040 Nimis

485 2085 592 2139 cito
621 2099 776 2152 urges
803 2098 888 2136 me
917 2082 968 2135 in
999 2081 1186 2151 gaudia
1220 2099 1232 2133 :
1267 2079 1609 2148 pedetentim,
1643 2094 1841 2148 qumso.
1872 2077 1939 2130 R.
1974 2079 2068 2131 At-

485 2175 611 2245 qui,
640 2174 685 2227 si
709 2182 854 2228 recte
885 2173 966 2226 illa
993 2187 1242 2226 concessa
1275 2179 1422 2235 sunt,
1455 2170 1581 2224 nihil
1612 2171 1677 2224 de
1709 2169 1805 2223 hac
1833 2184 1891 2224 re
1917 2169 2070 2224 dubi-

489 2267 704 2320 tandum
753 2265 923 2319 video.
973 2266 1035 2317 Α.
1082 2263 1250 2318 Nimis
1293 2265 1398 2318 cito
1443 2272 1556 2328 est,
1605 2263 1837 2331 inquam.
1892 2260 2071 2330 Itaque

485 2355 691 2411 facilius
718 2357 953 2410 adducor
977 2365 1037 2410 ut
1066 2372 1151 2411 me
1181 2366 1379 2411 temere
1406 2355 1599 2424 aliquid
1629 2355 1954 2408 concessisse
1980 2369 2070 2408 ar-

485 2446 670 2511 bitrer,
699 2463 855 2516 quam
883 2454 942 2500 ut
965 2448 1074 2515 jam
1114 2463 1334 2502 securus
1364 2447 1430 2502 de
1461 2446 1856 2500 immortalitate
1881 2446 2070 2499 animm

485 2539 629 2593 fiam.
657 2539 855 2593 Tamen
882 2540 1067 2594 evolve
1095 2540 1246 2593 istam
1275 2539 1690 2603 conclusionem,
1725 2548 1777 2593 et
1806 2537 2072 2608 quomodo

484 2631 537 2686 id
557 2632 804 2687 effectum
831 2633 898 2686 sit
913 2633 1151 2687 ostende.
1174 2631 1240 2685 Β.
1260 2632 1563 2686 Falsitalem
1581 2631 1756 2686 dixisti
1777 2632 1891 2685 sine
1912 2645 2072 2684 sensu

483 2741 602 2781 esse
631 2743 733 2780 non
779 2741 931 2795 posse
951 2768 965 2791 ,
999 2737 1052 2781 et
1077 2743 1192 2781 eam
1219 2743 1322 2781 non
1353 2733 1604 2782 essenon
1635 2743 1789 2796 posse
1818 2745 1830 2779 :
1859 2743 2073 2796 semper

484 2818 644 2887 igitur
667 2827 748 2873 est
771 2833 980 2873 sensus.
1009 2821 1075 2873 At
1097 2819 1271 2873 nullus
1301 2834 1488 2874 sensus
1512 2822 1625 2874 sine
1654 2820 1828 2874 anima
1853 2837 1867 2872 :
1895 2821 2070 2874 anima

482 2910 643 2980 igitur
685 2912 1005 2980 sempiterna
1044 2922 1144 2966 est.
1188 2911 1296 2968 Nec
1324 2913 1463 2968 valet
1505 2914 1732 2980 sentire,
1768 2913 1866 2968 nisi
1909 2914 2068 2968 vivat.

482 3001 708 3071 Semper
737 3004 892 3072 igitur
915 3004 1088 3057 anima
1110 3003 1255 3057 vivit.

481 3093 710 3149 CAPUT
749 3093 836 3146 ιν.
867 3125 938 3134 -
980 3095 1058 3147 Ea:
1085 3095 1336 3167 falsitatis
1373 3111 1459 3167 seu
1498 3096 1718 3148 veritatis
1745 3096 2072 3167 perpetuitate

769 3166 986 3234 possitne
1013 3165 1181 3236 colligi
1209 3167 1393 3219 animo:
1414 3166 1784 3220 immortalitas.

554 3257 607 3312 5.
648 3257 712 3311 Α.
744 3259 787 3311 0
826 3257 1126 3327 plumbeum
1175 3258 1487 3327 pugionem!
1529 3258 1718 3312 Posses
1757 3259 1896 3312 enim
1938 3273 2070 3312 cou-

387 3339 394 3346 ’
479 3347 696 3404 cludere
722 3347 986 3402 hominem
1018 3364 1136 3403 esse
1166 3349 1516 3404 immortalem
1535 3390 1549 3414 ,
1579 3350 1621 3403 si
1657 3350 1746 3404 tibi
1775 3351 2071 3405 concessis-

479 3454 594 3495 sem
623 3455 889 3509 nunquam
914 3441 1069 3494 istum
1098 3442 1350 3494 mundum
1373 3456 1491 3496 esse
1515 3457 1668 3512 posse
1693 3442 1808 3497 sine
1830 3442 2065 3510 homine,

479 3544 706 3600 eumque
736 3529 990 3583 mundum
1021 3544 1139 3584 esse
1165 3530 1563 3599 sempiternum.
1589 3531 1659 3586 Β.
1690 3531 1830 3587 Bene
1857 3532 2067 3602 quidem

477 3619 684 3690 vigilas.
731 3619 834 3675 Sed
871 3629 1045 3674 tamen
1084 3635 1188 3674 non
1222 3636 1407 3690 parum
1433 3630 1514 3676 est
1539 3621 1680 3691 quod
1705 3623 2065 3692 confecimus,

479 3727 658 3766 rerum
686 3721 925 3766 naturam
955 3712 1071 3767 sine
1095 3712 1270 3765 anima
1300 3727 1417 3766 esse
1446 3728 1550 3767 non
1583 3729 1766 3782 posse,
1796 3715 1896 3768 nisi
1933 3715 2068 3771 forte

479 3803 534 3858 in
562 3819 736 3857 rerum
770 3813 952 3856 natura
989 3802 1192 3856 falsitas
1226 3803 1508 3874 aliquando
1543 3822 1648 3859 non
1679 3807 1798 3860 erit.
1826 3807 1889 3860 Α.
1925 3808 2064 3862 Istud

475 3894 689 3964 quidem
726 3909 1057 3963 consequens
1086 3909 1204 3948 esse
1227 3896 1506 3951 confiteor.
1549 3897 1653 3952 Sed
1691 3898 1798 3967 jam
1840 3901 2066 3968 amplius

477 3985 876 4041 deliberandum
921 4001 1142 4051 censeo,
1177 3996 1354 4042 utrum
1393 3989 1637 4058 superius
1670 4007 1921 4047 concessa
1959 4011 2062 4048 non

475 4090 682 4136 nutent.
711 4081 824 4135 Non
856 4083 997 4135 enim
1035 4097 1250 4150 parvum
1280 4083 1500 4152 gradum
1536 4085 1602 4140 ad
1631 4088 1820 4141 anima:
1851 4089 2064 4145 immor-

475 4173 732 4231 talitatem
769 4173 960 4226 factum
989 4188 1105 4227 esse
1139 4173 1309 4228 video.
1348 4173 1415 4227 R.
1446 4175 1654 4232 Satisne
1684 4179 2060 4249 considerasti,

475 4278 544 4321 ne
578 4264 701 4334 quid
729 4273 927 4320 temere
970 4265 1217 4321 dederis?
1257 4268 1320 4321 Α.
1361 4269 1500 4324 Satis
1537 4270 1771 4342 quidem,
1804 4273 1896 4329 sed
1927 4274 2063 4329 nihil

472 4356 630 4412 video
655 4372 762 4426 quo
789 4373 876 4413 me
901 4374 1116 4429 arguam
1142 4362 1472 4419 temeritatis.
1501 4364 1569 4419 Β.
1604 4366 1742 4436 Ergo
1760 4367 2062 4425 confectum

473 4459 557 4507 est
595 4465 774 4506 rerum
815 4461 1054 4507 naturam
1095 4455 1212 4510 sine
1256 4457 1427 4510 anima
1455 4457 1571 4511 viva
1597 4474 1716 4514 esse
1746 4476 1849 4514 non
1883 4477 2057 4531 posse.

469 4544 536 4600 Α.
558 4543 866 4602 Confectum
893 4546 1167 4612 hactenus,
1193 4557 1249 4603 ut
1270 4550 1473 4619 possint
1498 4552 1731 4607 vicissim
1753 4554 1870 4609 alia:
1891 4557 2057 4624 nasci,

470 4637 589 4692 aliae
623 4639 777 4692 mori.
816 4638 883 4693 Β.
913 4639 1069 4706 Quid,
1103 4641 1144 4694 si
1172 4640 1240 4695 de
1271 4651 1456 4696 natura
1484 4659 1659 4697 rerum
1686 4644 1890 4701 falsitas
1914 4649 2060 4703 aufe-

469 4728 658 4783 ratur?
699 4746 874 4785 nonne
919 4731 1009 4785 fiet
1054 4739 1110 4785 ut
1151 4747 1274 4785 vera
1311 4732 1417 4786 sint
1449 4734 1668 4788 omnia?
1696 4735 1759 4788 Α.
1796 4733 2058 4807 Consequi

467 4819 646 4874 video.
675 4819 742 4874 Β.
767 4820 1052 4890 Responde
1080 4821 1220 4877 unde
1252 4823 1340 4903 tibi
1372 4822 1614 4878 videatur
1642 4826 1814 4893 paries
1843 4827 1943 4882 iste
1968 4845 2058 4884 ve-

464 4926 556 4965 rus
580 4925 720 4966 esse.
755 4911 815 4964 Α.
848 4911 978 4979 Quia
1021 4913 1136 4982 ejus
1167 4929 1270 4967 non
1319 4913 1472 4968 fallor
1517 4928 1752 4985 aspectu.
1802 4917 1868 4971 Β.
1915 4919 2058 4991 Ergo

463 5001 586 5072 quia
612 5002 682 5056 ita
709 5010 791 5056 est
820 5011 878 5056 ut
902 5003 1130 5057 videtur.
1158 5003 1221 5058 Α.
1253 5005 1445 5058 Etiam.
1481 5005 1546 5059 R.
1585 5006 1638 5060 Si
1680 5008 1836 5077 igitur
1860 5011 2056 5080 aliquid

463 5091 588 5147 inde
634 5093 826 5148 falsum
872 5102 956 5148 est
997 5093 1139 5163 quod
1180 5093 1336 5148 aliter
1373 5095 1581 5150 videtur
1605 5106 1762 5167 atque
1789 5109 1904 5166 est,
1935 5101 2056 5156 inde

463 5172 647 5239 verum
679 5185 819 5254 quod
849 5186 918 5240 ita
952 5195 1008 5239 ut
1033 5194 1116 5240 est
1147 5186 1386 5252 videtur;
1417 5187 1590 5243 ablato
1616 5204 1681 5243 eo
1709 5192 1793 5244 cui
1823 5191 2051 5260 videtur,

464 5288 566 5332 nec
597 5277 784 5332 falsum
811 5273 1120 5348 quidquam,
1147 5295 1244 5334 nec
1270 5296 1455 5336 verum
1482 5293 1580 5336 est.
1611 5285 1678 5337 At
1703 5285 1748 5338 si
1778 5283 1980 5341 falsitas
2001 5288 2054 5342 in

466 5383 647 5424 rerum
688 5381 871 5424 natura
912 5386 1016 5425 non
1058 5373 1159 5439 sit,
1203 5388 1322 5428 vera
1368 5385 1491 5429 sunt
1520 5377 1717 5430 omnia.
1751 5376 1859 5432 Nec
1886 5380 2053 5434 videri

462 5460 751 5532 quidquam
799 5461 898 5516 nisi
943 5463 1137 5518 viventi
1186 5466 1378 5519 animm
1427 5476 1619 5536 potest.
1673 5467 1849 5524 Manet
1898 5471 2054 5541 igitur

465 5555 641 5607 anima
673 5554 724 5608 in
751 5570 926 5608 rerum
955 5564 1160 5622 natura,
1189 5557 1233 5612 si
1255 5557 1450 5612 auferri
1480 5559 1684 5614 falsitas
1716 5577 1818 5614 non
1849 5571 2048 5630 potest;

464 5657 662 5711 manet,
693 5649 734 5702 si
776 5657 967 5720 potest.
1010 5651 1072 5704 Α.
1106 5652 1270 5706 Video
1300 5654 1565 5714 robustius
1593 5654 1804 5729 quidem
1830 5672 1949 5718 esse
1970 5657 2050 5719 fa-

534 5759 701 5832 Mngl.
722 5769 847 5832 Mss,
869 5770 1150 5838 cooperatur
1165 5762 1368 5838 [αιεᾱασ.

1571 291 2119 361 SOLILOQUIORUM
2149 291 2204 349 S.
2247 292 2613 350 AUGUSTINI

3643 298 3745 354 888

2169 423 2310 469 ctum
2350 415 2490 486 quod
2529 417 2639 487 jam
2677 417 2984 474 conclusum
3018 429 3162 485 erat;
3191 419 3284 474 sed
3323 419 3456 475 nihil
3490 418 3589 475 hac
3615 420 3754 489 adje-

2167 505 2342 560 ctione
2390 507 2770 576 promovimus.
2815 507 3172 565 Nihilominus
3216 510 3357 566 enim
3405 520 3584 565 manet
3631 510 3754 565 illud

2169 598 2310 668 quod
2340 600 2620 669 plurimum
2653 618 2738 657 me
2776 611 2989 670 movet,
3017 602 3162 658 nasci
3197 603 3400 658 animas
3425 612 3480 658 et
3505 604 3720 658 interire
3739 646 3753 668 ,

2169 703 2327 762 atque
2350 702 2407 748 ut
2434 706 2536 748 non
2559 695 2733 752 desint
2753 695 2972 762 mundo,
3000 711 3106 751 non
3127 711 3314 752 earum
3341 695 3754 764 immortalitate,

2171 785 2261 839 sed
2289 789 2625 842 successione
2656 789 2957 858 provenire.

2243 877 2294 931 6.
2329 878 2394 932 R.
2435 879 2758 934 Videnturne
2784 880 2877 934 tibi
2900 895 3123 951 quzeque
3152 894 3428 950 corporea,
3456 879 3507 934 id
3531 888 3614 934 est
3636 895 3758 934 sen-

2172 969 2371 1035 sihilia,
2409 970 2676 1025 intellectu
2708 989 2865 1042 posse
2895 972 3314 1042 comprehendi?
3345 974 3404 1025 Α.
3435 971 3551 1027 Non
3578 973 3762 1026 viden-

2175 1071 2275 1116 tur.
2311 1063 2372 1116 ll.
2402 1063 2535 1130 Quid
2568 1064 2732 1119 illud?
2761 1065 2968 1118 videtur
2999 1065 3090 1118 tibi
3132 1065 3378 1120 sensibus
3418 1065 3492 1119 uti
3529 1064 3669 1119 Deus
3697 1065 3761 1118 ad

2173 1169 2259 1208 res
2287 1156 2716 1223 cognoscendas?
2745 1157 2807 1210 Α.
2836 1156 2973 1210 Nihil
3013 1157 3184 1211 audeo
3223 1156 3290 1212 de
3327 1157 3426 1211 hac
3466 1171 3524 1211 re
3565 1166 3766 1210 temere

2173 1245 2470 1311 affirmare;
2503 1247 2594 1301 sed
2625 1257 2880 1318 quantum
2912 1249 3176 1317 conjicere
3213 1249 3387 1312 datur,
3431 1247 3575 1302 nullo
3606 1247 3765 1301 modo

2176 1339 2314 1392 Deus
2341 1341 2505 1393 utitur
2536 1341 2802 1394 sensibus.
2834 1339 2900 1394 Β.
2941 1340 3080 1410 Ergo
3110 1339 3475 1394 concludimus
3502 1354 3609 1394 non
3639 1356 3762 1393 sen-

2177 1433 2274 1487 tire
2306 1448 2461 1502 posse
2486 1435 2585 1488 nisi
2611 1435 2861 1489 animam.
2885 1435 2949 1490 Α.
2977 1435 3242 1490 Conclude
3270 1435 3476 1490 interim
3508 1447 3764 1505 quantmn

2176 1523 2518 1592 probabiliter
2550 1526 2689 1580 licet.
2719 1525 2786 1579 Β.
2817 1525 2954 1592 Quid
2988 1526 3154 1580 illud?
3180 1526 3345 1580 dasne
3383 1526 3542 1580 istum
3581 1527 3759 1595 parie-

2177 1625 2313 1680 tem,
2359 1617 2402 1672 si
2445 1633 2602 1671 verus
2629 1619 2801 1687 paries
2831 1635 2933 1673 non
2960 1620 3058 1684 sit,
3095 1634 3198 1672 non
3230 1633 3348 1673 esse
3379 1618 3669 1688 parietem?
3696 1619 3760 1670 Α.

2175 1706 2315 1761 Nihil
2351 1707 2451 1763 hoc
2489 1708 2693 1764 facilius
2735 1709 2994 1764 dederim.
3037 1711 3102 1764 Β.
3145 1709 3327 1780 Neque
3367 1709 3686 1780 quidquam,
3718 1710 3761 1763 si

2180 1816 2364 1854 verum
2401 1816 2592 1871 corpus
2636 1817 2740 1856 non
2781 1803 2877 1868 sit,
2908 1818 3100 1872 corpus
3129 1801 3288 1856 esse?
3332 1801 3395 1853 Α.
3439 1800 3568 1855 Tale
3603 1802 3761 1855 etiam

2176 1889 2276 1945 hoc
2305 1901 2405 1946 est.
2448 1893 2515 1948 Β.
2552 1894 2690 1964 Ergo
2732 1894 2776 1949 si
2816 1894 2946 1948 nihil
2987 1909 3167 1948 verum
3197 1902 3312 1958 est,
3344 1893 3443 1947 nisi
3487 1893 3557 1946 ita
3605 1893 3672 1947 sit
3708 1902 3764 1946 ul.

2177 1982 2413 2047 videtur;
2445 2000 2543 2039 nec
2563 1985 2847 2056 quidquam
2868 2001 3180 2054 corporeum
3205 1983 3368 2040 videri
3393 1983 3493 2038 nisi
3517 1984 3763 2038 sensibus

2176 2081 2378 2140 potest;
2409 2090 2504 2129 nec
2532 2077 2750 2139 sentire,
2781 2077 2880 2131 nisi
2907 2077 3079 2130 anima
3105 2092 3118 2141 ;
3151 2091 3270 2140 nec,
3294 2076 3337 2130 si
3364 2091 3543 2129 verum
3569 2089 3763 2145 corpus

2177 2179 2280 2218 nou
2308 2169 2397 2233 sit,
2425 2183 2618 2238 corpus
2643 2183 2761 2224 esse
2785 2186 2798 2221 :
2827 2177 2992 2224 restat
3017 2177 3072 2222 ut
3097 2181 3289 2236 corpus
3307 2181 3426 2222 esse
3448 2182 3552 2220 non
3575 2167 3760 2236 possit,

2176 2259 2278 2315 nisi
2317 2261 2492 2314 anima
2535 2260 2714 2316 fuerit.
2756 2261 2820 2316 Α.
2861 2259 3032 2316 Nimis
3070 2273 3252 2330 urges,
3283 2265 3338 2314 et
3364 2257 3491 2328 quid
3519 2259 3762 2314 resistam

2176 2369 2281 2410 non
2313 2353 2499 2410 habeo.

2527 2446 2754 2501 CAPUT
2794 2446 2859 2500 ν.
2883 2445 3150 2500 —Verum
3176 2445 3299 2515 quid
3321 2444 3406 2500 sit.

2249 2538 2299 2592 7.
2332 2537 2400 2592 R.
2432 2538 2660 2594 Attende
2686 2539 2738 2592 in
2766 2541 2863 2594 ista
2888 2539 3211 2610 diligentius.
3239 2537 3304 2591 Α.
3333 2539 3410 2592 En
3437 2536 3658 2592 Adsum.
3690 2536 3761 2593 Β.

2176 2629 2334 2686 Certe
2360 2631 2444 2686 hic
2472 2633 2604 2702 lapis
2631 2643 2746 2699 est;
2775 2643 2829 2688 et
2857 2634 2926 2687 ita
2955 2649 3112 2688 verus
3137 2642 3248 2700 est,
3291 2633 3335 2688 si
3374 2650 3480 2688 non
3524 2649 3582 2686 se
3608 2633 3766 2690 habet

2176 2723 2331 2778 aliter
2365 2739 2428 2779 ac
2463 2724 2705 2792 videtur;
2738 2735 2792 2780 et
2818 2725 2951 2794 lapis
2977 2741 3083 2780 non
3112 2736 3228 2793 est,
3258 2726 3302 2780 si
3330 2742 3487 2781 verus
3516 2741 3621 2780 non
3649 2734 3761 2792 est;

2177 2823 2229 2868 et
2256 2830 2361 2868 non
2390 2815 2489 2869 nisi
2517 2816 2758 2870 sensibus
2790 2815 2952 2870 videri
2992 2827 3185 2886 potest.
3223 2817 3284 2869 A.
3322 2817 3516 2871 Etiam.
3548 2818 3614 2872 R.
3648 2817 3762 2872 Non

2175 2914 2298 2959 sunt
2341 2906 2498 2976 igitur
2527 2907 2727 2976 lapides
2769 2909 2819 2961 in
2855 2907 3187 2962 abditissimo
3215 2919 3368 2962 terrae
3404 2909 3636 2979 gremio,
3666 2926 3764 2964 nec

2175 2999 2394 3054 omnino
2421 2999 2506 3053 ubi
2532 3015 2632 3054 non
2655 3008 2778 3055 sunt
2797 3001 2884 3070 qui
2912 3001 3144 3054 sentiant
3168 3018 3179 3053 :
3204 3017 3303 3056 nec
3326 3001 3423 3056 iste
3445 3001 3579 3071 lapis
3599 3012 3760 3066 esset,

2176 3092 2277 3145 nisi
2321 3108 2443 3146 eum
2494 3093 2824 3158 videremus;
2874 3107 2971 3148 nec
3007 3094 3140 3162 lapis
3169 3093 3269 3147 erit
3308 3107 3428 3148 cum
3455 3093 3765 3149 discesseri-

2176 3201 2327 3246 mus.
2361 3201 2624 3255 nemoque
2659 3186 2792 3240 alius
2831 3201 2951 3240 eum
2991 3201 3225 3255 praesens
3267 3185 3486 3241 videbit.
3528 3187 3671 3253 Nec,
3718 3188 3764 3244 si

2175 3277 2376 3332 loculos
2402 3279 2534 3332 bene
2556 3277 2789 3340 claudas,
2814 3277 3053 3347 quamvis
3079 3277 3244 3331 multa
3275 3277 3328 3332 in
3358 3279 3437 3332 eis
3462 3279 3760 3347 incluseris,

2173 3368 2374 3438 aliquid
2417 3369 2704 3423 habebunt.
2742 3369 2848 3424 Nec
2878 3383 3096 3438 prorsus
3127 3369 3299 3439 ipsum
3329 3369 3526 3440 lignum
3569 3369 3761 3426 intrin-

2177 3474 2332 3514 secus
2361 3460 2559 3529 lignum
2591 3469 2692 3514 est.
2728 3459 2878 3530 Fugit
2909 3461 3048 3514 enim
3077 3475 3264 3515 omnes
3290 3476 3481 3516 sensus
3507 3461 3760 3536 quidquid

2175 3553 2226 3607 iu
2266 3553 2545 3608 altitudine
2583 3563 2664 3608 est
2710 3553 2950 3623 corporis
2989 3553 3207 3607 minime
3237 3553 3590 3622 perlucentis,
3621 3555 3759 3625 quod

2174 3659 2280 3698 non
2306 3659 2424 3698 esse
2454 3645 2671 3699 omnino
2699 3645 2922 3715 cogitur.
2960 3644 3170 3700 Etenim
3200 3645 3244 3699 si
3271 3654 3431 3711 esset,
3463 3661 3649 3700 verum
3672 3663 3759 3701 es-

2173 3745 2286 3800 set;
2334 3751 2433 3791 nec
2477 3751 2659 3791 verum
2704 3736 2989 3806 quidquam
3034 3747 3145 3801 est,
3181 3737 3280 3790 nisi
3319 3723 3474 3806 quod;
3500 3738 3568 3792 ita
3596 3748 3679 3793 est
3705 3748 3759 3794 ut

2171 3827 2380 3883 videtur
2409 3846 2422 3882 :
2448 3828 2575 3882 illud
2611 3836 2789 3882 autem
2818 3843 2925 3882 non
2953 3827 3194 3892 videtur;
3222 3843 3327 3882 non
3355 3839 3437 3884 est
3475 3829 3635 3900 igitur
3671 3847 3760 3886 ve-

2171 3934 2287 3972 rum
2320 3937 2333 3973 :
2366 3919 2464 3974 nisi
2492 3918 2615 3989 quid
2640 3919 2801 3973 habes
2827 3919 2892 3973 ad
2923 3921 3035 3974 ha-c
3057 3920 3197 3990 quod
3224 3922 3566 3990 reSpondeas.
3591 3923 3654 3977 Α.
3688 3923 3758 3980 De

2172 4009 2236 4064 iis
2262 4011 2474 4080 quidem
2503 4027 2622 4080 qua:
2646 4010 2907 4075 concessi,
2937 4011 3038 4065 hoc
3077 4019 3254 4064 natum
3295 4027 3414 4067 esse
3451 4013 3634 4080 video;
3665 4015 3758 4071 sed

2169 4101 2454 4156 absurdum
2483 4101 2553 4156 ita
2588 4111 2686 4166 est,
2721 4111 2778 4155 ut
2803 4101 3056 4172 quidquid
3084 4103 3164 4156 vis
3193 4102 3403 4156 illorum
3433 4104 3637 4159 facilius
3667 4122 3759 4162 ne-

2167 4207 2288 4262 gem
2308 4234 2324 4260 ,
2350 4208 2506 4263 quam
2548 4193 2650 4248 hoc
2678 4209 2862 4247 verum
2892 4209 3011 4249 esse
3035 4195 3344 4249 concedam.
3380 4195 3447 4249 Η.
3486 4196 3628 4252 Nihil
3667 4215 3756 4254 re-

2169 4298 2364 4354 pugno.
2415 4283 2549 4339 Vide
2594 4299 2722 4354 ergo
2763 4284 2888 4355 quid
2931 4284 3112 4340 dicere
3153 4287 3285 4340 velis
3319 4305 3334 4340 :
3365 4302 3618 4358 corporea
3658 4291 3754 4346 nisi

2167 4377 2410 4432 sensibus
2435 4377 2600 4432 videri
2630 4393 2804 4447 posse,
2829 4394 2894 4431 an
2922 4380 3120 4433 sentire
3147 4380 3246 4436 nisi
3271 4382 3525 4449 animam,
3548 4399 3615 4438 an
3639 4398 3755 4441 esse

2167 4467 2392 4536 lapidem
2415 4469 2496 4522 vel
2521 4469 2646 4540 quid
2674 4469 2838 4536 aliud,
2868 4470 2960 4525 sed
2993 4487 3173 4526 verum
3193 4475 3301 4528 non
3326 4491 3461 4538 esse,
3489 4493 3556 4532 an
3584 4479 3752 4548 ipsum

2166 4577 2349 4616 verum
2379 4563 2533 4618 aliter
2557 4579 2675 4618 esse
2705 4563 3081 4619 definiendum.
3112 4565 3175 4620 Α.
3217 4567 3395 4625 lsthuc
3425 4571 3596 4642 ipsum
3616 4614 3632 4639 ,
3659 4589 3753 4628 oro

2167 4660 2239 4718 te,
2265 4653 2506 4706 ultimum
2541 4653 2831 4710 videamus.

2236 4744 2290 4798 8.
2321 4743 2384 4797 R.
2414 4745 2580 4799 Detini
2607 4760 2734 4816 ergo
2757 4761 2962 4800 verum.
2989 4747 3054 4800 Α.
3086 4746 3284 4804 Verum
3315 4761 3398 4807 est
3427 4753 3566 4822 quod
3594 4755 3662 4809 ita
3694 4772 3752 4810 se

2165 4833 2325 4889 habet
2353 4844 2410 4888 ut
2449 4836 2708 4906 cognituri
2732 4825 2970 4902 'videtur,
3005 4838 3048 4892 si
3089 4839 3217 4894 velit
3253 4844 3523 4914 possitque
3551 4861 3751 4915 cogno-

2163 4941 2332 4982 scere.
2363 4926 2430 4980 R.
2465 4927 2579 4982 Non
2604 4929 2704 4981 erit
2731 4927 2889 4997 igitur
2908 4944 3091 4984 verum
3117 4932 3256 5000 quod
3287 4949 3444 4988 nemo
3465 4945 3640 5004 potest
3661 4955 3749 4991 co-

2162 5023 2454 5093 gnoscere?
2482 5022 2700 5088 Deinde,
2729 5023 2772 5076 si
2801 5023 2990 5076 falsum
3012 5033 3094 5078 est
3119 5025 3258 5094 quod
3286 5027 3441 5082 aliter
3466 5045 3622 5098 quam
3651 5041 3748 5092 esi,

2161 5115 2402 5180 videtur;
2432 5115 2577 5185 quid,
2605 5115 2650 5168 si
2678 5113 2833 5168 alteri
2856 5114 3095 5170 videatur
3121 5117 3205 5172 hic
3225 5119 3379 5188 lapis,
3407 5121 3571 5190 lapis;
3599 5123 3750 5176 alteri

2162 5207 2398 5278 lignum?
2426 5210 2612 5265 eadem
2655 5227 2740 5267 res
2773 5223 2825 5268 et
2860 5213 2986 5269 falsa
3025 5225 3077 5270 et
3100 5232 3222 5271 vera
3254 5217 3390 5272 erit?
3417 5219 3479 5272 Α.
3514 5220 3639 5274 Illud
3668 5236 3751 5275 me

2161 5301 2328 5370 magis
2357 5302 2599 5370 superius
2625 5315 2821 5372 movet,
2849 5308 3115 5376 quomodo
3144 5309 3186 5362 si
3216 5310 3340 5380 quid
3368 5314 3614 5380 cognosci
3648 5331 3747 5366 non

2163 5402 2358 5464 potest,
2387 5409 2452 5449 eo
2479 5395 2570 5449 fiat
2597 5406 2654 5451 ut
2681 5414 2865 5452 verum
2897 5415 3000 5454 non
3023 5402 3106 5456 sit.
3138 5401 3269 5456 Nam
3297 5404 3438 5474 quod
3468 5405 3624 5460 simul
3649 5423 3749 5458 una

2160 5503 2247 5542 res
2268 5530 2282 5552 ,
2315 5499 2366 5542 ct
2397 5505 2523 5545 vera
2552 5500 2606 5545 et
2634 5491 2764 5546 falsa
2788 5503 2902 5559 est,
2933 5510 3037 5549 non
3069 5497 3226 5551 nimis
3253 5514 3399 5552 curo.
3438 5499 3643 5554 Etenim
3675 5517 3750 5553 vt-

2159 5579 2260 5635 deo
2286 5597 2442 5636 unam
2470 5599 2581 5638 rem
2604 5584 2825 5639 diversis
2840 5598 3218 5657 comparatam,
3243 5592 3396 5645 sinml
3419 5601 3473 5646 et
3494 5591 3746 5661 majorem

2159 5681 2212 5727 et
2240 5674 2495 5730 minorem
2524 5691 2660 5731 esse.
2695 5677 2800 5733 Srd
2831 5695 2893 5736 ex
2927 5695 2992 5736 co
3024 5681 3158 5736 istud
3193 5685 3465 5754 contingit,
3497 5685 3636 5755 quod
3668 5685 3748 5741 ni-

2158 5764 2234 5831 hil
2260 5783 2354 5847 pcr
2396 5785 2454 5830 se
2493 5771 2660 5849 majus
2690 5782 2780 5835 aut
2811 5774 2987 5837 minus
3013 5784 3110 5844 est.
3142 5776 3564 5858 Comparationis
3600 5780 3743 5849 enim
