4078 6366
275 380 380 440 889

273 607 367 657 se,
403 606 508 644 non
541 591 694 643 times
722 605 787 642 ne
815 597 1064 656 sequatur
1090 595 1149 640 ut
1187 585 1314 638 nihil
1359 584 1427 638 sit
1467 599 1560 652 per
1594 582 1684 636 se?
1711 580 1862 636 Unde

275 683 418 737 enim
451 681 646 750 lignum
679 687 762 734 est
790 676 891 731 hoc
911 718 924 742 ,
971 676 1092 730 inde
1132 675 1288 728 etiam
1320 689 1501 727 verum
1530 673 1726 742 lignum
1757 679 1859 725 est.

276 774 385 829 Nec
414 773 526 828 ﬁeri
555 780 728 842 potest
755 778 813 824 ut
841 785 937 840 per
965 769 1193 836 seipsum
1211 809 1223 830 ,
1254 768 1302 820 id
1329 776 1410 820 cst
1449 767 1563 821 sine
1591 767 1864 834 cognitore

278 868 482 937 lignum
527 867 614 931 sit,
655 875 708 918 et
748 879 928 918 verum
968 862 1162 930 lignum
1194 875 1296 913 non
1331 859 1420 913 sit.
1451 859 1514 911 Α.
1557 859 1695 927 Ergo
1735 856 1863 910 illud

275 961 400 1015 dico
429 968 480 1014 et
505 959 581 1012 sic
608 956 823 1021 deﬁnio,
853 969 950 1009 nec
969 969 1157 1007 vereor
1181 967 1245 1006 ne
1269 950 1507 1005 deﬁnitio
1529 965 1644 1003 mea
1665 947 1736 1004 ob
1762 948 1864 1004 hoc

280 1052 626 1120 improbetur,
658 1048 797 1119 quod
839 1046 997 1100 nimis
1029 1045 1200 1099 brevis
1226 1053 1306 1098 est
1333 1061 1346 1098 :
1370 1059 1490 1096 nam
1523 1057 1706 1096 verum
1735 1039 1865 1096 mihi

278 1145 488 1198 videtur
513 1157 632 1196 esse
671 1141 720 1195 id
762 1139 902 1210 quod
931 1147 1029 1192 est.
1073 1136 1141 1189 R.
1184 1136 1318 1190 Nihil
1350 1150 1478 1205 ergo
1504 1136 1604 1189 erit
1640 1134 1864 1200 falsum,

284 1239 402 1307 quia
432 1234 684 1306 quidquid
709 1242 808 1300 est,
837 1248 1019 1287 verum
1048 1239 1148 1286 est.
1179 1231 1240 1283 Α.
1273 1230 1326 1284 ln
1354 1243 1570 1299 magnas
1596 1226 1867 1297 angustias

287 1347 368 1385 me
394 1328 688 1397 coniecisti,
718 1341 817 1380 nec
847 1325 1056 1378 invenio
1093 1337 1306 1392 prorsus
1336 1321 1459 1391 quid
1493 1319 1863 1390 respondeam.

288 1421 358 1476 lla
385 1419 444 1474 ﬁt
470 1429 523 1473 ut
549 1435 666 1474 cum
706 1418 860 1472 aliter
890 1416 1068 1470 doceri
1108 1415 1269 1468 nolim
1309 1428 1466 1483 quam
1495 1413 1610 1468 istis
1636 1413 1863 1468 interro-

276 1515 602 1588 gationibus,
631 1528 813 1567 verear
832 1511 942 1580 jam
972 1519 1143 1563 tamen
1176 1507 1508 1577 interrogari.

554 1605 780 1662 CAPUT
812 1603 898 1659 Vl.
927 1633 1000 1642 —
1029 1601 1174 1654 Unde
1203 1600 1420 1671 falsitas,
1449 1609 1492 1652 et
1518 1598 1620 1652 ubi.

354 1700 406 1755 9.
439 1697 506 1752 R.
538 1699 675 1752 Deus
708 1696 791 1750 cui
835 1709 931 1748 nos
973 1692 1368 1755 commisimus,
1401 1691 1516 1744 sine
1544 1689 1871 1744 dubitatione

285 1791 386 1846 fert
415 1805 601 1860 opem,
627 1798 676 1842 et
707 1789 773 1841 de
802 1787 884 1840 his
909 1783 1163 1854 angustiis
1191 1783 1381 1837 liberat
1411 1796 1527 1845 uos,
1566 1781 1723 1835 modo
1749 1796 1868 1836 cre-

283 1886 504 1949 damus,
534 1893 588 1938 et
616 1898 735 1936 eum
778 1894 1024 1948 rogemus
1065 1876 1425 1932 devotissime.
1455 1873 1517 1927 Α.
1547 1873 1684 1928 Nihil
1715 1873 1870 1942 plane

285 1978 532 2033 libentius
559 1975 660 2029 hoc
689 1974 806 2027 loco
833 1971 1080 2034 fecerim;
1113 1984 1232 2022 nam
1267 1981 1522 2036 nusquam
1554 1974 1752 2019 tantam
1785 1980 1872 2018 ca-

284 2070 500 2138 liginem
543 2065 752 2136 pertuli.
795 2064 965 2125 Deus,
1013 2061 1167 2114 Pater
1207 2068 1408 2123 noster,
1439 2058 1526 2127 qui
1567 2065 1622 2111 ut
1660 2071 1871 2110 oremus

290 2160 517 2213 hortaris
538 2200 551 2221 ,
583 2158 668 2226 qui
696 2165 750 2211 et
786 2155 885 2208 hoc
909 2153 1049 2223 quod
1085 2151 1286 2220 rogaris
1327 2158 1578 2219 praestas;
1611 2147 1870 2217 siquidem

287 2268 404 2308 cum
430 2261 479 2306 te
508 2264 772 2319 rogamus,
797 2247 984 2300 melius
1005 2245 1249 2306 vivimus,
1275 2242 1626 2310 melioresque
1653 2254 1868 2294 sumus:

287 2343 474 2398 exaudi
505 2356 590 2396 me
619 2340 958 2409 palpitantem
990 2335 1040 2389 in
1073 2334 1154 2387 his
1181 2332 1434 2397 tenebris,
1463 2338 1517 2384 et
1542 2329 1670 2384 mihi
1692 2329 1876 2383 dexte-

289 2451 400 2490 ram
430 2433 660 2502 porrige.
695 2427 970 2484 Praztende
999 2426 1124 2480 mihi
1155 2425 1330 2478 lumen
1367 2433 1510 2476 tuum
1529 2464 1542 2489 ,
1571 2435 1760 2476 revoca
1788 2435 1874 2475 me

290 2526 355 2580 ab
392 2524 692 2587 erroribus;
723 2531 773 2575 te
799 2521 933 2575 duce
960 2520 1011 2572 in
1045 2533 1129 2572 me
1167 2516 1378 2571 redeam
1410 2523 1462 2569 et
1490 2515 1539 2567 in
1578 2522 1649 2568 te.
1681 2514 1870 2567 Amen.

291 2618 355 2672 R.
388 2618 484 2672 llic
509 2628 622 2671 eSto
650 2623 901 2684 quantum
935 2621 1104 2679 potes,
1137 2617 1190 2662 et
1212 2605 1612 2676 vigilantissime
1639 2603 1873 2658 attende.

289 2711 350 2764 A.
381 2710 495 2773 Dic,
526 2722 728 2778 qumso,
760 2706 804 2759 si
831 2703 954 2774 quid
984 2702 1072 2756 tibi
1100 2711 1406 2770 suggestum
1435 2707 1549 2764 est,
1590 2712 1655 2752 ne
1685 2709 1874 2764 perea-

288 2817 428 2857 mus.
471 2800 540 2854 R.
595 2800 689 2854 llic
737 2806 873 2852 esto.
923 2796 985 2848 Λ.
1035 2795 1170 2848 Ecce
1218 2791 1382 2846 habes
1427 2805 1515 2846 me
1562 2788 1692 2843 nihil
1735 2785 1875 2842 aliud

291 2905 552 2968 agentem.

365 2988 453 3042 10.
485 2986 550 3040 R.
585 2985 736 3039 Prius
773 2982 899 3053 quid
943 2981 1011 3034 sit
1060 2977 1248 3032 falsum
1272 3017 1286 3040 ,
1330 2976 1488 3030 etiam
1529 2982 1686 3042 atque
1714 2971 1913 3026 etiam'

293 3080 631 3135 ventilemus.
665 3076 726 3130 Α.
777 3076 938 3130 Miror
969 3073 1012 3128 si
1043 3071 1327 3142 quidquam
1366 3067 1509 3122 aliud
1555 3066 1690 3131 erit,
1719 3079 1877 3134 quam

293 3174 435 3244 quod
457 3188 561 3227 non
584 3172 652 3225 ita
675 3179 755 3225 est
776 3179 836 3223 ut
856 3168 1078 3222 videtur.
1104 3164 1170 3218 R.
1198 3163 1422 3217 Attende
1443 3160 1638 3230 potius,
1661 3166 1715 3213 et
1737 3158 1880 3227 ipsos

213 3297 220 3302 -
295 3281 484 3321 sensus
512 3267 655 3334 prius
685 3265 1088 3330 interrogemus.
1119 3258 1248 3312 Nam
1289 3267 1433 3310 certe
1463 3253 1602 3324 quod
1631 3252 1768 3307 oculi
1797 3252 1879 3306 vi—

295 3357 442 3422 dent,
473 3373 575 3409 non
603 3354 794 3409 dicitur
823 3352 1035 3416 falsum,
1067 3349 1166 3403 nisi
1197 3347 1390 3402 habeat
1419 3347 1648 3415 aliquam
1689 3344 1878 3398 simili-

281 3449 530 3518 tudinem
561 3446 691 3500 Veri.
733 3444 799 3499 Ut
824 3442 970 3496 Verbi
996 3456 1172 3502 causa,
1199 3439 1357 3492 homo
1377 3451 1533 3506 quem
1563 3435 1800 3488 videmus
1829 3435 1880 3488 in

298 3541 516 3604 somnis,
542 3554 644 3592 non
666 3548 744 3592 est
767 3537 947 3605 utique
969 3548 1127 3588 verus
1153 3531 1332 3596 homo,
1357 3530 1448 3585 sed
1475 3529 1656 3594 falsus,
1679 3542 1744 3582 eo
1768 3528 1881 3596 ipso

299 3633 437 3704 quod
469 3633 625 3686 habet
667 3631 776 3685 veri
814 3627 1228 3683 similitudinem.
1257 3625 1384 3692 Quis
1411 3625 1550 3678 enim
1586 3639 1775 3678 canent
1804 3623 1877 3677 vi-

298 3729 416 3781 deat
436 3769 449 3790 ,
477 3735 530 3780 et
555 3735 698 3781 recte
737 3739 793 3778 se
822 3723 961 3777 dicat
999 3719 1265 3774 hominem
1293 3717 1624 3772 somniasse?
1665 3717 1804 3785 Ergo
1830 3725 1883 3771 et

299 3822 382 3875 ille
407 3819 570 3873 falsus
589 3818 738 3872 canis
759 3824 858 3880 est,
887 3830 953 3868 ex
978 3829 1041 3867 eo
1067 3811 1230 3910 quod.
1238 3811 1424 3865 similis
1445 3824 1570 3863 vero
1593 3817 1691 3864 est.
1719 3808 1780 3861 .4.
1806 3808 1880 3862 lta

299 3923 378 3968 est
419 3921 474 3966 ut
512 3911 662 3965 dicis.
712 3909 778 3963 R.
824 3907 958 3975 Quid
981 3948 993 3970 ,
1034 3902 1255 3974 vigilans
1283 3903 1505 3973 quisque
1534 3903 1574 3956 si
1608 3902 1720 3956 viso
1745 3915 1882 3970 equo

301 3995 448 4074 putet
473 4019 532 4057 se
562 4001 830 4056 hominem
869 3998 1047 4052 videre
1065 3997 1103 4050 ?a
1125 4010 1300 4050 nonne
1327 4009 1392 4048 eo
1431 3993 1627 4046 fallitur
1664 3991 1804 4061 quod
1834 3992 1882 4047 ei

301 4101 552 4165 appareat
577 4093 752 4162 aliqua
781 4089 1010 4144 hominis
1046 4085 1370 4142 sin'iilitudo?
1408 4085 1537 4140 Nam
1579 4085 1623 4138 si
1661 4083 1789 4138 nihil
1833 4083 1882 4139 ei

301 4192 576 4256 appareat,
604 4184 703 4237 nisi
728 4181 850 4252 equi
889 4179 1094 4250 species
1113 4219 1126 4238 ,
1157 4193 1258 4232 non
1289 4185 1462 4245 potest
1486 4176 1729 4230 arbitrari
1765 4190 1883 4230 sese

304 4277 572 4330 hominem
615 4272 815 4327 videre.
850 4271 912 4324 A.
960 4270 1186 4324 Prorsus
1214 4267 1364 4322 cedo.
1400 4262 1466 4321 Β.
1498 4267 1729 4320 Dicimus
1759 4267 1882 4319 item

303 4367 485 4421 falsam
525 4365 770 4419 arborem
795 4377 951 4432 quam
985 4361 1177 4430 pictam
1204 4358 1443 4413 videmus
1461 4397 1478 4423 ,
1505 4365 1559 4412 et
1587 4357 1769 4411 falsam
1801 4356 1882 4411 fa-

303 4461 435 4513 ciem
461 4474 580 4528 qua:
607 4457 674 4511 de
702 4455 916 4525 speculo
941 4435 1197 4527 reddiﬁir,
1227 4461 1280 4506 et
1309 4450 1499 4504 falsum
1523 4450 1741 4504 turrium
1770 4465 1878 4503 mo-

305 4560 411 4604 tum
453 4547 851 4618 navigantibus,
882 4535 1171 4613 falsamque
1210 4540 1578 4610 infractionem
1618 4540 1782 4604 remi,
1815 4540 1884 4595 ob

302 4641 442 4695 aliud
470 4641 598 4694 nihil
622 4639 719 4692 nisi
740 4637 880 4707 quod
902 4634 1204 4690 verisimilia
1227 4641 1368 4688 sunt.
1395 4633 1458 4686 Α.
1481 4632 1692 4687 Fateor.
1717 4629 1784 4684 R.
1810 4631 1883 4685 lta

302 4746 354 4788 et
395 4734 446 4786 in
487 4731 714 4799 geminis
752 4729 1002 4793 fallimur,
1032 4728 1101 4780 ita
1132 4727 1182 4779 in
1208 4727 1350 4789 ovis,
1382 4727 1450 4778 ita
1477 4724 1529 4778 in
1561 4723 1785 4792 singulis
1814 4723 1886 4776 si-

307 4827 444 4896 gillis
480 4839 585 4877 uno
613 4822 810 4876 annulo
841 4821 1142 4891 impressis,
1172 4827 1226 4873 et
1261 4818 1311 4870 in
1343 4817 1548 4871 caeteris
1578 4816 1786 4870 talibus.
1818 4815 1882 4868 Α.

303 4920 507 4988 Sequor
545 4915 760 4969 omnino
803 4923 959 4984 atque
996 4910 1249 4967 concedo.
1292 4911 1358 4964 R.
1400 4909 1698 4965 Similitudo
1730 4907 1887 4979 igitur

306 5026 483 5064 rerum
509 5025 627 5078 quae
651 5008 715 5062 ad
743 5008 924 5062 oculos
954 5005 1201 5074 pertinet,
1230 5011 1399 5056 mater
1418 5010 1499 5056 est
1528 5001 1787 5056 falsitatis.
1817 5000 1880 5054 A.

307 5102 509 5172 Negare
539 5118 644 5156 non
671 5115 905 5170 possunt.

378 5197 464 5250 ll.
495 5194 561 5248 R.
597 5194 700 5249 Sed
728 5193 842 5247 haac
867 5192 1041 5248 omnis
1069 5191 1219 5255 silva,
1249 5189 1350 5243 nisi
1386 5204 1470 5243 me
1510 5188 1660 5252 fallit,
1702 5188 1754 5242 in
1781 5188 1886 5244 duo

304 5303 497 5356 genera
528 5285 686 5340 dividi
728 5292 918 5354 potest.
948 5283 1079 5336 Nam
1102 5281 1293 5352 partim
1315 5280 1604 5349 aequalibus
1631 5280 1681 5334 in
1705 5280 1892 5345 rebus,-

308 5381 497 5448 partim
522 5395 647 5433 vero
675 5378 724 5432 in
747 5376 1100 5431 deterioribus
1125 5382 1222 5428 est.
1248 5372 1492 5442 Equalia
1513 5383 1653 5438 sunt,
1676 5374 1887 5443 quando

307 5482 414 5526 tam
445 5473 548 5526 hoc
581 5471 653 5524 illi
691 5486 847 5539 quam
885 5467 1011 5522 illud
1051 5467 1171 5520 huic
1198 5466 1368 5520 simile
1394 5480 1513 5520 esse
1545 5465 1802 5532 dicimus,
1830 5475 1888 5521 ut

304 5562 372 5618 de
398 5565 626 5634 geminis
651 5563 850 5618 dictum
877 5570 979 5627 est,
1013 5561 1092 5615 vel
1123 5561 1190 5614 de
1219 5559 1654 5627 impressionibus
1683 5559 1882 5613 annuli.

307 5651 362 5707 lu
390 5654 741 5710 deterioribus
762 5661 958 5728 autem,
987 5650 1196 5721 quando
1222 5649 1347 5705 illud
1369 5649 1506 5720 quod
1531 5649 1761 5705 deterius
1783 5659 1882 5716 est,

305 5745 482 5802 simile
510 5759 631 5806 esse
667 5745 892 5804 dicimus
933 5743 1154 5802 meliori.
1197 5742 1324 5812 Quis
1353 5742 1493 5810 enim
1525 5741 1576 5799 in
1612 5742 1884 5814 speculum

302 5837 564 5913 attendat,
586 5847 641 5903 et
659 5851 803 5905 recte
825 5817 965 5904 dicat
992 5854 1048 5902 se
1073 5853 1191 5901 esse
1216 5837 1294 5906 itii
1314 5835 1528 5915 imagini
1555 5836 1799 5910 similem,
1821 5845 1885 5903 ac

1585 372 1785 427 manu
1823 345 2194 425 suauitatis.

274 509 399 556 sunt
427 500 525 554 ista
552 496 784 553 nomina.
817 496 886 552 R.
920 497 990 550 At
1018 496 1061 551 si
1087 494 1220 550 dicis
1252 493 1381 548 nihil
1410 506 1528 547 esse
1555 506 1739 545 verum
1768 487 1888 559 per'

3435 375 3541 436 890

1969 507 2072 546 non
2101 491 2279 561 potius
2307 491 2447 546 illam
2478 490 2612 546 sibi?
2642 491 2755 547 lloc
2783 500 2958 549 autem
2983 507 3148 562 genus
3171 494 3362 564 partim
3387 504 3469 551 est
3496 496 3549 550 in

1969 599 2034 639 eo
2068 583 2208 652 quod
2234 584 2409 636 anima
2448 586 2665 652 patitur,
2709 585 2894 654 partim
2923 599 3050 638 vero
3079 585 3131 638 in
3159 585 3222 640 iis
3247 586 3405 641 rebus
3429 603 3550 656 quae

1968 679 2231 734 videntur.
2257 681 2359 736 Sed
2390 681 2558 750 ipsum
2581 681 2718 751 quod
2749 680 2921 734 anima
2949 681 3168 751 patitur,
3195 689 3286 734 aut
3310 681 3360 734 in
3389 696 3551 736 sensu

1969 771 2182 839 patitur,
2210 782 2265 826 ut
2299 773 2460 826 turris
2494 784 2692 827 motum
2715 772 2805 842 qui
2833 772 3007 827 nullus
3040 782 3153 836 est;
3185 780 3277 827 aut
3307 773 3445 844 apud
3471 790 3556 827 se-

1971 865 2137 935 ipsam
2166 882 2232 921 ex
2258 882 2322 921 eo
2347 867 2714 938 quod-accepit
2739 884 2766 920 a
2795 867 3058 934 sensibus,
3087 867 3262 936 qualia
3291 875 3417 922 sunt
3442 868 3554 922 visa

1972 961 2368 1024 somniantium,
2397 971 2450 1016 et
2479 961 2718 1017 fortassis
2747 963 2903 1016 etiam
2929 961 3242 1017 furentium.
3271 962 3438 1017 Porro
3467 962 3553 1017 illa

1971 1067 2090 1122 quae
2117 1053 2166 1106 in
2197 1054 2326 1122 ipsis
2352 1056 2510 1110 rebus
2537 1070 2667 1125 quas
2698 1055 2939 1109 videmus
2968 1065 3252 1125 apparent,
3279 1057 3378 1110 alia
3405 1073 3434 1110 a
3465 1073 3557 1110 na-

1975 1153 2088 1200 tura
2108 1187 2122 1212 ,
2153 1155 2342 1201 caetera
2371 1149 2439 1202 ab
2464 1149 2816 1203 animantibus
2843 1150 3212 1218 exprimuntur
3253 1161 3412 1221 atque
3456 1153 3556 1205 liii-

1971 1247 2185 1307 guntur.
2221 1239 2417 1293 Natura
2445 1239 2709 1310 gignendo
2739 1241 2821 1295 vel
2848 1241 3153 1296 resultando
3187 1242 3558 1298 similitudines

1972 1330 2267 1386 deteriores
2308 1331 2450 1386 facit.
2493 1331 2802 1401 Gignendo,
2842 1348 2962 1388 cum
3009 1335 3312 1402 parentibus
3355 1335 3559 1390 similes

1973 1434 2294 1489 nascuntur;
2335 1425 2672 1489 resultando,
2712 1435 2768 1480 ut
2807 1426 2874 1481 de
2907 1428 3136 1496 Speculis
3174 1429 3556 1498 cujuscemodi.

1975 1517 2225 1583 Quamvis
2252 1518 2391 1571 enim
2421 1517 2674 1587 pleraque
2699 1519 2912 1587 Specula
2942 1519 3181 1572 homines
3209 1517 3422 1584 faciant,
3450 1535 3555 1576 non

1975 1616 2152 1662 tamen
2183 1609 2280 1679 ipsi
2302 1607 2560 1678 efﬁngunt
2578 1623 2670 1663 eas
2689 1625 2806 1678 qua:
2828 1609 3120 1664 redduntur
3140 1611 3414 1681 imagines.
3438 1611 3556 1666 .lam

1976 1717 2104 1756 vero
2135 1702 2480 1756 animantium
2507 1717 2668 1771 Opera
2699 1709 2823 1756 sunt
2853 1702 2904 1756 in
2939 1703 3184 1771 picturis,
3223 1711 3278 1758 et
3313 1703 3560 1772 hujusce-

1978 1796 2120 1850 modi
2167 1795 2463 1864 quibusque
2508 1794 2776 1864 ﬁgmentis
2817 1811 2831 1846 :
2874 1795 2926 1849 in
2971 1810 3078 1865 quo
3122 1810 3317 1865 genere
3363 1795 3559 1851 includi

1977 1889 2135 1942 etiam
2166 1887 2253 1942 illa
2283 1897 2538 1956 possunt,
2568 1887 2611 1940 si
2641 1895 2814 1941 tamen
2848 1886 3004 1953 ﬁunt,
3034 1902 3152 1957 qua!
3185 1886 3455 1941 dwmones
3485 1886 3562 1940 fa-

1976 1979 2138 2032 ciunt.
2168 1975 2380 2034 Umbrae
2409 1988 2585 2033 autem
2613 1993 2919 2047 corporum,
2942 1978 3067 2048 quia
3094 1993 3198 2031 non
3227 1977 3386 2032 nimis
3410 1978 3477 2032 ab
3503 1993 3561 2032 re

1977 2069 2126 2124 abest
2150 2071 2166 2100 ί
2197 2078 2254 2124 ut
2294 2070 2605 2139 corporibus
2651 2070 2852 2124 similes
2889 2081 2942 2125 et
2974 2070 3122 2140 quasi
3168 2070 3296 2125 falsa
3339 2085 3562 2139 corpora

1977 2160 2240 2228 dicantur,
2270 2176 2368 2216 nec
2394 2161 2458 2214 ad
2488 2162 2763 2216 oculorum
2787 2161 3039 2231 judicium
3070 2161 3337 2233 pertinere
3368 2144 3582 2230 neganQ

1979 2255 2060 2310 die
2090 2264 2245 2320 sunt;
2279 2255 2330 2309 in
2362 2255 2454 2310 illo
2483 2270 2575 2311 eas
2603 2271 2797 2324 genere
2837 2254 2960 2323 poni
2992 2255 3197 2324 placet,
3225 2253 3368 2324 quod
3396 2253 3563 2308 resul-

1980 2348 2144 2403 tando
2170 2363 2199 2402 a
2230 2357 2415 2402 natura
2443 2348 2518 2402 ﬁt.
2551 2348 2786 2402 Resultat
2808 2347 2949 2402 enim
2977 2362 3132 2401 omne
3158 2361 3351 2416 corpus
3379 2347 3562 2402 lumini

1980 2439 2266 2514 obiectum,
2289 2447 2343 2493 et
2362 2436 2413 2492 in
2435 2439 2754 2493 contrariam
2775 2445 2976 2508 partem
3004 2437 3241 2492 umbram
3263 2437 3456 2492 reddit.
3481 2437 3561 2492 An

1984 2532 2075 2586 tibi
2099 2517 2305 2601 aliquid
2327 2530 2794 2585 contradicendum
2819 2528 3061 2584 videtur?
3083 2529 3144 2582 Α.
3174 2528 3299 2583 Mihi
3327 2543 3453 2583 vero
3483 2528 3565 2582 ni-

1983 2623 2076 2678 hil.
2108 2622 2212 2678 Sed
2242 2638 2468 2693 quonam
2498 2622 2596 2676 ista
2627 2621 2862 2686 tendant,
2884 2619 3228 2675 vehementer
3253 2629 3524 2689 exspecto.

2053 2715 2139 2771 12.
2184 2714 2252 2768 Β.
2293 2715 2450 2784 Atqui
2475 2720 2683 2783 oportet
2711 2713 2968 2782 patienter
2993 2712 3243 2774 feramus,
3276 2711 3446 2766 donec
3472 2727 3566 2766 no-

1984 2807 2064 2862 bis
2095 2807 2272 2862 caeteri
2316 2820 2504 2860 sensus
2547 2804 2852 2860 renuntient
2883 2804 2934 2858 in
2962 2803 3074 2858 veri
3101 2803 3442 2858 similitudine
3471 2802 3566 2855 ha-

1984 2899 2152 2956 bitare
2180 2898 2483 2952 falsitatem.
2509 2896 2642 2951 Nam
2669 2905 2722 2951 et
2758 2897 2811 2950 in
2853 2897 2966 2965 ipso
2997 2895 3176 2950 auditu
3207 2894 3426 2949 totidem
3460 2893 3568 2947 fere

1983 3006 2176 3063 genera
2220 2991 2440 3045 veniunt
2483 2989 2881 3044 sin'iilitudinum
2912 3007 2925 3043 :
2958 2989 3120 3045 veluti
3154 3004 3276 3044 cum
3306 2988 3569 3058 loquentis

1984 3099 2188 3149 vocem,
2219 3098 2375 3153 quem
2408 3097 2509 3136 non
2537 3080 2794 3144 videmus,
2817 3080 3111 3145 audientes,
3140 3087 3384 3150 putamus
3407 3078 3566 3132 alium

1985 3177 2308 3248 quempiam,
2332 3175 2416 3228 cui
2442 3189 2572 3230 voce
2597 3173 2783 3227 similis
2807 3182 2922 3237 est;
2953 3182 3110 3243 atque
3136 3174 3186 3226 in
3215 3171 3566 3228 deterioribus

1985 3269 2070 3324 vel
2097 3268 2229 3322 echo
2260 3267 2411 3320 testis
2436 3273 2546 3331 est,
2585 3265 2668 3318 vel
2701 3265 2919 3319 tinnitus
2946 3264 3033 3318 ille
3067 3266 3298 3333 ipsarum
3325 3262 3530 3316 aurium
3551 3303 3566 3327 ,

1986 3363 2067 3416 vel
2100 3362 2152 3414 in
2184 3358 2470 3429 horologiis
2498 3358 2716 3414 merula:
2743 3366 2834 3412 aut
2861 3357 3007 3411 corvi
3037 3357 3275 3427 quaedam
3306 3356 3530 3411 imitatio
3549 3397 3566 3424 ,

1985 3455 2066 3509 vel
2093 3468 2210 3524 qua:
2239 3451 2341 3507 sibi
2367 3451 2692 3507 somniantes
2713 3459 2801 3504 aut
2830 3450 3063 3506 furentes
3089 3449 3336 3504 videntur
3361 3448 3564 3504 audire.

1988 3546 2158 3600 Falsa:
2183 3553 2359 3599 autem
2387 3544 2586 3599 voculae
2613 3560 2731 3614 quae
2761 3543 3009 3598 dicuntur
3029 3558 3058 3597 a
3081 3543 3317 3609 musicis,
3343 3541 3569 3596 incredi-

1986 3637 2092 3691 bile
2120 3644 2202 3692 est
2226 3645 2478 3706 quantum
2505 3644 2820 3690 attestantur
2842 3634 3070 3698 veritati,
3099 3634 3238 3704 quod
3266 3643 3384 3703 post
3409 3649 3569 3706 appa-

1987 3731 2124 3785 rebit
2159 3749 2172 3784 :
2204 3737 2380 3784 tamen
2422 3731 2580 3786 etiam
2622 3730 2780 3799 ipsae,
2823 3728 2962 3798 quod
3011 3737 3094 3782 sat
3129 3736 3215 3784 est
3259 3744 3432 3793 nunc,
3463 3742 3570 3782 non

1988 3823 2181 3876 absunt
2206 3821 2274 3874 ab
2301 3837 2482 3876 earum
2513 3821 2858 3877 similitudine
2891 3836 3022 3890 quas
3051 3835 3204 3874 veras
3234 3829 3442 3874 vocant.
3471 3820 3571 3876 Se-

1988 3912 2166 3982 queris
2192 3911 2346 3965 haec?
2375 3911 2437 3964 A.
2473 3911 2539 3965 Et
2569 3911 2934 3966 libentissime.
2974 3909 3105 3964 Nam
3139 3909 3270 3964 nihil
3301 3910 3484 3965 laboro
3513 3920 3571 3964 ut

1989 4002 2299 4072 intelligam.
2331 4002 2398 4056 Ii.
2431 4003 2593 4073 Ergo,
2634 4018 2702 4058 ne
2735 4018 3023 4066 moremur,
3053 4001 3327 4058 videturne
3357 4001 3452 4056 tibi
3481 4011 3572 4056 aut

1989 4093 2154 4146 lilium
2181 4109 2210 4146 a
2242 4094 2351 4148 lilio
2380 4109 2535 4164 posse
2559 4093 2742 4161 odore,
2769 4103 2858 4148 aut
2883 4093 2989 4148 mel
3017 4092 3312 4162 thyminum
3348 4108 3379 4146 a
3414 4093 3573 4150 melle

1992 4184 2229 4255 thymino
2261 4184 2329 4240 de
2358 4185 2582 4240 diversis
2621 4186 2864 4239 alveariis
2901 4200 3118 4254 sapore,
3164 4192 3254 4238 aut
3295 4184 3571 4239 mollitudo

1991 4277 2288 4345 plumarum
2327 4276 2479 4348 cycni
2522 4276 2590 4330 ab
2633 4277 2836 4330 anseris
2880 4286 3018 4330 tactu
3061 4276 3213 4331 facile
3255 4274 3573 4345 dijudicari?

1989 4369 2052 4423 Α.
2081 4369 2195 4423 Νοη
2229 4368 2458 4424 videtur.
2493 4369 2556 4423 R.
2587 4368 2744 4434 Quid,
2777 4383 2896 4422 cum
2938 4367 3058 4422 talia
3085 4383 3182 4422 nos
3210 4368 3295 4422 vel
3323 4367 3570 4433 olfacere,

1990 4461 2070 4514 vel
2101 4469 2332 4530 gustare,
2363 4460 2444 4514 vel
2483 4469 2696 4528 tangere
2735 4459 3099 4514 somniamus?
3129 4473 3304 4513 nonne
3331 4457 3576 4514 similitu-

1989 4552 2111 4606 dine
2140 4552 2425 4621 imaginum
2461 4566 2526 4605 eo
2549 4550 2816 4605 deteriore
2841 4565 2948 4620 quo
2985 4551 3222 4604 inaniore
3249 4549 3575 4619 decipimur?

1991 4646 2052 4698 Α.
2077 4643 2272 4699 Verum
2299 4643 2453 4699 dicis.
2480 4641 2547 4697 R.
2574 4643 2714 4712 Ergo
2739 4651 2957 4712 apparet
2984 4657 3081 4697 nos
3106 4643 3157 4696 in
3178 4643 3424 4696 omnibus
3451 4657 3574 4696 sen-

1991 4737 2135 4792 sibus
2169 4737 2281 4792 sive
2315 4736 2634 4806 tequalibus,
2663 4736 2774 4790 sive
2806 4735 2855 4788 in
2888 4734 3243 4789 deterioribus
3266 4734 3457 4797 rebus,
3484 4743 3573 4786 aut

1990 4828 2332 4882 similitudine
2372 4827 2708 4882 lenocinante
2748 4825 2891 4890 falli;
2919 4835 3008 4879 aut
3039 4825 3244 4879 etiamsi
3286 4838 3390 4877 non
3436 4822 3572 4876 falli-

1990 4936 2110 4975 mur
2156 4919 2541 4990 suspendentes
2593 4919 3035 4983 consensionem,
3083 4932 3176 4971 seu
3225 4914 3574 4969 differentiam

1990 5004 2358 5074 dignoseentes
2374 5046 2388 5070 ,
2419 5013 2594 5057 tamen
2616 5018 2708 5058 eas
2733 5018 2820 5056 res
2846 5001 3003 5054 falsas
3030 4998 3303 5053 nominare
3327 5012 3462 5067 quas
3487 5013 3575 5051 ve.

1991 5097 2242 5152 risimiles
2262 5093 2729 5165 deprehendimus.
2759 5092 2818 5146 A.
2849 5092 3096 5145 Dubitare
3125 5105 3229 5143 non
3262 5103 3498 5158 possum.

1991 5189 2212 5244 CAPUT
2256 5187 2361 5242 ΠΙ.
2383 5217 2454 5228 —
2473 5187 2551 5241 De
2577 5203 2690 5240 vero
2707 5195 2750 5240 et
2773 5185 2946 5240 simili.
2978 5182 3260 5253 Sotiloqut'a
3292 5199 3381 5236 cur
3418 5182 3571 5235 dicta.

2063 5283 2148 5336 15.
2178 5279 2246 5334 R.
2277 5279 2429 5334 Nunc
2463 5277 2698 5345 attende,
2727 5276 2851 5331 dum
2881 5275 3066 5330 eadem
3097 5289 3308 5328 rursum
3341 5274 3571 5328 recurri-

1991 5386 2145 5435 mus,
2176 5385 2280 5440 quo
2324 5370 2413 5423 ﬁat
2452 5369 2686 5438 apertius
2711 5365 2853 5437 quod
2890 5380 3144 5421 conamur
3173 5363 3473 5420 ostendere.
3507 5366 3568 5416 Α.

1996 5463 2209 5528 Eccum,
2241 5462 2456 5531 loquere
2475 5459 2617 5530 quod
2638 5460 2739 5513 vis.
2771 5457 2901 5512 Nam
2933 5472 3030 5527 ego
3056 5456 3386 5511 circumitum
3414 5457 3572 5512 istum

1993 5555 2158 5612 semel
2184 5555 2340 5608 statui
2365 5554 2612 5619 tolerare,
2645 5567 2815 5623 neque
2836 5551 2888 5605 in
2913 5566 2976 5605 eo
3001 5545 3285 5604 defetiscar
3309 5564 3403 5619 spe
3431 5559 3573 5604 tanta

1995 5648 2332 5718 perveniendi
2360 5661 2464 5718 quo
2505 5659 2600 5700 nos
2642 5644 2858 5700 tendere
2902 5643 3090 5700 sentio.
3136 5640 3201 5698 Β.
3234 5641 3376 5699 Bene
3420 5641 3569 5700 facis.

1993 5741 2098 5801 Sed
2127 5741 2337 5796 attende
2365 5749 2537 5795 utrum
2569 5738 2658 5797 tibi
2687 5737 2942 5806 videatur,
2979 5749 3098 5798 cum
3138 5750 3235 5798 uva
3275 5733 3464 5796 similia
3496 5732 3572 5799 vi-

2058 5846 2076 5884 ι
2096 5843 2293 5905 absumo
2305 5846 2444 5916 juxta
2461 5852 2567 5904 Lov.
2592 5851 2648 5907 At.
