4078 6366
517 359 610 431 891
1623 358 2174 432 SOLILOQUiOltUM
2213 357 2268 414 s.
2315 357 2674 418 AliGUS’l‘iNI

513 491 732 557 demus,
762 485 974 562 aliquod
1005 505 1187 546 eorum
1236 487 1421 546 falsum
1451 501 1571 544 esse
1609 495 1752 541 recte
1796 483 1892 539 nos
1939 496 2093 553 posse

511 582 710 640 dicere.
751 585 816 640 Α.
852 583 1008 638 Nullo
1053 584 1211 638 modo
1236 581 1461 636 videtur.
1507 579 1693 633 Omnia
1733 577 1872 632 enim
1915 575 1958 631 si
1996 574 2094 630 ova

511 686 664 743 sunt,
693 693 816 732 vera
842 677 937 730 ova
967 687 1105 730 sunt.
1140 676 1202 729 R.
1233 673 1366 740 Quid
1389 716 1403 738 ,
1434 688 1552 726 cum
1586 671 1650 726 de
1678 670 1894 740 speculo
1925 667 2092 722 resul-

511 775 630 823 tare
673 766 957 837 imaginem
1006 765 1284 822 videmus?
1317 763 1506 835 quibus
1552 763 1714 833 signis
1749 761 1931 815 falsam
1977 763 2096 815 e356

511 859 1051 930 comprehendimus?
1082 857 1140 912 Α.
1185 856 1399 914 Scilicet
1432 856 1570 925 quod
1601 869 1704 908 non
1733 857 1961 918 tenetur,
1990 866 2094 905 non

511 957 686 1012 sonat.
714 949 816 1005 non
847 965 939 1022 per
958 967 1015 1006 se
1039 959 1297 1014 movetur,
1323 964 1429 1002 non
1452 947 1598 1010 vivit,
1625 954 1678 1000 et
1703 945 1910 998 ca'teris
1938 944 2094 996 innu-

511 1036 884 1103 merabilibus,
916 1051 1035 1106 quas
1075 1034 1320 1104 prosequi
1361 1033 1573 1102 longum
1605 1041 1703 1086 est.
1741 1030 1808 1083 Β.
1843 1028 2010 1083 Video
2045 1039 2098 1083 te

452 1148 457 1153 ’
512 1128 658 1182 nolle
681 1128 970 1192 immorari,
996 1136 1051 1182 et
1077 1123 1433 1194 properationi
1451 1134 1553 1178 ture
1579 1137 1694 1176 mos
1714 1120 1975 1191 gerendus
1991 1130 2092 1174 est.

508 1217 723 1289 Itaque,
755 1235 819 1274 ne
844 1219 1052 1289 singula
1095 1225 1366 1286 repetam,
1410 1218 1453 1270 si
1491 1225 1546 1269 et
1576 1214 1649 1268 illi
1681 1212 1924 1268 homines
1962 1226 2096 1280 quos

508 1310 750 1366 videmus
778 1311 1073 1373 insomnis,
1097 1310 1297 1373 vivere,
1321 1308 1487 1377 loqui,
1512 1306 1680 1362 teneri
1708 1321 1735 1358 a
1762 1304 2096 1374 vigilantibus

510 1412 745 1474 possent,
773 1403 1008 1472 nihilque
1035 1403 1172 1456 inter
1199 1402 1342 1470 ipsos
1367 1399 1622 1462 differret,
1645 1407 1698 1451 et
1726 1411 1820 1452 eos
1845 1411 1978 1466 quos
2004 1410 2096 1450 ex-

509 1493 794 1565 pergefacti
823 1510 886 1548 ae
913 1495 1026 1548 sani
1063 1491 1383 1562 alloquimur
1407 1499 1460 1544 et
1487 1489 1728 1544 videmus
1747 1529 1764 1556 ,
1808 1487 2094 1557 rutmquid-

509 1603 633 1642 nam
664 1602 757 1641 eos
798 1587 958 1641 falsos
987 1584 1322 1642 diceremus?
1351 1584 1414 1638 Α.
1444 1583 1560 1652 Quo
1590 1592 1745 1653 pacto
1786 1581 1923 1636 istud
1956 1589 2098 1636 recte

509 1681 810 1736 diceretur?
839 1680 902 1734 Β.
928 1681 1064 1751 Ergo
1089 1680 1132 1736 si
1160 1694 1225 1734 eo
1249 1678 1362 1734 veri
1389 1687 1588 1745 essent,
1619 1691 1724 1746 quo
1751 1674 1862 1729 veri
1889 1675 2096 1729 similli-

511 1775 583 1828 mi
611 1783 964 1844 apparerent,
1013 1774 1251 1842 nihilque
1289 1771 1428 1826 inter
1469 1784 1563 1825 eos
1602 1779 1654 1824 et
1695 1783 1850 1822 veros
1879 1768 2098 1820 omnino

510 1863 746 1928 distaret,
781 1879 950 1934 eoque
979 1863 1095 1918 falsi
1123 1877 1228 1934 quo
1257 1879 1348 1932 per
1374 1863 1493 1916 illas
1516 1863 1597 1915 vel
1621 1862 1750 1914 alias
1771 1859 2097 1914 differentias

511 1952 798 2010 dissimiles
823 1956 1295 2017 convincerentur;
1330 1967 1506 2007 nonne
1531 1951 1927 2006 similitudinem
1955 1951 2097 2004 veri-

509 2045 635 2100 tatis
662 2055 902 2108 matrem,
931 2053 984 2099 et
1008 2045 1486 2099 dissimilitudinem
1519 2038 1756 2098 falsitatis
1782 2056 1902 2098 esse
1931 2042 2101 2095 faten-

511 2139 636 2194 dum
664 2139 784 2194 eSt?
811 2139 873 2192 Α.
907 2139 1018 2193 Νοιι
1050 2138 1216 2192 habeo
1239 2137 1364 2207 quid
1394 2137 1588 2203 dicam,
1620 2145 1673 2191 et
1698 2135 1857 2206 pudet
1879 2149 1965 2190 me
1993 2143 2099 2190 tam

517 2232 812 2287 temeraria:
838 2231 1204 2286 consensionis
1233 2245 1365 2284 mete
1387 2229 1694 2298 superioris.

586 2327 670 2380 14.
707 2325 772 2378 R.
805 2325 1102 2379 Ridiculum
1145 2333 1225 2376 est
1271 2323 1314 2377 si
1363 2330 1415 2378 te
1460 2320 1653 2391 pudet,
1687 2321 1836 2390 quasi
1881 2335 1985 2373 non
2032 2319 2101 2373 ob

513 2417 741 2488 idipsum
773 2418 1089 2487 elegerimus
1119 2415 1418 2485 huiusmodi
1449 2414 1922 2479 sermocinationes
1947 2431 1958 2466 :
1983 2415 2101 2483 quise

512 2511 761 2581 quoniam
791 2526 909 2564 cum
943 2509 1072 2564 solis
1097 2507 1249 2564 nobis
1278 2509 1564 2577 loquimur,
1591 2507 1882 2577 Soliloquia
1921 2507 2099 2561 vocari

512 2612 566 2656 et
596 2602 811 2657 inscribi
838 2601 992 2665 volo;
1025 2597 1164 2654 novo
1190 2600 1400 2669 quidem
1431 2608 1484 2654 et
1512 2597 1735 2653 fortasse
1761 2598 1893 2652 duro
1928 2599 2102 2652 notui-

512 2709 615 2760 ne,
649 2694 741 2748 sed
785 2694 850 2747 ad
887 2708 1000 2747 rem
1030 2688 1496 2747 demonstrandam
1542 2691 1672 2747 satis
1717 2690 1926 2745 idoneo.
1969 2690 2102 2744 Cum

513 2783 655 2838 cnim
685 2797 856 2854 neque
887 2782 1074 2837 melius
1101 2784 1264 2853 quaeri
1295 2783 1490 2837 veritas
1517 2783 1712 2852 possit,
1741 2797 1900 2852 quam
1929 2783 2098 2835 inter-

513 2878 749 2946 rogando
776 2886 830 2931 et
861 2875 1262 2946 respondendo,
1295 2884 1350 2930 et
1376 2877 1458 2929 vix
1492 2876 1768 2945 quisquam
1802 2875 2104 2930 inveniatur

514 2983 673 3036 quem
707 2984 810 3021 non
848 2968 1042 3037 pudeat
1070 2967 1310 3022 convinci
1345 2967 1704 3036 diSputautem
1725 3007 1738 3031 ,
1772 2981 1944 3036 eoque
1971 2982 2106 3036 pene

515 3071 730 3127 semper
761 3059 970 3113 eveniat
999 3067 1057 3113 ut
1085 3073 1198 3113 rem
1229 3057 1365 3113 bene
1395 3057 1662 3112 inductam
1704 3057 1771 3112 ad
1813 3057 2104 3112 discutien-

515 3153 642 3208 dum
692 3151 992 3207 inconditus
1037 3152 1348 3222 pervicaciae
1395 3148 1598 3206 clamor
1632 3151 1914 3220 explodet,
1948 3152 2106 3205 etiam

514 3260 634 3298 cum
669 3245 992 3299 laceratione
1021 3243 1316 3297 animorum
1338 3285 1353 3310 ,
1387 3244 1700 3314 plerumque
1741 3243 2067 3297 dissimulata
2087 3285 2101 3307 ,

517 3333 780 3391 interdum
809 3346 864 3392 et
891 3348 1106 3405 aperta;
1141 3334 1474 3406 pacatissime
1493 3378 1507 3404 ,
1542 3346 1599 3390 ut
1626 3337 1838 3405 opinor,
1875 3345 1928 3390 et
1955 3351 2104 3389 com-

516 3428 828 3482 modissime
876 3427 1102 3498 placuit,
1143 3442 1176 3482 a
1220 3428 1424 3497 meipso
1455 3429 1834 3497 interrogatum
1871 3427 2107 3495 mihique

516 3520 945 3589 respondentem,
973 3521 1080 3575 Deo
1100 3520 1404 3589 adjuvaute,
1428 3536 1610 3575 verum
1633 3535 1874 3590 quaerere
1903 3537 1915 3572 :
1940 3535 2106 3588 quare

516 3612 648 3667 nihil
678 3621 758 3666 est
786 3612 925 3682 quod
955 3627 1190 3675 vereare,
1220 3612 1388 3666 sicubi
1425 3622 1475 3666 te
1503 3621 1705 3667 temere
1735 3611 1944 3680 illigasti
1969 3652 1982 3676 ,
2016 3626 2104 3665 re-

516 3701 633 3757 dire
649 3711 806 3772 atque
819 3703 1119 3766 resolvere;
1143 3703 1294 3756 aliter
1312 3702 1434 3756 hinc
1455 3703 1595 3756 enim
1611 3703 1763 3757 evadi
1789 3718 1890 3755 non
1912 3711 2102 3771 potest.

704 3797 930 3853 CAPUT
976 3797 1104 3852 VIII.
1126 3826 1199 3837 —
1221 3795 1368 3851 Unde
1395 3812 1565 3850 verum
1590 3806 1676 3848 aut
1707 3796 1912 3866 falsum.

587 3891 675 3945 I5.
700 3891 760 3943 Α.
794 3891 954 3944 Recte
977 3889 1147 3954 dicis;
1178 3888 1272 3942 sed
1299 3888 1424 3958 quid
1456 3888 1592 3941 male
1617 3887 1978 3942 concesserim
2000 3902 2104 3942 non

516 3984 674 4052 plane
701 3981 854 4035 video
879 3999 892 4034 :
921 3981 1019 4034 nisi
1050 3979 1184 4033 forte
1216 3979 1266 4032 id
1300 3989 1442 4033 recte
1468 3977 1575 4034 dici
1602 3975 1794 4032 falsum
1833 3978 1975 4048 quod
2006 3979 2106 4032 ha-

517 4074 642 4128 beat
668 4074 896 4143 aliquam
927 4071 1036 4126 veri
1067 4071 1466 4128 similitudinem
1489 4113 1504 4137 ,
1549 4085 1670 4125 eum
1714 4084 1933 4140 prorsus
1978 4071 2106 4125 mihi

518 4165 650 4220 nihil
676 4164 816 4218 aliud
857 4165 1070 4232 digmun
1107 4162 1223 4216 falsi
1266 4164 1477 4218 nomine
1506 4171 1784 4228 occurrat;
1828 4172 1884 4218 et
1922 4179 2108 4218 rursus

516 4266 696 4310 tamen
724 4269 886 4322 cogor
915 4254 1063 4308 fateri
1090 4270 1155 4309 eo
1182 4253 1311 4309 falsa
1340 4251 1516 4320 vocari
1551 4269 1668 4324 quae
1694 4263 1972 4318 vocantur,
2001 4268 2107 4323 quo

513 4363 542 4402 a
574 4345 715 4402 veris
741 4345 1008 4403 differunt.
1040 4345 1116 4401 Ex
1145 4362 1250 4417 quo
1287 4331 1567 4402 coriiicitur
1595 4363 1711 4402 eam
1752 4345 1918 4416 ipsam
1947 4346 2104 4401 dissi-

519 4438 867 4494 militudinem
894 4453 1111 4493 causam
1140 4455 1260 4494 esse
1287 4438 1551 4493 falsitatis.
1578 4439 1757 4508 Itaque
1777 4440 2102 4503 conturbor;

516 4545 625 4586 non
668 4531 810 4585 enim
854 4530 982 4585 mihi
1029 4530 1182 4587 facile
1226 4529 1510 4601 quidquam
1554 4531 1698 4585 venit
1739 4531 1790 4584 iu
1835 4538 2104 4598 mentem,

516 4622 656 4692 quod
681 4623 963 4677 contrariis
990 4625 1165 4677 causis
1190 4622 1453 4692 gignatur.
1478 4622 1544 4677 R.
1568 4622 1726 4689 Quid,
1751 4623 1793 4676 si
1816 4621 1918 4677 hoc
1943 4639 2105 4677 unum

519 4723 604 4769 est
628 4715 678 4768 in
705 4729 883 4770 rerum
914 4724 1101 4770 natura
1129 4731 1316 4784 genus,
1340 4725 1395 4769 et
1420 4715 1590 4768 solum
1615 4714 1758 4785 quod
1780 4714 1850 4768 ita
1879 4715 1988 4770 sit?
2025 4715 2106 4768 An

516 4806 757 4875 ignoras,
800 4819 921 4860 cum
964 4819 1061 4876 per
1103 4803 1410 4860 animalium
1458 4805 1866 4860 innumerabilia
1914 4820 2106 4874 genera

512 4895 831 4963 cucurreris,
864 4896 1036 4950 solum
1066 4895 1388 4951 crocodilum
1416 4895 1640 4950 inveniri
1662 4897 1748 4966 qui
1779 4896 2107 4964 superiorem

516 4988 566 5042 iu
598 4988 899 5043 mandendo
927 4998 1134 5059 partem
1177 4997 1422 5054 moveat;
1466 4990 1760 5058 praesertim
1807 5003 1926 5043 cum
1973 5003 2109 5058 pene

513 5080 737 5151 reperiri
767 5080 896 5136 nihil
935 5076 1092 5153 queat
1137 5081 1206 5136 ita
1245 5083 1435 5152 cuique
1461 5081 1536 5135 rei
1564 5081 1766 5148 simile,
1811 5090 1867 5135 ut
1905 5097 2008 5134 non
2054 5082 2106 5136 in

514 5175 692 5246 aliquo
717 5177 878 5231 etiam
903 5175 1162 5231 dissimile
1188 5175 1295 5230 sit?
1317 5173 1379 5228 Α.
1403 5174 1570 5230 Video
1595 5163 1809 5244 quidem
1851 5175 1983 5240 ista;
2013 5175 2107 5230 sed

516 5283 638 5322 cum
665 5265 948 5323 considero
978 5266 1106 5323 illud
1137 5267 1278 5338 q'uod
1319 5267 1507 5322 falsum
1536 5281 1788 5322 vocamus
1807 5307 1824 5333 ,
1855 5277 1907 5322 et
1935 5267 2108 5323 simile

515 5359 714 5430 aliquid
753 5359 951 5416 habere
979 5361 1091 5416 veri
1123 5369 1176 5416 et
1203 5349 1494 5424 dissimile,
1524 5373 1590 5414 ex
1621 5375 1724 5430 qua
1751 5360 1929 5430 potius
1954 5369 2106 5431 parte

463 5447 468 5454 ’
515 5453 773 5510 meruerit
799 5453 910 5524 falsi
940 5469 1134 5510 nomen
1157 5495 1172 5521 ,
1201 5467 1305 5508 non
1336 5451 1484 5507 valeo
1508 5450 1831 5507 discernere.
1873 5452 1928 5508 Si
1965 5453 2105 5508 enim

518 5562 585 5602 ex
628 5561 694 5600 eo
741 5546 881 5617 quod
931 5545 1189 5603 dissimile
1223 5553 1337 5613 est,
1377 5545 1594 5609 dixero;
1647 5545 1780 5601 nihil
1828 5547 1928 5600 erit
1965 5546 2108 5616 quod

522 5651 630 5694 non
658 5638 850 5696 falsum
905 5639 1006 5695 dici
1065 5640 1231 5708 possit
1261 5656 1274 5693 :
1303 5637 1435 5694 nihil
1481 5638 1622 5693 enim
1675 5645 1756 5692 est
1803 5637 1941 5706 quod
2000 5653 2102 5691 non

522 5727 678 5786 alicui
732 5731 808 5786 rei
856 5730 1115 5786 dissimile
1161 5729 1259 5794 sit,
1309 5745 1467 5799 quam
1520 5738 1699 5782 veram
1745 5744 1864 5783 esse
1908 5743 2101 5783 conce-

517 5821 712 5880 dimus.
739 5822 892 5895 Item,
916 5822 964 5881 si
988 5823 1174 5882 dixero
1201 5837 1268 5880 eo
1292 5821 1435 5894 quod
1457 5822 1633 5881 simile
1659 5829 1762 5889 est,
1795 5821 1982 5879 falsum
2013 5835 2108 5894 ap-

3681 363 3780 423 89!

2202 477 2501 546 pellandum
2523 494 2536 542 ;
2559 493 2662 533 non
2694 478 2866 534 solum
2888 493 2988 532 ova
3013 477 3099 534 illa
3127 477 3488 536 reclamabant
3515 497 3633 552 qua:
3657 501 3778 541 vera

2200 581 2264 622 eo
2295 569 2408 638 ipso
2446 577 2567 624 sunt
2594 585 2700 640 quo
2740 571 3038 632 simillima,
3073 571 3166 626 sed
3195 573 3354 627 etiam
3398 576 3475 628 sic
3517 593 3620 630 non
3650 578 3782 633 effu-

2200 659 2336 731 giam
2369 678 2488 715 eum
2521 663 2608 732 qui
2637 678 2722 717 me
2753 665 2984 733 coegerit
3011 657 3140 718 falsa
3170 680 3288 720 esse
3318 669 3491 721 omnia
3523 673 3779 736 conliteri,

2201 754 2341 823 quod
2387 754 2562 808 omnia
2591 755 2690 810 sibi
2719 771 2783 810 ex
2813 757 2986 826 aliqua
3023 767 3174 828 parte
3217 759 3405 813 similia
3445 775 3564 815 esse
3593 779 3785 832 negare

2202 864 2304 900 non
2336 863 2571 918 possum.
2603 849 2708 904 Sed
2757 849 2838 903 fac
2878 865 2966 904 me
3007 867 3110 905 non
3145 859 3380 908 metuere
3411 853 3536 908 illud
3571 870 3788 924 respon-

2201 935 2348 1002 dere,
2379 939 2774 994 similitudinem
2802 957 2861 994 ac
2882 941 3364 998 dissimilitudinem
3395 945 3551 1000 simul
3579 945 3790 1004 efficere

2203 1037 2260 1082 ut
2288 1030 2485 1108 aliquid
2529 1031 2717 1086 falsum
2762 1042 2905 1087 recte
2949 1035 3287 1100 nominetur;
3315 1051 3472 1107 quam
3504 1039 3631 1093 mihi
3662 1054 3788 1095 eva-

2200 1123 2358 1177 dendi
2409 1126 2543 1178 viam
2591 1125 2778 1181 dabis?
2825 1113 3109 1181 lnstabitur
3154 1129 3297 1184 enim
3349 1130 3694 1186 nihilominus
3735 1141 3792 1189 ut

2201 1211 2374 1268 ciuilia
2409 1217 2533 1270 falsa
2563 1233 2681 1272 esse
2710 1220 3036 1284 renuntiem;
3060 1221 3253 1291 quippe
3275 1223 3450 1276 omnia
3478 1224 3712 1290 sibimet,
3739 1236 3795 1281 ut

2201 1309 2357 1377 supra
2387 1309 2584 1364 dictum
2614 1320 2714 1377 est,
2745 1320 2797 1367 et
2825 1312 3016 1367 similia
3046 1314 3273 1382 quadam
3303 1331 3367 1370 ex
3397 1324 3563 1384 parte,
3595 1327 3649 1372 et
3681 1318 3792 1373 dis-

2201 1400 2388 1454 similia
2414 1402 2768 1470 repcriuntur.
2795 1403 3038 1458 Restaret
3061 1411 3116 1458 ut
3138 1405 3266 1458 nihil
3294 1407 3434 1461 aliud
3463 1407 3650 1462 falsum
3675 1425 3794 1464 esse

2201 1491 2456 1559 dicerem,
2492 1495 2588 1548 nisi
2621 1495 2758 1563 quod
2789 1494 2942 1550 aliter
2971 1513 3026 1551 se
3059 1498 3278 1553 haberet
3315 1508 3472 1570 atque
3500 1500 3791 1568 videretur,

2203 1585 2254 1638 ni
2287 1601 2501 1640 vererer
2526 1588 2608 1640 illa
2633 1595 2708 1641 tot
2739 1595 2971 1642 monstra
2999 1605 3114 1658 qua:
3143 1607 3228 1645 me
3257 1591 3453 1645 dudum
3483 1596 3794 1664 enavigasse

2201 1676 2517 1732 arbitrabar.
2550 1677 2682 1732 Nam
2711 1695 2777 1734 eo
2807 1696 3015 1734 rursum
3056 1683 3286 1750 repellor
3321 1684 3577 1754 vertigine
3616 1685 3795 1755 inopi-

2203 1775 2357 1833 nata,
2402 1776 2456 1821 ut
2495 1783 2675 1822 verum
2725 1768 2777 1823 id
2821 1786 2940 1826 esse
2967 1769 3139 1826 dicam
3170 1773 3312 1842 quod
3354 1773 3422 1828 ita
3454 1790 3512 1828 se
3552 1776 3709 1830 habet
3740 1787 3796 1832 ut

2200 1859 2427 1914 videtur.
2458 1859 2536 1914 Ex
2563 1869 2666 1930 quo
2692 1864 2855 1916 confit
2884 1864 2997 1917 sine
3022 1865 3296 1933 cognitore
3319 1866 3444 1920 nihil
3468 1883 3651 1922 verum
3674 1885 3797 1924 esse

2205 1967 2358 2021 posse
2387 1971 2402 2007 :
2431 1953 2515 2008 ubi
2544 1953 2672 2009 mihi
2705 1956 3034 2026 naufragium
3065 1957 3116 2011 iu
3153 1960 3385 2028 scopulis
3420 1961 3796 2015 oceultissimis

2202 2044 2590 2102 formidandum
2621 2053 2722 2114 est,
2761 2049 2849 2120 qui
2882 2050 2992 2105 veri
3023 2062 3176 2119 sunt,
3217 2053 3424 2107 etiamsi
3470 2055 3795 2110 nesciantur.

2206 2129 2336 2204 Aul,
2367 2139 2412 2193 si
2443 2155 2623 2194 verum
2652 2155 2771 2195 esse
2801 2140 2852 2195 id
2891 2142 3030 2211 quod
3068 2151 3151 2197 est
3193 2143 3410 2210 dixero,
3455 2144 3642 2200 falsum
3687 2162 3797 2201 non

2204 2245 2324 2285 esse
2365 2233 2569 2301 uspiam
2609 2234 2970 2300 concludetur,
3003 2235 3190 2305 quovis
3228 2246 3578 2307 repugnante.
3614 2239 3799 2309 Itaque

2205 2319 2430 2378 redeunt
2460 2323 2530 2378 illi
2563 2335 2755 2393 :estus,
2781 2342 2881 2382 nec
2909 2327 3192 2397 quidquam
3222 2335 3366 2383 tanta
3405 2330 3655 2399 patientia
3681 2347 3803 2386 mo-

2204 2429 2381 2468 rarum
2414 2425 2619 2471 tuarum
2654 2415 2978 2487 processisse
3007 2435 3092 2476 me
3117 2419 3294 2476 video.

2242 2506 2467 2565 CAPUT
2508 2508 2599 2564 IX.
2635 2540 2706 2551 —
2744 2511 2877 2578 Quid
2932 2513 3120 2584 falsum
3144 2553 3160 2580 ,
3203 2512 3326 2583 quid
3355 2513 3518 2583 fallax
3559 2522 3606 2569 et
3641 2515 3768 2585 quid

2877 2603 3114 2657 mendax.

2279 2686 2367 2744 16.
2399 2689 2462 2746 R.
2493 2692 2720 2747 Attende
2746 2693 2952 2763 potius;
2987 2711 3106 2749 nam
3133 2697 3276 2751 nullo
3298 2697 3456 2752 modo
3481 2696 3534 2753 in
3561 2699 3805 2755 animum

2207 2780 2487 2844 inducam,
2530 2783 2722 2838 frustra
2765 2799 2860 2838 nos
2903 2785 3151 2840 auxilium
3183 2787 3421 2842 divinum
3460 2787 3806 2859 implorasse.

2208 2873 2373 2928 Video
2399 2876 2571 2939 enim,
2605 2877 2816 2930 tentatis
2846 2887 3098 2944 quantum
3141 2879 3412 2947 potuimus
3437 2881 3684 2934 omnibus
3715 2896 3810 2936 re-

2206 2963 2324 3028 bus,
2342 2979 2444 3018 non
2464 2967 2785 3021 remansisse
2801 2968 2937 3037 quod
2958 2967 3144 3023 falsum
3158 2970 3278 3038 jure
3295 2971 3520 3038 dicatur,
3539 2973 3637 3026 nisi
3657 2975 3808 3043 quod

2208 3057 2298 3109 aut
2325 3070 2383 3110 se
2415 3057 2560 3126 lingit
2597 3072 2716 3112 esse
2755 3061 2894 3127 quod
2921 3074 3025 3113 non
3053 3070 3154 3124 est,
3185 3070 3275 3114 aut
3301 3064 3516 3116 omnino
3541 3077 3661 3118 esse
3693 3074 3811 3119 ten-

2208 3146 2284 3202 dit
2305 3159 2356 3202 et
2383 3165 2487 3202 non
2512 3157 2612 3204 est.
2637 3149 2741 3205 Sed
2767 3151 2890 3205 illud
2918 3153 3162 3220 superius
3191 3153 3303 3207 falsi
3326 3169 3511 3225 genus.
3533 3156 3616 3210 vel
3640 3155 3812 3212 fallax

2209 3242 2401 3309 etiam,
2433 3243 2513 3297 vel
2559 3244 2788 3298 mendax
2821 3251 2920 3300 est.
2967 3245 3101 3300 Nam
3139 3248 3298 3304 fallax
3337 3245 3387 3302 id
3435 3259 3578 3306 recte
3607 3249 3812 3306 dicitur

2209 3332 2348 3400 quod
2395 3333 2554 3388 habet
2593 3336 2875 3405 quemdam
2925 3336 3138 3391 fallendi
3188 3341 3512 3409 appetitum;
3554 3343 3643 3411 qui
3685 3344 3812 3399 sine

2210 3424 2383 3478 anima
2436 3425 2655 3497 intelligi
2703 3443 2806 3481 non
2853 3438 3070 3499 potest:
3101 3429 3192 3483 sed
3234 3432 3423 3499 partim
3464 3433 3666 3489 ratione
3707 3435 3807 3502 ﬁt,

2211 3515 2400 3582 partim
2432 3526 2649 3583 natura;
2680 3519 2904 3584 ratione,
2937 3521 2985 3572 in
3009 3519 3326 3575 animalibus
3354 3523 3716 3591 rationalibus,
3743 3536 3812 3582 ut

2210 3604 2262 3658 iu
2293 3606 2536 3670 homine;
2571 3619 2777 3674 natura,
2810 3609 2859 3662 in
2893 3609 3095 3676 beStiis,
3131 3620 3379 3682 tauquam
3412 3615 3462 3667 in
3495 3615 3802 3684 vulpecula.

2210 3698 2340 3752 Illud
2369 3709 2543 3754 autem
2575 3702 2714 3770 quod
2756 3703 2980 3757 mendax
3020 3719 3180 3769 voco,
3225 3721 3255 3758 a
3298 3707 3677 3772 mentientibus
3718 3711 3809 3764 fit.

2210 3791 2307 3859 Qui
2349 3791 2451 3845 hoc
2485 3791 2732 3848 differunt
2761 3809 2790 3847 a
2830 3793 3127 3882 fallacibus,
3160 3797 3299 3867 quod
3330 3799 3503 3851 omnis
3531 3798 3684 3855 fallax
3709 3815 3814 3870 ap-

2209 3882 2342 3951 petit
2378 3883 2592 3949 fallere;
2638 3897 2742 3938 non
2780 3895 2953 3939 autem
2983 3887 3158 3941 omnis
3185 3889 3300 3942 vult
3328 3887 3510 3945 fallere
3537 3892 3626 3960 qui
3653 3908 3813 3948 men-

2212 3974 2379 4026 titur:
2412 3989 2532 4027 nam
2569 3984 2623 4028 et
2655 3976 2800 4029 mimi
2840 3987 2893 4031 et
2932 3978 3208 4033 COIIIdetB
3251 3988 3305 4034 et
3349 3980 3512 4033 multa
3557 3965 3812 4052 poemata

2210 4062 2610 4118 mendaciorum
2669 4063 2823 4135 plena
2871 4077 3028 4134 sunt,
3075 4067 3373 4125 delectandi
3421 4071 3595 4140 potius
3641 4088 3812 4142 quam

2210 4153 2422 4208 fallendi
2453 4157 2755 4219 voluntate,
2786 4166 2839 4212 et
2865 4175 3050 4214 omnes
3078 4160 3188 4216 fere
3225 4163 3315 4231 qui
3349 4162 3613 4232 joeantur,
3648 4180 3810 4218 men—

2212 4249 2434 4303 tiuntur.
2477 4248 2580 4304 Sed
2615 4250 2770 4304 fallax
2812 4253 2894 4306 vel
2926 4253 3114 4308 fallens
3155 4255 3198 4310 is
3230 4263 3371 4310 recte
3407 4255 3620 4323 dicitur,
3649 4257 3812 4326 cujus

2213 4344 2476 4412 negotium
2506 4354 2585 4398 est
2612 4351 2667 4397 ut
2700 4347 2922 4416 quisque
2955 4346 3185 4401 fallatur.
3212 4347 3286 4402 Illi
3312 4357 3486 4403 autem
3509 4351 3596 4418 qui
3617 4365 3722 4405 non
3749 4351 3810 4406 id

2211 4443 2376 4502 agunt
2419 4441 2478 4488 ut
2514 4433 2811 4503 decipiant,
2852 4437 2944 4491 sed
2989 4446 3163 4491 tamen
3202 4438 3398 4509 aliquid
3445 4440 3679 4510 fingunt,
3718 4443 3811 4496 vel

2213 4525 2494 4578 mendaces
2533 4534 2756 4589 tantum,
2787 4526 2866 4580 vel
2901 4528 2944 4581 si
2986 4543 3052 4582 ne
3090 4528 3192 4583 hoc
3221 4529 3454 4598 quidem,
3485 4531 3812 4588 mentientes

2215 4625 2391 4672 tamen
2413 4615 2588 4672 vocari
2617 4634 2774 4674 nemo
2799 4618 3022 4690 ambigit
3045 4635 3058 4674 :
3082 4621 3183 4676 nisi
3206 4621 3332 4692 quid
3361 4621 3528 4678 habes
3547 4624 3814 4680 adversus

2212 4711 2311 4766 ista
2335 4711 2474 4782 quod
2501 4713 2666 4766 dicas.

2286 4806 2370 4859 I7.
2401 4805 2463 4858 Α.
2511 4806 2697 4876 Perge,
2729 4821 2943 4876 quaeso;
2976 4822 3116 4862 nunc
3147 4808 3288 4862 enim
3318 4808 3541 4865 fortasse
3565 4810 3630 4866 de
3658 4809 3814 4868 falsis

2214 4911 2318 4951 non
2348 4895 2478 4952 falsa
2505 4895 2698 4953 docere
2725 4899 2931 4968 cmpisti
2961 4917 2972 4953 :
3001 4900 3093 4955 sed
3124 4900 3236 4971 jam
3262 4901 3390 4956 illud
3415 4919 3584 4974 genus
3607 4918 3808 4975 exspe-

2212 4998 2297 5042 cto
2322 4989 2477 5058 quale
2520 4991 2588 5044 sit
2625 4990 2764 5060 quod
2794 4990 3002 5056 dixisti,
3031 5007 3150 5047 esse
3179 4994 3348 5049 tendit
3371 5002 3426 5049 et
3454 5011 3558 5049 non
3590 5005 3690 5050 est.
3731 4996 3805 5050 Β.

2213 5082 2404 5148 Quidni
2421 5083 2727 5152 exspectes?
2741 5083 2940 5139 Eadem
2955 5085 3042 5139 illa
3058 5095 3200 5152 sunt,
3215 5102 3439 5156 quorum
3458 5088 3620 5142 multa
3638 5103 3808 5158 supra

2213 5174 2644 5228 memoravimus.
2682 5176 2873 5229 Annon
2903 5173 2994 5230 tibi
3033 5176 3240 5230 videtur
3266 5177 3440 5247 imago
3468 5186 3555 5232 tua
3587 5177 3652 5232 de
3680 5192 3808 5247 spe-

2213 5266 2333 5319 culo
2353 5265 2500 5335 quasi
2525 5274 2577 5319 tu
2602 5265 2714 5335 ipse
2742 5266 2878 5321 velle
2904 5281 3044 5332 esse,
3069 5267 3164 5323 sed
3188 5267 3306 5322 ideo
3330 5283 3451 5324 esse
3476 5268 3628 5334 falsa,
3658 5269 3807 5338 quod

2214 5371 2319 5410 non
2347 5356 2460 5411 est?
2482 5355 2544 5408 A.
2574 5356 2737 5411 Valde
2764 5355 2864 5412 hoc
2894 5357 3122 5412 videtur.
3149 5358 3215 5413 R.
3239 5358 3382 5425 Quid
3405 5361 3578 5415 onmis
3599 5361 3804 5429 pictura

2212 5451 2297 5505 vel
2321 5451 2677 5522 cuiuscemodi
2705 5451 3067 5518 simulacrum,
3097 5460 3151 5507 et
3175 5452 3228 5507 id
3256 5468 3426 5524 genus
3453 5455 3628 5509 omnia
3649 5453 3808 5523 opifi-

2213 5547 2372 5601 cum?
2407 5561 2580 5600 uonne
2613 5545 2741 5600 illud
2769 5561 2888 5601 esse
2921 5546 3268 5608 contendunt,
3302 5547 3368 5602 ad
3395 5549 3544 5617 cujus
3569 5546 3806 5616 quidque

2213 5638 2610 5693 similitudinem
2657 5636 2852 5691 factum
2901 5637 3019 5692 est?
3059 5638 3122 5691 Α.
3164 5639 3388 5692 Prorsus
3432 5637 3683 5693 adducor.
3730 5634 3800 5690 II.

2211 5730 2327 5786 Jam
2361 5746 2420 5784 ea
2449 5730 2639 5800 quibus
2670 5731 2749 5783 vel
2779 5729 3110 5785 dormientes
3151 5730 3233 5785 vel
3263 5729 3498 5785 furentes
3526 5728 3798 5794 falluntur,

2209 5822 2494 5892 concedis,
2524 5829 2580 5877 ut
2616 5821 2824 5893 opinor,
2858 5822 2911 5878 in
2950 5837 3016 5880 eo
3057 5837 3178 5880 esse
3201 5835 3432 5896 "genere.
3463 5822 3527 5878 Α.
3564 5818 3633 5878 Et
3655 5819 3799 5880 nulla
