4078 6366
352 526 519 598 magis
547 544 560 582 :
591 542 712 582 nam
741 523 884 582 nulla
912 525 1078 598 magis
1104 524 1324 582 tendunt
1348 523 1468 581 talia
1493 538 1633 590 esse,
1662 517 1833 592 qualia
1854 520 1937 574 vel

350 619 631 688 vigilantes
658 619 740 674 vel
778 619 890 674 sani
932 628 1190 684 cernunt;
1223 627 1276 673 et
1312 634 1375 672 co
1413 627 1587 672 tamen
1619 615 1750 671 falsa
1781 621 1938 680 sunt,

352 728 456 783 quo
485 712 536 767 id
563 709 703 782 quod
738 711 959 766 tendunt
999 727 1117 767 esse
1151 728 1254 766 non
1294 706 1536 781 possunt.
1568 711 1636 766 R.
1669 709 1804 778 Quid
1830 711 1941 780 jam

349 805 416 861 de
452 806 676 861 turrium
707 813 854 860 motu
875 848 889 866 .
919 805 1000 859 vel
1028 805 1094 859 de
1125 811 1300 859 merSo
1329 819 1505 872 remo,
1536 801 1618 858 vel
1645 802 1711 858 de
1739 801 1941 856 umbris

349 913 631 966 corporum
675 895 823 966 plura
851 896 1063 950 dicam?
1095 893 1312 949 Planum
1341 903 1453 960 est,
1495 901 1554 948 ut
1593 892 1840 959 arbitror,
1874 908 1939 946 ex

348 985 450 1044 hac
482 989 659 1058 regula
687 1003 804 1042 esse
831 988 1116 1041 metienda.
1151 985 1213 1038 Α.
1246 984 1637 1040 Planissimum.
1666 982 1734 1036 Β.
1767 983 1939 1037 Taceo

348 1077 413 1134 de
441 1078 649 1134 czeteris
680 1078 956 1142 'settsibus;
991 1093 1110 1132 nam
1139 1092 1296 1131 nemo
1325 1075 1670 1131 considerans
1705 1090 1806 1129 non
1838 1071 1938 1128 hoc

350 1169 610 1231 inveniet,
644 1167 831 1223 falsum
873 1168 1124 1238 appellari
1169 1168 1220 1222 in
1259 1167 1418 1243 rebus
1459 1166 1587 1236 ipsis
1640 1180 1772 1236 quas
1815 1179 1939 1219 sen-

350 1263 530 1326 timus,
564 1260 704 1333 quod
731 1273 850 1315 esse
879 1259 1073 1330 aliquid
1107 1257 1273 1313 tendit
1301 1267 1352 1312 et
1383 1272 1486 1312 non
1515 1265 1616 1312 est.

522 1345 749 1410 CAPUT
779 1352 847 1408 X.
880 1382 950 1394 -—-
979 1351 1224 1419 Qmedam
1253 1367 1310 1406 eo
1335 1367 1451 1405 vera
1479 1367 1577 1420 quo
1605 1350 1756 1419 falsa.

419 1447 508 1501 18.
559 1446 619 1500 Α.
662 1443 829 1500 Recte
867 1443 1000 1498 dicis
1030 1462 1042 1499 :
1077 1442 1170 1499 sed
1203 1443 1367 1497 miror
1392 1458 1485 1496 cur
1510 1441 1576 1496 ab
1614 1439 1715 1494 hoc
1742 1454 1936 1510 genere

346 1539 440 1594 tibi
469 1538 792 1594 secernenda
825 1535 912 1592 illa
942 1541 1182 1606 poemata
1211 1545 1263 1590 ct
1291 1535 1409 1606 juca
1442 1533 1552 1590 visa
1583 1541 1741 1599 sunt,
1773 1540 1936 1586 crete-

346 1639 527 1701 ‘ncque
554 1630 793 1684 fallaciae.
825 1627 892 1684 Β.
921 1629 1053 1698 Quia
1083 1627 1281 1683 scilicet
1311 1626 1451 1681 aliud
1480 1633 1562 1680 est
1599 1625 1787 1680 falsum
1818 1639 1936 1679 esse

341 1725 502 1789 velle,
535 1721 675 1778 aliud
707 1729 889 1778 verum
920 1737 1039 1776 esse
1069 1737 1172 1775 non
1213 1733 1386 1791 posse.
1423 1719 1600 1788 Itaque
1633 1717 1739 1786 ipsa
1775 1730 1934 1785 opera

347 1815 621 1871 hominum
648 1814 788 1868 velut
818 1813 1108 1868 commdias
1135 1820 1224 1865 aut
1253 1810 1564 1881 tragoedias,
1597 1818 1686 1862 aut
1714 1808 1946 1872 mimos,“

344 1916 399 1962 et
424 1907 475 1961 id
501 1920 666 1974 genus
691 1903 790 1959 alia
815 1918 1093 1974 possumus
1116 1903 1360 1972 operibus
1387 1902 1643 1972 pictorum
1668 1899 1937 1953 lictorum-

346 2015 448 2070 que
473 1999 812 2068 conjungere.
855 1997 986 2051 Tam
1026 1997 1168 2052 enim
1197 2011 1354 2049 verus
1401 2007 1518 2049 esse
1567 1993 1736 2062 pictus
1775 1989 1936 2044 homo

346 2106 452 2146 non
479 2098 670 2159 potest,
695 2089 935 2159 quamvis
963 2087 1012 2142 in
1046 2087 1275 2157 speciem
1297 2085 1528 2139 huminis
1549 2083 1749 2149 tendat,
1776 2097 1934 2152 quam

346 2179 436 2237 illa
455 2197 572 2251 quae
599 2180 792 2250 scripta
823 2185 946 2234 sunt
973 2179 1023 2232 in
1051 2177 1201 2232 libris
1221 2178 1566 2232 comicorum.
1591 2175 1770 2245 Neque
1793 2173 1933 2228 enim

345 2272 478 2329 falsa
509 2281 626 2329 che
651 2273 852 2337 volunt,
879 2279 969 2326 aut
995 2267 1099 2324 ullo
1125 2271 1358 2340 appetitu
1383 2284 1480 2323 suo
1505 2267 1635 2322 falsa
1664 2265 1818 2331 sunt;
1842 2265 1934 2320 sed

345 2365 570 2437 quadam
606 2363 956 2428 necessitate,
988 2373 1243 2433 quantum
1275 2359 1518 2432 fingentis
1547 2353 1818 2414 arbitrium
1847 2373 1935 2413 se-

346 2461 434 2533 qui
482 2469 788 2532 potuerunt.
838 2463 908 2514 At
948 2473 1074 2513 vero
1119 2456 1173 2512 in
1215 2471 1372 2511 scena
1413 2455 1636 2510 Roscius
1666 2449 1954 2522 voluntate

345 2554 476 2610 falsa
510 2547 717 2609 Hecuba
740 2560 873 2620 erat,
902 2559 1085 2605 natura
1109 2566 1267 2605 verus
1296 2547 1488 2612 homo;
1521 2545 1612 2601 sed
1638 2544 1726 2600 illa
1752 2544 1939 2598 volun-

346 2655 454 2702 tate
480 2647 637 2701 etiam
666 2659 823 2700 verus
851 2643 1140 2714 tragoedus,
1168 2657 1233 2696 eo
1259 2640 1505 2696 videlicet
1529 2653 1633 2709 quo
1665 2636 1932 2707 implebat,

346 2740 648 2795 institutum
674 2757 688 2794 :
713 2735 877 2792 falsus
905 2745 1082 2790 autem
1112 2729 1369 2798 Priamus,
1405 2747 1467 2786 eo
1496 2729 1637 2801 quod
1667 2730 1935 2784 Priamum

346 2829 694 2891 assimilahat,
724 2827 817 2882 sed
850 2828 961 2896 ipse
1005 2841 1110 2879 non
1137 2831 1270 2879 erat.
1313 2821 1393 2878 Ex
1422 2838 1526 2892 quo
1550 2823 1661 2892 jam
1705 2820 1938 2874 nascitur

348 2923 598 2994 quiddam
637 2919 906 2987 mirabile,
935 2921 1074 2990 quod
1112 2927 1287 2974 tamen
1332 2918 1401 2972 ita
1447 2932 1504 2971 se
1545 2916 1738 2970 habere
1781 2929 1936 2968 nemo

347 3017 585 3087 ambigit.
615 3016 677 3068 Α.
708 3007 968 3082 Quidnam
998 3013 1048 3068 id
1084 3011 1206 3067 est?
1231 3009 1298 3067 R.
1330 3009 1464 3078 Quid
1497 3018 1666 3080 putas,
1695 3009 1795 3063 nisi
1824 3007 1937 3062 haec

349 3110 526 3163 omnia
566 3105 685 3162 inde
710 3120 830 3162 esse
859 3105 910 3161 in
936 3099 1252 3176 quibusdam
1282 3117 1436 3169 vera,
1468 3101 1608 3156 unde
1638 3100 1689 3154 in
1717 3099 1934 3170 quihus-

347 3200 469 3256 dam
498 3200 624 3256 falsa
646 3207 786 3263 sunt,
811 3191 864 3254 et
889 3197 953 3252 ad
980 3212 1132 3252 suum
1160 3209 1341 3251 verum
1364 3196 1462 3250 hoc
1483 3193 1653 3249 solum
1677 3193 1753 3249 eis
1782 3191 1938 3264 prod-

349 3309 467 3348 esse
487 3335 501 3359 ,
537 3291 675 3362 quod
706 3291 770 3345 ad
803 3289 941 3344 aliud
971 3289 1099 3345 falsa
1129 3287 1285 3344 sunt?
1313 3287 1464 3344 Unde
1490 3287 1554 3342 ad
1583 3283 1634 3341 id
1657 3283 1794 3357 quod
1821 3301 1938 3340 esse

349 3394 438 3438 aut
464 3384 649 3438 volunt
673 3392 761 3437 aut
788 3377 1002 3447 debent,
1029 3381 1172 3434 nullo
1193 3379 1350 3434 modo
1378 3378 1707 3450 perveniunt,
1735 3377 1778 3431 si
1805 3377 1936 3431 falsa

350 3479 467 3533 esse
499 3477 724 3548 fugiunt.
771 3476 887 3542 Quo
919 3483 1070 3545 pacto
1106 3473 1246 3530 enim
1284 3473 1384 3528 iste
1422 3487 1577 3542 quem
1608 3487 1935 3534 commemo-

351 3570 463 3626 ravi
486 3611 500 3634 ,
536 3585 693 3624 verus
724 3565 991 3638 tragoedus
1017 3576 1184 3630 esset,
1224 3563 1270 3618 si
1311 3561 1473 3618 nollet
1502 3574 1619 3618 esse
1649 3559 1810 3617 falsus
1837 3559 1936 3617 llc-
1983 3579 1986 3582 ·

349 3671 484 3728 'ctor,
518 3661 644 3716 falsa
688 3658 1094 3725 Andromache,
1129 3657 1291 3711 falsus
1321 3654 1606 3720 Hercules,
1634 3661 1687 3710 et
1713 3653 1812 3709 alia
1854 3655 1937 3708 iu-

351 3754 610 3810 numera?
636 3762 726 3807 aut
751 3749 893 3806 unde
919 3765 1044 3806 vera
1077 3749 1277 3818 pictura
1305 3753 1473 3814 esset,
1509 3749 1550 3803 si
1583 3748 1745 3802 falsus
1770 3763 1938 3818 equus

348 3864 457 3904 non
492 3848 671 3902 esset?
709 3845 850 3902 unde
880 3846 930 3899 in
977 3843 1192 3914 speculo
1216 3857 1349 3898 .vera
1391 3841 1619 3896 hominis
1659 3842 1860 3911 imago,
1893 3842 1937 3896 si

350 3955 456 3995 non
485 3938 647 3993 falsus
674 3936 873 3991 homo?
893 3935 1088 4002 Quare,
1120 3936 1162 3990 si
1190 3933 1527 4004 quibusdam,
1553 3925 1614 3987 ut
1639 3949 1819 3988 verum
1842 3930 1938 3987 ali-

349 4031 473 4101 quid
504 4031 642 4096 sint,
678 4025 891 4099 prodest
919 4035 975 4082 ut
1009 4027 1116 4081 sint
1140 4025 1335 4095 aliquid
1377 4023 1604 4092 falsum;
1644 4031 1738 4078 cur
1767 4032 1940 4079 tanto-

349 4127 476 4196 pere
505 4123 762 4179 falsitates
789 4119 1155 4182 formidamus,
1184 4127 1237 4174 et
1263 4121 1360 4189 pro
1390 4121 1578 4187 magno
1607 4113 1747 4172 bono
1772 4133 1936 4189 appe-

351 4219 515 4272 timus
557 4213 872 4272 veritatem?
917 4211 979 4266 A.
1023 4212 1242 4277 Nescio,
1275 4219 1329 4264 et
1369 4207 1589 4265 multum
1620 4209 1805 4276 miror,
1837 4211 1937 4265 nisi

349 4312 468 4380 quia
508 4310 559 4363 in
596 4307 854 4377 exemplis
881 4305 994 4360 istis
1033 4303 1164 4357 nihil
1199 4301 1488 4356 imitatione
1515 4297 1728 4371 dignum
1761 4297 1932 4357 video.

348 4403 463 4458 Non
489 4404 630 4457 enim
654 4399 903 4470 tanquam
932 4393 1239 4460 histriones,
1263 4401 1351 4448 aut
1373 4391 1438 4448 de
1462 4393 1692 4463 speculis
1715 4409 1937 4464 quaeque

348 4490 638 4548 relucentia
658 4535 672 4558 ,
705 4489 796 4546 ant
825 4491 1070 4560 tanquam
1100 4486 1331 4558 Myronis
1367 4486 1570 4539 bucuhe
1600 4501 1664 4541 ex
1699 4500 1833 4551 aere,
1864 4485 1934 4540 ita

349 4590 509 4643 ctiam
539 4603 636 4642 nos
665 4593 720 4640 ut
751 4586 802 4639 in
843 4593 1027 4638 nostro
1057 4580 1284 4652 quodam
1313 4577 1492 4633 habitu
1519 4578 1629 4634 vcri
1657 4573 1840 4644 simus,
1870 4577 1936 4632 ad

350 4683 582 4734 alienum
628 4675 862 4733 habitum
895 4673 1193 4730 adumbrati
1229 4683 1387 4744 atque
1425 4672 1734 4736 assimilati,
1777 4680 1830 4729 et
1869 4672 1936 4726 ob

349 4774 449 4828 huc
500 4767 614 4828 l'alsi
655 4788 774 4828 esse
816 4770 1106 4833 debemus;
1147 4765 1240 4822 sed
1281 4763 1407 4845 illud
1447 4779 1630 4820 verum
1662 4781 1932 4833 qmerere,

349 4861 488 4937 quod
520 4883 626 4921 non
656 4865 804 4935 quasi
847 4863 1076 4918 bifronte
1107 4862 1312 4915 ratione
1351 4855 1556 4928 sibique
1599 4858 1895 4913 adversanti
1917 4901 1932 4926 ,

351 4969 406 5012 ut
446 4976 510 5013 ex
548 4959 720 5028 aliqua
767 4965 912 5027 parte
949 4969 1130 5009 verum
1173 4953 1260 5016 sit,
1293 4967 1359 5007 ex
1391 4950 1565 5021 aliqua
1593 4950 1782 5005 falsum
1810 4949 1930 5004 sit“.

350 5049 417 5104 Β.
451 5050 638 5118 Magna
680 5057 734 5103 et
768 5047 943 5103 divina
978 5044 1218 5117 quaedam
1257 5043 1502 5111 requiris.
1531 5042 1660 5110 Qua:
1688 5051 1859 5096 tamen
1890 5043 1934 5097 si

350 5139 746 5205 invenerimus,
788 5143 964 5193 nonne
1009 5135 1290 5190 fatebimur
1323 5133 1406 5189 his
1434 5134 1599 5202 ipsam
1629 5127 1814 5187 confici
1835 5173 1852 5200 ,
1885 5139 1937 5188 ct

350 5232 498 5301 quasi
548 5231 767 5285 ronllari
810 5230 1119 5291 veritatem,
1161 5243 1192 5282 a
1231 5239 1332 5297 qua
1371 5223 1742 5280 denominatur
1779 5241 1936 5280 omne

349 5319 488 5391 quod
515 5337 696 5377 verum
725 5335 938 5392 quoquo
964 5318 1123 5374 modo
1151 5315 1490 5373 nominatur?
1515 5315 1578 5370 Α.
1604 5315 1720 5372 Non
1744 5316 1935 5371 invitus

349 5412 631 5468 assentior.

347 5502 574 5561 CAPUT
623 5503 712 5560 Xl.
743 5534 814 5544 —-
845 5503 1246 5576 Disciplinarum
1289 5502 1489 5576 veritas.
1540 5501 1741 5558 Fabula
1792 5503 1932 5575 quid.

838 5576 972 5642 Quid
991 5575 1064 5630 sit
1093 5575 1442 5647 grammatica.

419 5671 510 5726 i9.
553 5668 620 5723 Β.
661 5667 798 5735 Quid
846 5669 940 5723 tibi
987 5683 1115 5738 ergo
1161 5666 1403 5721 videtur?
1449 5665 1728 5736 disciplina
1755 5665 1935 5736 dispu-

345 5762 496 5822 tandi
525 5776 741 5826 verane,
785 5775 850 5814 an
900 5759 1031 5814 falsa
1075 5759 1189 5816 est?
1230 5758 1295 5814 A.
1327 5758 1457 5827 Quis
1484 5758 1688 5815 dubitet
1715 5759 1934 5816 veram?

409 5877 431 5911 ⁸
454 5878 553 5939 εει,
569 5873 709 5940 juxta
725 5878 799 5926 Er.
818 5879 927 5925 ων.
951 5879 1005 5923 lit.

1713 403 1916 459 LIBER
1953 378 2328 460 SECUNDUS.

2050 519 2154 574 Sed
2182 535 2304 574 vera
2333 530 2414 576 est
2441 524 2598 579 etiam
2640 521 3003 597 grammatica.
3035 531 3101 586 Β.
3146 525 3289 589 Itane
3317 543 3372 589 ut
3411 536 3535 591 illa?
3567 535 3628 590 Α.

2048 616 2164 672 Non
2195 617 2350 674 video
2379 618 2503 689 quid
2533 621 2601 675 sit
2627 637 2752 676 vero
2780 623 2976 678 verius.
3005 624 3068 680 li.
3090 623 3220 680 Illud
3241 628 3473 697 profecto
3491 631 3628 700 quod

2049 709 2178 764 nihil
2203 707 2319 765 falsi
2340 711 2532 768 habet:
2560 713 2698 784 quod
2731 715 2942 770 intuens
2971 718 3124 787 paulo
3145 726 3269 773 ante
3290 717 3628 777 oti'endebare

2047 814 2114 855 ex
2161 801 2224 855 iis
2265 801 2424 857 rebus
2453 819 2570 873 qua:
2611 805 2790 860 nescio
2833 807 3096 877 quomodo
3125 809 3223 864 nisi
3255 809 3399 864 falsae
3429 821 3626 874 essent,

2045 908 2188 948 verae
2219 895 2336 950 esse
2385 897 2487 950 non
2521 909 2754 966 possent.
2787 899 2866 953 An
2914 900 3122 969 ignoras
3151 901 3329 956 omnia
3359 901 3443 956 illa
3476 901 3628 957 fabu-

2045 985 2157 1039 losa
2185 997 2236 1041 et
2257 995 2438 1057 aperte
2460 989 2586 1043 falsa
2609 987 2671 1043 ad
2700 989 3095 1060 grammaticam
3117 993 3415 1062 pertinere?
3435 993 3493 1047 Α.
3514 991 3626 1049 Non

2045 1076 2230 1146 ignoro
2258 1079 2392 1133 istud
2423 1079 2664 1150 quidem;
2696 1081 2810 1148 sed,
2846 1093 2900 1136 ut
2940 1084 3147 1152 opinor,
3181 1100 3286 1138 non
3319 1100 3414 1154 per
3448 1071 3627 1154 gram-

2043 1170 2290 1224 maticam
2323 1170 2447 1225 falsa
2475 1179 2615 1236 sunt,
2647 1174 2740 1226 sed
2774 1187 2866 1242 per
2895 1189 3010 1228 eam
3054 1175 3456 1245 qualiacumque
3483 1188 3624 1241 sum,

2043 1259 2495 1316 demonstrantur.
2525 1262 2794 1334 Siquidem
2839 1275 2921 1319 est
2958 1265 3132 1319 fabula
3163 1267 3514 1336 compositum
3564 1271 3623 1320 τιιῖ

2041 1355 2321 1410 utilitatem
2367 1356 2839 1413 delectatiunemve
2891 1358 3245 1413 mendacium.
3300 1360 3395 1413 Est
3448 1370 3622 1413 autmu

2040 1447 2384 1516 grammatica
2411 1449 2555 1502 vocis
2584 1450 2876 1504 articulatm
2900 1459 3082 1505 custos
3109 1460 3163 1504 et
3193 1451 3514 1505 moderatrix
3551 1453 3628 1504 «Ιὶ-

2041 1537 2262 1607 scipliua
2286 1555 2296 1590 :
2321 1539 2471 1610 cujus
2500 1539 2840 1608 professionis
2862 1542 3179 1596 necessitate
3209 1542 3415 1611 cogitur
3440 1541 3623 1594 huma-

2039 1643 2123 1683 ηαξ
2148 1629 2338 1699 linguae
2366 1631 2541 1684 omnia
2573 1632 2730 1684 etiam
2763 1631 3010 1702 figmenta
3039 1633 3307 1702 colligere,
3351 1649 3469 1702 quze
3512 1648 3624 1687 me-

2039 1719 2223 1776 moria:
2251 1721 2544 1791 litterisque
2570 1723 2814 1777 mandata
2849 1725 2991 1790 sunt,
3025 1739 3126 1777 non
3153 1741 3214 1779 ea
3246 1724 3374 1778 falsa
3401 1725 3621 1788 faciens,

2041 1816 2133 1871 sed
2153 1815 2321 1872 dehis
2349 1821 2527 1870 veram
2558 1817 2841 1886 quamdam
2873 1816 3069 1871 docens
3094 1832 3444 1888 asserensque
3472 1819 3625 1872 ratio-

2041 1925 2184 1963 nem.
2217 1909 2282 1964 Π.
2320 1910 2479 1964 llecte
2509 1923 2668 1964 sane:
2696 1909 2828 1964 nihil
2860 1924 2999 1963 nunc
3039 1923 3186 1976 curo,
3218 1907 3393 1962 utrum
3437 1909 3532 1963 abs
3574 1922 3625 1964 tc.

2039 2000 2139 2054 ista
2158 2001 2291 2056 bene
2312 1997 2527 2055 definita
2548 2012 2703 2070 atque
2724 2001 2971 2054 distincta
2995 2001 3128 2065 sint;
3148 2001 3240 2055 sed
3264 2000 3392 2054 illud
3420 2016 3621 2068 quaero,

2039 2099 2215 2148 utrum
2248 2093 2348 2146 hoc
2375 2093 2444 2146 ita
2471 2107 2590 2147 esse
2620 2093 2732 2161 ipsa
2758 2093 3122 2163 grammatica,
3151 2108 3216 2146 an
3261 2109 3386 2147 vero
3428 2093 3512 2146 illa
3544 2092 3624 2148 di-
3675 2081 3678 2084 ’

2039 2184 2260 2253 sciplina
2288 2183 2657 2253 diSputationis
2687 2183 2949 2238 ostendat.
2978 2181 3042 2236 A.
3070 2183 3185 2237 Non
3227 2198 3366 2253 nego
3389 2183 3495 2237 vim
3527 2197 3622 2253 pe—

2039 2274 2318 2344 ritiamque
2358 2273 2665 2337 definiendi,
2697 2290 2798 2344 qua
2837 2289 2975 2328 nunc
3004 2289 3104 2344 ego
3132 2275 3228 2328 ista
3258 2289 3506 2344 separare
3533 2289 3627 2329 co-

2038 2374 2194 2419 natus
2219 2379 2358 2430 sum,
2389 2363 2751 2434 disputatoria:
2773 2364 2872 2419 arti
2902 2363 3082 2420 tribui.

2109 2457 2197 2511 20.
2242 2454 2307 2510 Ιί.
2350 2457 2488 2524 Quid
2528 2457 2637 2526 ipsa
2669 2458 3046 2526 grammatica?
3075 2473 3251 2512 nonne
3289 2457 3336 2513 si
3363 2472 3488 2512 vera
3519 2465 3623 2523 est,

2038 2564 2105 2606 eo
2134 2565 2254 2604 vera
2283 2560 2365 2605 est
2404 2565 2508 2621 quo
2543 2551 2816 2618 disciplina
2844 2551 2960 2605 est?
2989 2551 3272 2620 Disciplina
3312 2552 3454 2606 enim
3491 2566 3520 2604 a
3547 2551 3628 2606 di-

2025 2641 2238 2712 scendo
2266 2643 2404 2696 dicta
2449 2651 2563 2697 est:
2597 2658 2753 2696 nemo
2779 2650 2954 2696 autem
2986 2658 3104 2713 quze
3133 2645 3317 2698 didicit
3357 2660 3417 2698 ac
3455 2652 3622 2708 tenet,

2040 2735 2249 2789 nescire
2271 2736 2370 2788 diei
2398 2744 2600 2804 potest;
2620 2745 2671 2789 et
2690 2750 2848 2789 nemo
2865 2738 2963 2790 scit
2981 2737 3129 2791 falsa.
3155 2737 3338 2791 Omnis
3357 2752 3482 2807 ergo
3503 2751 3626 2792 vera

2040 2836 2122 2882 est
2145 2827 2442 2898 disciplina.
2475 2828 2536 2880 Α.
2566 2828 2679 2882 Non
2712 2829 2862 2883 video
2891 2829 3105 2898 quidem
3143 2829 3266 2900 quid
3313 2823 3367 2883 in
3408 2831 3504 2884 ista
3535 2846 3627 2884 ra-

2043 2920 2272 2974 tiuncula
2319 2931 2518 2974 temere
2554 2920 2891 2974 concedatur.
2925 2921 3097 2974 Movet
3125 2935 3209 2976 me
3235 2929 3409 2975 tamen
3441 2937 3506 2975 ne
3535 2937 3627 2990 per

2043 3013 2197 3066 istam
2229 3011 2456 3080 cuipiam
2489 3012 2728 3066 videatur
2750 3015 2908 3067 etiam
2936 3014 3050 3068 illas
3072 3013 3276 3068 fabulas
3297 3029 3448 3067 veras
3468 3029 3620 3078 esse;

2041 3118 2162 3157 nam
2193 3111 2246 3158 et
2281 3101 2376 3158 has
2418 3102 2674 3159 discimus
2713 3109 2768 3158 et
2816 3112 3075 3159 tenemus.
3125 3103 3194 3160 Β.
3238 3103 3627 3174 Numquidnam

2042 3196 2292 3264 magister
2323 3203 2500 3249 noster
2533 3196 2746 3250 nolebat
2782 3211 2879 3250 nos
2906 3195 3128 3250 credere
3155 3212 3272 3263 qua:
3299 3196 3543 3259 ducebat,
3574 3207 3627 3250 ct

2042 3287 2238 3342 nosse?
2267 3287 2329 3340 A.
2361 3287 2471 3342 lmo
2501 3289 2844 3344 vehementer
2873 3297 2931 3341 ut
2970 3303 3250 3343 nossemus
3277 3290 3523 3344 instabat.
3559 3289 3624 3344 Π.

2039 3378 2306 3450 Numquid
2346 3379 2628 3449 aliquando
2668 3381 2855 3436 institit
2883 3390 2943 3435 ut
2972 3379 3240 3435 Dmdalum
3279 3383 3485 3437 volasse
3513 3398 3631 3437 cre-

2041 3473 2326 3528 deremus?
2350 3474 2412 3527 A.
2443 3473 2556 3528 Hoc
2585 3473 2796 3544 quidem
2842 3467 3132 3544 nunquam.
3184 3474 3289 3529 Sed
3330 3475 3487 3544 plane
3527 3476 3626 3529 nisi

2042 3563 2343 3620 teneremus
2388 3564 2640 3630 fabulam,
2671 3565 2755 3620 vix
2805 3579 2904 3620 nos
2951 3579 3107 3634 posse
3149 3565 3348 3636 aliquid
3381 3566 3624 3620 manibus

2042 3663 2226 3711 tenere
2276 3656 2519 3711 faciebat.
2569 3656 2631 3711 R.
2664 3655 2744 3711 Tu
2772 3672 2900 3726 ergo
2928 3671 3088 3726 negas
3117 3672 3301 3712 verum
3339 3671 3457 3711 esse
3481 3657 3622 3726 quod

2041 3748 2140 3803 ista
2173 3747 2346 3802 fabula
2371 3749 2459 3816 sit,
2488 3758 2541 3804 et
2569 3749 2710 3819 quod
2733 3749 2802 3804 ita
2823 3750 2892 3803 sit
2912 3749 3156 3804 Daedalus
3189 3748 3530 3803 diffamatus?
3558 3749 3623 3802 Α.

2040 3842 2155 3898 lloc
2181 3857 2285 3897 non
2314 3858 2450 3913 nego
2474 3855 2658 3897 verum
2689 3857 2826 3897 esse.
2858 3840 2924 3894 R.
2970 3841 3084 3895 Non
3115 3857 3276 3912 negas
3304 3856 3432 3911 ergo
3472 3850 3522 3896 te
3550 3841 3632 3896 di-

2045 3936 2242 3992 dicisse
2267 3950 2471 4003 verum,
2494 3951 2611 3989 cum
2636 3935 2733 3990 ista
2760 3935 3029 3990 didiceris.
3055 3935 3184 3989 Nam
3215 3935 3258 3989 si
3287 3936 3492 3989 volasse
3514 3935 3630 3989 Da:-

2039 4027 2218 4082 dalum
2246 4043 2429 4082 verum
2452 4037 2555 4093 est,
2583 4036 2636 4082 et
2654 4027 2753 4082 hoc
2775 4028 2920 4096 pueri
2951 4043 3044 4097 pro
3071 4027 3190 4080 ficta
3221 4025 3395 4080 fabula
3424 4027 3630 4096 accipe-

2039 4126 2162 4173 rent
2179 4117 2336 4188 atque
2353 4117 2654 4184 redderent,
2679 4133 2744 4172 eo
2766 4118 2879 4185 ipso
2900 4117 3024 4170 falsa
3051 4116 3358 4178 retinerent,
3382 4131 3484 4185 quo
3505 4131 3628 4170 vera

2042 4219 2222 4264 essent
2245 4211 2333 4264 illa
2353 4225 2469 4280 qua:
2488 4210 2789 4265 redderent.
2818 4210 2949 4264 llinc
2965 4211 3105 4264 enim
3127 4209 3328 4263 exstitit
3346 4209 3469 4262 illud
3488 4209 3628 4278 quod

2040 4301 2285 4370 superius
2315 4300 2655 4367 mirabamur,
2689 4301 2755 4355 de
2777 4301 2952 4355 volatu
2985 4301 3179 4355 Daedali
3202 4315 3377 4354 veram
3401 4300 3628 4355 fabulam

2040 4405 2160 4446 esse
2186 4407 2292 4445 non
2323 4393 2574 4460 potuisse,
2609 4393 2709 4446 nisi
2745 4391 3011 4445 Daedalum
3033 4391 3241 4445 volasse
3258 4390 3447 4446 falsum
3467 4401 3629 4446 esset.

2040 4481 2108 4537 Α.
2148 4483 2264 4537 .lam
2293 4491 2449 4537 teneo
2481 4483 2649 4548 istud;
2678 4483 2770 4538 sed
2800 4483 2924 4551 quid
2964 4498 3027 4536 ex
3068 4497 3134 4536 eo
3162 4483 3498 4552 proficiamus
3535 4500 3630 4539 ex-

2041 4583 2243 4643 specto.
2281 4574 2343 4629 Η.
2375 4574 2528 4640 Quid,
2556 4575 2656 4629 nisi
2689 4589 2794 4628 non
2821 4587 2937 4628 esse
2963 4574 3148 4629 falsam
3181 4575 3324 4629 illam
3349 4577 3629 4641 rationem,

2039 4680 2143 4735 qua
2160 4665 2468 4735 collegimus
2493 4664 2848 4734 disciplinam,
2883 4665 2980 4720 nisi
3009 4680 3132 4720 vera
3159 4665 3367 4730 doceat,
3397 4667 3632 4736 discipli-

2041 4771 2164 4810 nam
2191 4771 2310 4811 esse
2335 4772 2438 4810 non
2467 4755 2658 4824 posse?
2684 4755 2746 4809 Α.
2779 4757 2845 4810 Ει
2870 4756 2972 4812 hoc
2995 4757 3118 4827 quid
3145 4757 3209 4811 ad
3227 4757 3378 4812 rem?
3411 4757 3474 4810 It.
3499 4759 3630 4824 Quia

2040 4848 2162 4903 volo
2190 4849 2335 4902 dicas
2358 4848 2485 4902 mihi
2514 4848 2652 4903 unde
2679 4849 2747 4904 sit
2782 4848 3055 4919 disciplina
3094 4851 3437 4920 grammatica
3462 4869 3474 4904 :
3509 4851 3629 4906 inde

2041 4941 2185 4996 enim
2208 4957 2331 4995 vera
2359 4951 2461 5007 est,
2495 4941 2939 5011 undc'disciplina
2961 4951 3062 4996 est.
3087 4941 3147 4994 A.
3174 4941 3366 4996 Nescio
3390 4942 3513 5011 quid
3540 4945 3630 4997 tibi

2040 5035 2412 5104 respondeam.
2446 5034 2513 5089 Β.
2544 5033 2732 5090 Nonne
2758 5035 2848 5089 tibi
2880 5035 3104 5099 videtur,
3143 5035 3185 5088 si
3215 5035 3344 5088 nihil
3373 5035 3423 5088 in
3453 5051 3512 5088 ea
3533 5036 3630 5089 de-

2041 5128 2246 5182 ﬁnitum
2277 5137 2437 5192 esset,
2468 5136 2520 5182 et
2550 5126 2682 5181 nihil
2712 5127 2762 5181 in
2789 5141 2983 5196 genera
3005 5135 3059 5180 et
3083 5135 3264 5197 partes
3291 5125 3629 5180 distributum

2040 5230 2201 5289 atque
2225 5219 2553 5283 distinctum,
2596 5234 2713 5274 eam
2759 5219 2904 5273 nullo
2943 5219 3102 5272 modo
3141 5219 3473 5289 disciplinam
3511 5234 3632 5274 esse

2042 5311 2313 5379 potuisse?
2345 5310 2408 5362 Α.
2458 5310 2574 5364 Jam
2619 5309 2858 5380 intelligo
2886 5310 3008 5379 quid
3038 5311 3211 5370 dicas:
3245 5327 3342 5366 nec
3372 5311 3474 5366 ulla
3503 5312 3629 5365 mihi

2042 5403 2272 5457 occurrit
2309 5401 2544 5471 cujusvis
2574 5401 2736 5457 facies
2765 5401 3082 5469 disciplinae,
3113 5403 3164 5456 in
3195 5418 3296 5473 qua
3326 5419 3428 5457 non
3453 5403 3632 5458 defini-

2042 5495 2215 5549 tiones
2238 5508 2300 5547 ac
2326 5493 2615 5548 divisiones
2636 5502 2690 5546 et
2711 5493 3164 5560 ratiocinationes,
3189 5493 3312 5548 dum
3335 5494 3459 5564 quid
3488 5493 3632 5564 quid-

2041 5602 2145 5656 que
2171 5585 2238 5640 sit
2267 5584 2588 5649 declaratur,
2617 5583 2745 5638 dum
2787 5584 2903 5640 sine
2941 5584 3251 5641 confusione
3275 5587 3504 5658 partiutn
3537 5602 3630 5641 sua

2042 5681 2232 5750 cuique
2253 5677 2566 5742 xedduntur,
2589 5677 2713 5732 dum
2741 5678 2870 5731 nihil
2890 5680 3311 5748 prmtermittitur
3336 5680 3626 5750 proprium,

2043 5773 2173 5830 nihil
2201 5781 2582 5826 annumeratur
2610 5772 2862 5838 alienum,
2894 5781 3059 5828 totum
3088 5771 3191 5828 hoc
3214 5775 3387 5842 ipsum
3415 5789 3521 5842 quo
3547 5773 3628 5827 di-

2047 5868 2263 5938 sciplina
2290 5865 2481 5922 dicitur
2507 5865 2727 5938 egerint.
2757 5867 2824 5924 R.
2855 5867 2996 5940 Ergo
3037 5876 3090 5924 et
3118 5877 3282 5924 totum
3322 5866 3494 5940 ipsum
3521 5875 3630 5941 quo
