4078 6366
491 335 600 398 895

495 471 620 512 vera
643 455 857 514 dicitur.
889 454 950 510 A.
976 455 1144 512 Video
1173 455 1450 528 consequi.

568 550 660 605 2i.
701 551 768 606 R.
795 551 1080 622 Responde
1107 567 1248 606 nunc
1272 567 1390 622 qum
1411 549 1686 620 disciplina
1707 546 1976 602 contineat
1994 545 2086 600 de-

497 640 817 708 finitionum,
859 643 1197 708 divisionum,
1247 643 1694 712 partitionumque
1734 639 1981 693 rationes.
2018 637 2080 692 A.

494 733 612 791 Jam
641 739 883 808 superius
923 737 1119 791 dictum
1151 747 1230 791 est
1259 737 1373 792 hinc
1396 735 1698 806 disputandi
1727 735 1923 805 regulis
1949 749 2080 788 con-

495 828 671 883 tineri.
727 831 795 888 R.
845 831 1196 885 Grammatica
1229 831 1385 900 igitur
1410 831 1596 886 eadem
1628 841 1741 884 arte
1769 839 1945 884 creata
1976 837 2078 892 est,

497 928 558 974 ut
579 920 878 990 disciplina,
903 933 950 978 et
983 933 1037 977 ut
1061 939 1184 978 vera
1211 935 1374 990 esset,
1404 937 1521 991 quae
1539 931 1621 978 est
1647 921 1740 975 abs
1763 930 1812 977 te
1837 921 2080 990 superius

491 1031 520 1070 ι
551 1015 779 1070 falsitate
796 1017 1032 1073 defensa.
1061 1017 1212 1086 Quod
1236 1033 1340 1071 non
1367 1017 1435 1072 de
1461 1033 1564 1071 una
1589 1018 1930 1088 grammatica
1949 1014 2078 1068 mihi

493 1107 622 1162 licet
654 1109 990 1176 concludere,
1019 1110 1110 1164 sed
1145 1124 1360 1178 prorsus
1389 1109 1454 1164 de
1491 1109 1735 1163 omnibus
1763 1107 2074 1176 disciplinis.

492 1198 626 1254 Nam
667 1201 862 1268 dixisti,
896 1218 1126 1274 vereque
1155 1203 1356 1270 dixisti,
1387 1205 1582 1258 nullam
1610 1203 1942 1272 disciplinam
1985 1202 2076 1256 tibi

493 1308 796 1364 occurrere,
828 1299 878 1352 in
900 1315 1000 1369 qua
1020 1313 1124 1354 non
1145 1299 1430 1356 deﬁniendi
1446 1301 1534 1370 jus
1549 1309 1708 1370 atque
1725 1299 2076 1354 distribuendi

488 1385 740 1458 idipsum,
772 1399 827 1444 ut
851 1391 1128 1461 disciplina
1152 1393 1237 1452 sit.
1272 1393 1476 1448 fecerit.
1501 1394 1588 1458 At,
1617 1393 1662 1447 si
1693 1407 1758 1446 eo
1785 1408 1924 1446 veru:
1952 1401 2076 1446 sunt

486 1494 593 1548 quo
631 1491 753 1536 sunt
791 1483 1107 1554 disciplinae,
1151 1486 1432 1555 negabitne
1471 1485 1753 1556 quispiam,
1798 1483 2071 1539 veritatem

487 1571 654 1642 ipsam
685 1590 804 1630 esse
835 1593 928 1645 per
953 1594 1110 1648 quam
1141 1593 1326 1632 omnes
1353 1594 1490 1632 vene
1512 1586 1636 1632 sunt
1663 1576 2070 1646 disciplinaa?A.

489 1665 660 1736 Prope
684 1677 768 1723 est
796 1671 1014 1725 omnino
1043 1681 1100 1725 ut
1123 1672 1413 1728 assentiar:
1445 1671 1538 1726 sed
1579 1670 1706 1725 illud
1749 1685 1834 1724 me
1873 1677 2068 1734 movet,

483 1760 622 1827 quod
653 1763 814 1816 etiam
853 1763 1113 1818 rationem
1157 1763 1458 1836 disputandi
1489 1764 1626 1818 inter
1655 1762 1868 1818 easdem
1907 1762 2072 1817 disci-

485 1849 656 1916 plinas
695 1867 1054 1908 timueramus.
1087 1855 1261 1922 Quare
1299 1856 1440 1908 illam
1481 1855 1652 1924 potius
1678 1855 1924 1909 existimo
1953 1869 2071 1910 esse

486 1939 784 2008 veritatem,
819 1960 918 2014 qua
947 1955 1000 2000 ct
1039 1947 1136 2000 ista
1167 1947 1274 2015 ipsa
1309 1947 1441 2000 ratio
1467 1961 1588 2000 vera
1617 1955 1720 2001 est.
1749 1945 1815 1999 R.
1863 1946 2072 2017 Optime

417 2035 430 2042 “
488 2035 705 2087 omnino
743 2050 805 2090 ac
835 2037 1235 2106 vigilantissimc
1269 2056 1282 2091 :
1313 2037 1404 2092 sed
1437 2055 1542 2092 non
1570 2054 1748 2108 negas,
1775 2047 1832 2092 ut.
1858 2040 2066 2108 opinor,

484 2139 552 2178 eo
581 2141 758 2180 veram
787 2142 905 2182 esse
930 2145 1035 2198 quo
1069 2129 1342 2199 disciplina
1366 2140 1467 2186 est.
1499 2131 1560 2184 A.
1597 2131 1706 2186 lmo
1731 2131 1958 2201 idipsum
1989 2142 2072 2188 est

481 2217 625 2286 quod
645 2234 732 2272 me
751 2231 946 2274 movet.
977 2222 1191 2277 Adverti
1217 2225 1358 2278 enim
1381 2225 1540 2278 etiam
1565 2225 1900 2295 disciplinam
1924 2243 2063 2294 esse,

481 2317 535 2362 et
555 2309 622 2362 ob
651 2308 750 2364 hoc
773 2325 950 2366 veram
973 2313 1096 2367 dici.
1123 2314 1192 2370 Β.
1214 2315 1349 2382 Quid
1371 2315 1534 2384 ergo?
1558 2317 1712 2371 istam
1737 2327 1896 2390 putas
1917 2320 2070 2375 aliter

481 2400 812 2470 disciplinam
841 2421 959 2460 esse
974 2408 1230 2475 potuisse,
1252 2409 1352 2462 nisi
1377 2409 1554 2464 omnia
1583 2411 1634 2464 in
1655 2425 1716 2466 ea
1743 2411 1958 2466 definita
1983 2427 2070 2468 es-

479 2505 600 2549 sent
622 2505 672 2550 et
703 2497 1016 2554 distributa?
1043 2501 1106 2554 Α.
1147 2501 1288 2556 Nihil
1328 2502 1468 2556 aliud
1500 2502 1670 2558 habeo
1695 2504 1838 2573 quod
1865 2505 2062 2562 dicam.

480 2583 548 2638 R.
580 2587 669 2652 At,
697 2588 740 2642 si
766 2589 830 2642 ad
863 2605 982 2644 eam
1021 2592 1251 2661 pertinet
1291 2593 1391 2646 hoc
1425 2592 1679 2658 ofﬁcium,
1715 2610 1808 2662 per
1835 2598 2068 2678 seipsam

479 2677 756 2748 disciplina
779 2698 902 2738 vera
925 2693 1027 2740 est.
1055 2685 1418 2756 Quisquamne
1441 2687 1600 2758 igitur
1621 2689 1814 2742 mirum
1839 2691 2061 2759 putabit,

477 2771 522 2824 si
543 2786 606 2824 ea
631 2788 734 2842 qua
759 2789 882 2830 vera
906 2783 1029 2830 sunt
1048 2777 1244 2844 omnia,
1267 2795 1358 2848 per
1383 2795 1440 2834 se
1465 2780 1577 2849 ipsa
1596 2789 1650 2834 et
1671 2781 1722 2834 in
1744 2781 1918 2853 seipsa
1941 2798 2063 2838 vera

477 2867 546 2920 sit
573 2867 764 2922 veritas
788 2870 844 2924 ‘?
873 2870 934 2924 Α.
963 2871 1105 2927 Nihil
1129 2874 1258 2929 mihi
1283 2875 1459 2931 obstat
1479 2878 1760 2947 quominus
1785 2888 1928 2935 recta
1945 2895 2065 2952 per-

477 2973 595 3025 gam
625 2959 676 3013 in
699 2961 850 3014 istam
879 2966 1214 3020 sententiam.

575 3049 802 3106 CAPUT
841 3052 954 3108 XII.
973 3084 1042 3094 -—
1066 3055 1198 3122 Quot
1217 3059 1380 3112 modis
1407 3060 1640 3130 quaedam
1661 3062 1763 3116 sint
1789 3063 1842 3116 in
1867 3064 1987 3118 alio.

549 3139 636 3194 2‘2.
681 3142 748 3196 Β.
791 3142 934 3214 Ergo
961 3147 1176 3202 attende
1205 3163 1368 3218 pauca
1389 3166 1508 3220 qua:
1538 3161 1754 3207 restant.
1785 3155 1846 3206 A.
1876 3154 2062 3210 Profer

475 3230 518 3284 si
541 3231 664 3300 quid
691 3232 873 3300 babes,
901 3237 1061 3290 modo
1089 3238 1191 3292 tale
1217 3241 1284 3294 sit
1309 3243 1448 3310 quod
1470 3244 1778 3314 intelligam,
1808 3246 2056 3302 libenter-

472 3337 576 3391 que
605 3326 910 3382 concedant.
967 3329 1030 3384 R.
1079 3331 1210 3388 Esse
1250 3333 1449 3404 aliquid
1499 3335 1552 3390 in
1595 3337 1793 3406 aliquo,
1825 3355 1932 3395 non
1961 3357 2060 3398 nos

471 3412 603 3483 fugit
625 3415 830 3472 duobus
855 3420 1028 3476 modis
1055 3422 1179 3477 dici.
1209 3421 1328 3480 Uno
1353 3441 1457 3495 quo
1487 3427 1556 3481 ita
1584 3436 1686 3494 est,
1717 3439 1774 3483 ut
1792 3431 1950 3485 etiam
1973 3447 2060 3487 se-

465 3504 614 3576 jungi
645 3515 804 3576 atque
841 3509 963 3565 alibi
1005 3526 1128 3568 esse
1170 3515 1358 3583 possit,
1402 3525 1460 3570 ut
1503 3517 1602 3574 hoc
1639 3519 1839 3589 lignum
1871 3521 1925 3576 in
1955 3521 2058 3577 hoc

474 3597 612 3661 loco,
646 3608 701 3654 ut
725 3601 806 3656 sol
843 3601 896 3656 in
921 3604 1164 3660 oriente:
1193 3605 1364 3662 altero
1394 3617 1570 3664 autem
1602 3627 1707 3681 quo
1736 3612 1809 3667 ita
1847 3622 1930 3669 est
1954 3615 2056 3670 ali-

471 3690 598 3760 quid
625 3691 676 3746 in
703 3694 968 3764 subjecto,
1001 3705 1056 3750 ut
1079 3698 1147 3752 ab
1173 3713 1238 3753 eo
1269 3711 1498 3771 nequeat
1523 3707 1779 3774 separari,
1805 3717 1860 3761 ut
1881 3707 1932 3761 in
1955 3707 2056 3766 hoc

469 3777 612 3849 ligno
641 3781 809 3836 forma
836 3793 890 3838 et
911 3787 1118 3854 species
1151 3803 1308 3858 quam
1341 3791 1601 3860 videmus,
1634 3804 1692 3850 ut
1719 3795 1770 3850 in
1797 3797 1912 3852 sole
1941 3798 2052 3866 lux,

468 3880 525 3924 ut
553 3872 602 3924 in
633 3872 752 3943 igne
781 3875 943 3940 calor,
971 3886 1028 3931 ut
1053 3879 1104 3931 in
1130 3879 1308 3936 animo
1329 3881 1626 3954 disciplina,
1656 3895 1711 3942 et
1737 3889 1782 3942 si
1807 3905 1908 3959 qua
1931 3899 2054 3946 sunt

465 3963 566 4016 alia
599 3964 809 4021 similia.
843 3969 924 4023 An
953 3970 1044 4025 tibi
1075 3972 1227 4028 aliter
1255 3975 1496 4032 videtur?
1519 3979 1581 4033 Α.
1613 3979 1716 4036 Ista
1737 3983 1950 4053 quidem
1967 4001 2052 4042 ve-

467 4058 762 4114 tustissima
790 4070 914 4116 sunt
942 4063 1114 4130 nobis,
1145 4074 1198 4120 et
1223 4067 1288 4122 ab
1311 4069 1530 4126 ineunte
1549 4071 1904 4130 adolescentia
1935 4087 2050 4132 stu-

465 4146 768 4204 diosissimc
807 4163 1052 4222 percepta
1079 4165 1130 4210 et
1159 4159 1365 4228 cognita
1390 4179 1403 4214 :
1431 4177 1597 4231 quare
1619 4179 1724 4218 non
1747 4181 1962 4235 possum
1983 4168 2051 4224 de

465 4237 548 4293 bis
573 4240 948 4314 interrogatus,
981 4247 1106 4316 quin
1133 4265 1196 4304 ea
1225 4251 1340 4306 sine
1379 4253 1484 4306 ulla
1515 4253 1896 4314 deliberatione
1917 4273 2049 4314 con-

463 4331 670 4386 cedam.
703 4333 770 4388 R.
799 4335 936 4403 Quid
963 4339 1125 4394 illud?
1161 4357 1336 4398 nonne
1362 4346 1630 4412 concedis,
1673 4349 1812 4418 quod
1839 4351 1890 4405 iu
1921 4352 2049 4408 sub-

456 4421 602 4493 jecto
631 4435 712 4479 est
739 4427 1179 4500 inseparabiliter,
1208 4435 1252 4488 si
1281 4435 1576 4505 subjectum
1609 4440 1780 4509 ipsum
1803 4457 1908 4498 non
1937 4461 2049 4500 ma-

460 4525 602 4582 neat,
629 4533 844 4576 manere
867 4539 972 4578 non
999 4528 1190 4593 posse?
1211 4529 1274 4582 A.
1301 4530 1410 4586 [loc
1439 4548 1650 4602 quoque
1679 4535 1832 4591 video
1861 4553 2048 4594 neces-

457 4609 684 4674 sarium;
737 4627 858 4666 nam
907 4627 1156 4672 manente
1199 4621 1454 4689 subjecto,
1513 4641 1667 4693 posse
1712 4627 1764 4681 id
1807 4629 1950 4698 quod
1991 4631 2044 4686 in

456 4699 695 4769 subjecto
723 4713 804 4758 est
830 4721 933 4760 non
963 4723 1198 4776 manere,
1235 4714 1474 4784 quisquis
1512 4717 1794 4787 diligenter
1829 4737 1914 4776 res
1953 4723 2043 4777 ad-

457 4793 634 4857 vertit,
665 4795 928 4867 intelligit.
954 4798 1226 4870 Siquidem
1249 4804 1404 4874 hujus
1431 4811 1670 4878 eon-poris
1695 4813 1846 4867 color
1871 4823 2045 4884 potest

455 4883 534 4935 vel
561 4884 876 4942 valetudinis
896 4890 1100 4946 ratione
1127 4895 1210 4948 vel
1233 4904 1390 4952 :etate
1415 4899 1704 4966 immutari,
1727 4917 1848 4958 cum
1865 4883 2038 4975 ipsum

453 4987 648 5041 corpus
695 4978 920 5034 necdum
966 4981 1242 5039 interierit.
1285 4987 1354 5042 Et
1399 4989 1499 5045 hoc
1543 5007 1648 5046 non
1700 5009 1946 5066 peraeque
1985 4999 2040 5056 in

455 5067 703 5122 omnibus
730 5071 887 5140 valet,
917 5075 1011 5130 sed
1042 5077 1096 5131 in
1125 5077 1206 5132 his
1232 5080 1282 5135 in
1313 5082 1525 5152 quibus,
1561 5101 1666 5140 non
1697 5097 1754 5142 ut
1781 5091 1888 5144 sint
1925 5091 2040 5160 ipsa

453 5157 712 5227 subjecta,
759 5177 820 5217 ea
867 5181 986 5234 qua:
1034 5168 1086 5222 in
1133 5172 1386 5240 subjeCtis
1413 5183 1536 5230 sunt
1561 5181 1880 5234 eoexistunt.
1921 5157 2038 5239 Non

451 5248 593 5300 enim
627 5259 682 5304 ut
707 5253 774 5306 sit
804 5253 904 5310 iste
933 5259 1126 5326 paries,
1159 5263 1336 5330 paries
1361 5267 1464 5320 hoc
1487 5267 1666 5324 colore
1694 5270 1772 5338 fit,
1802 5265 1958 5342 quem
1987 5277 2037 5330 in

453 5352 518 5390 eo
551 5340 820 5409 videmus;
857 5360 976 5402 cum
1005 5351 1162 5405 etiam
1189 5353 1231 5408 si
1261 5369 1368 5424 quo
1391 5369 1518 5412 casu
1547 5340 1924 5430 nigrescat—aut
1957 5345 2037 5422 al-

457 5429 654 5498 bescat,
679 5435 764 5490 vel
786 5438 1013 5510 aliquem
1033 5443 1196 5498 alium
1219 5456 1386 5504 mutet
1405 5451 1660 5519 colorem,
1691 5455 2038 5515 nihilominus

457 5533 634 5582 tamen
665 5541 878 5588 maneat
905 5537 1080 5605 paries
1105 5553 1166 5592 ac
1193 5539 1416 5598 dicatur.
1449 5546 1518 5599 At
1556 5563 1681 5604 vero
1715 5550 1852 5622 ignis
1877 5554 1918 5606 si
1945 5569 2035 5609 eno

514 5663 1144 5752 ἰῗῗὶδῖἓέἕέἓν·ἲ,π¹,ἐν²ξηι
1158 5677 1354 5752 mem
1370 5683 1412 5752 si
1427 5696 1483 5734 ea
1500 5694 1862 5752 qua:
1878 5691 2037 5746 οηιηία

443 5721 634 5854 ﬁniri:
651 5741 764 5786 vera
779 5739 907 5802 sunt,
929 5733 974 5796 si
993 5721 1038 5791 et
1066 5721 1183 5812 isz
1196 5721 1487 5806 intrarit»:
1875 5721 2036 5818 ’⁵ἒὶ

549 5823 562 5844 ο
623 5826 638 5856 ο

1622 331 2174 402 SOLILOQUIORUM
2212 331 2268 390 S.
2310 334 2677 394 AUGUSTINI

2197 450 2308 506 lore
2329 462 2532 520 careat,
2561 470 2627 510 ne
2649 455 2787 526 ignis
2815 459 3029 530 quidem
3059 461 3190 526 erit;
3232 478 3329 518 nec
3364 466 3537 520 nivem
3569 480 3776 538 vocare,

2191 547 2292 601 nisi
2317 549 2620 615 candidam,
2657 568 2956 620 possumus.

2285 639 2511 696 CAPUT
2550 641 2689 696 Xlll.
2706 674 2777 685 —-
2803 644 3168 704 [inmortalitas
3197 653 3381 708 anima?
3408 655 3682 724 colligitur.

2259 729 2348 784 25.
2394 729 2524 786 lllud
2554 749 2683 790 vero
2727 737 2864 806 quod
2897 738 3254 811 interrogasti,
3287 745 3404 813 quis
3433 749 3773 815 concesserit,

2187 829 2278 874 aut
2303 823 2386 876 cui
2419 839 2573 893 posse
2603 827 2716 882 fieri
2755 829 3014 898 videatur,
3067 843 3123 886 ut
3167 834 3215 888 id
3260 835 3400 904 quod
3443 837 3492 890 in
3539 839 3778 908 subjecto
3831 893 3836 898 .

2188 921 2289 978 est,
2341 927 2551 970 maneat
2594 919 2709 988 ipso
2739 921 3036 978 intereunte
3081 926 3356 995 subjecto?
3385 928 3776 986 Monstruosum

2186 1007 2326 1060 enim
2354 1018 2407 1062 ct
2435 1025 2465 1064 a
2495 1012 2715 1067 veritate
2758 1015 3143 1072 alienissimum
3189 1029 3289 1086 est,
3333 1031 3390 1076 ut
3415 1021 3468 1076 id
3497 1023 3638 1092 quod
3665 1039 3772 1080 non

2185 1109 2327 1155 esset
2353 1102 2452 1158 nisi
2483 1105 2536 1158 in
2579 1108 2694 1175 ipso
2737 1119 2900 1174 esset,
2935 1113 3092 1165 etiam
3123 1129 3240 1168 cum
3281 1115 3454 1184 ipsum
3483 1133 3588 1172 non
3621 1117 3780 1174 fuerit

2185 1193 2353 1260 possit
2381 1209 2516 1249 esse.
2549 1197 2614 1251 R.
2643 1199 2776 1254 Illud
2807 1201 2965 1270 igitur
2989 1204 3132 1272 quod
3173 1209 3547 1275 quaerebamus
3587 1209 3776 1265 inven-

2185 1291 2295 1338 tum
2322 1295 2421 1340 est.
2457 1287 2516 1340 Α.
2543 1289 2680 1358 Quid
2707 1294 2928 1349 narras?
2953 1293 3021 1348 Β.
3051 1296 3106 1350 ld
3129 1298 3266 1366 quod
3294 1301 3466 1356 audis.
3497 1287 3558 1354 Α.
3587 1303 3778 1358 Jamne

2183 1389 2310 1445 ergo
2331 1378 2529 1447 liquido
2551 1391 2761 1438 constat
2787 1386 3022 1440 animum
3053 1403 3174 1445 esse
3209 1391 3596 1448 immortalem?
3619 1394 3686 1448 R.
3719 1395 3776 1450 Si

2182 1484 2244 1522 ea
2265 1487 2384 1540 qua:
2407 1477 2718 1532 concessisti
2759 1493 2884 1533 vera
2923 1481 3052 1546 sint,
3099 1482 3479 1552 liquidissime:
3511 1488 3611 1542 nisi
3641 1489 3778 1544 forte

2181 1561 2414 1616 animum
2435 1563 2584 1632 dicis,
2605 1568 2810 1624 etiamsi
2831 1573 3104 1638 moriatur,
3129 1575 3364 1631 animum
3386 1593 3523 1633 esse.
3549 1581 3608 1632 A.
3631 1579 3778 1636 Nun-

2181 1667 2338 1722 quam
2367 1656 2612 1724 equidem
2643 1658 2745 1715 hoc
2772 1661 3032 1729 dixerim;
3063 1665 3156 1719 sed
3183 1682 3249 1720 eo
3275 1667 3388 1735 ipso
3434 1685 3540 1740 quo
3570 1671 3774 1739 interit,

2181 1743 2296 1798 ﬁeri
2325 1755 2380 1799 ut
2405 1749 2616 1804 animus
2645 1767 2748 1805 non
2777 1755 2866 1818 sit,
2902 1753 3040 1808 dico.
3065 1756 3174 1812 Nec
3195 1773 3280 1812 me
3305 1761 3373 1814 ab
3394 1761 3492 1814 hac
3512 1765 3774 1818 sententia

2180 1847 2416 1905 revocat,
2449 1841 2594 1910 quod
2623 1858 2652 1896 a
2683 1846 2888 1914 magnis
2917 1846 3245 1918 philosophis
3275 1850 3476 1906 dictum
3503 1864 3622 1919 est,
3651 1872 3774 1912 eam

2177 1942 2291 1984 rem
2316 1946 2452 1999 qum,
2477 1948 2812 2005 quocumque
2841 1939 3064 2006 venerit,
3093 1941 3251 1995 vitam
3279 1955 3514 2012 praestat,
3545 1957 3772 2002 mortem

2177 2017 2232 2074 in
2262 2037 2320 2075 se
2349 2023 2630 2080 admittere
2659 2043 2764 2082 non
2795 2045 2968 2098 posse.
3001 2031 3254 2098 Quamvis
3274 2037 3414 2090 enim
3439 2037 3616 2092 lumen
3635 2057 3774 2109 quo-

2177 2127 2403 2184 cumque
2433 2116 2630 2173 intrare
2657 2122 2908 2188 potuerit,
2935 2122 3092 2178 faciat
3119 2125 3170 2179 id
3193 2127 3390 2192 lucere,
3417 2131 3772 2202 tenebrasque

2175 2203 2314 2260 inse
2341 2217 2560 2278 propter
2589 2214 2987 2270 memorabilem
3037 2217 3182 2272 illam
3230 2221 3334 2274 vim
3379 2224 3770 2281 contrariorum

2175 2313 2284 2353 non
2327 2302 2493 2370 possit
2537 2303 2849 2370 admittere;
2899 2317 3075 2364 tamen
3107 2312 3481 2383 exstinguitur,
3513 2315 3772 2388 locusque

2173 2392 2263 2448 ille
2290 2395 2552 2451 exstincto
2579 2397 2777 2454 lumine
2807 2401 3132 2457 tenebratur.
3162 2403 3238 2458 lta
3261 2405 3392 2460 illud
3433 2413 3575 2476 quod
3617 2416 3772 2464 tene—

2173 2486 2283 2542 bris
2312 2489 2612 2558 resistebat,
2647 2508 2818 2562 neque
2849 2495 2956 2548 ullo
2985 2497 3146 2552 modo
3189 2497 3240 2552 in
3289 2514 3348 2554 se
3391 2500 3638 2556 tenebras
3665 2501 3772 2555 ad-

2173 2579 2337 2647 misit,
2369 2591 2422 2636 et
2464 2584 2542 2638 sic
2580 2585 2660 2640 eis
2687 2586 3003 2644 intercundo
3049 2589 3222 2644 locum
3267 2590 3412 2658 fecit,
3457 2603 3513 2646 ut
3557 2601 3774 2664 poterat

2172 2671 2331 2726 etiam
2361 2673 2703 2731 discedendo.
2739 2677 2916 2748 Itaque
2947 2681 3108 2736 timeo
3135 2697 3201 2737 ne
3227 2698 3372 2738 mors
3403 2685 3472 2740 ita
3493 2687 3772 2756 contingat

2171 2765 2401 2833 corpori,
2429 2775 2481 2820 ut
2509 2768 2740 2822 tenebrae
2767 2770 2906 2834 loco,
2937 2773 3221 2843 aliquando
3245 2775 3553 2832 discedente
3583 2778 3772 2834 animo

2171 2865 2230 2909 ut
2255 2855 2477 2924 lumine,
2505 2860 2788 2930 aliquando
2820 2873 2998 2918 autem
3031 2865 3226 2921 ibidem
3255 2869 3551 2935 exstincto;
3577 2881 3633 2924 ut
3647 2871 3770 2940 jam

2170 2965 2276 3004 non
2304 2950 2370 3005 de
2399 2954 2544 3007 onmi
2571 2963 2742 3010 morte
2763 2957 3003 3026 corporis
3030 2959 3288 3014 securitas
3313 2961 3401 3026 sit,
3435 2961 3526 3016 sed
3547 2963 3768 3032 aliquod

2170 3055 2338 3111 genus
2366 3045 2554 3100 mortis
2576 3046 2644 3100 sit
2672 3047 2984 3116 optandum,
3013 3066 3121 3120 quo
3146 3053 3320 3106 anima
3349 3069 3414 3108 ex
3435 3069 3658 3124 corpore
3680 3057 3768 3110 in-

2169 3131 2396 3188 columis
2425 3134 2699 3200 educatur,
2733 3139 3158 3212 perducaturque
3185 3143 3251 3198 ad
3275 3145 3474 3212 locum,
3499 3147 3542 3201 si
3567 3157 3650 3202 est
3679 3149 3768 3202 ul-

2167 3222 2251 3278 lus
2277 3224 2396 3280 talis
2423 3225 2592 3294 locus,
2613 3228 2698 3284 ubi
2717 3245 2820 3286 non
2845 3233 3009 3300 possit
3035 3235 3317 3306 exstingui.
3339 3239 3464 3304 Aut,
3493 3239 3537 3292 si
3565 3255 3630 3292 ne
3657 3239 3766 3296 hoc

2166 3314 2380 3384 quidem
2409 3327 2602 3386 potest,
2625 3329 2784 3392 atque
2807 3323 2858 3376 in
2887 3324 3004 3394 ipso
3033 3342 3259 3397 corpore
3287 3330 3466 3384 anima
3494 3333 3647 3402 quasi
3673 3333 3764 3387 lu—

2165 3423 2289 3464 men
2329 3411 2655 3480 accenditur,
2703 3430 2802 3470 nec
2843 3418 2970 3472 alibi
3018 3429 3192 3488 potest
3219 3421 3434 3489 durare,
3479 3425 3766 3496 omnisque

2165 3495 2421 3558 mors'est
2461 3507 2745 3562 exstinctio
2786 3510 3026 3579 quaedam
3071 3513 3264 3568 anima:
3311 3515 3362 3568 in
3411 3531 3634 3588 corpore
3673 3521 3762 3576 vel

2162 3597 2319 3662 vitae;
2346 3600 2558 3670 aliquod
2587 3617 2757 3673 genus
2777 3606 3192 3676 eligendumest
3211 3619 3464 3678 quantum
3495 3609 3652 3668 homo
3677 3613 3761 3668 si-

2162 3691 2326 3758 nitur,
2371 3708 2477 3764 quo
2507 3694 2736 3766 idipsum
2781 3699 2924 3768 quod
2965 3701 3180 3767 vivitur,
3227 3717 3350 3760 cum
3379 3706 3662 3760 securitate
3691 3723 3762 3763 ac

2163 3785 2542 3854 tranquillitate
2598 3789 2837 3858 vivatur,
2891 3808 3195 3864 quanquam
3239 3797 3422 3852 nescio
3483 3801 3758 3868 quomodo

2161 3875 2302 3931 istud
2329 3879 2496 3946 possit
2525 3879 2640 3935 fieri
2669 3883 2714 3936 si
2749 3883 2926 3938 anima
2951 3887 3193 3941 moritur.
3221 3887 3266 3942 Ο
3291 3889 3518 3944 multum
3541 3891 3753 3961 beatos;

2157 3969 2350 4036 quibus
2372 3970 2484 4026 sive
2511 3972 2578 4026 ab
2617 3973 2764 4043 ipsis,
2793 3977 2906 4031 sive
2929 3977 3026 4032 abs
3057 3980 3313 4049 quolibet,
3347 3997 3451 4038 non
3479 3999 3597 4044 esse
3633 4001 3756 4040 mc-

2159 4061 2406 4116 tuendam
2433 4073 2680 4132 mortem,
2719 4068 2927 4124 etiamsi
2957 4070 3132 4125 anima
3161 4073 3408 4142 intereat,
3439 4091 3751 4144 persuasum

2155 4153 2267 4206 est!
2299 4153 2370 4207 At
2397 4154 2528 4210 mihi
2554 4157 2750 4213 misero
2789 4159 2949 4216 nulla:
2987 4162 3160 4220 adhuc
3187 4165 3446 4236 rationes,
3467 4169 3594 4224 nulli
3625 4171 3752 4226 libri

2157 4243 2480 4310 persuadere
2515 4256 2818 4316 potuerunt.

2226 4333 2315 4390 24.
2345 4337 2414 4391 R.
2441 4337 2558 4394 Noli
2583 4355 2798 4410 gemere
2817 4385 2830 4410 ,
2861 4343 3176 4402 immortalis
3204 4357 3286 4404 est
3313 4352 3520 4407 animus
3555 4352 3748 4408 huma-

2153 4441 2274 4481 nus.
2307 4429 2370 4482 Α.
2405 4429 2555 4486 Unde
2583 4432 2685 4488 hoc
2715 4436 2945 4504 probas?
2970 4438 3037 4493 R.
3065 4441 3148 4495 Ex
3181 4442 3244 4496 iis
3261 4459 3380 4513 qua“:
3407 4460 3528 4516 cum
3555 4463 3744 4519 magna
3781 4499 3786 4502 .

2153 4519 2418 4586 cautione,
2457 4531 2514 4578 ut
2555 4525 2804 4594 arbitror,
2861 4531 3104 4600 superius
3147 4535 3479 4592 concessisti.
3511 4540 3574 4592 A.
3603 4539 3742 4595 Nihil

2152 4609 2366 4679 quidem
2395 4629 2481 4668 me
2510 4616 2686 4670 minus
2713 4619 2996 4690 vigilanter
3023 4623 3372 4697 interroganti
3404 4629 3496 4684 tibi
3525 4633 3744 4686 memini

2151 4699 2364 4758 dedisse
2397 4721 2409 4756 :
2441 4704 2543 4760 sed
2574 4708 2762 4780 collige
2801 4711 2913 4780 jam
2960 4713 3128 4783 ipsum
3175 4732 3434 4774 summam
3457 4763 3470 4786 ,
3519 4736 3615 4777 oro
3647 4731 3738 4788 te;

2153 4791 2424 4850 videamus
2448 4812 2554 4868 quo
2577 4801 2734 4856 tantis
2749 4803 3069 4874 ambagibus
3095 4812 3512 4880 pervenerimus,
3541 4831 3636 4870 nec
3658 4832 3743 4871 me

2143 4881 2256 4952 jam
2292 4885 2588 4960 interroges
2611 4893 2752 4947 velo.
2781 4893 2836 4949 Si
2875 4897 3018 4952 enim
3045 4915 3108 4955 ea
3149 4901 3382 4959 breviter
3405 4918 3742 4963 enumeratu-

2148 4993 2240 5032 rus
2266 4994 2324 5034 es
2354 4997 2470 5050 quae
2499 4987 2768 5054 concessi,
2799 5003 3030 5058 quonam
3077 5010 3262 5052 rursus
3311 5002 3588 5068 responsio
3621 5017 3738 5058 mea

2147 5068 2519 5127 desideratur?
2539 5075 2621 5130 An
2648 5085 2706 5130 ut
2733 5094 2909 5137 moras
2938 5085 3252 5153 gaudiorum
3279 5089 3408 5144 mihi
3439 5090 3634 5146 frustra
3659 5093 3742 5148 in-

2149 5157 2308 5228 feras,
2337 5163 2382 5218 si
2403 5165 2530 5234 quid
2561 5165 2688 5222 boni
2719 5168 2856 5228 forte
2879 5174 3247 5233 confecimus?
3269 5178 3338 5233 R.
3357 5181 3571 5237 Faciam
3595 5185 3744 5254 quod

2147 5261 2200 5306 te
2220 5253 2356 5307 velle
2387 5255 2562 5324 video,
2591 5259 2684 5315 sed
2713 5263 2928 5320 attende
2950 5265 3372 5338 diligentissime.
3401 5273 3467 5328 Α.
3493 5253 3744 5346 Loquere

2141 5343 2275 5416 jam,
2297 5346 2383 5402 hic
2411 5363 2528 5404 sum
2553 5366 2565 5416 ;
2587 5353 2712 5420 quid
2729 5357 2954 5411 enecas?
2973 5357 3226 5417 It.0mne
3245 5363 3385 5432 quod
3419 5365 3470 5420 in
3496 5368 3739 5437 subjecto

2143 5445 2256 5502 est,
2288 5439 2332 5492 si
2362 5453 2575 5511 semper
2595 5453 2794 5512 manet,
2827 5441 2998 5518 ipsum
3023 5451 3181 5506 etiam
3205 5453 3504 5523 subjectum
3523 5469 3740 5517 maneat

2147 5546 2360 5602 semper
2391 5549 2614 5592 necesse
2643 5545 2744 5594 est.
2775 5539 2844 5595 Et
2867 5545 3042 5600 onmis
3071 5545 3124 5600 in
3153 5547 3396 5618 subjecto
3435 5561 3517 5606 est
3554 5553 3733 5609 animi.

2143 5624 2440 5696 disciplina.
2473 5629 2703 5688 Necesse
2729 5635 2996 5706 estigitur
3035 5653 3247 5708 semper
3277 5651 3330 5696 ut
3371 5644 3579 5698 animus
3619 5661 3735 5700 ma-

2142 5729 2284 5787 neat,
2335 5721 2380 5776 si
2427 5735 2638 5794 semper
2675 5737 2854 5784 manet
2881 5727 3178 5802 disciplina.
3223 5731 3316 5789 Est
3347 5744 3524 5791 autem
3567 5735 3732 5793 disci.

2143 5811 2288 5896 plina
2315 5814 2530 5890 veritas,
2555 5826 2610 5886 et
2639 5831 2870 5904 semper,
2903 5829 2961 5888 ut
2987 5821 3041 5892 iu
3079 5823 3232 5898 initio
3261 5825 3384 5900 libri
3411 5827 3566 5914 huius
3593 5835 3732 5902 ratio
