4078 6366
499 289 610 347 899

507 404 673 477 possit
708 417 772 458 ea
809 416 898 458 res
932 415 1050 472 quin
1091 400 1310 456 omnino
1343 415 1449 454 non
1489 399 1578 452 sit.
1621 397 1686 451 Β.
1723 398 1892 452 Recte
1917 397 2077 462 dicis;

505 499 596 552 sed
631 512 732 551 non
761 495 988 550 attendis
1031 509 1146 548 eam
1189 509 1300 546 rem
1341 508 1457 562 qua:
1485 491 1700 544 omnino
1727 489 1869 544 nulla
1899 489 1986 555 sit,
2017 503 2084 542 ne

506 589 696 643 falsum
727 585 938 656 quidem
969 599 1122 653 posse
1143 583 1264 637 dici.
1291 582 1346 637 Si
1373 582 1512 636 enim
1541 581 1730 636 falsum
1757 587 1856 642 est,
1887 587 2006 634 est:
2039 579 2082 632 si

507 697 614 734 non
642 687 742 744 est,
772 693 876 732 non
901 685 982 730 est
1011 674 1202 730 falsum
1235 675 1272 726 ί.
1306 673 1368 727 Α.
1406 673 1520 726 Νοιι
1551 687 1676 742 ergo
1697 672 1932 728 dicemus
1957 669 2082 730 illud

503 773 570 828 de
597 771 800 832 Medea,
841 769 1018 824 nescio
1053 767 1192 838 quod
1235 777 1568 830 monstrum,
1617 765 1806 820 falsum
1834 765 1984 820 esse?
2015 765 2080 820 Π.

505 863 619 918 Non
645 863 854 931 utique;
885 875 1004 914 nam
1035 861 1082 915 si
1123 858 1310 914 falsum
1339 865 1420 912 est
1440 899 1454 924 ,
1489 855 1756 926 quomodo
1787 863 2084 910 monstrum

505 964 590 1010 est
617 954 672 1008 ’ἲ
697 955 762 1006 Α.
781 953 962 1008 Miram
983 965 1096 1005 rem
1123 949 1276 1004 video
1303 965 1318 1002 :
1351 949 1493 1002 itane
1516 947 1730 1002 tandem
1755 962 1878 1004 cum
1900 946 2080 1014 audio,

683 1052 880 1106 Angues
901 1043 1131 1105 ingentes
1153 1039 1294 1092 alites
1309 1040 1502 1102 junetos
1514 1039 1650 1102 iugo.

1032 1123 1218 1192 (Poeta
1237 1121 1376 1192 apud
1397 1122 1525 1188 ϐία,
1554 1120 1616 1174 tle
1639 1119 1666 1173 1
1675 1129 1838 1176 nvem.
1867 1119 2038 1190 1,19.)

505 1243 610 1282 non
640 1226 762 1282 dico
787 1226 1014 1284 falsum}?
1041 1225 1108 1280 li.
1140 1225 1280 1280 Dicis
1309 1225 1462 1294 plane
1491 1243 1504 1278 :
1533 1231 1616 1278 est
1643 1224 1783 1278 enim
1808 1223 1949 1293 quod
1983 1222 2082 1278 fai-

503 1335 618 1375 sum
671 1333 790 1374 esse
831 1319 996 1374 dicas.
1029 1317 1092 1372 A'.
1123 1317 1280 1384 Quid,
1323 1315 1542 1386 quaeso?
1577 1315 1646 1370 Β.
1689 1315 1838 1372 lllam
1885 1316 2086 1372 scilicet

499 1413 814 1466 sententiam
845 1426 964 1480 qum
1015 1412 1128 1480 ipso
1167 1425 1324 1464 versu
1372 1409 1697 1463 enuntiatur.
1733 1409 1796 1462 Α.
1831 1409 1896 1463 Et
1925 1425 2084 1478 quam

505 1501 714 1556 tandem
742 1500 903 1556 habet
932 1502 1028 1554 ista
1057 1501 1402 1556 imitationem
1425 1500 1573 1554 veri?
1605 1499 1670 1552 Β.
1697 1500 1827 1567 Quia
1845 1500 2086 1554 similiter

501 1593 886 1660 enuntiaretur,
922 1593 1128 1646 etiamsi
1161 1609 1286 1648 vere
1325 1592 1454 1648 illud
1487 1593 1668 1648 Medea
1697 1591 1932 1646 fecisset.
1965 1593 2087 1648 lmi-

507 1693 648 1740 tatur
682 1701 810 1756 ergo
851 1686 965 1754 ipsa
1009 1685 1377 1740 enuntiatione
1421 1699 1574 1738 veras
1628 1685 1916 1740 sententias
1957 1683 2085 1740 falsa

503 1775 790 1834 sententia.
822 1777 951 1842 Quae
971 1776 1144 1830 sinon
1171 1775 1428 1840 creditur,
1456 1790 1520 1829 eo
1541 1776 1654 1828 solo
1675 1775 1910 1828 imitatur
1934 1791 2087 1840 veras

503 1868 645 1938 quod
675 1868 745 1922 ita
771 1867 986 1932 dicitur,
1020 1875 1208 1936 estque
1237 1874 1438 1922 tantum
1471 1867 1599 1920 falsa
1621 1907 1634 1928 ,
1663 1881 1772 1920 non
1797 1867 1952 1922 etiam
1987 1866 2084 1920 fal-

503 1959 642 2016 lens.
671 1959 728 2016 Si
747 1967 924 2014 autem
947 1957 1106 2014 iidem
1134 1959 1398 2028 impetrat,
1421 1959 1656 2014 imitatur
1675 1959 1836 2014 etiam
1857 1959 2088 2014 creditas

501 2063 674 2108 veras.
707 2051 770 2104 Α.
804 2051 920 2106 Jam
949 2051 1186 2120 intelligo
1231 2051 1454 2106 multum
1499 2051 1758 2106 interesse
1807 2051 1946 2108 inter
1995 2051 2084 2104 illa

505 2159 624 2213 qua:
649 2143 896 2206 dieimus,
929 2151 982 2196 et
1003 2141 1093 2196 illa
1115 2143 1182 2198 de
1201 2141 1392 2210 quibus
1411 2141 1634 2196 dicimus
1655 2141 1850 2210 aliquid
1873 2158 1886 2206 ;
1919 2156 2086 2210 quare

499 2235 608 2306 iam
653 2235 916 2290 assentior
949 2252 962 2288 :
993 2249 1114 2288 nam
1157 2233 1260 2292 hoc
1301 2235 1416 2288 solo
1467 2235 1787 2302 revocabor,
1829 2234 2086 2304 quidquid

505 2326 696 2382 falsum
727 2325 952 2382 dicimus
983 2341 1088 2380 non
1114 2335 1262 2382 recte
1289 2325 1390 2380 dici
1409 2367 1422 2392 ,
1449 2326 1548 2382 nisi
1570 2325 1760 2386 haheat
1787 2327 1896 2380 veri
1919 2325 2084 2380 alicu-

499 2417 584 2488 jus
615 2418 981 2474 imitationem.
1001 2417 1130 2485 Quis
1159 2419 1297 2474 enim
1331 2417 1556 2488 lapidem
1591 2418 1782 2474 falsum
1811 2427 2086 2486 argentum

471 2523 622 2564 -esse
667 2509 852 2564 dicens
894 2523 998 2564 non
1043 2508 1162 2578 iure
1201 2510 1468 2564 rideatur?
1497 2519 1691 2564 .tamen
1732 2511 1774 2570 si
1807 2510 2086 2578 quisquam

513 2601 740 2671 lapidem
783 2611 1060 2670 argentum
1101 2616 1224 2656 esse
1261 2601 1440 2666 dicat,
1482 2601 1706 2656 dicimus
1745 2600 1935 2656 falsum
1964 2616 2086 2656 cum

505 2691 712 2756 dicere,
761 2692 812 2746 id
841 2701 926 2746 est
954 2691 1136 2746 falsam
1165 2690 1406 2760 proferre
1449 2692 1784 2746 sententiam.
1826 2690 2087 2750 Staunum

499 2793 675 2838 autem
707 2783 792 2838 vel
823 2782 1094 2852 plumbum
1136 2797 1242 2846 non
1272 2781 1518 2846 absurde,
1565 2791 1622 2836 ut
1653 2781 1862 2852 opinor,
1896 2781 2086 2836 falsum

501 2883 774 2942 argentum
805 2887 1089 2938 vocamus,
1125 2872 1266 2942 quod
1296 2871 1348 2926 id
1377 2887 1464 2928 res
1493 2872 1604 2942 ipsa
1630 2873 1778 2934 velut
1803 2873 2039 2942 imitatur
2069 2891 2082 2928 :

503 2981 678 3035 neque
699 2982 762 3020 ex
784 2981 850 3022 eo
877 2966 1006 3022 falsa
1034 2973 1114 3020 est
1135 2974 1314 3020 nostra
1340 2966 1622 3032 sententia,
1648 2966 1740 3022 sed
1768 2966 1894 3028 illud
1917 2967 2086 3036 ipsum

501 3057 568 3114 de
594 3073 700 3128 quo
728 3059 1050 3114 enuntiatur.

559 3148 781 3206 CAPUT
823 3147 956 3206 XVI.
983 3177 1056 3190 —
1083 3148 1162 3206 An
1191 3149 1401 3204 meliora
1427 3150 1730 3206 deteriorum
1749 3151 2030 3208 nominibus

1095 3244 1264 3296 vocari
1293 3245 1502 3312 possint.

575 3334 662 3389 50.
695 3332 762 3388 R.
789 3334 933 3390 Bene
961 3334 1228 3404 intelligis.
1268 3333 1374 3390 Sed
1403 3335 1526 3390 illud
1557 3335 1696 3402 vide,
1725 3345 1900 3392 utrum
1927 3345 1982 3393 et
2003 3351 2090 3396 ar-

505 3435 720 3495 gentum
759 3424 878 3480 falsi
927 3425 1126 3494 plumbi
1173 3427 1388 3482 nomine
1425 3435 1780 3496 congruenter
1825 3427 2089 3498 appellare

505 3520 790 3588 possimus.
825 3519 888 3572 Α.
927 3518 1042 3574 Νοη
1083 3517 1214 3572 mihi
1256 3519 1446 3588 placet.
1485 3518 1554 3574 R.
1585 3520 1722 3588 Quid
1753 3521 1854 3576 ita?
1883 3520 1946 3574 A.
1979 3521 2087 3576 Ne-

499 3614 642 3678 scio;
676 3612 780 3668 nisi
809 3611 936 3668 illud
967 3612 1144 3678 video,
1173 3611 1517 3668 vehementer
1547 3623 1730 3668 contra
1759 3615 2088 3670 voluntatem

497 3719 670 3758 meam
711 3702 836 3758 dici.
869 3701 937 3756 Β.
969 3701 1106 3757 Num
1137 3701 1272 3756 forte
1307 3712 1586 3770 propterea
1625 3703 1766 3772 quod
1810 3715 2086 3774 argentum

503 3796 694 3850 melius
733 3801 846 3861 est,
889 3803 944 3850 et
989 3793 1138 3863 quasi
1183 3793 1238 3848 in
1289 3794 1659 3848 contumeliam
1703 3795 1818 3862 eius
1865 3796 2086 3862 dicitur;

499 3887 704 3957 plumbi
740 3894 916 3942 autem
943 3885 1158 3954 quidam
1183 3884 1328 3950 velut
1357 3884 1527 3939 honor
1563 3893 1678 3952 est,
1709 3885 1754 3940 si
1785 3885 1970 3940 falsum
1997 3901 2086 3940 ar-

497 3985 714 4047 gentum
743 3977 998 4032 vocetur?
1023 3975 1086 4029 A.
1117 3976 1341 4032 Prorsus
1363 3977 1636 4046 explicasti
1656 3979 1796 4046 quod
1825 3979 2086 4032 volebam.

497 4069 566 4124 Et
586 4069 708 4124 ideo
731 4067 894 4124 credo
915 4067 1037 4136 jure
1063 4066 1286 4122 infames
1305 4067 1738 4138 intestabilesque
1765 4069 1968 4134 haberi,
1997 4071 2088 4138 qui

497 4160 744 4216 muliebri
777 4158 960 4214 habitu
999 4173 1058 4214 se
1087 4167 1386 4226 ostentant,
1419 4177 1552 4229 quos
1581 4161 1760 4216 nescio
1785 4171 1958 4216 utrum
1987 4161 2086 4218 fal-

497 4267 584 4308 sas
611 4251 884 4314 mulieres,
911 4267 978 4306 an
1005 4249 1164 4306 falsos
1186 4252 1331 4307 viros
1367 4252 1560 4308 melius
1584 4269 1786 4308 vocem.
1818 4254 1985 4310 Veros
2011 4263 2088 4308 ta-

501 4357 626 4398 men
675 4340 994 4407 histriones,
1037 4357 1300 4412 verosque
1339 4342 1562 4398 infames
1601 4343 1716 4398 sine
1759 4343 2088 4410 dubitatione

497 4449 784 4506 possumus
813 4450 1038 4502 vocare;
1069 4443 1180 4501 aut,
1207 4436 1248 4488 si
1277 4435 1440 4490 latent
1465 4451 1564 4490 nec
1585 4435 1778 4492 infame
1798 4436 2086 4508 quidquam

495 4529 594 4584 nisi
623 4545 650 4582 a
685 4528 820 4598 turpi
849 4528 986 4584 fama
1025 4529 1365 4595 nominatur,
1399 4544 1554 4584 veros
1579 4546 1806 4600 nequam
1833 4548 1936 4586 non
1969 4533 2085 4587 sine

493 4624 716 4680 veritate
745 4621 991 4688 dicimus,
1032 4629 1093 4676 ut
1117 4623 1324 4692 opinor.
1363 4621 1431 4676 Β.
1462 4623 1610 4678 Alius
1638 4625 1784 4678 locus
1809 4625 1960 4680 nobis
1983 4628 2086 4682 erit

493 4716 558 4769 de
584 4716 697 4770 istis
718 4715 880 4772 rebus
903 4713 1198 4770 disserendi
1222 4731 1236 4768 :
1261 4713 1426 4768 multa
1451 4715 1594 4770 enim
1615 4713 1768 4780 fiunt,
1796 4731 1912 4786 quae
1932 4719 2084 4786 quasi

493 4807 628 4861 facie
653 4805 896 4876 populari
927 4806 1098 4874 turpia
1125 4803 1394 4872 videntur,
1421 4805 1598 4876 aliquo
1630 4815 1804 4862 tamen
1834 4807 1938 4866 line
1967 4809 2084 4866 lau-

492 4895 652 4950 dabili
703 4895 925 4950 honesta
971 4903 1354 4950 monstrantur.
1401 4895 1470 4950 Et
1506 4911 1696 4969 magna
1737 4902 1960 4969 qumstio
2001 4913 2084 4966 est

491 4995 665 5040 utrum
689 4985 874 5055 patria:
895 4983 1182 5040 liberanda:
1203 5000 1362 5042 causa
1383 4988 1627 5046 muliebri
1649 4991 1822 5044 tunica
1847 4991 2078 5058 indutus,

489 5077 680 5134 debeat
705 5077 912 5134 hostem
941 5077 1210 5148 decipere,
1235 5079 1336 5134 hoc
1355 5081 1472 5150 ipso
1495 5096 1602 5150 quo
1620 5083 1810 5138 mulier
1833 5084 1960 5144 falsa
1987 5088 2078 5154 sit,

486 5165 718 5224 fortasse
741 5169 922 5232 verior
945 5169 1028 5223 vir
1069 5168 1278 5224 futurus
1308 5187 1320 5223 :
1349 5179 1404 5226 et
1429 5181 1606 5230 utrum
1633 5175 1843 5244 sapiens
1873 5177 1958 5244 qui
1985 5178 2082 5232 ali-

487 5275 599 5330 quo
624 5260 784 5315 modo
804 5269 1006 5316 certum
1029 5261 1223 5318 habeat
1242 5263 1594 5332 necessariam
1620 5264 1732 5322 fore
1751 5267 1910 5320 vitam
1929 5284 2078 5326 suam

487 5353 652 5416 rebus
681 5352 960 5422 humanis,
999 5355 1152 5410 malit
1189 5356 1356 5410 emori
1385 5354 1614 5426 frigore,
1653 5373 1809 5428 quam
1839 5360 2078 5417 femineis

553 5487 572 5558 ξ
600 5485 672 5537 sic
681 5488 833 5558 nostri
851 5489 1044 5558 stss._sic
1057 5489 1202 5558 etiam
1213 5496 1318 5558 διεδ.
1331 5487 1464 5552 Angl.
1480 5495 1536 5540 At
1551 5495 1662 5541 Lov.
1679 5505 1690 5540 :
1705 5491 1755 5542 Si
1762 5491 1888 5542 enim
1901 5491 2078 5558 falsum

485 5551 576 5614 est,
597 5560 694 5614 non
711 5555 821 5614 est»:
838 5549 882 5600 si
896 5556 982 5610 est,
1010 5562 1102 5600 non
1117 5556 1188 5600 est
1202 5553 1391 5614 fatsmn.

549 5613 568 5641 ³
595 5611 669 5662 sic
687 5609 904 5662 melioris
920 5609 1046 5676 nota:
1068 5621 1175 5676 alss.
1195 5609 1251 5662 Ᾱι
1283 5614 1422 5676 prius,
1435 5612 1617 5676 vulgati
1649 5614 1831 5666 habent
1854 5631 1866 5666 :
1891 5626 2010 5667 Nam
2033 5631 2079 5670 st

485 5671 1035 5786 ἕῧξὶὲιιπξηιοάο
1050 5671 1226 5737 falsum
1241 5671 1312 5727 θεῖ
1333 5673 1355 5726 ?
1374 5675 1423 5727 si
1437 5671 1614 5728 non'est
1629 5679 1821 5742 fectant,
1843 5683 2077 5744 qumodo

483 5747 754 5791 monstrum
771 5747 842 5786 est
863 5747 889 5786 ."
1299 5769 1302 5772 ~

1608 277 2162 349 SOLlLOQUlORUM
2203 277 2262 334 S.
2303 271 2668 336 AUGUSTINI
2757 305 2762 310 τ

3668 281 3770 338 9ῡῦ

2199 395 2455 462 vestibus,
2483 396 2528 450 si
2551 395 2692 452 aliud
2719 411 2825 450 non
2855 396 2944 464 sit,
2975 397 3197 466 amiciri,
3237 396 3340 453 Sed
3365 397 3434 453 de
3461 397 3580 466 hoc,
3609 407 3670 454 ut
3697 399 3778 456 di-

2195 497 2336 542 ctum
2365 497 2469 554 est,
2501 487 2629 544 alias
2651 487 2966 544 videbimus.
2991 487 3234 544 Profecto
3255 489 3396 556 enim
3425 491 3602 546 cernis
3625 507 3780 561 quan-

2193 588 2260 636 ta:
2287 580 2642 650 inquisitionis
2669 581 2934 652 indigeat,
2965 590 3222 652 quatenus
3265 582 3366 636 ista
3403 583 3650 652 progredi
3686 583 3778 656 dt}-

2191 672 2370 738 beant,
2401 687 2467 726 ne
2495 672 2546 726 in
2577 672 2830 742 quasdam
2859 673 3246 728 inexcusabilcs
3269 673 3623 744 turpitudines
3643 674 3782 746 deci-

2189 763 2362 818 datur.
2389 763 2542 818 Nuuc
2560 771 2736 818 autem
2767 763 2908 833 quod
2935 764 3182 834 praesenti
3209 765 3490 833 quwstioni
3521 765 3650 836 satis
3675 774 3778 834 est,

2185 857 2294 926 jam
2329 865 2456 926 puto
2485 871 2774 927 apparere,
2821 871 2992 926 neque
3026 855 3256 912 dubitari
3295 871 3402 914 non
3439 872 3558 912 esse
3591 856 3781 932 falsum

2191 949 2478 1018 quidquam
2507 949 2612 1006 nisi
2638 949 2750 1004 veri
2771 949 2946 1020 aliqua
2975 951 3286 1006 imitatione.

2189 1038 2414 1106 CAPUT
2454 1039 2616 1104 XVII.
2642 1069 2716 1082 —
2737 1039 2887 1112 _Num
2915 1041 3109 1110 aliquid
3149 1058 3210 1096 ea:
3244 1042 3381 1096 omni
3419 1053 3561 1115 parte
3594 1042 3786 1122 [diem

2501 1183 2506 1188 .
2791 1133 2856 1186 sit
2883 1141 2974 1188 aut
2993 1148 3186 1188 verum.

2263 1223 2348 1278 5i.
2383 1221 2446 1278 Α.
2477 1221 2824 1280 Proﬁciscere
2858 1225 2926 1278 ad
2954 1225 3189 1296 reliqua;
3219 1239 3342 1280 nam
3367 1224 3468 1280 hoc
3493 1225 3622 1298 milii
3649 1225 3786 1298 bene

2191 1328 2500 1382 persuasum
2532 1324 2632 1370 est.
2677 1314 2746 1370 Β.
2791 1315 2932 1386 Ergo
2977 1315 3105 1372 illud
3135 1332 3347 1386 quaero,
3388 1327 3562 1376 utrum
3595 1329 3784 1396 printer

2190 1405 2496 1474 disciplinas
2531 1406 2726 1476 quibus
2753 1407 3025 1462 erudimur
3045 1448 3060 1474 ,
3093 1417 3145 1462 et
3189 1408 3378 1478 quibus
3417 1411 3578 1464 etiam
3611 1412 3786 1482 ipsum

2191 1496 2424 1552 studium
2457 1497 2731 1568 sapientiae
2757 1500 3098 1554 annumerari
3131 1499 3304 1567 decet,
3343 1503 3606 1570 possimus
3630 1504 3785 1570 quid-

2189 1603 2349 1658 quam
2388 1589 2460 1644 ita
2501 1604 2687 1644 verum
2731 1591 2991 1658 invenire,
3028 1591 3168 1664 quod
3197 1607 3299 1646 non
3333 1593 3469 1646 sicut
3498 1593 3786 1650 theatricus

2193 1679 2429 1752 Achilles
2459 1696 2522 1736 ex
2563 1683 2736 1752 aliqua
2777 1691 2924 1754 parte
2953 1683 3144 1738 falsum
3173 1685 3258 1749 sit,
3289 1693 3346 1738 ut
3375 1701 3438 1740 ex
3476 1686 3576 1740 alia
3599 1701 3788 1742 verum

2191 1785 2311 1826 esse
2331 1773 2498 1842 possit
2513 1773 2534 1826 ?
2549 1774 2612 1830 Α.
2633 1775 2760 1830 Mihi
2784 1776 3031 1830 videntur
3053 1777 3216 1834 multa
3242 1777 3482 1830 inveniri.
3503 1777 3616 1832 Non
3639 1779 3782 1836 enim

2191 1863 2483 1934 disciplina:
2509 1865 2668 1920 istum
2695 1866 2888 1926 habent
2919 1866 3169 1936 lapidem,
3199 1881 3299 1922 nec
3326 1876 3525 1934 tamen,
3551 1875 3606 1922 ut
3625 1883 3788 1922 verus

2192 1957 2261 2010 sit
2285 1957 2442 2026 lapis,
2471 1959 2705 2012 imitatur
2729 1959 2924 2030 aliquid
2953 1961 3242 2026 secundum
3283 1961 3422 2030 quod
3451 1960 3614 2016 falsus
3641 1961 3792 2014 dica-

2197 2061 2300 2108 tur.
2336 2051 2454 2118 Quo
2475 2069 2583 2108 uno
2614 2065 3052 2120 commemorato,
3081 2053 3230 2108 vides
3248 2054 3358 2122 jam
3387 2054 3790 2122 imminet-abili-

2191 2144 2291 2202 bus
2319 2145 2775 2213 supersedendum
2803 2160 2922 2201 esse
2945 2187 2958 2210 ,
2981 2161 3102 2214 quae
3127 2155 3316 2214 sponte
3344 2153 3626 2216 occurrant
3645 2144 3794 2212 cogi-

2192 2237 2446 2292 tantibus.
2477 2235 2544 2292 R.
2594 2237 2760 2292 Video
2791 2251 3028 2306 prorsus.
3059 2236 3166 2304 Sed
3205 2251 3380 2292 nonne
3411 2237 3501 2296 tibi
3543 2237 3794 2308 videntur

2190 2343 2298 2384 uno
2321 2331 2562 2398 corporis
2591 2330 2804 2386 nomine
2847 2329 3084 2384 includi?
3120 2328 3186 2392 Α.
3227 2328 3576 2398 Yiderentur,
3620 2328 3664 2398 si
3699 2337 3796 2402 aut

2193 2421 2350 2476 inane
2377 2420 2510 2474 nihil
2547 2436 2666 2476 esse
2695 2429 2898 2476 certum
2931 2421 3206 2488 haberem,
3237 2429 3327 2476 aut
3354 2421 3524 2490 ipsum
3557 2418 3794 2472 animum

2192 2511 2332 2566 inter
2354 2526 2580 2581 corpora
2601 2513 2986 2582 numerandum
3009 2512 3317 2578 arbitrarer,
3337 2521 3428 2566 aut
3449 2511 3603 2584 etiam
3623 2511 3796 2566 Deum

2191 2617 2386 2672 corpus
2413 2602 2626 2672 aliquod
2649 2617 2768 2656 esse
2797 2603 3096 2670 crederem.
3127 2603 3257 2674 Quae
3283 2602 3458 2672 omnia
3479 2602 3522 2660 si
3551 2607 3694 2664 sunt,
3721 2600 3798 2674 ad

2193 2695 2389 2750 nullius
2413 2695 2762 2750 imitationem
2785 2695 2913 2750 falsa
2935 2705 2990 2752 et
3013 2711 3138 2752 vera
3161 2710 3280 2752 esse
3305 2695 3478 2768 video.
3503 2693 3568 2756 Β.
3593 2693 3648 2748 In
3677 2695 3800 2748 lon-

2191 2803 2316 2859 gum
2341 2803 2440 2842 nos
2460 2789 2648 2852 mittis,
2673 2790 2766 2843 sed
2788 2796 2908 2844 utar
2928 2798 3184 2858 quantum
3213 2802 3426 2858 possum
3453 2785 3796 2858 compendio.

2193 2881 2350 2938 Certe
2377 2882 2520 2942 enim
2547 2880 2692 2936 aliud
2720 2889 2804 2936 est
2831 2880 2974 2951 quod
3001 2882 3162 2936 inane
3191 2881 3446 2950 appellas,
3471 2880 3614 2934 aliud
3643 2880 3796 2952 quod

2192 2973 2492 3028 veritatem.
2526 2972 2590 3026 Α.
2619 2973 2800 3043 Longe
2833 2974 2996 3028 aliud.
3034 2973 3172 3040 Quid
3205 2976 3346 3030 enim
3375 2988 3462 3026 me
3491 2972 3718 3044 inanius,
3748 2973 3800 3026 si

2191 3062 2470 3120 veritatem
2501 3064 2660 3119 inane
2703 3064 2901 3135 aliquid
2945 3075 3108 3136 puto,
3149 3075 3240 3122 aut
3289 3075 3563 3142 tantopere
3593 3066 3796 3146 aliquid

2193 3159 2350 3214 inane
2371 3157 2610 3228 appeto?
2639 3159 2776 3224 Quid
2803 3159 2944 3216 enim
2981 3159 3124 3216 aliud
3155 3175 3317 3232 quam
3343 3165 3616 3220 veritatem
3639 3167 3802 3224 inve-

2193 3250 2308 3306 nire
2334 3249 2618 3306 desidero?
2645 3249 2716 3306 Β.
2749 3250 2890 3320 Ergo
2915 3259 2969 3308 et
2998 3251 3132 3308 illud
3161 3252 3388 3320 fortasse
3411 3258 3678 3323 concedis,
3707 3258 3804 3322 ni-

2193 3338 2268 3394 hil
2297 3355 2483 3394 verum
2512 3355 2632 3395 esse
2673 3341 2813 3410 quod
2857 3357 2964 3404 non
2995 3343 3216 3398 veritate
3259 3345 3350 3402 tiat
3393 3355 3452 3400 ut
3478 3361 3661 3402 verum
3697 3349 3798 3402 sit.

2193 3433 2258 3488 A.
2285 3431 2402 3488 Jam
2431 3433 2534 3488 hoc
2563 3433 2692 3488 olim
2716 3433 3058 3492 manifestum
3089 3445 3192 3490 est.
3217 3437 3285 3492 Β.
3311 3437 3444 3492 Num
3471 3439 3690 3494 dubitas
3716 3443 3804 3496 ni-

2194 3523 2270 3578 hil
2297 3531 2414 3580 es’se
2445 3525 2600 3580 inane
2629 3535 2822 3595 printer
2849 3527 3022 3596 ipsum
3053 3528 3228 3595 inane,
3271 3539 3360 3584 aut
3385 3540 3532 3586 certe
3559 3534 3798 3601 corpus?

2193 3617 2260 3669 A.
2293 3615 2518 3670 Prorsus
2565 3631 2669 3670 non
2718 3616 2923 3672 dubito.
2967 3616 3034 3670 Β.
3073 3617 3272 3688 Opinor
3310 3635 3478 3690 ergo,
3515 3622 3798 3676 veritatem

2194 3725 2390 3779 corpus
2419 3725 2538 3764 esse
2581 3709 2796 3778 aliquod
2825 3709 3018 3764 credis.
3050 3711 3114 3764 A.
3157 3711 3312 3766 Nullo
3347 3713 3525 3768 modo.
3557 3713 3626 3768 R.
3653 3714 3798 3782 Quid

2195 3801 2248 3854 in
2279 3800 2543 3868 corpore?
2571 3800 2634 3853 A.
2667 3798 2895 3866 Nescio;
2929 3800 3058 3856 nihil
3087 3801 3154 3856 ad
3195 3818 3306 3856 rem
3343 3821 3356 3858 :
3383 3804 3612 3860 arbitror
3643 3805 3798 3862 enim

2195 3895 2277 3946 vel
2307 3891 2433 3944 illud
2463 3899 2513 3946 te
2537 3891 2692 3954 scire,
2716 3892 2760 3946 si
2785 3899 2867 3946 est
2887 3891 3064 3956 inane,
3089 3893 3259 3964 magis
3279 3894 3404 3948 illud
3429 3910 3548 3950 csse
3568 3895 3654 3950 ubi
3677 3897 3798 3950 nul-

2194 3981 2303 4036 lum
2332 3983 2400 4036 sit
2426 3997 2640 4050 corpus.
2673 3980 2740 4034 R.
2773 3982 2886 4038 lloc
2911 3999 3038 4038 sane
3062 3984 3276 4054 planum
3307 3995 3407 4040 est.
3435 3987 3498 4038 Α.
3529 3986 3661 4052 Quid
3687 3987 3796 4058 igi—

2195 4083 2282 4128 tur
2303 4075 2684 4128 immoramur?
2713 4074 2779 4144 Ii.
2807 4075 2888 4130 An
2921 4077 3012 4132 tibi
3035 4087 3124 4146 aut
3145 4079 3342 4136 veritas
3367 4079 3571 4134 videtur
3598 4080 3798 4136 fecisse

2195 4168 2373 4232 inane,
2406 4179 2498 4222 aut
2527 4168 2726 4238 aliquid
2759 4183 2940 4224 verum
2963 4185 3081 4226 esse
3111 4172 3200 4228 ubi
3227 4174 3421 4228 veritas
3451 4189 3556 4228 non
3585 4173 3690 4226 sit?
3717 4173 3792 4228 Α.

2193 4261 2308 4316 Non
2337 4261 2566 4318 videtur.
2599 4261 2666 4314 Β.
2697 4262 2810 4316 Non
2842 4271 3074 4335 estergo
3104 4265 3261 4320 inane
3301 4281 3505 4332 verum,
3535 4268 3652 4336 quia
3692 4284 3798 4322 ne-

2193 4367 2298 4431 que
2337 4352 2406 4406 ab
2441 4367 2506 4406 eo
2531 4353 2670 4423 quod
2699 4354 2856 4408 inane
2881 4369 2984 4408 nou
3017 4365 3116 4420 est,
3157 4357 3312 4411 inane
3340 4357 3451 4412 fieri
3485 4366 3658 4431 potest
3687 4377 3700 4415 :
3731 4369 3798 4419 et

2193 4445 2334 4520 quod
2362 4447 2584 4500 veritate
2623 4455 2788 4510 caret,
2816 4461 2998 4504 verum
3033 4464 3136 4506 non
3159 4463 3280 4508 esse
3305 4454 3638 4508 manifestum
3665 4464 3790 4518 est;

2195 4545 2250 4590 et
2279 4537 2500 4590 omnino
2527 4536 2698 4606 ipsum
2731 4541 2870 4608 quod
2899 4541 3053 4596 inane
3075 4542 3284 4610 dicitur,
3309 4561 3374 4600 ex
3398 4561 3464 4599 eo
3489 4545 3626 4615 quod
3651 4547 3792 4602 nihil

2193 4627 2263 4680 sit
2301 4627 2518 4684 dicitur.
2556 4632 2834 4698 Quomodo
2874 4634 3029 4707 igitur
3057 4644 3232 4704 potest
3273 4652 3458 4692 verum
3497 4653 3615 4693 esse
3641 4641 3793 4708 quod

2193 4732 2299 4776 non
2327 4723 2452 4776 est?
2481 4731 2570 4776 aut
2599 4723 2864 4792 quomodo
2897 4734 3068 4794 potest
3097 4741 3218 4782 esse
3246 4729 3387 4797 quod
3415 4730 3623 4800 penitus
3651 4731 3792 4786 nihil

2192 4815 2311 4868 est?
2343 4815 2406 4868 Α.
2439 4817 2552 4886 Age
2593 4831 2754 4882 nunc,
2795 4817 2950 4872 inane
2993 4827 3239 4888 tanquam
3273 4821 3428 4876 inane
3453 4821 3788 4878 deseramus.

2431 4907 2657 4962 CAPUT
2695 4909 2879 4964 XVIII.
2909 4940 2980 4952 --
3003 4911 3082 4964 An
3109 4928 3136 4966 υ
3169 4929 3223 4966 re
3247 4914 3310 4972 sit
3341 4931 3544 4984 corpus.

2261 5000 2349 5054 52.
2379 4999 2444 5056 R.
2475 5000 2610 5068 Quid
2643 5000 2708 5056 de
2749 5004 2956 5058 caeteris
2993 5004 3165 5074 dicis?
3193 5005 3255 5058 Α.
3285 5007 3422 5074 Quid
3453 5005 3602 5062 “1R.
3631 5009 3788 5074 Quod

2189 5090 2340 5146 vides
2369 5092 2497 5146 mihi
2534 5092 2820 5162 plurimum
2849 5095 3142 5166 suffragari.
3181 5097 3366 5152 Restat
3396 5099 3537 5154 enim
3573 5101 3786 5154 animus

2189 5193 2243 5238 et
2269 5185 2428 5249 Deus,
2463 5201 2580 5254 quae
2623 5187 2726 5240 duo
2759 5188 2802 5242 si
2830 5197 3108 5258 propterea
3139 5206 3264 5245 vera
3295 5202 3418 5246 sunt
3443 5191 3582 5261 quod
3616 5193 3668 5246 in
3701 5191 3783 5247 his

2187 5283 2271 5330 est
2297 5275 2517 5341 veritas,
2554 5276 2620 5332 de
2655 5277 3050 5335 immortalitate
3081 5281 3174 5354 Dei
3203 5297 3361 5336 nemo
3400 5281 3621 5338 dubitat.
3653 5283 3786 5338 Ani-

2185 5381 2306 5421 mus
2325 5375 2502 5422 autem
2529 5369 2844 5426 immortalis
2866 5373 3118 5440 creditur,
3139 5374 3186 5430 si
3209 5380 3404 5430 veritas
3423 5391 3540 5445 qua:
3565 5375 3784 5432 interire

2185 5475 2292 5514 non
2323 5469 2516 5530 potest,
2546 5463 2704 5517 etiam
2739 5465 2788 5517 in
2819 5465 2909 5518 illo
2937 5480 3056 5520 esse
3085 5466 3354 5535 probatur.
3387 5467 3561 5535 Quare
3586 5467 3692 5536 jam
3719 5467 3782 5521 il-

2187 5549 2276 5604 lud
2299 5551 2543 5608 ultimum
2571 5554 2863 5622 videamus,
2898 5565 3074 5612 utrum
3101 5571 3294 5630 corpus
3323 5573 3429 5614 non
3451 5559 3520 5614 sit
3548 5573 3672 5613 vere
3693 5573 3782 5614 ve-

2253 5683 2272 5714 ι
2291 5688 2366 5732 Er.
2383 5691 2503 5734 Ven.
2529 5693 2638 5754 Iov.
2661 5701 2673 5737 :
2699 5685 2822 5754 Quid
2841 5686 2936 5754 nisi
2954 5689 3080 5754 quod
3097 5689 3246 5754 rides,
3267 5703 3364 5741 non
3385 5697 3656 5754 interrupto
3673 5699 3776 5739 sere

2187 5759 2333 5799 mone
2349 5760 2506 5808 usque
2529 5749 2588 5798 ad
2613 5751 2762 5800 verba
2786 5765 2798 5799 :
2825 5749 3084 5828 enitescis.
3121 5759 3176 5820 at.
