4078 6366
270 304 373 376 9m

1609 307 1811 368 LIBER
1848 301 2221 390 SECUNDUS.

3458 286 3566 364 90a

271 451 414 498 rum,
457 432 506 488 id
546 440 629 489 est
663 445 769 486 non
812 431 864 486 in
895 446 959 487 eo
988 431 1059 486 sit
1083 415 1423 497 veritas,‘sed
1451 431 1598 501 quasi
1624 428 1867 498 quaedam
1975 435 2092 475 sese
2119 419 2259 490 quod
2285 417 2500 475 interire
2528 431 2634 473 non
2659 419 2850 489 possis.
2872 419 3140 487 A.Audio,
3171 422 3446 494 resipisco,
3471 441 3549 480 re-

271 529 448 596 imago
476 524 743 580 veritatis.
773 523 906 579 Nam
934 525 978 578 si
1004 534 1057 579 et
1077 525 1128 579 in
1159 539 1401 594 corpore,
1426 522 1568 594 quod
1595 522 1723 575 satis
1753 536 1870 574 cer-

272 626 386 671 tum
419 626 500 672 est
532 616 774 685 recipere
819 615 1114 681 interitum,
1146 617 1249 670 tale
1274 617 1457 669 verum
1490 614 1865 678 invenerimus,

269 708 432 778 quale
473 717 553 762 est
581 707 634 761 in
659 707 974 777 disciplinis,
1008 724 1110 761 nou
1139 707 1395 761 continuo
1437 707 1537 760 crit
1567 703 1869 774 disputandi

270 802 556 871 disciplina
600 799 815 865 veritas,
860 817 961 870 qua
1005 816 1191 855 omnes
1220 817 1361 856 verte
1403 810 1524 856 sunt
1553 799 1866 870 disciplinae.

275 893 478 949 Verum
502 903 584 949 est
603 894 743 950 enim
767 901 820 948 et
840 909 1036 964 corpus
1057 894 1196 962 quod
1220 909 1324 952 non
1345 893 1553 947 videtur
1573 889 1870 961 disputandi

273 987 487 1042 ratione
528 1003 648 1042 esse
692 977 993 1053 formatum.
1027 985 1081 1040 Si
1109 1001 1236 1040 vero
1275 995 1328 1039 et
1365 1001 1558 1060 corpus
1584 985 1873 1039 imitatione

270 1080 456 1150 aliqua
478 1095 664 1134 verum
693 1089 798 1146 est,
834 1088 889 1136 et
932 1079 1001 1134 ob
1028 1079 1128 1133 hoc
1155 1094 1258 1132 non
1289 1079 1353 1132 ad
1383 1078 1636 1155 liquidum
1665 1092 1869 1143 verum,

269 1175 411 1230 nihil
431 1175 534 1230 erit
552 1171 780 1229 fortasse
804 1172 943 1242 quod
973 1171 1227 1242 impediat
1252 1170 1553 1241 disputandi
1583 1170 1868 1232 rationem,

270 1266 564 1337 quominus
589 1263 702 1335 ipsa
725 1263 921 1318 veritas
947 1263 1066 1318 esse
1086 1262 1357 1316 doceatur.
1391 1262 1454 1314 A.
1491 1261 1705 1315 Interim
1732 1274 1874 1330 quae-

274 1372 464 1412 ramus
493 1355 561 1410 de
598 1369 820 1426 corpore
847 1370 860 1418 ;
889 1370 1008 1409 nam
1042 1370 1107 1408 ne
1136 1354 1236 1407 hoc
1262 1353 1472 1424 quidem
1511 1367 1632 1408 eum
1679 1350 1876 1406 consti-

272 1449 421 1514 terit,
444 1448 600 1502 video
621 1447 772 1501 istam
799 1447 1218 1501 controversiam
1246 1447 1602 1500 terminatam.
1629 1443 1692 1497 R.
1723 1443 1873 1501 Unde

271 1538 381 1594 scis
421 1537 548 1609 quid
591 1538 719 1592 velit
749 1537 925 1591 Deus?
962 1537 1142 1607 Itaque
1170 1537 1384 1591 attende
1421 1552 1433 1588 :
1466 1553 1584 1594 nam
1618 1550 1718 1606 ego
1750 1544 1873 1605 puto

271 1645 470 1700 corpus
509 1629 681 1700 aliqua
712 1630 878 1682 forma
901 1639 954 1683 et
990 1629 1168 1698 specie
1198 1628 1490 1694 contineri,
1519 1643 1674 1698 quam
1704 1627 1747 1681 si
1772 1642 1876 1694 non

215 1749 218 1752 -
274 1720 524 1787 haberet,
553 1735 744 1789 corpus
775 1737 878 1774 non
909 1727 1082 1786 esset;
1111 1720 1153 1774 si
1193 1735 1370 1775 veram
1402 1718 1640 1783 haberet,
1669 1719 1878 1773 animus

280 1824 450 1869 esset.
484 1816 566 1868 An
589 1814 742 1868 aliter
769 1814 1057 1889 putandum
1087 1814 1204 1868 est?
1228 1812 1290 1866 A.
1321 1813 1597 1867 Assentior
1623 1814 1674 1872 in
1706 1822 1874 1886 parte,

271 1907 346 1963 de
375 1919 570 1965 caetero
618 1908 828 1973 dubito;
861 1923 1020 1973 nam,
1066 1908 1167 1963 nisi
1198 1917 1438 1963 teneatur
1478 1907 1649 1980 aliqua
1690 1906 1876 1978 ﬁgura,

274 2015 478 2072 corpus
506 2016 613 2055 non
652 2015 771 2056 esse
812 1999 1068 2054 concedo.
1110 1999 1387 2066 Quomodo
1417 2009 1627 2066 autem,
1673 1999 1717 2052 si
1760 2014 1877 2064 eam

272 2106 461 2150 veram
490 2090 711 2146 haberet
731 2131 747 2160 ,
775 2091 982 2144 animus
1009 2099 1181 2156 esset,
1222 2106 1329 2144 non
1357 2091 1488 2145 satis
1525 2089 1776 2160 intelligo.
1807 2087 1874 2142 R.

277 2183 498 2237 Nihilne
539 2184 752 2239 tandem
783 2183 849 2238 de
875 2184 1030 2260 primi
1069 2183 1187 2238 libri
1220 2183 1473 2251 exordio,
1505 2183 1646 2240 etde
1674 2185 1758 2237 illa
1791 2191 1877 2237 tua

271 2277 602 2343 geometrica
640 2276 977 2332 recordaris?
1005 2277 1067 2346 Λ.
1109 2277 1253 2332 Bene
1295 2282 1722 2336 commemorasti
1748 2295 1762 2345 ;
1790 2294 1879 2334 re-

276 2371 480 2425 cordor
503 2385 741 2440 prorsus,
777 2386 838 2424 ac
867 2371 1237 2426 libentissime.
1267 2371 1334 2426 R.
1363 2372 1587 2426 Talesne
1612 2373 1662 2425 in
1690 2386 1880 2442 corpo-

274 2461 432 2516 ribus
459 2462 638 2532 ﬁgurae
666 2462 1023 2526 inveniuntur,
1047 2463 1230 2534 quales
1253 2462 1338 2515 illa
1363 2461 1637 2533 disciplina
1661 2461 1882 2516 demon-

273 2554 463 2609 strat?
503 2556 567 2608 Α.
615 2551 726 2610 Ιιηο
758 2549 1068 2611 incredibile
1099 2565 1181 2614 est
1206 2564 1402 2628 quanto
1431 2557 1723 2613 deteriores
1763 2571 1880 2612 esse

274 2647 692 2700 convincuntur.
725 2647 791 2702 R.
818 2647 960 2712 Quas
989 2663 1117 2718 ergo
1161 2631 1381 2702 istarum
1422 2663 1572 2702 veras
1601 2649 1789 2718 putas?
1813 2649 1876 2702 A.

275 2737 360 2792 Ne
383 2753 566 2808 qmeso
594 2780 607 2804 ,
641 2739 798 2792 etiam
828 2739 962 2793 istuc
996 2755 1081 2792 mc
1104 2739 1534 2810 interrogandum
1559 2748 1727 2810 putes.
1752 2740 1876 2807 Quis

275 2830 428 2884 enim
457 2838 636 2884 mente
679 2837 784 2884 tam
813 2845 986 2884 camus
1009 2813 1091 2887 est
1116 2831 1205 2899 qui
1244 2846 1347 2884 non
1388 2831 1581 2898 videat,
1611 2832 1740 2898 istas
1764 2846 1881 2900 qua:

283 2920 345 2974 in
373 2920 700 2990 geometrica
724 2919 1004 2986 docentur,
1034 2920 1275 2976 habitare
1304 2922 1356 2975 in
1383 2921 1496 2990 ipsa
1523 2923 1762 2988 veritate,
1792 2929 1883 2977 aut

282 3013 348 3067 in
378 3012 464 3065 his
487 3013 642 3066 etiam
667 3012 974 3082 veritatem;
1007 3013 1122 3080 illas
1151 3027 1277 3066 vero
1302 3012 1537 3080 corporis
1566 3013 1777 3084 ﬁguras,
1805 3012 1880 3066 si-

281 3104 513 3174 quidem
553 3104 703 3173 quasi
735 3103 801 3158 ad
840 3104 966 3158 istas
997 3102 1214 3158 tendere
1243 3103 1505 3170 videntur,
1553 3103 1749 3158 habere
1785 3119 1882 3158 ne-

280 3196 400 3249 scio
431 3209 588 3264 quam
626 3194 978 3249 imitationem
1005 3195 1271 3258 veritatis,
1299 3206 1352 3250 et
1380 3195 1499 3250 ideo
1538 3195 1696 3250 falsas
1721 3195 1884 3254 esse?

280 3286 405 3341 Jam
433 3286 575 3340 enim
619 3293 786 3340 totum
817 3287 943 3341 illud
972 3288 1113 3358 quod
1141 3287 1422 3344 ostendere
1461 3287 1766 3344 moliebaris
1804 3287 1884 3343 in-

284 3378 491 3447 telligo.

364 3469 586 3525 CAPUT
625 3469 767 3525 XIX.
793 3499 864 3510 —
895 3469 1094 3525 Veritas
1111 3470 1412 3525 immortalis
1438 3469 1605 3542 arguit
1628 3470 1814 3524 anima:

870 3563 1315 3616 immortalitatem.

362 3657 449 3711 33.
476 3655 540 3709 Β.
574 3654 709 3722 Quid
736 3670 862 3726 ergo
885 3655 992 3724 jam
1021 3669 1155 3724 epus
1180 3663 1263 3710 est
1287 3663 1343 3709 ut
1361 3654 1428 3709 de
1463 3653 1740 3724 disciplina
1770 3653 1884 3708 dis-

288 3749 580 3818 putationis
609 3747 984 3817 requiramus?
1023 3749 1145 3803 Sive
1174 3738 1314 3802 enim
1362 3748 1541 3818 ﬁgura:
1596 3735 1884 3819 geometri-

287 3857 368 3896 ειη
397 3842 447 3894 iu
473 3841 696 3894 veritate
717 3880 732 3906 ,
767 3841 878 3894 sive
918 3841 968 3893 in
1000 3841 1078 3895 eis
1103 3840 1300 3895 veritas
1327 3841 1430 3905 sit,
1471 3839 1646 3910 anima
1679 3849 1882 3906 nostra,

295 3935 350 3988 id
377 3942 459 3988 est
483 3933 828 4002 intelligentia
854 3941 1056 3999 nostra,
1083 3932 1340 3986 contineri
1373 3948 1529 3987 nemo
1556 3932 1799 4002 ambigit,
1823 3946 1886 3986 ac

294 4043 392 4096 per
436 4026 537 4079 hoc
577 4026 628 4079 in
663 4035 844 4080 nostro
878 4026 1055 4079 animo
1086 4026 1245 4080 etiam
1273 4027 1470 4079 veritas
1499 4040 1620 4080 esse
1660 4023 1881 4094 cogitur.

291 4120 449 4186 Quod
491 4121 536 4175 si
579 4119 828 4190 quaelibet
870 4118 1142 4188 disciplina
1189 4119 1258 4171 ita
1288 4126 1370 4172 est
1412 4117 1464 4171 in
1504 4118 1715 4185 animo,
1747 4126 1799 4171 ut
1833 4117 1887 4171 in

298 4212 548 4282 subjecto
592 4209 1044 4282 inseparabiliter,
1084 4223 1185 4264 nec
1210 4208 1428 4262 interire
1456 4209 1651 4262 veritas
1679 4215 1882 4276 potest;

293 4304 444 4374 quid,
473 4319 673 4376 quaeso,
705 4302 770 4356 de
790 4300 954 4354 animi
980 4309 1228 4370 perpetua
1253 4300 1377 4365 vita,
1411 4299 1590 4354 nescio
1615 4314 1714 4367 qua
1740 4313 1886 4352 mor-

298 4398 368 4451 tis
394 4395 752 4450 familiaritate
781 4393 1122 4448 duLitamus?
1147 4394 1226 4445 An
1267 4391 1356 4445 illa
1379 4391 1516 4445 linea
1543 4389 1628 4445 vel
1657 4389 1887 4464 quadra-

299 4500 413 4541 κῖιιττι
447 4488 536 4542 vel
560 4486 856 4541 rotunditas
882 4485 1078 4539 habent
1105 4484 1207 4538 alia
1238 4499 1354 4552 quae
1381 4483 1656 4538 imitentur
1685 4490 1741 4536 ut
1764 4498 1888 4537 vera

297 4579 442 4634 sint?
483 4579 546 4631 A.
583 4578 737 4632 Nullo
779 4577 935 4632 modo
979 4576 1032 4631 id
1072 4589 1285 4646 possum
1315 4574 1568 4643 credere,
1615 4575 1715 4628 nisi
1754 4574 1891 4630 forte

300 4673 445 4727 aliud
477 4672 545 4726 sit
575 4672 713 4726 linea
737 4685 893 4740 quam
918 4661 1190 4739 longitudo
1219 4669 1332 4722 sine
1355 4667 1650 4733 latitudine,
1674 4676 1727 4723 et
1750 4666 1892 4722 aliud

301 4764 534 4817 circulus
571 4779 732 4832 quam
758 4761 893 4816 linea
920 4759 1280 4816 circumducta
1311 4759 1541 4830 undique
1565 4759 1632 4814 ad
1657 4757 1893 4814 medium

304 4856 580 4925 :cqualitcr
617 4867 860 4924 vergens.
887 4852 954 4907 R.
997 4851 1132 4918 Quid
1156 4866 1286 4921 ergo
1319 4851 1664 4907 cunctamur?
1691 4854 1772 4904 An
1803 4851 1892 4905 ubi

306 4947 404 5000 ista
435 4954 576 5011 sunt,
603 4945 798 4999 veritas
821 4960 923 4998 non
950 4953 1031 4997 est
1049 4943 1072 4996 ?
1091 4943 1154 4996 A.
1179 4944 1398 4997 Avertat
1422 4943 1561 4997 Deus
1586 4941 1891 4996 amentiam.

307 5037 376 5092 R.
398 5039 476 5092 An
497 5038 770 5107 disciplina
793 5053 896 5090 non
921 5045 1001 5089 est
1018 5035 1068 5088 in
1089 5035 1265 5088 animo
1282 5035 1306 5087 ?
1322 5035 1381 5086 Α.
1403 5033 1534 5100 Quis
1552 5033 1651 5088 hoc
1670 5032 1896 5088 dixerit?

311 5129 380 5184 lt.
397 5129 501 5184 Sed
522 5128 657 5183 forte
675 5138 864 5197 potest,
884 5129 1182 5182 intereunte
1198 5126 1456 5196 subjecto,
1479 5125 1533 5179 id
1553 5124 1692 5196 quod
1711 5127 1762 5179 in
1781 5125 1898 5181 sub-

312 5221 449 5292 iccto
470 5230 552 5276 est
568 5220 908 5291 permanere?
925 5220 987 5273 A.
1010 5219 1233 5285 Quando
1249 5217 1378 5272 mihi
1398 5217 1499 5271 hoc
1520 5217 1898 5288 persuadetur?

314 5313 380 5368 Β,
411 5313 597 5369 Restat
622 5320 679 5367 ut
702 5312 908 5368 occidat
929 5313 1139 5366 veritas.
1175 5310 1238 5363 Α.
1271 5310 1420 5366 Unde
1450 5310 1560 5365 ﬁeri
1589 5311 1800 5380 potest?
1828 5309 1897 5364 R.

311 5404 634 5460 Immortalis
667 5405 924 5474 estigitur
943 5403 1118 5456 anima
1151 5419 1164 5456 :
1188 5401 1406 5472 jamjam
1427 5400 1585 5456 crede
1607 5401 1901 5456 rationibus

314 5497 439 5563 tuis,
455 5497 613 5552 crede
633 5495 840 5550 veritati
861 5512 874 5560 ;
894 5495 1086 5549 clamat
1105 5501 1159 5548 et
1184 5493 1234 5548 in
1259 5502 1309 5547 te
1324 5508 1442 5548 esse
1464 5492 1720 5559 habitare,
1744 5503 1797 5547 et
1813 5493 1904 5547 im-

310 5588 594 5643 mortalem
611 5603 749 5655 esse,
771 5602 870 5642 nec
885 5587 981 5641 sibi
999 5602 1148 5641 suam
1171 5584 1352 5640 sedem
1373 5599 1700 5656 quacumque
1725 5599 1907 5654 corpo-

315 5685 389 5735 ris
409 5689 580 5735 morte
599 5694 754 5749 posse
771 5677 1011 5733 subduci.
1036 5679 1292 5731 Avertere
1307 5677 1373 5740 ab
1394 5676 1578 5732 umbra
1602 5684 1713 5744 tua,
1737 5691 1906 5731 rever-

261 5805 264 5808 -
316 5775 503 5832 tercin
531 5783 619 5842 te;
647 5773 825 5829 nullus
869 5781 952 5829 est
975 5771 1222 5827 interitus
1261 5779 1404 5841 tuus,
1449 5771 1554 5828 nisi
1592 5775 1814 5832 oblitum
1855 5786 1908 5834 te

1978 513 2157 567 colere
2182 511 2393 581 incipio.
2417 510 2541 576 Sed,
2568 526 2768 580 qumso,
2801 511 2882 565 illa
2911 529 3028 581 qua:
3059 522 3261 584 restant
3282 515 3528 588 expedias
3547 553 3566 562 -

1978 603 2245 674 quomodo
2270 603 2322 657 in
2350 603 2526 658 animo
2555 603 2817 672 imperito,
2846 619 2949 656 non
2976 605 3118 658 enim
3144 620 3264 658 eum
3287 608 3561 662 mortalem

1980 695 2158 749 dicere
2190 709 2492 764 possumus,
2524 694 2801 764 disciplina
2827 704 2880 750 et
2903 696 3099 749 veritas
3127 711 3244 750 csse
3264 697 3564 768 intelligan-

1984 795 2088 838 tur.
2118 784 2185 838 R.
2226 784 2382 839 Aliud
2414 787 2510 838 ista
2538 786 2760 855 quaestio
2786 774 3032 840 volumen
3063 786 3346 854 desiderat,
3379 788 3423 840 si
3449 804 3566 843 eam

1983 876 2062 928 vis
2087 877 2297 930 tractari
2320 875 2595 945 diligenter
2621 893 2634 927 :
2663 876 2817 930 simul
2842 886 2893 931 et
2915 877 3002 931 illa
3029 893 3166 947 quae,
3197 886 3254 931 ut
3277 879 3566 947 potuimus,

1983 967 2292 1037 investigata
2323 976 2462 1032 sunt,
2495 969 2820 1023 reccnsenda
2868 969 2959 1023 tibi
2995 985 3114 1024 esse
3153 970 3343 1037 video;
3371 973 3492 1042 quia
3526 973 3570 1029 si

1981 1059 2112 1115 nihil
2141 1076 2325 1116 eorum
2368 1077 2485 1128 quae
2514 1077 2767 1116 concessa
2806 1071 2929 1117 sunt
2956 1063 3170 1118 dubium
3202 1072 3316 1131 est,
3350 1066 3569 1120 multum

1982 1165 2079 1205 nos
2104 1151 2278 1220 egisse
2306 1150 2556 1220 arbitror,
2593 1167 2692 1208 nec
2719 1169 2839 1208 cum
2881 1169 3042 1226 parva
3072 1156 3352 1216 securitate
3378 1167 3570 1212 caetera

1981 1259 2242 1313 quaerere.
2887 1233 2892 1240 ’

1981 1334 2207 1390 CAPUT
2246 1333 2365 1389 XX.
2387 1363 2459 1376 --
2481 1334 2726 1401 Quaedam
2758 1354 2875 1392 vera
2915 1339 3192 1408 credimus,
3229 1341 3459 1412 quaedam
3485 1359 3568 1396 re-

2056 1427 2360 1493 cordamur;
2401 1429 2634 1499 quazdam
2669 1447 2759 1484 nec
2795 1448 2975 1498 sensu,
3018 1450 3107 1486 nec
3145 1433 3443 1505 phantasia,
3486 1437 3572 1490 sed

2056 1529 2249 1574 tantum
2275 1522 2468 1574 ratione
2492 1522 2952 1593 deprehenduntur.

2055 1614 2142 1668 54.
2171 1613 2235 1666 Α.
2258 1612 2333 1667 Ita
2357 1622 2441 1670 est
2472 1623 2529 1668 ut
2559 1614 2710 1682 dicis,
2742 1624 2796 1670 ct
2819 1616 3128 1689 obtempero
3162 1619 3442 1690 prmccptis
3473 1621 3574 1688 tuis

1987 1707 2180 1763 libens.
2207 1707 2312 1762 Sed
2343 1708 2468 1763 illud
2500 1709 2689 1764 saltem
2717 1709 2998 1782 impetrem
3018 1753 3032 1778 ,
3077 1721 3357 1782 antequam
3390 1713 3572 1767 terrui-

1985 1814 2112 1852 num
2154 1798 2413 1854 volumini
2454 1809 2686 1868 statuas,
2719 1810 2775 1854 ut
2811 1801 2934 1872 quid
2979 1801 3188 1856 intersit
3229 1803 3366 1858 inter
3395 1820 3574 1868 veram

1986 1891 2205 1960 ﬁguram
2227 1932 2240 1955 ,
2273 1906 2391 1962 quae
2421 1891 2767 1970 intelligentia
2808 1893 3136 1961 continetur,
3177 1902 3229 1949 et
3257 1910 3374 1949 eam
3414 1875 3574 1964 quam.

1986 1983 2086 2039 sibi
2122 1981 2272 2053 ﬁngit
2312 1984 2591 2053 cogitatio,
2633 2000 2751 2054 quas
2788 2000 2958 2058 graece
2999 1985 3110 2039 sive
3153 1987 3424 2064 phantasia
3464 1989 3576 2044 sive

1987 2074 2304 2145 phantasma
2344 2076 2538 2131 dicitur
2559 2118 2573 2142 ,
2604 2075 2836 2131 breviter
2859 2092 3112 2150 exponas.
3141 2076 3208 2132 R.
3243 2078 3353 2132 lloc
3381 2079 3576 2149 quteris

1986 2167 2129 2237 quod
2152 2167 2334 2224 videre
2361 2168 2462 2222 nisi
2494 2168 2873 2224 mundissimus
2899 2185 3002 2222 non
3033 2177 3224 2240 potest,
3254 2178 3306 2224 et
3329 2169 3395 2224 ad
3425 2169 3576 2241 cujus

1985 2260 2072 2322 rei
2101 2261 2356 2315 visionem
2399 2275 2585 2331 parum
2617 2276 2674 2315 es
2710 2261 3059 2330 exercitatus;
3093 2277 3266 2334 neque
3304 2279 3444 2316 nunc
3483 2279 3578 2334 per

1989 2350 2119 2404 istos
2145 2351 2398 2406 circuitus
2424 2351 2565 2406 aliud
2586 2368 2743 2424 quam
2771 2353 3199 2408 exercitationem
3242 2364 3403 2420 tuam,
3438 2365 3493 2408 ut
3519 2355 3578 2407 il-

1987 2442 2077 2498 lud
2099 2443 2280 2499 videre
2301 2443 2374 2499 sis
2393 2445 2634 2511 idoneus,
2654 2460 2968 2516 operamur:
2994 2455 3167 2500 tamen
3187 2446 3441 2500 interesse
3463 2447 3578 2520 plu-

1987 2535 2181 2590 rimum
2223 2535 2487 2605 quomodo
2519 2537 2683 2607 possit
2710 2535 2909 2601 doceri,
2954 2538 3175 2591 fortasse
3204 2538 3431 2604 breviter
3462 2527 3576 2612 pla-

1989 2643 2112 2682 num
2140 2626 2296 2682 facio.
2325 2627 2433 2682 Fac
2457 2627 2598 2683 enim
2627 2636 2677 2681 te
2703 2629 2898 2697 aliquid
2927 2644 3044 2682 esse
3078 2628 3318 2695 oblitum,
3342 2629 3579 2700 aliosque

1990 2729 2042 2774 te
2087 2720 2222 2774 velle
2260 2721 2410 2789 quasi
2455 2720 2505 2774 in
2552 2721 2863 2775 memoriam
2905 2734 3175 2775 revocare.
3220 2720 3408 2776 Dicunt
3454 2731 3580 2791 ergo

1989 2810 2060 2866 illi
2089 2824 2105 2864 :
2135 2809 2521 2890 Numquidnam
2553 2810 2653 2864 hoc
2673 2817 2772 2877 est,
2799 2820 2887 2864 aut
2914 2810 3077 2865 illud?
3100 2810 3316 2866 diversa
3339 2812 3478 2865 velut
3506 2811 3581 2865 si-

1989 2903 2133 2971 milia
2160 2901 2510 2975 proferentes.
2539 2902 2620 2958 Tu
2647 2917 2774 2958 vero
2796 2917 2894 2958 nec
2917 2902 3043 2957 illud
3065 2903 3210 2959 vides
3235 2903 3371 2975 quod
3399 2919 3582 2958 recor-

1993 2991 2110 3046 dari
2140 2994 2310 3061 cupis,
2343 3001 2396 3048 et
2424 3004 2596 3047 tamen
2625 2993 2772 3048 vides
2798 3008 2904 3047 non
2936 2993 3037 3048 hoc
3059 3008 3176 3048 esse
3203 2995 3343 3063 quod
3371 2995 3578 3049 dicitur.

1990 3083 2382 3154 Numquidnam
2406 3085 2500 3138 tibi
2531 3100 2650 3138 cum
2683 3085 2784 3139 hoc
2808 3087 3005 3151 evenit,
3031 3086 3174 3140 omni
3200 3086 3357 3141 modo
3376 3087 3584 3142 videtur

1991 3175 2228 3232 oblivio?
2254 3175 2385 3230 Nam
2417 3177 2526 3246 ipsa
2556 3176 2825 3243 discretio,
2856 3191 2958 3246 qua
2994 3192 3098 3232 non
3125 3173 3418 3233 admittitur
3443 3179 3584 3249 quod

1993 3270 2129 3325 falso
2169 3270 2489 3333 admoneris,
2534 3285 2658 3340 pars
2699 3270 2941 3340 quaedam
2967 3271 3347 3325 recordationis
3373 3281 3472 3326 est.
3516 3272 3580 3327 Α.

1990 3362 2067 3418 Ita
2098 3363 2326 3418 videtur.
2356 3362 2422 3416 R.
2451 3363 2605 3417 Tales
2626 3378 2752 3436 ergo
2776 3363 3009 3418 nondum
3032 3379 3215 3418 verum
3243 3364 3449 3428 vident;
3479 3365 3583 3418 l'alli

1992 3465 2166 3510 tamen
2207 3454 2486 3524 decipique
2512 3469 2618 3508 non
2654 3463 2905 3523 possunt;
2936 3461 2990 3507 et
3019 3452 3142 3523 quid
3170 3462 3428 3523 quaerant,
3456 3455 3584 3510 satis

1991 3554 2209 3600 norunt.
2243 3547 2311 3599 At
2354 3545 2397 3598 si
2427 3545 2516 3599 tibi
2545 3545 2804 3616 quiSpiam
2834 3545 2974 3599 dicat
3013 3555 3063 3598 te
3105 3554 3220 3613 post
3247 3560 3444 3616 paucos
3470 3545 3584 3602 dies

1991 3637 2174 3692 risisse
2195 3651 2350 3706 quam
2390 3645 2542 3690 natus
2573 3651 2652 3699 es,
2683 3650 2786 3690 non
2811 3634 2974 3690 audes
3000 3634 3177 3690 dicere
3198 3635 3386 3689 falsum
3419 3650 3537 3691 esse
3565 3653 3577 3689 :

1993 3737 2047 3782 et
2069 3728 2112 3783 si
2141 3735 2326 3782 auctor
2355 3727 2422 3782 sit
2448 3727 2532 3781 cui
2569 3725 2698 3780 lides
2736 3725 2976 3784 habenda
3004 3734 3107 3793 est,
3138 3741 3241 3780 non
3271 3725 3580 3781 recordatu—

1992 3835 2104 3885 rus,
2140 3819 2232 3874 sed
2258 3818 2558 3873 crediturus
2585 3833 2677 3882 es;
2706 3826 2873 3872 totum
2898 3818 3038 3871 enim
3070 3827 3277 3887 tempus
3300 3818 3428 3872 illud
3457 3819 3585 3879 vali_

1993 3912 2210 3966 dissima
2242 3911 2507 3966 oblivione
2540 3910 2630 3968 tibi
2655 3909 2918 3980 sepultum
2948 3919 3029 3964 cst
3059 3929 3071 3963 :
3104 3927 3168 3964 an
3196 3910 3353 3965 aliter
3394 3911 3586 3980 putas?

1994 4003 2057 4057 Α.
2091 4002 2322 4056 Prorsus
2361 4001 2654 4056 consentio.
2679 3999 2748 4053 R.
2778 4001 2898 4054 llzec
2927 4000 3081 4070 igitur
3110 4000 3176 4054 ab
3201 4001 3287 4054 illa
3317 4001 3583 4057 oblivione

1993 4094 2275 4163 plurimum
2311 4093 2508 4154 dilicrt,
2536 4092 2632 4147 sed
2661 4093 2747 4146 illa
2785 4092 2958 4148 media
2978 4101 3078 4149 est.
3106 4093 3235 4147 Nam
3261 4103 3343 4149 est
3369 4095 3472 4149 alia
3497 4111 3586 4150 re-

1993 4186 2287 4240 eordationi
2331 4185 2741 4265 revisenquue
2770 4185 2977 4240 veritati
3019 4187 3230 4256 prepior
3261 4195 3417 4256 atque
3462 4188 3590 4242 vici-

1997 4279 2120 4334 nior
2147 4297 2159 4332 :
2185 4279 2270 4334 cui
2297 4279 2466 4333 simile
2488 4287 2569 4333 est
2594 4278 2806 4348 quando
2831 4278 3069 4333 videmus
3095 4278 3309 4348 aliquid,
3337 4290 3590 4350 certoque

2001 4371 2435 4440 recognoscimus
2464 4367 2516 4423 id
2555 4384 2652 4424 nos
2678 4368 2874 4423 vidisse
2903 4368 3201 4437 aliquando,
3234 4377 3392 4438 atque
3432 4385 3591 4426 nosse

1997 4458 2355 4524 afﬁrmamus;
2393 4459 2486 4514 sed
2512 4459 2620 4524 ubi,
2669 4466 2760 4512 aut
2789 4458 3020 4528 quando,
3061 4467 3150 4512 aut
3175 4460 3462 4528 quomodo,
3499 4470 3591 4516 aut

1999 4554 2138 4624 apud
2168 4569 2326 4623 quem
2365 4553 2518 4608 nobis
2547 4554 2599 4606 in
2631 4553 2869 4607 notitiam
2916 4554 3146 4620 venerit,
3177 4557 3460 4624 satagimus
3501 4573 3589 4611 rc-

2002 4655 2185 4715 petere
2211 4653 2372 4716 atque
2391 4645 2648 4700 recolere.
2679 4644 2748 4700 Ut
2771 4645 2815 4699 si
2841 4644 2908 4700 de
2938 4645 3151 4702 homine
3179 4647 3333 4702 nobis
3358 4650 3592 4717 contige-

2003 4737 2093 4801 rit,
2134 4740 2293 4792 etiam
2324 4737 2609 4807 quazrimus
2636 4735 2723 4790 ubi
2749 4753 2869 4790 eum
2908 4738 3210 4794 noverimus
3249 4739 3427 4808 :quod
3468 4755 3589 4793 cum
3621 4735 3630 4842 ξ

2004 4830 2092 4885 ille
2113 4831 2631 4896 commemoraverit,
2654 4839 2872 4899 repente
2897 4839 3004 4884 tota
3031 4845 3116 4886 res
3142 4832 3413 4886 memorize
3440 4833 3587 4900 quasi

2005 4924 2184 4979 lumen
2211 4922 2518 4988 infunditur,
2553 4923 2788 4992 nihilque
2817 4923 3059 4992 amplius,
3089 4931 3144 4976 ut
3166 4923 3580 4996 reminiscamur,
3621 4925 3628 4996 ξ

2005 5015 2296 5069 laboratur.
2326 5016 2409 5070 An
2446 5014 2546 5069 hoc
2573 4973 2740 5084 genus
2765 4973 2999 5085 ignotrum
3029 5014 3120 5068 tibi
3147 5022 3249 5082 est,
3291 5023 3380 5068 aut
3401 4987 3578 5069 obscu:

2003 5107 2166 5161 rum?
2194 5107 2258 5162 Α.
2277 5105 2415 5172 Quid
2442 5105 2546 5160 hoc
2566 5105 2805 5175 planius?
2829 5115 2920 5159 aut
2944 5104 3068 5174 quid
3091 5105 3329 5160 crebrius
3351 5103 3477 5159 mihi
3498 5121 3571 5160 ae-
3624 5091 3632 5146 l

2005 5198 2184 5253 cidere
2204 5198 2372 5253 solet?
3688 5186 3698 5192 ’

2082 5290 2169 5347 55.
2203 5289 2270 5343 R.
2301 5290 2456 5344 Tales
2490 5295 2614 5344 sunt
2651 5289 2737 5359 qui
2776 5288 2912 5343 bene
2951 5289 3242 5360 disciplinis
3280 5289 3594 5346 liberalibm:

2010 5381 2202 5436 eruditi
2227 5397 2242 5448 ;
2287 5381 2550 5450 siquidem
2580 5381 2697 5434 illas
2721 5381 2836 5435 sine
2862 5380 3023 5434 dubio
3051 5381 3100 5434 in
3133 5397 3189 5436 se
3216 5382 3481 5437 oblivione
3508 5382 3599 5437 ob:

2009 5482 2158 5528 rutas
2185 5481 2379 5528 eruunt
2408 5472 2682 5537 discendo,
2707 5481 2759 5526 et
2785 5472 3170 5542 quodammodo
3198 5473 3459 5528 refodiuut
3481 5471 3591 5546 (a):

2011 5582 2112 5622 nec
2139 5573 2318 5622 tamen
2349 5565 2581 5620 contenti
2614 5573 2753 5631 sunt,
2788 5581 2882 5621 nec
2915 5581 2972 5621 se
3009 5577 3188 5621 tenent
3225 5566 3394 5621 donec
3431 5574 3596 5622 totam

2013 5661 2205 5718 faciem
2231 5659 2473 5717 veritatis
2495 5699 2510 5728 ,
2542 5659 2693 5730 cujus
2721 5659 2935 5730 quidam
2963 5662 3016 5716 iu
3047 5661 3150 5716 illis
3181 5661 3381 5716 artibus
3413 5659 3595 5730 splen-

2055 5787 2149 5856 M(a)
2180 5787 2195 5836 1
2224 5785 2450 5843 Retract,
2475 5786 2581 5838 cap.
2604 5773 2654 5836 4,
2677 5787 2728 5824 n.
2744 5775 2791 5824 4.
