4078 6366
337 271 445 330 905
1084 275 1357 333 CONTRA
1402 277 1847 349 ACADEMlCOS,
1889 280 1945 338 S.
1987 278 2351 339 AUGUSTINI
2399 280 2601 338 LIBER
2640 280 2911 340 PRIMUS.
3500 287 3605 347 906

334 388 619 491 censuerim
660 389 838 462 dignos
868 400 970 447 tam
1010 394 1279 449 uenerabili
1327 382 1566 461 n‘omine;
1595 397 1867 452 reducendi
1888 397 2011 450 mihi
2037 399 2266 453 videntur
2294 400 2538 467 homines,
2568 402 2611 455 si
2637 418 2761 471 quos
2788 402 3200 459 Academicorum
3238 408 3606 476 perverborum

333 487 596 585 ingenium
606 498 650 585 ἐι
678 499 849 537 rerum
872 487 1312 553 comprehensione
1335 488 1578 585 deterruit
1601 490 1867 553 sententia,
1888 488 1940 542 in
1959 505 2098 557 spem
2116 491 2423 562 reperienda:
2448 492 2671 546 veritatis
2701 509 2720 547 :
2739 510 2802 547 ne
2824 494 2879 547 id
2906 494 3041 564 quod
3064 495 3387 553 eradicandis
3420 500 3607 557 altissi-

332 572 431 624 mis
452 572 711 627 erroribus
742 590 833 643 pro
860 586 1082 646 tempore
1104 578 1543 633 accommodatum
1574 581 1690 652 fuit,
1711 581 1826 651 jam
1851 579 2061 651 incipiat
2094 583 2371 637 inserenda
2406 584 2629 638 scientia:
2660 585 3015 655 impedimento
3043 603 3312 642 esse.......
3356 589 3604 659 Equidem

333 678 539 768 quoquo
564 665 716 768 modo
740 681 794 719 se
820 667 1163 768 habeant-illeo
1201 670 1404 739 litteris,
1435 689 1537 727 non
1557 681 1660 727 tam
1690 690 1768 726 me
1797 672 2030 740 delectat,
2060 676 2214 742 quod,
2238 685 2292 728 ut
2336 675 2533 744 scribis,
2564 677 2888 733 Academicos
2916 680 3114 733 uicerim
3135 680 3330 750 (scribis
3354 683 3485 735 enim
3517 685 3609 737 hoc

330 758 590 862 amantius
612 758 748 862 forte
767 758 1172 862 quam-ueriusl;
1373 764 1513 862 quod
1536 766 1661 862 mihi
1682 764 1969 862 abruperim
1997 766 2368 821 odiosissimum
2397 768 2749 837 retinaculum,
2771 786 2867 839 quo
2891 770 2953 825 ab
2984 772 3319 844 philosophia:
3354 773 3501 828 ubere
3521 777 3607 828 tle-

329 851 620 917 speratione
644 851 767 917 veri,
800 853 937 924 quod
962 864 1033 909 est
1059 854 1219 910 animi
1243 857 1505 927 pabulum,
1547 858 1857 929 refrenabar.

1441 967 1510 1007 ΕΣ
1548 967 1651 1007 ω.
1694 968 1771 1008 ιν
1809 969 1875 1009 DE
1912 969 2217 1021 TRINITATE,
2259 970 2377 1010 CAP.
2426 971 2527 1012 XII.

363 1128 375 1139 .
403 1036 655 1140 Adversus
674 1036 1066 1140 Academicos...
1094 1042 1180 1112 qui
1203 1041 1333 1096 nihil
1353 1042 1415 1096 ab
1438 1044 1643 1098 homine
1673 1044 1787 1098 sciri
1821 1062 1966 1116 posse
1985 1047 2357 1100 contendunt...
2382 1055 2495 1102 sunt
2527 1047 2643 1103 libri
2666 1058 2765 1105 tres
2790 1051 2969 1116 nostri,
3002 1051 3164 1120 primo
3189 1061 3376 1107 nostra:
3399 1069 3608 1107 conver-

325 1132 487 1230 sionis
515 1138 739 1198 tempore
774 1132 1050 1230 conscripti
1079 1149 1251 1230 :Aquos
1275 1135 1363 1204 qui
1391 1136 1605 1205 potuerit
1649 1145 1695 1191 et
1723 1135 1938 1191 voluerit
1966 1138 2148 1209 legere,
2179 1138 2425 1209 lectosque
2456 1139 2777 1206 intellexerit,
2819 1143 2946 1196 nihil
2984 1159 3099 1197 eum
3141 1150 3365 1215 profecto
3393 1162 3506 1217 qua:
3539 1146 3599 1199 ab

327 1224 399 1273 eis
426 1232 601 1274 contra
622 1224 991 1293 perceptionem
1015 1228 1233 1281 veritatis
1262 1238 1561 1299 argumenta
1587 1230 1745 1283 multa
1775 1231 1978 1284 inventa
1998 1240 2136 1297 sunt,
2168 1231 2538 1300 permovebant.
2573 1231 2704 1288 Vide
2732 1233 2821 1286 lib.
2851 1235 3124 1290 Enchirid.
3153 1252 3201 1291 c.
3226 1236 3316 1292 20.

415 1314 573 1375 Vide
596 1325 895 1395 pra'terea
921 1316 1149 1379 librum
1183 1320 1242 1394 1,
1272 1337 1408 1458 caf.
1444 1321 1503 1391 1,
1537 1322 1904 1383 Retractatit

326 1411 488 1465 sem,
518 1410 586 1454 η.
622 1396 679 1463 1,
711 1414 902 1476 usque
928 1398 1009 1457 ad
1033 1397 1215 1459 verba
1244 1417 1310 1459 η.
1388 1445 1404 1474 ,
1436 1400 1777 1461 Hominem
1802 1401 1901 1462 sib

2010 1340 2109 1463 1,131,
2107 1320 2271 1461 Πἱοι.
2306 1321 2604 1465 ὅϐδῇὅέἾ,
2635 1344 2673 1385 a
2698 1325 2922 1395 verbis,
2944 1325 3104 1389 Cum
3125 1345 3279 1410 ergo
3306 1331 3606 1410 reliquis-

858 1510 3273 1749 mw

1316 1818 2070 1892 HIPPONENSIS
2132 1819 2638 1893 EPISCOPI

698 1946 1639 2114 CONTRA
1744 1943 3279 2118 ACADEMICOS

1344 2189 2395 2388 LIBBIOERES
2448 2230 2589 2314 (α).

1349 2432 1836 2545 LIBER
1924 2433 2581 2540 PRIMUS.

387 2621 704 2683 uomamanus
724 2608 781 2659 ad
783 2605 1155 2722 ΙΗιιὶιοεςοριιιξιηι
1184 2608 1409 2675 incitatur
1434 2596 1667 2668 protentio
1686 2593 1797 2667 libri
1815 2593 1980 2666 hujus,
1996 2594 2045 2667 in
2066 2606 2163 2657 quo
2189 2595 2296 2666 ejus
2313 2594 2438 2666 [ilius
2460 2596 2701 2649 Licentius
2721 2612 2831 2648 cum
2853 2602 3077 2664 'n-ygetlo
3163 2616 3189 2652 ι·
3211 2612 3314 2657 tres
3326 2605 3370 2656 d'
3432 2610 3553 2660 utati

387 2688 419 2722 s
434 2673 762 2722 congreditur.
841 2682 872 2720 e
896 2683 982 2722 pro
998 2668 1292 2718 Acadeuucts
1312 2665 1505 2714 beatam
1524 2665 1671 2722 Vitam
1686 2668 1790 2719 Ipsa
1806 2657 2119 2722 inquisitione
2141 2669 2266 2722 veri,
2289 2656 2367 2722 hic
2385 2665 2551 2707 contra
2573 2660 2762 2722 nonnisi
2780 2662 2885 2711 veri
2917 2616 3351 2722 commgmm
3360 2621 3553 2722 tam

387 2621 704 2683 “01112111311115
724 2616 1155 2722 adlﬁhilosopmam
1184 2616 1409 2675 ιμςιωιιιι·
1434 2616 1667 2668 proauum
1686 2616 1797 2667 twn
1815 2616 1980 2666 ιιιῃῳς2
1997 2616 2045 2667 ψ
2066 2616 2163 2657 quu
2189 2616 2296 2666 qua
2313 2616 2438 2666 1111115
2460 2616 2701 2649 uceuuus
2721 2616 2831 2648 cum
2853 2616 3077 2664 ‘Irygeuo
3163 2616 3189 2652 1'
3211 2616 3314 2657 tres
3326 2616 3604 2671 disputatio.

321 2688 419 2725 nos
434 2673 762 2736 ωυετθαιωνρ
807 2732 815 2736 -
841 2682 872 2720 θ
895 2683 982 2732 ιιι-ο
998 2668 1292 2736 made-mens
1312 2665 1671 2736 nee
1686 2656 2551 2736 ueﬁeeusesxsu’eesosss
2572 2660 2885 2736 sensisses
2917 2616 3351 2736 ορφρτὲοηείοοο
3380 2678 3604 2724 constare

493 1501 521 1508 ο

344 1510 3592 1564 W‘

349 1539 677 1548 ’ρης-...-

1327 2345 1860 2381 *4

2053 2347 2589 2381 ῧ--ᾐ

321 2688 419 2725 nos
434 2678 762 2749 mn
783 2678 872 2742 me
895 2683 982 2732 pro
998 2678 1292 2739 Academias
1526 2678 1671 2730 “tatu
1686 2678 1790 2719 ipsa
1807 2678 2119 2727 ωιιωωιιυμες
2145 2678 2266 2729 νει-ι’,
2289 2678 2367 2727 ult:
2385 2678 2551 2707 wuu'u
2576 2678 2762 2711 1101111151
2780 2678 2885 2711 ven
2917 2678 3351 2726 οοωριιθιιθιιειοηθ
3380 2678 3605 2724 constare

315 2742 613 2803 propugnat.
642 2742 664 2782 κ
678 2741 782 2784 em,
804 2746 855 2782 ω
869 2737 1230 2788 ωηιεηιιοηθω
1252 2723 1467 2777 demum
1491 2732 1690 2781 erroris,
1713 2730 1905 2769 necnon
1924 2716 2141 2768 deﬂmtto
2156 2726 2427 2780 sapientiae,
2442 2732 2550 2783 qua:
2571 2719 2847 2774 luculenter
2864 2723 3150 2787 explicatur.

1674 2801 2255 2857 «WE-08>

314 2905 544 2966 CAPUT
584 2902 861 2961 PRIMUM.
883 2932 957 2943 —
977 2898 1353 2957 Romanianum
1379 2895 1445 2949 ad
1486 2908 1654 2948 veram
1680 2888 1910 2961 philoso-

871 2994 1046 3067 phiam
1076 2992 1384 3046 cohortatur.

392 3093 445 3148 1.
496 3089 541 3146 Ο
591 3088 813 3154 utinam,
869 3084 1233 3148 Romaniane,
1267 3079 1536 3136 hominem
1590 3074 1689 3129 sibi
1730 3079 1909 3142 aptum

311 3183 389 3243 ita
415 3181 646 3241 vicissim
667 3180 835 3235 virtus
857 3177 1081 3233 fortunae
1105 3171 1415 3244 repugnanti
1458 3176 1638 3239 posset
1678 3164 1906 3229 auferre,

308 3290 375 3336 ut
402 3280 469 3335 ab
488 3294 551 3334 ea
579 3278 678 3334 sibi
702 3270 899 3331 auferri
928 3269 1195 3326 nemiuem
1222 3265 1451 3337 patitur!
1481 3262 1590 3334 jam
1622 3259 1714 3316 tibi
1738 3256 1911 3328 profe-

312 3383 404 3427 cto
436 3370 702 3442 iujecisset
732 3379 973 3429 manum,
992 3361 1182 3431 suique
1196 3358 1329 3430 juris
1344 3369 1394 3411 te
1406 3370 1525 3411 esse
1543 3351 1900 3423 proclamans,

311 3473 371 3518 et
399 3463 450 3516 in
469 3441 730 3517 bonorum
750 3454 1167 3513 certissimorum
1187 3447 1573 3519 possessionem
1601 3441 1905 3503 traducens,

310 3571 383 3611 ne
410 3553 680 3625 prosperis
705 3549 919 3622 quidem
949 3546 1159 3602 casibus
1186 3541 1388 3599 servire
1415 3537 1765 3610 permitteret.
1799 3531 1905 3587 Sed

310 3646 564 3719 quoniam
592 3646 664 3700 ita
685 3650 1047 3714 comparatum
1078 3646 1179 3705 est,
1206 3637 1318 3691 sive
1342 3648 1438 3705 pro
1457 3628 1659 3686 meritis
1685 3625 1902 3688 nostris,

310 3717 425 3794 sive
443 3754 536 3809 pro
553 3724 866 3793 necessitate
878 3741 1081 3788 naturae
1115 3728 1251 3802 (Lib.
1285 3729 1307 3781 1
1346 3726 1590 3787 Retract.,
1612 3721 1733 3785 c.1,
1755 3717 1902 3787 n.2),

310 3839 371 3887 ut
395 3829 629 3884 divinum
656 3826 892 3882 animum
933 3820 1244 3878 mortalibus
1292 3816 1660 3877 inhaerentem,
1701 3824 1904 3880 nequa-

310 3936 471 3991 quam
498 3918 767 3989 sapientim
795 3923 976 3986 portus
997 3912 1238 3981 accipiat,
1269 3907 1357 3963 ubi
1383 3921 1555 3975 neque
1583 3903 1905 3959 adversante

310 4014 537 4070 fortunae
552 4012 701 4078 flatu,
729 4026 900 4082 neque
937 4006 1260 4063 secundante
1284 4012 1589 4066 moveatur;
1621 3998 1721 4053 nisi
1750 4012 1814 4051 eo
1839 3996 1903 4050 il-

310 4105 425 4161 lum
454 4105 660 4159 fortuna
685 4105 815 4173 ipsa,
844 4101 923 4157 vel
947 4098 1200 4164 secunda,
1222 4096 1304 4151 vel
1332 4094 1480 4165 quasi
1515 4092 1735 4147 adversa
1780 4103 1903 4159 per-

312 4197 516 4253 ducat:
549 4193 678 4249 nihil
722 4202 897 4264 prole
937 4191 1091 4245 nobis
1143 4186 1287 4243 aliud
1313 4201 1468 4257 quam
1514 4191 1635 4238 vota
1678 4188 1924 4247 restant,

311 4288 509 4358 quibus
555 4286 623 4341 ab
652 4285 742 4340 illo
766 4283 850 4339 cui
877 4282 992 4337 haec
1013 4296 1155 4336 cura:
1192 4288 1315 4335 sunt
1352 4278 1482 4343 Deo,
1515 4276 1559 4329 si
1601 4285 1899 4344 possumus,

310 4380 659 4449 impetremus
689 4384 745 4431 ut
774 4385 827 4430 te
855 4373 945 4428 tibi
969 4364 1181 4437 reddat;
1209 4369 1279 4423 ita
1300 4367 1440 4423 enim
1461 4365 1617 4422 facile
1646 4362 1825 4418 reddet
1850 4369 1905 4417 et

309 4468 497 4534 nobis;
529 4467 771 4536 sinatque
796 4472 1027 4518 mentem
1064 4461 1203 4514 illam
1235 4467 1402 4525 tuam,
1437 4470 1557 4527 qua:
1596 4452 1905 4523 respiratio-

312 4576 436 4616 nem
459 4559 660 4630 jamdiu
684 4556 925 4629 parturit,
955 4553 1235 4624 aliquando
1266 4553 1316 4606 in
1347 4564 1504 4605 auras
1531 4564 1670 4603 verae
1690 4547 1904 4602 liberta-

311 4651 382 4706 tis
406 4666 699 4721 emergere.
728 4648 937 4703 Etenim
964 4648 1185 4700 fortasse
1217 4659 1334 4713 qum
1362 4641 1518 4711 vulgo
1552 4639 1762 4694 fortuna
1804 4651 1901 4691 no—

309 4745 579 4811 minatur,
625 4740 835 4797 occulto
879 4738 1107 4809 quodam
1153 4736 1341 4790 ordine
1382 4734 1618 4803 regitur;
1669 4730 1903 4799 nihilque

309 4835 455 4890 aliud
478 4836 529 4889 in
558 4834 714 4889 rebus
734 4844 915 4887 casum
947 4845 1218 4895 vocamus,
1246 4826 1348 4882 nisi
1376 4826 1526 4896 cujus
1554 4825 1687 4879 ratio
1706 4831 1903 4877 etcau-

238 4928 249 4943 ‘
310 4940 370 4980 sa
398 4934 605 4980 secreta
636 4921 924 4994 est(lbid.)
959 4939 972 4975 :
1004 4920 1237 4989 nihilque
1263 4933 1356 4972 seu
1382 4914 1646 4972 commodi
1688 4929 1784 4969 seu
1816 4912 1901 4967 in-

376 5036 450 5101 (a)
474 5036 642 5099 scripti
659 5034 752 5087 sub
776 5034 921 5084 linem
940 5033 1054 5082 anni
1074 5028 1185 5080 386.

2019 2888 2284 2942 commodi
2329 2889 2585 2961 contingit
2619 2891 2669 2945 in
2706 2900 2875 2961 parte,
2917 2894 3057 2964 quod
3103 2910 3210 2953 non
3246 2901 3527 2958 conveniat
3552 2914 3606 2961 et

2017 2990 2273 3050 congruat
2291 2981 2555 3037 universo.
2588 2982 2757 3050 Quam
2772 2985 3092 3042 sententiam
3110 2988 3496 3048 uberrimarum
3510 2994 3607 3050 do-

2016 3073 2282 3128 erinarum
2309 3073 2536 3129 oraculis
2571 3074 2791 3143 editam,
2814 3086 3179 3149 remotamque
3205 3081 3514 3153 longissime
3537 3088 3606 3143 ab

2014 3161 2283 3217 intellectu
2308 3162 2671 3232 profanorum,
2699 3180 2757 3220 se
2777 3165 3259 3225 demonstratumm
3282 3160 3424 3228 veris
3452 3190 3603 3229 ama-

2015 3254 2219 3309 toribus
2256 3255 2387 3323 suis,
2428 3255 2496 3310 ad
2530 3272 2689 3327 quam
2722 3267 2774 3313 te
2801 3257 2986 3325 invito,
3018 3259 3353 3333 philosophia
3382 3268 3601 3336 pollice-

2015 3353 2116 3398 tur.
2142 3343 2521 3413 Quamobrem,
2549 3361 2670 3402 cum
2716 3347 2807 3402 tibi
2856 3357 2946 3403 tuo
2970 3350 3152 3407 animo
3181 3352 3393 3423 indigna
3436 3358 3601 3413 multa

2010 3438 2285 3505 accidunt;
2317 3454 2387 3494 ne
2412 3447 2464 3495 te
2486 3439 2601 3510 ipse
2623 3448 2954 3497 contemnas.
2985 3442 3117 3498 Nam
3147 3445 3192 3500 si
3220 3445 3397 3502 divina
3425 3451 3602 3519 provi-

2013 3530 2191 3587 dentia
2220 3530 2547 3602 portenditur
2572 3546 2738 3602 usque
2766 3531 2831 3586 ad
2854 3548 2971 3600 nos,
2999 3534 3140 3604 quod
3182 3536 3401 3594 minime
3443 3538 3601 3596 dubi-

2012 3625 2228 3680 tandum
2259 3633 2374 3693 est;
2403 3624 2534 3680 mihi
2559 3624 2737 3691 crede,
2765 3625 2843 3680 sic
2872 3634 3044 3681 tecum
3074 3628 3158 3698 agi
3184 3639 3395 3699 oportet
3419 3641 3474 3687 ut
3491 3634 3600 3704 agi-

2011 3724 2114 3771 tur.
2147 3714 2277 3771 Nam
2298 3730 2418 3771 cum
2445 3724 2610 3779 tanta,
2635 3724 2886 3785 quantam
2903 3731 3118 3787 semper
3135 3719 3390 3789 admiror,
3420 3722 3598 3781 indole

2009 3818 2123 3877 tua,
2180 3810 2247 3865 ab
2291 3809 2513 3864 ineunte
2550 3808 2909 3865 adolescentia
2953 3810 3129 3865 adhuc
3176 3812 3387 3870 infirmo
3430 3818 3597 3873 ratio-

2008 3902 2093 3958 nis
2121 3910 2277 3973 atque
2322 3901 2559 3971 lapsante
2598 3900 2818 3970 vestigio
2848 3900 3131 3956 humanam
3162 3904 3329 3960 vitam
3357 3921 3598 3966 errorum

2006 3998 2243 4055 omnium
2270 3997 2627 4065 plenissimam
2646 3994 3030 4066 ingredereris;
3052 3998 3262 4069 excepit
3291 4009 3341 4056 te
3370 4001 3597 4057 circum-

2007 4088 2223 4145 ﬂuentia
2252 4087 2575 4153 divitiarum,
2604 4102 2723 4157 qua:
2759 4086 2903 4141 illam
2928 4094 3136 4144 aetatem
3159 4100 3315 4160 atque
3336 4093 3592 4163 animum,

2006 4198 2125 4253 qua:
2151 4180 2369 4251 pulchra
2396 4188 2454 4236 et
2496 4178 2717 4235 honesta
2744 4177 3056 4234 videbantur
3083 4180 3237 4236 avide
3259 4193 3592 4253 sequentem,

2008 4274 2333 4333 illecebrosis
2360 4283 2596 4345 ceperat
2614 4272 2898 4329 absorbere
2921 4275 3237 4344 gurgitibus,
3270 4275 3370 4330 nisi
3402 4276 3525 4331 inde
3544 4286 3597 4333 te

2006 4371 2231 4425 fortuna:
2270 4368 2346 4424 illi
2385 4367 2562 4434 ﬂatus,
2600 4366 2690 4438 qui
2720 4372 2969 4435 putantur
2996 4366 3225 4433 adversi,
3277 4369 3595 4438 eripuissent

2003 4476 2142 4535 pene
2169 4468 2517 4531 mergentem.

2075 4555 2129 4609 2.
2159 4556 2240 4609 An
2269 4568 2397 4608 vero
2416 4552 2459 4607 si
2490 4550 2733 4606 edentem
2758 4558 2808 4604 te
2827 4563 3046 4603 munera
3074 4564 3316 4605 ursorum
3344 4552 3361 4583 ¹
3386 4560 3440 4607 et
3460 4569 3594 4607 nun-

2006 4662 2163 4719 quam
2193 4647 2264 4702 ibi
2293 4654 2449 4700 antea
2485 4644 2594 4698 \‘isa
2622 4644 2921 4713 spectacula
2959 4643 3163 4700 civibus
3194 4645 3408 4710 nostris,
3438 4647 3587 4700 thea-

2010 4740 2173 4796 trieus
2222 4738 2435 4809 plausus
2480 4749 2692 4803 semper
2737 4734 3124 4804 prosperrimus
3180 4737 3498 4802 accepisset;
3545 4737 3589 4790 si

2006 4832 2287 4887 stultorum
2315 4826 2609 4890 hominum,
2629 4841 2853 4895 quorum
2881 4825 3134 4880 immensa
3165 4827 3313 4880 turba
3344 4836 3442 4892 est,
3472 4843 3589 4882 con-

2006 4921 2144 4977 flatis
2171 4930 2225 4976 et
2246 4916 2699 4975 consentientibus
2720 4916 2934 4970 vocibus
2951 4914 3162 4970 ferreris
3189 4916 3253 4969 ad
3282 4916 3507 4981 C(Blum;
3546 4918 3587 4970 si

2007 5029 2164 5071 nemo
2208 5010 2303 5066 tibi
2339 5008 2557 5065 auderet
2594 5021 2714 5062 esse
2743 5005 3022 5071 inimicus;
3053 5005 3096 5059 si
3134 5006 3479 5075 municipales
3510 5019 3587 5060 ta-

1533 5119 1790 5159 ΑῺΠΟΝΠΊΟ
1821 5122 1893 5156 PP.
1927 5116 2346 5157 manummanum.

372 5204 455 5254 uis
477 5201 764 5264 castigandis
785 5198 962 5264 (libris)
985 5196 1183 5264 adhibiti
1205 5201 1318 5244 sunt
1338 5201 1444 5264 _Mss.
1468 5191 1821 5264 Germanensis,
1842 5188 2164 5264 Michaelinus,
2178 5180 2910 5264 Theode‘rieensiszzltl‘binensmi’s,
3232 5181 3452 5231 Victorini
3475 5183 3571 5232 duo

372 5216 455 5254 H18
477 5216 764 5264 0381133111113
785 5216 962 5264 (111)1'18)
985 5216 1183 5248 annuam
1205 5216 1318 5244 sum
1341 5216 1444 5243 Μω.
1468 5216 1821 5248 υυι-ιιιωισιωιδ,
1842 5216 2160 5248 «incude-mu»,
2191 5216 2577 5235 ιιισυυυιιυυιωω
2617 5216 2910 5241 ηιυμινιωιυ,
2932 5216 3212 5241 me..."
3244 5216 3255 5228 .
3270 5216 3376 5230 ,νυνι
3388 5216 3452 5231 ..η
3475 5216 3571 5232 νυ...

308 5266 552 5317 Sorhoniei
575 5272 697 5325 tres,
722 5263 914 5325 Regius,
933 5261 1199 5319 vaticauus,
1224 5257 1475 5307 Lectiones
1496 5252 1793 5316 Belgicorum
1817 5258 2021 5314 quatuor
2042 5251 2166 5312 apud
2189 5256 2297 5298 nov.
2324 5259 2514 5297 necnon
2538 5216 2776 5294 editiones
2795 5244 2903 5291 Bad.
2927 5251 3028 5291 Am.
3050 5247 3125 5289 Er.
3150 5248 3258 5292 Lov.
3578 5219 3593 5246 ’

389 5346 900 5426 Comparaeimus
940 5350 1245 5426 prater-ea
1290 5358 1388 5401 eas
1434 5355 1636 5399 omnes
1684 5335 1987 5396 editiones
2020 5333 2206 5395 initio
2256 5328 2797 5391 Retractationum
2844 5331 2909 5391 et
2934 5324 3425 5388 Confessionum
3452 5347 3590 5389 me—

318 5421 616 5491 moratas.
943 5421 965 5423 ἡ
1027 5421 1113 5483 Μ.

375 5532 392 5563 ι
422 5529 554 5590 Bad.,
579 5539 779 5578 numera
813 5536 1081 5576 cursorum.
1107 5519 1299 5590 Sedulii
1322 5520 1432 5568 cdd.
1474 5530 1662 5590 summo
1684 5518 1812 5590 inter
1846 5529 1904 5566 se

311 5577 559 5642 consensu
582 5577 772 5639 habent
811 5598 1048 5638 ursorum.
1095 5585 1370 5633 Inusitatum
1394 5580 1649 5644 quodpiam
1686 5577 1905 5644 ludorum

310 5665 476 5765 genus
494 5653 575 5725 hic
614 5651 863 5700 nominare
888 5646 1037 5697 voluit
1062 5646 1366 5708 Augustinus.
1391 5642 1542 5715 tiudos
1562 5653 1740 5702 nempe
1758 5675 1772 5699 ,
1795 5642 1906 5703 quia

349 5714 587 5765 berahter
611 5712 788 5765 poculo
809 5722 1064 5761 munerum
1107 5714 1259 5757 instar
1299 5706 1681 5762 exhibebantur,
1706 5713 1906 5751 munera

349 5714 587 5765 heraliter
611 5712 788 5775 populo
809 5722 1064 5761 munerum
1107 5706 1259 5757 instar
1299 5706 1681 5762 exhibebantur,
1706 5713 1906 5751 munera

559 5797 752 5863 8mm
823 5798 1105 5859 Ληουεῖ.
1157 5792 1206 5853 1.

2007 5513 2256 5563 vocabant.
2281 5512 2395 5560 Hinc
2416 5510 2480 5559 de
2498 5507 2622 5557 ludis
2644 5507 2869 5569 prmstitis
2888 5519 2980 5555 non
2992 5503 3120 5569 male
3143 5505 3427 5569 intelligitur
3435 5520 3568 5557 001161

2007 5574 2059 5623 lii
2084 5572 2354 5623 Eliberitani
2378 5584 2482 5621 can.
2507 5570 2539 5619 5
2559 5584 2571 5619 :
2595 5588 2618 5617 ι
2633 5567 2869 5618 Flanunes
2888 5569 2971 5631 qui
2994 5580 3089 5617 non
3110 5567 3484 5619 Immolaverint:
3500 5570 3587 5619 sed

2018 5656 2041 5685 κ
2057 5649 2230 5687 munus
2254 5642 2436 5686 tantum
2457 5632 2699 5694 dederint,
2712 5648 2733 5676 ν
2760 5639 2850 5681 etc.

2829 5775 3302 5858 (’Vingt—neuf.)
