2039 3183
252 142 304 173 9οἸ

253 198 323 227 bula!
333 201 361 225 te
370 203 424 224 non
438 193 524 223 solum
532 192 641 225 civium,
651 190 699 219 sed
712 190 792 218 etiam
803 188 950 217 vicinorum
961 192 1050 223 patro-

253 253 317 273 num
336 251 391 271 tere
414 242 566 278 signarent;
581 240 776 268 collocarentur
788 242 894 271 statuat,
911 236 1052 264 inﬂuerent

252 293 379 324 honores,
387 287 631 318 adderenturetiam
640 281 1052 321 potestates,qmemunicipalem

253 340 373 368 habitum
381 338 627 372 supercrescereut;
637 332 766 361 conviviis
776 330 936 367 quotidianis
950 336 1051 357 mensae

253 386 349 422 opima:
364 386 548 415 struerentur;
563 380 634 417 quod
650 380 747 415 cuique
759 382 831 406 esset
843 384 963 411 necesse,
979 375 1051 411 quod

252 434 383 470 cujusque
400 432 480 460 etiam
497 429 598 458 delicia:
615 428 728 459 sitirent,
742 425 922 454 indubitanter
935 428 1048 460 peteret,

251 476 650 511 indubitanterhauriret,multa
656 475 735 503 etiam
741 481 794 501 non
801 470 1050 508 petentibusme

251 531 360 559 rentur;
371 529 468 560 resque
479 525 536 559 ipsa
543 521 678 550 familiaris
686 520 826 555 diligenter
832 527 848 546 a
858 518 910 546 tuis
920 517 1049 546 fideliter-

251 580 303 609 que
311 571 502 603 administrata,
510 569 632 598 idoneam
641 575 670 595 se
676 566 755 594 tantis
761 565 909 601 sumptibus
915 569 1048 599 paratam-

252 627 304 654 que
310 618 441 654 praaberet
450 625 456 644 :
466 620 495 644 tu
502 617 600 643 interea
609 615 711 642 viveres
717 613 744 640 in
752 611 925 640 aedificiorum
933 611 1049 646 exquisi-

249 665 359 693 tissimis
371 663 496 697 molibus,
508 662 535 689 in
547 661 634 689 nitore
647 660 814 692 balnearum,
824 658 851 686 in
863 657 971 686 tesseris
982 664 1048 692 quas

248 712 376 740 honestas
389 718 442 738 non
452 709 563 744 respuit,
578 708 604 735 in
617 706 766 739 venatibus,
778 705 804 732 in
813 704 951 736 conviviis,
964 704 990 731 in
1000 710 1048 731 ore

249 758 395 791 clientium,
414 757 442 784 in
457 762 503 784 ore
520 754 629 787 civium,
644 753 732 780 inore
752 751 868 786 denique
888 750 1047 785 populorum

248 805 466 836 humanissimus,
480 801 692 833 liberalissimus,
709 798 909 829 mundissitnus.
931 797 1048 824 fortuna.

249 852 379 884 tissimus,
397 854 426 878 ut
439 849 510 877 fuisti
520 847 688 883 ‘,jactareris
702 855 709 873 :
724 846 864 881 quisquam
879 843 937 876 tibi,
950 843 1047 871 Roma-

247 900 338 933 niane,
358 898 444 926 beam
457 895 568 924 alterius
580 895 652 927 vitm,
675 901 733 929 quae
744 893 800 920 sola
821 891 897 919 beata
910 894 960 924 est,
974 889 1047 925 quis-

247 954 337 982 quam,
358 951 460 980 qumso,
472 942 635 970 mentionem
655 940 743 968 facere
760 937 886 967 auderet?
907 937 1046 972 quisquam

248 993 295 1021 tibi
310 990 471 1027 persuadere
484 993 584 1025 posset,
608 995 660 1015 non
676 987 762 1014 solum
777 991 802 1013 lc
818 985 920 1012 felicem
936 992 987 1010 non
1002 990 1045 1010 es-

249 1048 293 1073 se;
310 1038 356 1067 scd
370 1046 402 1066 eo
415 1037 530 1065 maxime
540 1036 676 1066 miserum,
694 1041 745 1067 quo
762 1032 806 1059 tibi
821 1030 929 1058 minime
943 1029 1046 1056 videre-

247 1087 303 1115 ris?
316 1086 391 1114 Nunc
403 1092 468 1112 vero
481 1090 560 1119 quam
574 1086 600 1110 te
620 1081 736 1108 breviter
755 1078 950 1106 admonendum
966 1082 1003 1104 tot
1020 1083 1047 1105 et

252 1137 334 1164 tanta,
350 1139 410 1167 qua:
422 1128 553 1165 pertulisti
568 1128 678 1155 adversa
695 1124 831 1153 fecerunt?
846 1125 901 1151 Non
913 1124 983 1151 enim
999 1124 1046 1150 tibi

249 1178 343 1205 alienis
353 1175 482 1211 exemplis
498 1172 712 1209 persuadendum
726 1175 768 1199 est
779 1178 859 1205 quam
874 1170 944 1196 fluxa
958 1174 985 1196 et
994 1168 1049 1196 fra-

246 1224 319 1260 gilia,
332 1228 359 1251 et
374 1223 451 1258 plena
463 1220 643 1249 calamitatum
654 1219 707 1246 sint
716 1218 814 1250 omnia,
823 1224 883 1252 qua:
893 1216 961 1244 bona
975 1222 1048 1243 mor-

247 1271 314 1299 tales
327 1274 436 1306 putant;
450 1276 511 1296 cum
534 1267 568 1294 ita
586 1275 619 1294 ex
634 1266 721 1300 aliqua
736 1269 811 1300 parte
832 1264 900 1293 bene
922 1267 1047 1298 expertus

246 1317 295 1352 sis,
307 1321 337 1345 ut
348 1324 381 1345 ex
390 1320 417 1344 te
429 1311 533 1343 etetcris
546 1312 706 1348 persuadere
720 1310 862 1347 poSsimus.

283 1363 310 1391 3.
326 1362 391 1390 illud
405 1369 478 1396 ergo,
493 1359 649 1391 illudtuum,
663 1365 716 1393 quo
727 1365 834 1392 semper
848 1356 945 1385 decora
959 1361 986 1383 et
999 1356 1048 1383 ho-

247 1413 323 1437 nesta
335 1406 508 1438 desiderasti;
524 1409 614 1440 quote
627 1404 764 1432 liberalem
779 1403 863 1439 magis
881 1410 960 1438 quam
974 1402 1045 1430 divi-

249 1460 304 1483 tem
318 1459 378 1481 esse
391 1451 523 1484 maluisti;
538 1457 593 1486 quo
606 1457 739 1485 nunquam
761 1450 909 1484 concupisti
923 1457 984 1477 esse
996 1456 1045 1484 po-

248 1502 348 1529 tentior
362 1507 441 1535 quam
454 1498 560 1534 justior,
572 1502 708 1532 nunquam
726 1496 931 1524 adversitatibus
944 1497 1045 1531 impro-

247 1546 427 1580 bitatibusque
439 1544 544 1572 cessisti
559 1551 566 1570 :
581 1542 647 1570 illud
660 1543 756 1577 ipsum,
771 1542 889 1577 inquam,
901 1542 971 1577 quod
984 1542 1010 1569 in
1020 1546 1046 1569 te

248 1591 367 1621 divinum
381 1591 471 1619 nescio
482 1597 535 1626 quo
549 1591 610 1617 vitae
622 1588 701 1625 hujus
716 1596 810 1617 somno
823 1593 987 1624 veternoque
999 1597 1045 1616 so-

248 1640 333 1675 pitum
353 1640 404 1671 est,
415 1637 496 1664 variis
513 1635 566 1664 illis
584 1635 711 1669 durisque
732 1631 921 1670 jactatiouibus
943 1639 1046 1662 secreta

247 1684 413 1722 providentia
425 1684 543 1712 excitare
556 1682 682 1710 decrevit.
697 1680 808 1717 Evigilo,
819 1681 924 1717 evigila,
941 1689 989 1710 oro
1002 1687 1043 1715 te;

248 1731 378 1766 multum,
398 1731 464 1759 mibi
478 1730 567 1763 crede,
584 1727 759 1765 gratulaberis
781 1727 851 1763 quod
875 1735 944 1763 pene
966 1729 1045 1756 nullis

247 1778 467 1815 prosperitatibus
482 1776 578 1812 quibus
599 1780 726 1803 tenentur
740 1774 846 1808 incauti,
862 1774 952 1802 mundi
965 1774 1045 1809 hujus

247 1824 295 1854 tibi
309 1825 379 1852 dona
392 1823 510 1851 blandita
521 1826 583 1850 sunt
596 1831 604 1849 :
619 1829 678 1857 qua:
689 1820 821 1857 meipsum
832 1826 929 1855 cepere
950 1821 1045 1848 molie-

247 1871 345 1899 bantur
357 1869 477 1905 quotidie
490 1869 540 1896 ista
550 1873 712 1901 cantantem,
725 1866 829 1894 nisime
844 1866 960 1902 pectoris
968 1866 1046 1895 dolor

245 1923 384 1948 ventosam
398 1917 590 1953 professionem
598 1916 711 1951 abjicere
719 1919 746 1943 et
758 1915 786 1942 in
798 1913 972 1950 philosophia:
986 1921 1046 1949 gre-

245 1966 328 1993 mium
342 1963 485 2000 confugere
497 1962 637 1998 coegisset.
655 1962 714 1997 Ipsa
722 1969 765 1989 me
778 1960 884 1988 nuncin
897 1961 961 1993 otio,
972 1961 1044 1996 quod

246 2012 424 2041 vehementer
436 2010 596 2046 optavimus,
609 2010 690 2037 nutrit
699 2016 731 2037 ac
740 2009 811 2037 fovet
824 2016 830 2035 :
847 2009 902 2043 ipsa
916 2015 959 2035 me
969 2008 1045 2043 peni-

246 2063 290 2086 tus
309 2058 343 2085 ab
355 2057 399 2085 illa
412 2056 609 2093 superstitione,
630 2055 655 2082 in
668 2061 747 2090 quam
761 2059 786 2082 te
801 2061 906 2081 mecum
923 2053 1044 2089 praccipi-

245 2109 300 2133 tem
311 2103 448 2137 dederam,
461 2101 583 2130 liberavit
596 2100 645 2138 (η).
670 2100 727 2135 Ipsa
741 2100 812 2127 enim
827 2100 915 2133 docet,
934 2103 962 2128 et
979 2106 1043 2128 vere

247 2149 328 2178 docet
336 2149 399 2176 nihil
411 2148 520 2177 omnino
528 2146 668 2175 colendum
679 2153 749 2180 esse,
762 2151 898 2181 totumque
908 2146 1042 2174 contemni

245 2201 379 2232 oportere,
393 2194 520 2231 quidquid
542 2193 697 2221 mortalibus
715 2193 800 2220 oculis
813 2193 940 2227 cernitur,
962 2192 1042 2228 quid-

245 2242 309 2278 quid
324 2241 395 2269 ullus
414 2249 509 2268 sensus
523 2240 626 2275 attingit
638 2239 705 2275 (Lib.
725 2240 733 2267 l
747 2239 871 2273 1tetract.,
883 2247 906 2266 c.
922 2240 947 2272 l,
959 2247 985 2266 η.
999 2238 1041 2275 ἢ»

246 2288 306 2324 ipsa
321 2287 490 2316 verissimum
503 2291 532 2315 et
544 2286 749 2314 secretissimum
764 2286 847 2313 Deum
862 2286 1001 2321 perspicue
1012 2294 1042 2313 se

245 2334 489 2362 demonstraturam
504 2332 643 2368 promittit,
658 2337 684 2360 et
696 2332 751 2367 jam
767 2332 876 2368 jamque
897 2332 973 2368 quasi
994 2339 1042 2367 per

245 2380 347 2408 lucidas
360 2380 444 2407 nubes
456 2383 589 2407 ostentare
599 2378 729 2414 dignatur.

280 2427 308 2455 4.
323 2426 351 2454 1η
365 2426 416 2454 hac
431 2433 535 2454 mecum
551 2425 743 2453 studiosissime
764 2425 828 2453 vivit
842 2431 932 2454 noster
944 2425 1040 2454 Licen-

245 2473 298 2501 tius
310 2481 317 2499 :
331 2471 364 2500 ad
375 2480 435 2500 eam
448 2476 519 2499 totus
531 2479 546 2498 a
556 2471 718 2507 juvenilibus
744 2472 876 2500 illecebris
896 2473 1040 2509 voluptati-

277 2535 286 2552 ι
293 2538 325 2567 για
334 2538 386 2560 Mss.
393 2533 601 2567 aliquotvetustis,
607 2536 633 2567 et
640 2533 666 2558 in
674 2533 728 2558 Bad.
738 2537 793 2567 Ann
800 2536 837 2558 Er.
849 2533 922 2567 deest
929 2537 955 2567 ut
962 2533 1040 2567 fuisti.

243 2569 269 2591 In
277 2566 332 2592 aliis
343 2563 442 2597 septeni
451 2569 503 2590 mss.
515 2565 667 2597 substituitur
679 2567 704 2589 ut
720 2563 808 2595 suesti;
824 2571 879 2597 quae
889 2563 967 2591 lectio'
978 2566 1040 2591 forte

243 2597 290 2622 hoc
300 2595 382 2622 verior
394 2600 445 2627 est,
457 2602 505 2628 quo
516 2596 548 2620 ab
558 2602 605 2621 usu
615 2595 712 2628 vulgato
720 2595 846 2621 remotior.

276 2638 313 2670 (α)
321 2641 376 2671 Erat
383 2637 446 2663 haud
455 2637 530 2671 dubie
538 2637 695 2671 ttomanianus
704 2644 735 2663 ex
753 2644 839 2671 eorum
850 2645 951 2664 numero
961 2658 968 2671 ,
980 2646 1041 2671 quos

243 2669 269 2694 in
278 2667 459 2703 Manichmum
466 2668 580 2703 haeresim
590 2674 674 2703 secum
682 2670 833 2703 pertraxisse
844 2670 927 2703 deﬂet
934 2667 1042 2703 augusti-

242 2707 291 2726 nus
298 2700 339 2732 lib.
349 2699 436 2725 tconf.
450 2707 472 2725 c.
488 2701 511 2724 1.
527 2704 615 2732 terum
630 2701 650 2725 is
664 2699 762 2732 quoque
776 2700 806 2725 ad
819 2707 901 2726 sanam
914 2699 986 2727 ﬁdem
1000 2702 1042 2727 ali-

244 2731 342 2764 quando
347 2737 376 2757 se
383 2732 477 2763 recepit
486 2738 492 2755 :
500 2731 591 2764 quippe
598 2732 640 2763 qui
648 2731 804 2764 Augustinum
812 2739 911 2764 semper
917 2733 991 2759 coluit
997 2734 1041 2758 im-

244 2762 332 2797 pense,
341 2765 367 2797 et
375 2762 535 2797 nuncupatum
543 2762 587 2787 sibi
595 2762 626 2786 ab
634 2762 782 2797 ipso’librum
788 2763 820 2797 de
828 2762 888 2788 Vera
898 2764 1026 2797 rneligione
1032 2784 1040 2797 ,

243 2793 339 2828 aliaque
349 2793 549 2828 ipsiusscripla‘ia
558 2793 730 2828 rxiagnoipretio
742 2795 838 2828 habuit;
853 2802 880 2820 ac
890 2793 988 2828 demum
995 2793 1041 2828 per

244 2824 339 2858 Iitteijas
351 2825 473 2858 a‘Paulino
485 2824 580 2858 nolensi
593 2824 721 2858 episcopo,
740 2826 782 2858 qui
801 2833 877 2858 panes
891 2824 1041 2858 eulogiarum

244 2834 339 2850 ιιιιεγως
351 2834 365 2849 ³
377 2834 473 2849 ramum
485 2834 580 2849 i‘UlUllSl
593 2834 706 2857 υνιεωψο
714 2843 721 2856 ,
757 2834 782 2850 ut
801 2834 821 2858 pi

243 2857 343 2881 nomine
351 2856 433 2880 eidem
441 2856 521 2885 mittit,
530 2860 644 2880 tractatur
658 2834 821 2883 honoribccnti

244 2859 343 2881 nomine
351 2859 521 2885 etdemmitttt,
530 2860 644 2880 tractatur
658 2859 911 2892 honorificentissime,
926 2862 1000 2891 atque
1013 2863 1041 2886 ut

244 2888 281 2916 vi."
292 2887 363 2923 plane
377 2887 521 2914 christianos
532 2887 668 2914 ramalibus.

756 130 896 160 CONTRA
915 128 1140 165 ACADEMICOS,
1160 130 1188 159 S.
1208 130 1393 160 AUGUSTINI

1855 133 1906 167 908

1105 187 1208 224 busqne
1223 196 1367 217 conversus
1388 193 1439 224 est,
1461 190 1497 219 ita
1518 195 1548 219 ut
1564 190 1625 219 eum
1640 198 1695 219 non
1717 196 1819 223 temere
1838 198 1907 232 patri

1104 234 1219 262 audeam
1233 235 1390 264 imitandum
1405 244 1567 272 proponere.
1579 237 1752 273 Philosophia
1772 246 1813 267 est
1825 242 1906 277 enim,

1103 288 1120 310 tt
1132 282 1208 317 cujus
1222 282 1349 310 uberibus
1362 290 1392 311 se
1407 283 1478 310 nulla
1492 288 1557 311 actas
1569 289 1696 319 queretur
1711 285 1719 300 ¹
1732 285 1853 319 excludi;
1872 288 1907 316 ad

1103 336 1183 364 quam
1196 328 1300 357 avidius
1315 329 1481 358 retinendam
1492 334 1520 358 et
1532 330 1705 360 hauriendam
1718 340 1770 368 quo
1792 337 1819 362 te
1841 333 1908 363 inci-

1103 380 1199 410 tarem,
1214 377 1335 413 quamvis
1350 381 1422 405 tuam
1435 378 1507 406 sitim
1518 378 1587 406 bene
1601 379 1731 412 noverim,
1745 384 1852 416 gustum
1864 386 1906 409 ta-

1102 430 1163 450 men
1177 422 1283 451 mittcre
1293 423 1374 457 volui,
1391 431 1471 459 quem
1485 424 1533 452 tibi
1547 425 1746 460 suavissimum,
1769 431 1809 460 et,
1830 432 1859 454 ut
1871 427 1907 456 ita

1101 468 1201 501 dicam,
1214 468 1391 497 inductorium
1407 469 1474 502 fore,
1489 476 1552 505 peto
1567 478 1601 497 ne
1618 470 1716 498 frustra
1730 473 1905 506 speraverint.

1099 513 1168 545 Nam
1181 514 1388 550 disputationem
1403 524 1482 551 quam
1498 516 1568 544 inter
1580 524 1610 544 se
1622 517 1763 553 Trygetius
1775 522 1803 546 et
1815 517 1907 546 Licen-

1101 560 1154 589 tius
1167 560 1327 595 habuerunt,
1348 561 1459 589 relatam
1481 562 1507 589 in
1529 562 1642 596 litteras,
1669 562 1715 590 tibi
1738 563 1809 592 misi.
1830 564 1906 592 illum

1101 607 1173 635 enim
1194 615 1300 643 quoque
1326 607 1533 640 adolescentem.
1559 609 1634 644 quasi
1658 609 1692 636 ad
1715 609 1907 646 detergenth

1099 653 1236 682 fastidium
1256 653 1458 689 disciplinarum
1485 654 1647 690 aliquantum
1675 655 1725 683 sibi
1750 661 1907 692 usurpasset

1100 699 1204 733 militia,
1222 700 1258 727 ita
1278 699 1355 727 nobis
1373 708 1530 735 magnarum
1555 700 1782 737 honestarumque
1806 703 1906 731 artium

1099 745 1317 773 ardentissimum
1328 745 1570 782 edacissimumque
1582 747 1710 776 restituit.
1725 747 1851 776 Pauculis
1861 748 1906 784 igi-

1102 796 1144 819 tur
1158 791 1251 819 dicbus
1262 792 1413 825 tranmotis,
1428 797 1601 828 posteaquam
1620 792 1645 820 in
1660 801 1725 828 agro
1742 794 1831 821 vivere
1847 802 1905 822 cce-

1099 838 1197 875 pimus,
1221 845 1282 866 cum
1302 846 1348 866 eos
1372 839 1404 866 ad
1423 838 1510 867 studia
1533 839 1644 868 hortans
1667 844 1747 875 atque
1771 840 1905 875 animans,

1101 885 1167 912 ultra
1192 893 1270 920 quam
1286 891 1442 920 optaveram
1459 891 1565 921 paratos
1585 890 1612 914 et
1636 894 1744 922 prorsus
1771 887 1907 916 inhiantes

1100 931 1229 963 viderem,
1250 931 1320 958 volui
1331 936 1434 959 tentare
1449 939 1497 967 pro
1514 936 1593 960 relate
1614 932 1676 967 quid
1691 937 1799 968 possent
1814 942 1821 960 :
1837 942 1907 969 pra:-

1099 977 1192 1005 sertlm
1204 985 1265 1004 cum
1276 977 1434 1005 Hortensius
1443 978 1511 1005 liber
1523 978 1661 1006 Ciceronis
1670 978 1725 1014 jam
1738 987 1785 1007 eos
1797 987 1831 1008 ex
1844 988 1905 1008 rna-

1099 1029 1152 1058 gna
1168 1028 1244 1058 parte
1255 1024 1413 1052 conciliasse
1427 1023 1601 1059 philosophia:
1617 1024 1763 1054 videretur.
1776 1026 1907 1055 Adhibito

1101 1068 1193 1104 itaque
1202 1069 1316 1101 notario,
1325 1076 1359 1097 ne
1369 1077 1441 1096 aura:
1450 1069 1567 1097 laborem
1577 1074 1697 1098 nostrum
1711 1071 1905 1107 discerperent,

1101 1115 1167 1143 nihil
1179 1115 1268 1151 perire
1278 1115 1401 1152 permisi.
1411 1116 1510 1144 Sanein
1520 1116 1571 1144 hoc
1582 1117 1650 1145 libro
1664 1125 1708 1145 res
1718 1122 1745 1146 et
1758 1119 1908 1146 sententias

1100 1161 1220 1196 illorum.
1241 1170 1302 1190 mea
1315 1170 1378 1190 vero
1392 1166 1419 1190 et
1432 1162 1522 1198 Alypii
1536 1163 1617 1190 etiam
1635 1164 1716 1191 verba
1732 1164 1849 1193 lecturus
1864 1173 1906 1193 es.

1385 1219 1525 1238 DISP'U'I'ATIO
1535 1221 1616 1238 PRIIA.

1099 1252 1214 1283 CAPUT
1228 1252 1261 1282 ll.
1274 1268 1312 1275 -—
1324 1254 1364 1281 An
1376 1256 1412 1282 ad
1429 1255 1526 1283 beatam
1542 1256 1618 1283 vitam
1640 1257 1782 1285 necessaria
1800 1258 1834 1285 sit
1852 1258 1908 1286 veri

1235 1301 1435 1336 comprehensio,
1447 1310 1481 1329 an
1490 1302 1547 1329 sola
1562 1303 1617 1337 ejus
1628 1302 1768 1337 inquisitio.

1134 1347 1163 1377 5.
1184 1347 1251 1377 Cum
1273 1348 1354 1384 igitur
1374 1356 1468 1377 omnes
1491 1349 1597 1377 hortatu
1621 1358 1682 1379 meo
1708 1359 1791 1379 unum
1811 1352 1838 1380 in
1862 1353 1908 1381 lo-

1098 1401 1160 1422 cum
1174 1394 1208 1422 ad
1222 1394 1274 1422 hoc
1288 1395 1442 1431 congregati
1455 1403 1574 1423 essemus
1584 1417 1591 1430 ,
1607 1397 1650 1424 ubi
1669 1401 1847 1432 opportunum
1864 1399 1908 1427 vi-

1098 1447 1157 1468 sum
1169 1444 1213 1468 est
1225 1449 1231 1466 :
1242 1439 1439 1476 Numquidnam
1452 1440 1589 1475 dubitatis,
1604 1442 1724 1478 inquam,
1740 1451 1835 1473 verum
1849 1453 1904 1474 nos

1098 1486 1168 1513 scire
1180 1486 1324 1521 oportere?
1337 1486 1462 1521 Minime,
1482 1487 1519 1514 ait
1541 1487 1681 1524 Trygetius
1694 1498 1701 1516 :
1715 1489 1860 1526 cmterique
1876 1499 1908 1520 se

1097 1533 1173 1560 vultu
1191 1532 1251 1567 ipso
1272 1533 1435 1568 approbasse
1457 1533 1775 1570 significaverunthuid
1794 1537 1835 1571 si,
1859 1538 1907 1566 in—

1098 1585 1194 1614 quam,
1209 1578 1290 1606 etiam
1309 1586 1364 1606 non
1377 1578 1573 1614 comprehenso
1591 1588 1656 1608 vero
1670 1580 1741 1609 beati
1761 1589 1821 1610 esse
1837 1591 1908 1619 pos-

1098 1631 1207 1657 sumus;
1223 1625 1404 1652 necessariam
1421 1624 1477 1653 veri
1499 1626 1765 1662 comprehensionem
1785 1629 1906 1657 arbitr:-

1098 1669 1184 1697 mini?
1197 1670 1247 1698 llic
1259 1671 1370 1707 Alypius
1382 1679 1389 1698 ι
1402 1671 1486 1706 llujus
1499 1672 1664 1707 quaestionis,
1679 1675 1773 1711 inquit,
1782 1674 1907 1710 judieetn

1097 1722 1143 1743 me
1155 1715 1237 1743 tutius
1249 1720 1323 1751 puto.
1336 1716 1403 1744 Cum
1416 1716 1487 1744 enim
1503 1716 1554 1745 iter
1565 1717 1630 1746 mihi
1644 1718 1670 1746 in
1681 1718 1775 1748 urbem
1789 1721 1823 1749 sit
1835 1729 1908 1750 ροη-

1097 1761 1230 1794 stitulum,
1246 1765 1355 1797 oportet
1368 1769 1412 1790 me
1426 1770 1508 1791 onere
1521 1763 1633 1799 alicujus
1646 1765 1824 1801 suscipiendae
1839 1775 1908 1804 par-

1098 1806 1133 1834 tis
1145 1807 1279 1840 relevari;
1295 1807 1373 1835 simul
1388 1808 1459 1843 quod
1473 1809 1576 1837 facilius
1588 1809 1686 1845 judicis
1700 1817 1805 1847 partes,
1818 1821 1906 1849 quam

1096 1851 1253 1887 cujusquam
1263 1852 1421 1887 defensoris,
1432 1853 1547 1890 cuipiam
1556 1854 1680 1892 delegare
1689 1857 1799 1892 possim.
1809 1858 1906 1893 Quare

1097 1897 1194 1926 dehinc
1208 1905 1256 1933 pro
1276 1898 1402 1927 alterutra
1416 1904 1491 1935 parte
1506 1908 1540 1928 ne
1552 1909 1568 1928 a
1581 1909 1624 1929 me
1637 1902 1781 1940 quidquam
1800 1913 1905 1941 exspe-

1097 1944 1184 1972 ctetis.
1200 1944 1275 1979 Quod
1290 1945 1315 1972 ei
1334 1952 1394 1972 cum
1410 1953 1568 1974 concessum
1583 1952 1655 1975 esset
1668 1948 1701 1976 ab
1715 1950 1852 1984 omnibus,
1873 1956 1905 1981 et

1096 1998 1146 2026 ego
1158 1991 1323 2027 rogationem
1342 1992 1500 2027 repetissem
1518 2002 1524 2021 :
1539 1993 1612 2022 Beati
1628 1999 1715 2029 certe,
1730 1996 1814 2032 inquit
1827 1997 1904 2035 Try-

1095 2037 1198 2072 getius,
1214 2045 1275 2066 esse
1293 2037 1433 2072 volumus;
1448 2044 1475 2067 et
1495 2039 1517 2067 si
1537 2039 1570 2068 ad
1589 2041 1658 2068 hanc
1677 2050 1734 2069 rem
1755 2051 1904 2079 possumus

1096 2083 1196 2119 absque
1218 2084 1331 2112 veritate
1353 2085 1508 2120 pervenire,
1533 2087 1676 2122 quaerenda
1698 2088 1775 2117 nobis
1798 2091 1903 2121 veritas

1095 2138 1149 2158 non
1162 2134 1213 2158 est.
1227 2130 1296 2164 Quid
1307 2131 1359 2159 hoc
1371 2131 1469 2166 ipsum,
1485 2132 1612 2168 inquam?
1622 2133 1824 2164 Existimatisne
1833 2137 1904 2166 bea-

1096 2180 1138 2203 tos
1150 2184 1200 2204 nos
1214 2183 1274 2204 esse
1287 2184 1378 2212 posse,
1393 2178 1472 2206 etiam
1488 2187 1542 2207 non
1555 2179 1662 2208 inventa
1675 2182 1804 2211 veritate?
1820 2183 1902 2215 Tunc

1094 2221 1230 2251 Licentius
1242 2231 1249 2250 :
1265 2223 1420 2258 Possumus,
1434 2224 1526 2260 inquit,
1539 2225 1562 2253 si
1573 2234 1663 2255 verum
1674 2236 1833 2264 qumramus.
1846 2230 1907 2261 Hie

1094 2275 1155 2296 cum
1168 2276 1217 2304 ego
1230 2273 1387 2297 caterorum
1400 2271 1558 2299 sententiam
1571 2277 1634 2301 nutu
1644 2273 1804 2310 ﬂagitassent
1818 2286 1825 2305 :
1838 2276 1902 2306 Mo-

1095 2319 1139 2342 vet
1151 2323 1211 2348 me,
1226 2314 1313 2351 inquit
1326 2315 1451 2351 Navigius
1464 2316 1514 2353 (α),
1529 2318 1601 2353 quod
1619 2326 1635 2346 a
1655 2319 1775 2350 Licentio
1793 2322 1899 2353 dictum

1094 2365 1145 2388 est.
1160 2361 1251 2389 Potest
1263 2362 1335 2389 enim
1349 2362 1463 2392 fortasse
1476 2363 1527 2392 hoc
1537 2365 1623 2400 ipsum
1633 2373 1693 2395 esse
1702 2367 1780 2396 beate
1791 2369 1896 2406 vivere,

1093 2408 1121 2436 in
1141 2408 1258 2436 veritatis
1273 2409 1444 2444 inquisitione
1459 2411 1558 2440 vivere.
1578 2412 1663 2442 Defini
1676 2422 1757 2451 ergo,
1771 2416 1808 2444 ait
1821 2416 1896 2453 Try—

1093 2455 1189 2490 getius,
1201 2455 1264 2491 quid
1280 2456 1315 2484 sit
1332 2456 1411 2484 beata
1421 2457 1485 2492 vita,
1499 2462 1528 2486 ut
1541 2466 1575 2486 ex
1589 2467 1622 2487 eo
1636 2461 1759 2497 colligam
1771 2463 1834 2498 quid
1847 2472 1896 2492 re-

1093 2501 1225 2535 spondere
1238 2504 1389 2531 conveniat.
1407 2504 1476 2538 Quid
1495 2513 1599 2540 censes,
1614 2507 1732 2545 inquam,
1746 2517 1805 2538 esse
1817 2510 1894 2540 aliud

1092 2550 1171 2577 beate
1183 2549 1281 2583 vivere,
1297 2550 1349 2577 nisi
1364 2551 1509 2579 secundum
1528 2553 1553 2580 id
1566 2554 1637 2589 quod
1657 2555 1683 2582 in
1699 2554 1807 2585 homine
1819 2558 1893 2593 opti-

1092 2601 1165 2621 mum
1176 2600 1228 2628 est,
1240 2595 1350 2625 vivere?
1363 2597 1485 2632 Temere,
1500 2599 1596 2634 inquit,
1607 2600 1688 2629 verba
1699 2609 1752 2630 non
1762 2602 1891 2632 fundam:

1093 2647 1154 2668 nam
1168 2641 1194 2668 id
1205 2642 1291 2677 ipsum
1302 2643 1430 2678 optimum
1441 2645 1504 2680 quid
1517 2646 1561 2680 sit,
1575 2646 1754 2676 definiendum
1768 2650 1832 2677 mihi
1841 2650 1891 2679 abs

1093 2690 1120 2716 te
1140 2691 1214 2722 puto.
1228 2688 1293 2722 Quis
1303 2709 1311 2722 ,
1331 2689 1454 2725 inquam,
1470 2690 1646 2727 dubitaverit,
1660 2694 1725 2722 nihil
1739 2695 1810 2723 aliud
1828 2703 1891 2725 esse

1092 2732 1208 2761 hominis
1220 2734 1349 2770 optimum
1359 2757 1366 2770 ,
1380 2744 1459 2771 quam
1474 2744 1532 2765 eam
1550 2744 1652 2774 partem
1672 2741 1767 2774 animi,
1782 2742 1826 2770 cui
1837 2742 1889 2771 do-

1092 2779 1204 2808 minanti
1217 2780 1402 2817 obtemperare
1416 2783 1541 2813 convenit
1560 2790 1657 2815 camera
1670 2794 1781 2824 quisque
1794 2788 1820 2816 in
1833 2788 1887 2817 ho-

1125 2848 1133 2865 ί
1146 2848 1267 2880 queritur,
1278 2849 1348 2881 juxta
1360 2854 1414 2876 [ιον.
1441 2855 1461 2877 lt

1126 2892 1162 2925 (ιι)
1173 2893 1297 2927 Augustini
1303 2893 1386 2920 frater.
