4078 6366
368 393 519 452 mine
555 395 718 450 sunt?
747 396 874 453 Haec
912 405 1090 454 autem
1110 438 1125 465 ,
1159 413 1226 456 ne
1265 398 1423 459 aliam
1452 397 1689 472 postules
1715 394 1979 449 deﬁnitio-

369 503 522 554 nem,
551 504 707 546 mens
731 499 823 545 aut
851 491 988 546 ratio
1015 491 1119 550 dici
1148 501 1326 564 potest
1363 491 1498 566 (Lib.
1524 493 1549 548 l
1580 491 1829 559 Retract.,
1857 509 1974 563 cap.

369 581 428 647 1,
458 598 510 634 n.
554 581 631 652 2).
665 581 818 649 Quod
859 582 904 637 si
943 582 1035 637 tibi
1074 600 1182 638 non
1221 584 1454 652 videtur,
1486 601 1665 656 qurere
1707 585 1976 656 quomodo

366 673 490 750 ipse
517 675 742 734 definias
772 676 856 732 vel
883 676 1094 733 beatam
1118 677 1302 747 vitam,
1323 677 1409 733 vel
1435 677 1668 736 hominis
1691 679 1971 751 optimum.
2056 678 2063 723 ἓ

365 768 672 831 Assentior,
703 768 894 839 inquit.

443 862 496 918 6.
528 861 665 930 Quid
693 863 860 935 ergo?
888 872 947 918 ut
984 863 1051 920 ad
1092 863 1459 935 propositum,
1499 864 1713 938 inquam
1734 907 1749 932 ,
1779 863 1971 921 redea-

361 970 524 1024 mus;
553 955 833 1016 videturne
854 957 947 1014 tibi
969 973 1076 1014 non
1096 959 1310 1014 invento
1329 974 1458 1015 vero
1483 960 1639 1016 beate
1666 975 1823 1030 posse
1842 961 1968 1029 vivi,

361 1046 416 1104 si
442 1054 648 1106 tantum
678 1050 981 1120 quaeratur?
1006 1050 1230 1122 Repeto,
1259 1052 1450 1123 inquit,
1478 1053 1798 1108 sententiam
1824 1053 1968 1108 illam

361 1156 543 1196 meam
574 1159 588 1196 :
617 1141 836 1198 Minime
865 1143 1097 1200 videtur.
1128 1144 1269 1212 Vos,
1316 1145 1530 1218 inquam
1551 1187 1566 1215 ,
1613 1145 1739 1218 quid
1787 1147 1972 1224 opina-

361 1232 541 1288 mini?
571 1233 707 1290 Tum
736 1234 1005 1292 Licentius
1036 1255 1048 1291 :
1073 1236 1202 1296 Mihi
1226 1253 1466 1308 prorsus,
1498 1239 1687 1309 inquit,
1721 1238 1928 1296 videtur
1953 1257 1964 1292 :

359 1341 490 1384 nam
521 1325 754 1397 majores
782 1328 986 1394 nostri,
1015 1343 1150 1400 quos
1189 1329 1459 1400 sapientes
1487 1330 1778 1402 beatosque
1816 1346 1969 1387 accc-

357 1419 574 1490 ]u'mus.
602 1434 670 1476 eo
693 1420 812 1476 solo
839 1421 979 1492 quod
1009 1437 1196 1484 verum
1236 1422 1579 1493 quaerebant,
1611 1423 1748 1480 bene
1784 1425 1966 1480 beate-

357 1526 468 1582 que
487 1511 756 1570 vixerunt.
792 1512 906 1584 Ago
937 1513 1156 1584 gratias,
1187 1513 1424 1584 inquam,
1457 1512 1599 1585 quod
1627 1530 1746 1570 cum
1776 1515 1967 1588 Alypio

358 1619 452 1664 me
483 1602 721 1674 judicent
759 1603 984 1670 fecistis,
1013 1606 1120 1673 cui,
1148 1605 1339 1674 fateor,
1371 1607 1610 1663 invidere
1643 1608 1754 1679 jam
1790 1624 1968 1679 coepe-

356 1711 498 1756 rant.
529 1695 790 1764 Quoniam
832 1697 991 1768 igitur
1025 1697 1184 1756 alteri
1227 1706 1466 1754 vestrum
1507 1699 1715 1755 videtur
1752 1700 1964 1756 beatam

355 1788 528 1846 vitam
571 1787 685 1846 sola
729 1789 1136 1861 investigatione
1177 1789 1450 1857 veritatis;
1494 1791 1676 1858 alteri,
1712 1807 1818 1846 non
1862 1791 1966 1847 nisi

355 1883 674 1942 inventione
703 1897 863 1952 posse
900 1882 1246 1953 contingere;
1289 1882 1540 1956 Navigius
1583 1893 1762 1941 autem
1805 1886 1964 1956 paulo

355 1982 488 2031 ante
507 1971 742 2031 ostendit
770 1972 826 2028 in
856 1981 1022 2039 tuam,
1053 1973 1274 2040 Licenti,
1307 1985 1512 2045 partem
1542 1989 1603 2031 se
1630 1975 1765 2031 velie
1793 1982 1966 2031 trans-

355 2064 442 2124 ire
465 2083 480 2124 :
501 2081 828 2137 magnopere
853 2075 1109 2136 exspecto
1134 2066 1317 2137 quales
1345 2068 1731 2124 sententiarum
1756 2078 1962 2124 vestra-

356 2173 480 2218 rum
519 2158 730 2230 patroni
769 2171 889 2218 esse
926 2158 1164 2230 possitis.
1208 2158 1316 2214 Res
1357 2159 1501 2215 cnim
1543 2175 1736 2231 magna
1764 2170 1878 2229 est,
1908 2170 1964 2218 et

349 2251 598 2323 diligenti
623 2251 960 2314 discussione
983 2251 1314 2322 dignissima.
1347 2251 1401 2308 Si
1427 2269 1515 2309 res
1541 2269 1729 2325 magna
1758 2262 1860 2322 est,
1890 2254 1964 2310 ait

349 2344 650 2412 Licentius,
677 2359 902 2416 magnos
939 2344 1083 2401 viros
1120 2343 1405 2402 desiderat.
1436 2344 1554 2400 Noli
1583 2362 1844 2416 quaerere,
1876 2347 1960 2402 in-

350 2451 549 2507 quam,
583 2435 882 2506 passerum
926 2436 980 2492 in
1022 2435 1124 2492 hac
1148 2435 1272 2490 villa
1294 2477 1310 2504 ,
1342 2435 1483 2508 quod
1527 2436 1697 2492 ubivis
1723 2437 1959 2509 gentium

352 2529 600 2600 reperire
626 2529 840 2586 difﬁcile
869 2538 953 2584 est
982 2546 996 2586 :
1026 2528 1121 2586 sed
1149 2528 1325 2598 potius
1351 2529 1553 2599 explica
1573 2569 1591 2597 ,
1619 2544 1714 2584 cur
1739 2529 1790 2584 id
1817 2529 1960 2601 quod

347 2621 452 2677 abs
478 2628 530 2676 te
571 2635 678 2678 non
709 2627 912 2676 temere
934 2660 949 2685 ,
979 2627 1037 2674 ut
1075 2620 1287 2690 opinor,
1331 2621 1596 2693 prolatum
1628 2631 1710 2677 est
1733 2665 1747 2688 ,
1775 2631 1830 2677 et
1855 2639 1958 2694 qua

351 2714 452 2773 tibi
476 2714 686 2772 ratione
709 2713 987 2770 videatur:
1017 2729 1139 2768 nam
1161 2722 1214 2768 et
1235 2713 1481 2768 maximis
1503 2729 1608 2780 res,
1634 2730 1755 2769 cum
1777 2730 1808 2772 a
1835 2730 1959 2786 par-

349 2806 439 2863 vis
462 2814 798 2876 quaeruntur,
829 2819 1051 2875 magnos
1077 2820 1170 2860 eos
1198 2805 1373 2860 solent
1398 2804 1634 2861 efﬁcere.

347 2897 580 2958 CAPUT
609 2896 695 2956 lli.
721 2927 795 2938 —
823 2895 1124 2952 Beatitatem
1162 2898 1216 2950 in
1253 2897 1632 2968 investigatione
1673 2899 1779 2952 veri
1809 2898 1957 2954 sitam

679 3006 787 3045 esse
816 3007 908 3061 pro
934 2989 1245 3044 Academicis
1274 3000 1644 3062 propugnatur.

427 3085 479 3138 7.
509 3084 772 3153 Quoniam
814 3093 894 3149 te,
925 3083 1131 3155 inquit,
1173 3083 1330 3138 video
1365 3100 1686 3158 magnopere
1729 3101 1828 3140 nos
1865 3101 1955 3141 ur-

345 3191 501 3248 gere,
530 3186 588 3232 ut
611 3175 894 3240 adversum
935 3177 1160 3234 invicem
1197 3176 1548 3248 disputemus,
1584 3179 1725 3250 quod
1758 3188 1812 3236 te
1850 3181 1956 3236 uti-

348 3269 476 3326 liter
498 3269 636 3325 velle
661 3269 906 3335 conﬁdo;
934 3285 1117 3340 quaero
1145 3285 1240 3326 cur
1264 3271 1451 3326 beatus
1479 3285 1597 3326 esse
1623 3286 1728 3326 non
1759 3272 1948 3344 possit,

350 3365 451 3434 qui
483 3379 670 3420 verum
715 3365 940 3435 quaerit,
991 3364 1200 3424 etiamsi
1245 3364 1466 3426 minime
1505 3367 1774 3424 inveniat?
1817 3367 1950 3434 Quia

358 3463 596 3526 beatum,
632 3459 801 3528 inquit
828 3457 1124 3528 Trygetius,
1155 3455 1394 3509 volumus
1419 3468 1536 3509 esse
1565 3455 1852 3523 perfectum
1883 3453 1935 3506 in

357 3551 611 3608 omnibus
630 3549 944 3620 sapientem.
963 3546 1060 3612 Qui
1073 3555 1248 3600 autem
1264 3544 1434 3599 adhuc
1449 3543 1656 3612 quierit,
1674 3543 1938 3613 perfectus

355 3657 468 3698 non
491 3651 592 3698 est.
619 3641 767 3696 Hunc
782 3638 938 3710 igitur
959 3635 1222 3707 quomodo
1241 3650 1448 3694 asseras
1469 3635 1699 3702 beatum,
1723 3634 1939 3688 omnino

359 3749 468 3788 non
493 3732 667 3788 video.
697 3731 766 3786 Et
790 3730 880 3786 ille
903 3746 917 3784 :
937 3729 1118 3785 Potest
1137 3726 1274 3798 apud
1296 3735 1367 3794 te,
1391 3725 1579 3797 inquit,
1601 3726 1778 3779 vivere
1805 3726 1821 3756 ί
1849 3740 1941 3778 au-

358 3826 584 3881 ctoritas
618 3823 918 3893 majorum?
959 3821 1075 3878 Non
1111 3821 1381 3886 omnium,
1431 3820 1598 3890 inquit
1639 3818 1935 3890 Trygetius.

357 3915 602 3982 Quorum
628 3913 877 3970 tandem?
904 3912 1032 3968 ille:
1062 3912 1258 3966 Eorum
1285 3909 1518 3978 scilicet,
1558 3909 1647 3980 qui
1673 3910 1940 3982 sapientes

355 4007 594 4064 fuerunt.
626 4006 761 4062 Tum
799 4004 1102 4059 Licentius:
1134 4001 1463 4066 Carneades,
1493 3999 1692 4070 inquit,
1725 3997 1818 4054 tibi
1857 4014 1941 4054 sa-

357 4099 514 4170 piens
539 4113 646 4154 non
675 4095 914 4152 videtur?
940 4095 1074 4165 Ego,
1101 4093 1194 4160 ait,
1221 4107 1422 4164 graecus
1444 4106 1546 4145 non
1584 4107 1698 4145 sum
1723 4106 1737 4156 ;
1762 4091 1940 4145 nescio

359 4189 663 4246 Carneades
692 4189 790 4242 iste
815 4188 903 4257 qui
932 4187 1111 4240 fuerit.
1145 4185 1279 4252 Quid
1299 4227 1314 4252 ,
1347 4185 1513 4253 inquit
1541 4183 1807 4237 Licentius
1828 4225 1842 4249 ,
1874 4181 1941 4236 de

357 4281 454 4340 illo
481 4290 666 4336 ιιαςιιιο
691 4279 968 4344 Cicerone,
996 4276 1120 4348 quid
1143 4275 1353 4330 tandem
1378 4273 1682 4329 existimas?
1705 4273 1799 4327 llic
1820 4287 1941 4327 cum

357 4373 452 4432 diu
483 4373 737 4428 tacuisset
763 4389 776 4424 :
805 4369 1027 4438 Sapiens
1057 4369 1171 4432 fuit,
1204 4365 1388 4436 inquit.
1422 4365 1489 4419 Et
1513 4365 1637 4421 ille:
1664 4365 1801 4434 Ergo
1827 4365 1942 4433 ejus

358 4463 430 4519 de
454 4463 556 4518 hac
585 4478 645 4518 re
673 4462 934 4516 sententia
961 4459 1118 4513 habet
1153 4457 1290 4528 apud
1331 4467 1383 4511 te
1421 4455 1617 4526 aliquid
1656 4454 1940 4525 ponderis?

360 4554 554 4621 Habet,
580 4552 769 4623 inquit.
798 4551 991 4620 Accipe
1015 4549 1171 4618 igitur
1198 4564 1314 4619 qua:
1340 4548 1425 4612 sit,
1455 4562 1574 4600 nam
1597 4561 1715 4601 eam
1739 4545 1831 4599 tibi
1851 4561 1944 4600 ex-

357 4643 555 4700 cidisse
575 4643 828 4700 arbitror.
855 4640 1055 4695 Placuit
1076 4639 1219 4694 enim
1238 4638 1480 4693 Ciceroni
1507 4646 1707 4705 nostro,
1729 4636 1942 4693 beatum

357 4749 481 4794 esse
509 4735 602 4807 qui
628 4737 908 4790 veritatem
937 4733 1211 4802 investigat
1231 4773 1243 4794 ,
1276 4732 1479 4786 etiamsi
1516 4731 1581 4786 ad
1609 4731 1722 4801 ejus
1751 4731 1940 4784 inven-

361 4828 566 4884 tionem
597 4841 703 4882 tion
731 4825 902 4880 valeat
929 4825 1223 4894 pervenire.
1253 4823 1352 4879 Ubi
1383 4823 1502 4890 hoc,
1543 4823 1729 4894 inquit,
1757 4821 1941 4878 Cicero

358 4919 531 4976 dixit?
561 4918 631 4975 Et
658 4917 928 4974 Licentius
955 4934 967 4969 :
997 4916 1125 4983 Quis
1154 4917 1357 4986 ignorat
1386 4931 1507 4971 eum
1541 4915 1834 4972 affirmasse
1853 4933 1942 4972 ve-

357 5010 662 5076 hementer,
705 5008 836 5063 nihil
877 5007 944 5061 ab
987 5007 1199 5061 homine
1240 5007 1436 5076 percipi
1478 5019 1662 5076 posse;
1706 5006 1942 5077 nihilque

357 5115 646 5158 remanere
674 5100 919 5170 sapienti,
950 5099 1050 5152 nisi
1076 5097 1526 5167 diligentissimam
1549 5098 1941 5168 inquisitionem

360 5193 603 5249 veritatis
628 5209 639 5244 :
671 5202 944 5264 propterea
973 5189 1092 5259 quia
1114 5189 1157 5242 si
1182 5188 1395 5244 incertis
1417 5189 1574 5244 rebus
1595 5198 1737 5246 esset
1762 5205 1943 5245 assen-

359 5300 475 5352 sus,
506 5286 669 5342 etiam
697 5283 740 5338 si
778 5281 1004 5337 fortasse
1029 5296 1170 5335 ver-te
1197 5280 1394 5347 forent,
1427 5279 1637 5336 liberari
1668 5281 1735 5336 ab
1761 5297 1943 5338 errore

364 5393 473 5434 non
502 5376 721 5447 posset?
749 5391 868 5447 qua:
895 5373 1123 5428 maxima
1151 5384 1233 5429 est
1259 5375 1412 5443 culpa
1436 5375 1706 5443 sapientis.
1747 5373 1943 5442 Quam-

365 5472 552 5528 obrcm
580 5471 627 5528 si
662 5479 716 5525 et
747 5469 1042 5537 sapientem
1085 5469 1386 5522 necessario
1417 5467 1632 5522 beatum
1667 5483 1788 5522 esse
1821 5484 1942 5522 cre-

366 5563 604 5626 dendum
629 5572 738 5629 est,
765 5570 820 5620 et
843 5560 1079 5618 veritatis
1103 5560 1216 5615 sola
1247 5559 1513 5630 inquisitio
1537 5559 1829 5630 perfectum
1853 5575 1931 5615 sa-

464 5771 564 5826 εει
588 5767 933 5828 uss.,utnccrc.
960 5766 1107 5819 —':is
1125 5770 1270 5824 etiam
1288 5770 1360 5814 Er.
1389 5772 1440 5814 et
1463 5771 1578 5814 ven.
1640 5773 1691 5816 Si.

1787 269 1990 330 LIBER
2026 267 2294 335 Ριωωδ.

3575 297 3682 356 910

2087 390 2300 460 picntia:
2320 405 2515 449 munus
2534 402 2649 464 est;
2674 397 2800 469 quid
2819 398 3122 460 dubitamus
3143 405 3449 466 existimare
3469 411 3677 471 beatam

2083 481 2267 550 vitam,
2298 485 2458 542 etiam
2489 503 2586 559 per
2610 505 2670 546 se
2689 490 2804 562 ipsa
2825 494 3231 568 investigatione
3255 503 3495 563 veritatis
3519 522 3678 578 posse

2081 578 2427 649 contingere?

2152 669 2204 724 8.
2236 670 2372 727 Tum
2417 673 2511 731 ille
2545 694 2558 731 :
2589 676 2809 736 Licetne
2849 682 3067 739 tandem
3113 685 3181 741 ad
3225 702 3289 744 ea
3325 703 3447 762 quae
3474 701 3679 757 temere

2080 773 2335 818 concessa
2366 777 2524 836 sunt,
2553 770 2728 826 redire
2757 777 3007 829 rursum?
3036 776 3134 833 Hic
3159 793 3298 850 ego:
3325 782 3408 838 illi
3441 783 3543 842 hoc
3567 803 3676 850 non

2079 855 2253 911 solent
2287 861 2606 930 concedere,
2636 864 2872 935 inquam,
2901 883 3038 939 quos
3071 872 3138 926 ad
3159 873 3536 945 disputandum
3566 899 3674 942 non

2078 945 2380 1005 inveniendi
2409 954 2520 1008 veri
2547 955 2842 1026 cupiditas,
2880 959 2975 1015 sed
3004 961 3199 1033 ingenii
3230 969 3445 1036 puerilis
3463 971 3674 1042 jactatio

2077 1041 2148 1096 tia
2190 1043 2433 1114 impellit.
2463 1048 2644 1120 Itaque
2682 1052 2821 1122 apud
2867 1069 2986 1123 me,
3017 1061 3311 1127 praesertim
3349 1041 3476 1120 cum,
3498 1067 3675 1128 adhuc

2077 1138 2346 1194 nutriendi
2387 1141 2751 1216 educandique
2794 1147 2942 1214 sitis,
2978 1166 3082 1205 non
3121 1153 3298 1210 solum
3339 1161 3671 1232 conceditur,

2076 1229 2171 1285 scd
2201 1232 2364 1287 etiam
2390 1234 2442 1288 in
2470 1239 2752 1308 prmeeptis
2775 1240 3016 1298 habeatis
3039 1245 3179 1311 volo,
3208 1248 3274 1302 ad
3294 1264 3359 1305 ea
3377 1265 3475 1307 vos
3493 1229 3674 1312 discit;
3767 1268 3770 1269 '

2075 1321 2252 1377 ticnda
2294 1324 2472 1381 redire
2509 1337 2792 1398 Oportere,
2821 1347 2941 1403 qua:
2978 1340 3353 1396 concesseritis
3379 1342 3668 1404 incautius.

2075 1412 2142 1469 Et
2167 1415 2435 1473 Licentius
2470 1437 2482 1474 :
2517 1419 2634 1476 Non
2665 1437 2888 1492 parvum
2925 1424 2977 1480 in
3009 1428 3343 1502 philosophia
3371 1436 3669 1506 profectum

2073 1515 2236 1600 puto,
2267 1507 2468 1579 inquit,
2509 1526 2630 1566 cum
2672 1511 2725 1567 in
2761 1519 3159 1586 comparatione
3183 1525 3314 1580 tecti
3340 1528 3557 1600 verique
3583 1531 3668 1588 irr-

2070 1599 2319 1693 veniendi
2346 1603 2706 1659 contemnitur
2732 1621 2762 1661 a
2791 1607 3096 1679 disputante
3118 1614 3360 1672 victoria.
3386 1599 3570 1693 Itaque
3596 1624 3664 1680 li.

2072 1691 2263 1791 benter
2287 1695 2552 1791 obsequor
2579 1701 2858 1791 praeceptis
2885 1712 2941 1758 et
2979 1709 3258 1765 sententiae
3285 1719 3412 1782 tuae,
3445 1691 3501 1771 et
3526 1717 3664 1791 hyo-

2069 1787 2268 1880 getium
2309 1787 2375 1843 ad
2414 1787 2468 1880 id
2493 1789 2634 1859 quod
2669 1805 2728 1846 se
2755 1800 2957 1850 temere
2995 1801 3330 1858 concessisse
3355 1787 3662 1880 arbitratur,

2069 1891 2157 1970 res
2179 1878 2322 1934 enim
2345 1879 2448 1934 mei
2470 1880 2606 1951 juris
2626 1891 2729 1950 est,
2755 1883 2932 1942 redire
2958 1891 3228 1958 permitto.
3251 1894 3386 1950 Tum
3407 1878 3661 1970 Alypius;

2069 1969 2314 2041 Suscepti
2339 1986 2369 2026 a
2404 1988 2490 2028 me
2514 1972 2674 2030 ofﬁcii
2709 1975 2947 2032 nondum
2974 1988 3154 2050 partes
3187 1999 3327 2054 esse,
3353 1969 3665 2063 vosmetipsi

2068 2067 2281 2118 mecum
2309 2067 2711 2135 recognoscitis.
2736 2068 2840 2124 Sed
2861 2072 3114 2141 quoniam
3141 2073 3192 2130 id
3213 2075 3526 2146 jamdudum
3549 2083 3662 2141 dis-

2068 2154 2237 2228 posita
2263 2158 2521 2228 proiectio
2553 2160 2944 2233 interrumpere
2975 2181 3064 2222 me
3100 2171 3390 2242 compellit,
3416 2190 3517 2245 pro
3539 2191 3664 2236 meo

2067 2262 2278 2320 quoque
2309 2267 2530 2308 munere
2557 2254 2880 2325 geminatam
2915 2258 3016 2314 sibi
3047 2269 3365 2331 potestatem
3396 2269 3664 2341 particeps

2065 2355 2274 2395 mecum
2298 2341 2483 2412 judieii
2511 2360 2616 2400 non
2643 2357 2833 2403 renuet
2868 2365 3036 2421 usque
3075 2353 3132 2408 in
3168 2356 3399 2415 reditum
3433 2377 3613 2421 meum
3643 2382 3659 2422 :

2064 2434 2223 2491 video
2252 2437 2393 2490 enim
2422 2437 2524 2493 hoc
2549 2449 2786 2495 vestrum
2812 2450 3084 2500 certamen
3112 2447 3320 2520 longius
3351 2466 3663 2526 progressu-

2064 2541 2204 2580 rum.
2238 2527 2304 2582 Et
2339 2545 2459 2584 cum
2493 2531 2828 2589 discessisset
2855 2552 2867 2587 :
2891 2535 3045 2603 Quod
3070 2538 3108 2605 ⁸,
3149 2541 3316 2612 inquit
3352 2542 3658 2621 Licentius,

2064 2626 2268 2675 temere
2295 2635 2659 2691 concesseras,
2687 2624 2883 2693 profer.
2914 2627 2986 2681 Et
3010 2629 3135 2685 ille:
3160 2631 3387 2690 Temere
3407 2635 3552 2706 dedi,
3579 2642 3662 2697 in-

2063 2712 2210 2782 quit,
2257 2710 2568 2768 Ciceronem
2627 2714 2789 2771 fuisse
2838 2719 3155 2788 sapientem.
3213 2724 3424 2796 Ergone
3473 2731 3660 2789 Cicero

2062 2804 2276 2873 sapiens
2302 2819 2411 2859 non
2435 2805 2551 2874 fuit,
2575 2821 2603 2859 a
2625 2823 2732 2878 quo
2756 2808 2810 2863 in
2842 2810 3002 2865 latina
3040 2813 3217 2885 lingua
3244 2819 3578 2892 philosophia
3605 2835 3661 2882 et
3755 2863 3762 2870 -

2061 2895 2307 2954 inchoata
2333 2908 2435 2966 est,
2466 2910 2518 2954 et
2546 2901 2817 2970 perfecta?
2842 2904 2954 2960 Etsi
2982 2909 3293 2979 concedam,
3323 2913 3512 2984 inquit,
3539 2933 3661 2976 esse

2060 2991 2376 3062 sapientem,
2409 3007 2514 3047 non
2543 2995 2720 3049 omnia
2749 3003 2928 3052 tamen
2952 2999 3068 3068 ejus
3098 3003 3285 3071 probo.
3317 3006 3476 3077 Atqui
3501 3025 3660 3080 opor-

2059 3091 2134 3139 tet
2160 3085 2327 3140 multa
2353 3085 2469 3156 ejus
2497 3087 2601 3142 alia
2633 3087 2869 3157 refellas,
2893 3098 2952 3145 ut
2981 3107 3084 3149 non
3111 3095 3450 3164 impudenter
3471 3100 3572 3158 hoc
3589 3104 3658 3162 de

2057 3193 2164 3248 quo
2184 3179 2377 3249 agitur,
2402 3179 2706 3250 improbare
2725 3167 2973 3240 videaris.
2998 3186 3136 3253 Quid
3162 3189 3207 3244 si
3229 3191 3331 3245 hoc
3354 3194 3526 3249 solum
3547 3209 3656 3255 non

2056 3280 2202 3325 recte
2229 3271 2460 3326 sensisse
2487 3271 2636 3327 illum
2667 3273 2940 3332 affirmare
2980 3288 3198 3348 paratus
3243 3286 3394 3338 sum?
3432 3285 3652 3358 Vestra,

2054 3372 2114 3418 ut
2140 3363 2349 3434 opinor,
2391 3364 2524 3419 nihil
2564 3366 2817 3434 interest,
2853 3368 2957 3424 nisi
2995 3371 3182 3442 cujus'
3214 3375 3465 3445 ponderis
3501 3379 3568 3435 ad
3599 3380 3654 3436 id

2075 3447 2215 3510 quod
2238 3456 2358 3494 vcio
2377 3445 2740 3510 aesercndum,
2765 3447 2995 3500 rationes
3015 3451 3249 3504 alterum.
3275 3453 3461 3522 Perge,
3487 3457 3654 3526 inquit

2074 3529 2184 3585 ille.
2222 3530 2358 3596 Quid
2395 3532 2556 3600 enim,
2593 3534 2780 3603 inquit,
2812 3536 3034 3591 audeam
3069 3548 3251 3596 contra
3283 3557 3427 3611 eum,
3464 3546 3557 3616 qui
3591 3563 3653 3604 se

2073 3619 2345 3675 Ciceronis
2370 3622 2729 3679 adversarium
2758 3627 3070 3694 proﬁtetur?

2147 3712 2200 3767 9.
2233 3712 2326 3766 Hic
2354 3713 2635 3785 Trygetius
2668 3733 2682 3769 :
2710 3715 2842 3772 Volo
2865 3719 3128 3789 attendas,
3158 3722 3252 3789 ait,
3281 3732 3340 3780 tu
3361 3725 3523 3796 iudex
3548 3745 3648 3787 no-

2072 3811 2202 3871 ster,
2221 3805 2665 3874 quemadmodum
2685 3807 2930 3878 superius
2947 3810 3153 3867 beatam
3170 3815 3328 3870 vitam
3343 3816 3609 3878 deﬁnieris
3627 3838 3644 3879 :

2077 3893 2257 3949 dixisti
2293 3911 2518 3966 namque
2543 3912 2664 3952 cum
2693 3898 2904 3954 beatum
2930 3916 3069 3967 esse,
3095 3905 3184 3974 qui
3211 3909 3498 3966 secundum
3526 3927 3646 3970 eam

2074 3993 2279 4054 partem
2305 3986 2466 4041 animi
2496 3987 2640 4054 vivit,
2669 4004 2827 4060 quam
2856 3993 3066 4048 caeteris
3088 3999 3335 4054 convenit
3361 4000 3638 4071 imperare.

2073 4077 2151 4132 Tu
2177 4088 2377 4145 autem,
2405 4078 2626 4146 Licenti,
2654 4081 2780 4137 volo
2804 4083 2887 4137 vel
2915 4100 3054 4140 nunc
3079 4087 3206 4143 mihi
3231 4092 3493 4148 concedas
3515 4095 3645 4166 (jam

2070 4169 2213 4223 enim
2243 4169 2508 4238 libertate,
2534 4171 2586 4224 in
2614 4188 2769 4241 quam
2795 4174 3024 4230 maxime
3052 4192 3152 4232 nos
3178 4179 3556 4241 vindicaturam
3583 4201 3645 4244 se

2072 4257 2397 4327 phil030phia
2415 4260 2706 4328 pollicetur,
2717 4261 2844 4333 jugu
2851 4279 2898 4318 nt
2911 4264 3036 4320 illud
3048 4270 3374 4328 auctoritatis
3385 4276 3641 4347 excussi),

2070 4348 2360 4418 perfectum
2381 4365 2488 4404 non
2507 4365 2626 4406 esse
2644 4353 2733 4421 qui
2751 4353 3212 4414 adhucveritatem
3236 4363 3487 4432 requirat.
3509 4365 3642 4423 Tum

2066 4441 2158 4496 ille
2187 4450 2303 4510 post
2326 4441 2632 4497 diuturnum
2670 4443 2935 4500 silentium
2967 4465 2980 4499 :
3010 4447 3123 4502 Non
3153 4451 3416 4521 concedo,
3448 4455 3638 4527 inquit.

2067 4533 2133 4588 Et
2161 4533 2438 4604 Trygetius
2463 4552 2476 4588 :
2499 4535 2625 4600 Cur,
2655 4539 2873 4606 quaeso?
2897 4540 3118 4609 explica.
3147 4542 3305 4599 lsthic
3328 4562 3446 4602 sum
3471 4550 3636 4617 enim,

2065 4633 2118 4680 et
2154 4640 2285 4680 aveo
2323 4626 2540 4694 audire,
2567 4643 2674 4699 quo
2707 4641 2860 4699 pacto
2900 4633 3067 4701 possit
3099 4643 3154 4690 et
3189 4637 3454 4705 perfectus
3478 4641 3638 4700 homo

2064 4730 2212 4782 esse,
2237 4724 2292 4770 et
2320 4716 2494 4772 adhuc
2528 4733 2767 4789 quaerere
2807 4723 3107 4784 veritatem...
3144 4725 3241 4781 llic
3278 4728 3368 4784 ille
3389 4747 3410 4784 :.
3428 4730 3529 4800 Qui
3565 4733 3636 4790 ad

2064 4808 2224 4864 ﬁnem
2275 4810 2606 4880 inquit,non
2658 4816 2914 4882 pervenit.
2960 4816 3126 4873 fateor
3178 4822 3319 4890 quod
3371 4825 3632 4893 perfectus

2063 4917 2168 4956 non
2207 4903 2294 4957 sit.
2327 4902 2612 4959 Veritatem
2656 4915 2838 4962 autem
2873 4907 3016 4964 illam
3059 4911 3232 4966 solum
3268 4914 3430 4972 Deum
3473 4933 3635 4978 nosse

2061 4993 2310 5061 arbitror,
2336 5003 2428 5048 aut
2455 4995 2590 5051 forte
2619 4995 2846 5051 homin-is
2865 4999 3117 5068 animam,
3141 5017 3261 5057 cum
3289 5003 3390 5059 hoc
3414 5021 3629 5080 corpus,

2061 5085 2163 5141 hoc
2201 5094 2284 5141 est
2326 5088 2664 5143 tenebrosum
2689 5106 2978 5158 carcerem,
3005 5093 3364 5166 dereliquerit.
3391 5100 3632 5160 Hominis

2059 5187 2238 5233 autem
2281 5179 2403 5233 ﬁnis
2439 5188 2541 5244 est,
2573 5181 2805 5250 perfecte
2832 5200 3072 5252 quairere
3097 5189 3370 5246 veritatem
3406 5210 3420 5247 :
3453 5195 3631 5262 perte.

2058 5277 2201 5324 ctum
2228 5270 2369 5322 enim
2408 5271 2714 5340 quaerimus.
2741 5274 2835 5328 sed
2871 5286 3046 5332 tamen
3085 5278 3375 5338 hominem.
3403 5284 3472 5339 Et
3495 5285 3712 5364 Try-,\‘._.

2056 5361 2263 5431 getius:
2289 5360 2407 5416 Non
2435 5363 2588 5432 igitur
2613 5373 2785 5434 potest
2810 5367 2993 5423 beatus
3013 5386 3134 5428 esse
3151 5372 3330 5430 homo.
3354 5378 3632 5443 Quomodo
3702 5360 3710 5408 ’-

2056 5455 2229 5521 enim;
2265 5468 2386 5509 cum
2421 5455 2474 5509 id
2515 5457 2656 5525 quod
2691 5473 3010 5529 magnopere
3038 5467 3391 5535 concupiscit,
3419 5473 3629 5541 assequi
3671 5446 3718 5516 ἶ

2118 5637 2136 5668 ι
2161 5643 2231 5705 tn“
2255 5641 2304 5685 Β.
2341 5642 2585 5705 {meum
2620 5634 2836 5705 discessit
2859 5649 2878 5687 :
2896 5637 3035 5699 Quid.
3070 5647 3172 5692 Par.
3198 5648 3272 5692 Er.
3294 5649 3558 5704 t-‘en.Lov.,
3582 5647 3629 5695 et

2055 5712 2162 5748 cum
2181 5695 2466 5752 discessisset
2489 5709 2505 5747 .'
2525 5699 2672 5758 Quod.
2725 5706 2778 5758 Μ.

2161 5767 2224 5811 tta
2250 5768 2347 5809 uss.
2377 5766 2431 5808 Al.
2454 5763 2499 5810 in
2527 5757 2719 5812 excusis
2740 5757 2937 5825 legiturt
2960 5763 3054 5815 nisi
3067 5762 3532 5828 unciqusz
3561 5773 3569 5781 '
