4078 6366
466 405 567 465 9H

465 520 734 593 nequeat?
762 519 946 574 Potest
976 522 1153 569 autem
1182 511 1341 568 homo
1368 509 1523 566 beate
1547 510 1727 564 vivere
1747 550 1761 575 ,
1788 507 2048 578 siquidem

466 623 647 689 potest
672 610 964 668 secundum
1004 623 1121 662 eam
1161 615 1365 677 partem
1389 604 1549 659 animi
1576 603 1754 657 vivere
1776 616 1932 672 quam
1955 600 2054 655 do-

465 706 659 763 minari
690 704 742 758 in
769 702 984 758 homine
1018 700 1098 755 fas
1123 708 1223 755 cst.
1259 698 1474 753 Potest‘
1506 696 1664 767 igitur
1690 710 1873 750 verum
1901 696 2052 749 inve-

464 801 607 858 nire.
633 798 741 853 Aut
770 796 983 867 colligat
1018 808 1099 859 se,
1142 802 1197 847 et
1240 806 1345 847 non
1382 790 1720 858 concupiscat
1747 802 1953 856 verum,
1986 803 2055 842 ne

463 908 590 950 cum
614 891 667 947 id
692 889 903 960 assequi
940 903 1044 942 non
1076 885 1327 957 potuerit,
1358 882 1657 939 necessario
1683 882 1846 937 miser
1868 881 1955 936 sit.
1984 881 2056 936 At

464 986 574 1045 hoc
605 984 776 1055 ipsum
803 990 883 1037 est
907 981 1118 1035 beatum
1146 976 1393 1042 hominis,
1416 976 1489 1030 ait
1517 976 1623 1041 ille,
1656 974 1885 1045 perfecte
1905 988 2052 1044 quaa-

464 1092 593 1135 rere
615 1075 892 1130 veritatem
918 1088 930 1123 :
956 1070 1056 1125 hoc
1080 1078 1163 1123 est
1191 1068 1331 1122 enim
1374 1066 1651 1137 pervenire
1677 1066 1743 1119 ad
1771 1067 1949 1132 ﬁnem,
1974 1064 2054 1119 ul-

465 1180 550 1225 tra
578 1182 737 1239 quem
777 1178 901 1219 non’
930 1170 1103 1233 potest
1134 1159 1398 1230 progredi.
1440 1158 1689 1228 Quisquis
1714 1172 1841 1229 ergo
1879 1156 2053 1212 minus

465 1262 729 1318 instanter
754 1271 911 1327 quam
939 1262 1149 1325 oportet
1172 1252 1451 1307 veritatem
1483 1250 1694 1319 qurerit,
1723 1247 1767 1302 is
1795 1248 1860 1302 ad
1894 1248 2051 1303 ﬁnem

463 1352 697 1409 hominis
736 1365 840 1404 non
876 1345 1119 1418 pervenit
1145 1363 1157 1398 :
1182 1344 1422 1415 quisquis
1447 1354 1622 1397 autem
1654 1350 1858 1396 tantum
1882 1356 2052 1408 quan~

462 1456 578 1500 tum
610 1443 774 1497 homo
812 1447 987 1511 potest
1019 1452 1083 1493 ac
1115 1437 1303 1501 debet,
1343 1435 1435 1491 dat
1475 1450 1690 1505 operam
1723 1434 2053 1490 inveniendae

462 1536 694 1602 veritati,
724 1535 769 1590 is
793 1530 1002 1588 etiamsi
1024 1544 1144 1585 eam
1179 1544 1284 1583 non
1314 1527 1566 1593 inveniat,
1598 1526 1783 1580 beatus
1821 1534 1935 1591 est;
1975 1535 2053 1579 to-

461 1640 576 1686 tum
606 1628 749 1685 enim
777 1625 921 1691 facit,
950 1622 1093 1695 quod
1121 1630 1182 1677 ut
1206 1618 1382 1687 faciat,
1407 1619 1477 1672 ita
1508 1626 1664 1672 natus
1686 1625 1786 1672 est.
1816 1615 2053 1672 Inventio

460 1729 643 1777 autem
681 1719 726 1775 si
753 1716 1016 1781 defuerit,
1048 1713 1101 1769 id
1129 1711 1305 1768 deerit
1327 1709 1468 1781 quod
1506 1717 1695 1764 natura
1737 1723 1841 1763 non
1884 1708 2049 1762 dedit.

400 1850 403 1853 -
458 1812 744 1870 Postremo
769 1824 888 1865 eum
922 1807 1193 1862 hominem
1220 1817 1442 1859 necesse
1469 1800 1539 1856 sit
1572 1810 1662 1856 aut
1690 1802 1904 1855 beatum
1933 1814 2053 1856 esse

459 1911 557 1959 aut
576 1902 851 1965 miserum,
876 1912 1053 1953 nonne
1072 1895 1335 1951 dementis
1354 1900 1436 1948 est
1455 1908 1577 1948 eum
1598 1891 1687 1962 qui
1706 1891 1820 1946 dies
1845 1899 2054 1947 noctes-

462 2012 570 2068 que
600 2003 854 2065 quantuin
884 2000 1064 2062 potest
1088 1991 1247 2045 instat
1275 1986 1653 2057 investigandae
1680 1984 1911 2049 veritati,
1949 1983 2052 2039 ini-

463 2102 644 2145 serum
671 2085 881 2141 dicere?
906 2084 1099 2139 Beatus
1134 2082 1293 2152 igitur
1321 2080 1443 2135 erit.
1475 2078 1674 2133 Deinde
1706 2076 1791 2131 illa
1817 2078 2054 2133 definitio

459 2178 617 2246 mihi,
646 2186 702 2233 ut
730 2177 978 2240 arbitror,
1010 2172 1227 2228 uberius
1264 2170 1585 2240 sull'ragatur
1608 2186 1620 2222 :
1645 2184 1765 2222 nam
1798 2169 1841 2223 si
1869 2169 2053 2223 beatus

459 2279 565 2335 est,
588 2268 741 2323 sicuti
768 2277 869 2333 est,
897 2266 987 2335 qui
1016 2262 1307 2319 secundum
1338 2276 1455 2315 eam
1484 2270 1688 2330 partem
1719 2258 1879 2312 animi
1904 2260 2049 2323 vivit,

460 2378 619 2435 quam
646 2374 871 2432 regnare
907 2357 1117 2414 caeteris
1146 2354 1415 2421 convenit,
1444 2363 1496 2407 et
1520 2352 1635 2407 haec
1665 2366 1789 2421 pars
1811 2350 1946 2405 ratio
1968 2350 2051 2405 di-

458 2455 629 2519 citur;
662 2465 845 2523 qumro
890 2459 1069 2505 utrum
1114 2464 1221 2502 non
1260 2444 1554 2501 secundum
1589 2445 1849 2497 rationem
1879 2443 2049 2508 vivat,

458 2547 549 2617 qui
575 2546 764 2616 quaerit
788 2543 1022 2613 perfecte
1042 2541 1351 2596 veritatem?
1377 2537 1529 2604 Quod
1555 2537 1599 2592 si
1633 2536 1919 2591 absurdum
1948 2546 2046 2599 est,

458 2638 587 2709 quid
633 2638 935 2693 dubitamus
979 2635 1193 2690 beatum
1241 2632 1511 2688 hominem
1557 2630 1737 2685 dicere
1782 2629 1894 2684 sola
1938 2630 2050 2699 ipsa

458 2729 801 2800 inquisitione
824 2726 1098 2782 veritatis?

824 2818 1051 2875 CAPUT
1080 2815 1169 2872 IV.
1194 2845 1265 2856 —
1287 2814 1422 2880 Quid
1449 2814 1510 2867 sit
1533 2831 1691 2867 error.

533 2917 621 2973 10.
665 2914 828 2977 Mihi,
868 2913 943 2965 ait
992 2910 1112 2974 ille,
1163 2923 1263 2963 nec
1316 2906 1609 2961 secundum
1657 2906 1914 2959 rationem
1967 2906 2048 2960 vi-

459 3026 613 3076 vere,
644 3022 743 3062 nec
771 3006 957 3060 beatus
984 3002 1224 3063 omnino,
1256 2999 1495 3070 quisquis
1518 3006 1660 3052 errat
1696 2998 1918 3051 videtur.
1945 2998 2047 3052 Er-

458 3112 546 3158 rat
567 3108 742 3156 autem
772 3096 943 3151 omnis
973 3094 1062 3165 qui
1089 3107 1301 3163 semper
1321 3092 1510 3161 quaerit
1530 3105 1628 3145 nec
1654 3090 1873 3144 invenit.
1902 3090 2050 3145 Unde

458 3196 556 3252 tibi
573 3212 731 3250 unum
747 3192 854 3261 jam
868 3206 897 3245 e
914 3189 1120 3245 duobus
1133 3183 1535 3241 monstrandum
1549 3192 1630 3239 est
1646 3202 1657 3235 :
1674 3193 1764 3239 aut
1781 3194 2047 3238 errantem

459 3288 675 3343 beatum
697 3298 816 3339 esse
835 3296 1024 3352 posse;
1046 3288 1138 3333 aut
1158 3290 1278 3333 eum
1297 3278 1385 3347 qui
1409 3276 1547 3348 quod
1569 3277 1757 3345 quaarit
1780 3292 2046 3346 nunquam

456 3376 682 3439 invenit,
706 3390 809 3428 non
828 3386 1028 3427 errare.
1050 3370 1145 3425 llic
1160 3370 1249 3425 ille
1274 3387 1285 3421 :
1312 3369 1505 3423 Beatus
1524 3384 1705 3423 errare
1724 3383 1828 3422 non
1850 3379 2043 3439 potest.

457 3470 529 3526 Et
563 3486 682 3524 cum
710 3468 801 3523 diu
844 3466 1114 3521 siluisset:
1141 3463 1256 3519 Non
1287 3472 1465 3518 autem
1493 3473 1661 3528 errat,
1695 3464 1893 3531 inquit,
1925 3479 2047 3517 cum

455 3554 679 3632 qurerit;
708 3557 830 3628 quia
859 3566 919 3612 ut
938 3572 1042 3611 non
1069 3565 1231 3621 erret,
1261 3554 1494 3625 perfecte
1521 3555 1726 3623 qurerit.
1758 3555 1823 3609 Et
1850 3556 2049 3627 Tryge-

455 3654 564 3709 tius
596 3670 608 3705 :
640 3651 711 3707 Ut
736 3667 839 3705 non
868 3658 1010 3705 erret
1033 3648 1269 3719 quidem,
1304 3648 1493 3715 inquit,
1521 3648 1737 3717 quaerit;
1766 3646 1859 3701 sed
1879 3660 2043 3715 errat,

452 3758 575 3800 cum
616 3742 833 3815 minime
873 3741 1093 3795 invenit.
1126 3741 1198 3794 Ita
1228 3746 1406 3794 autem
1439 3740 1530 3793 tibi
1574 3738 1903 3808 profuturum
1942 3755 2045 3808 pu-

450 3835 614 3902 tasti,
661 3832 803 3903 quod
844 3848 1026 3886 errare
1066 3831 1154 3885 ille
1194 3846 1302 3885 non
1344 3831 1480 3895 vult,
1525 3830 1674 3900 quasi
1716 3845 1873 3885 nemo
1901 3838 2045 3884 erret

452 3925 672 3992 invitus,
697 3933 789 3979 aut
809 3924 1088 3994 quisquam
1109 3923 1325 3976 omnino
1344 3930 1506 3989 erret,
1536 3921 1635 3975 nisi
1661 3922 1873 3976 invitus.
1909 3921 2041 3975 Tum

450 4035 574 4091 ego,
606 4035 726 4075 cum
756 4019 843 4073 ille
864 4018 953 4072 diu
980 4025 1319 4072 cunctaretur
1338 4015 1462 4086 quid
1490 4014 1835 4085 responderet
1861 4033 1872 4069 :
1898 4014 2041 4068 Deli-

450 4111 707 4168 niendum
747 4110 901 4166 vobis
933 4117 1036 4174 est,
1074 4110 1322 4179 inquam,
1362 4107 1487 4179 quid
1521 4108 1591 4163 sit
1623 4122 1773 4163 error
1798 4125 1809 4159 :
1834 4107 2042 4162 facilius

450 4203 597 4259 enim
628 4203 743 4272 ejus
773 4201 905 4255 ﬁnes
947 4199 1169 4270 potestis
1199 4200 1403 4265 videre,
1431 4200 1482 4252 in
1508 4214 1664 4269 quem
1690 4198 1800 4268 jam
1831 4198 2042 4268 penitus

452 4296 676 4367 ingressi
704 4295 852 4351 estis.
883 4294 1023 4365 Ego,
1069 4294 1240 4364 inquit
1268 4292 1568 4360 Licentius,
1590 4292 1814 4347 delinire
1842 4290 2039 4362 aliquid

444 4388 677 4445 idoneus
702 4403 805 4441 non
835 4403 952 4443 sum
982 4386 1262 4456 :qnamvis
1282 4399 1519 4439 errorem
1547 4383 1771 4439 deﬁnire
1806 4383 1876 4438 sit
1910 4382 2037 4437 faci-

446 4479 601 4534 cilius
627 4494 783 4548 quam
815 4478 984 4533 ﬁnire.
1017 4478 1151 4549 Ego,
1186 4477 1259 4530 ait
1292 4475 1399 4541 ille,
1422 4476 1701 4542 definiam;
1738 4475 1878 4547 quod
1909 4473 2037 4529 mihi

445 4571 759 4627 facillimum
799 4582 899 4637 est,
937 4588 1048 4627 non
1087 4570 1319 4640 ingenio,
1355 4569 1449 4623 sed
1474 4583 1632 4623 causa
1654 4570 1874 4639 optima.
1903 4568 2035 4622 Nam

444 4680 631 4721 errare
652 4675 731 4719 est
753 4666 930 4733 utique
950 4679 1164 4733 semper
1184 4678 1444 4733 quaerere,
1473 4678 1741 4732 nunquam
1774 4661 2033 4715 invenire.

443 4754 578 4826 Ego,
608 4754 777 4826 inquit
800 4755 1090 4820 Licentius,
1123 4755 1168 4807 si
1195 4754 1279 4807 vel
1304 4753 1459 4807 istam
1490 4752 1852 4807 deﬁnitionem
1882 4752 2036 4807 facile

443 4862 656 4919 possem
689 4848 948 4913 refellere,
987 4846 1299 4916 jamdudum
1339 4861 1514 4902 causa:
1546 4862 1679 4902 mea:
1708 4864 1815 4902 non
1838 4848 2038 4905 defuis-

436 4954 580 4996 sem.
623 4938 728 4995 Sed
763 4939 1016 5009 quoniam
1051 4945 1144 4993 aut
1178 4953 1265 4992 res
1290 4938 1402 5007 ipsa
1427 4952 1525 5008 per
1546 4952 1607 4994 se
1629 4938 1797 4993 ardua
1818 4948 1919 5006 est,
1946 4949 2037 4994 aut

398 5098 403 5105 .
438 5031 517 5086 ita
548 5030 681 5085 mihi
706 5039 960 5099 apparet;
994 5038 1115 5097 peto
1154 5045 1183 5080 a
1213 5028 1365 5083 vobis
1391 5038 1449 5083 ut
1472 5045 1640 5100 usque
1668 5031 1722 5085 in
1748 5032 2033 5085 crastinam

394 5120 409 5218 ξ
435 5121 612 5178 lucem
641 5121 864 5191 quaestio
890 5118 1186 5185 differatur,
1214 5120 1260 5173 si
1286 5119 1419 5174 nihil
1445 5120 1608 5177 hodie
1631 5122 1776 5192 quod
1809 5136 2035 5193 resp0n-

432 5212 620 5281 deam,
648 5212 886 5283 reperire
913 5220 1157 5282 potuero,
1189 5227 1312 5266 cum
1355 5210 1409 5266 id
1452 5212 1639 5267 sedulo
1667 5229 1879 5269 mecum
1920 5215 2037 5285 ipse

434 5305 669 5359 volvam.
702 5303 855 5372 Quod
892 5319 1012 5359 cum
1056 5303 1455 5358 concedendum
1486 5314 1763 5375 putarem,
1806 5322 1910 5361 non
1950 5323 2039 5363 re-

439 5396 730 5452 nuentibus
754 5394 964 5451 caeteris
982 5435 997 5461 ,
1029 5394 1421 5450 deambulatum
1444 5396 1521 5451 ire
1544 5400 1875 5455 surreximus
1905 5414 2038 5455 :no-

439 5488 630 5559 bisque
650 5489 791 5544 inter
809 5502 909 5543 nos
934 5490 1098 5541 multa
1123 5489 1373 5558 variaque
1407 5495 1915 5561 sermocinantibus,
1949 5493 2039 5549 ille

438 5579 492 5637 in
517 5580 839 5651 cogitatione
858 5577 1063 5633 deﬁxus
1090 5578 1207 5633 fuit.
1232 5579 1382 5646 Quod
1403 5596 1525 5634 cum
1552 5582 1754 5641 frustra
1780 5601 1898 5641 esse
1919 5600 2041 5639 sen-

443 5673 622 5741 sisset,
644 5672 886 5729 relaxare
914 5669 1148 5725 animum
1184 5672 1389 5739 maluit,
1418 5683 1469 5727 et
1504 5689 1698 5734 magno
1721 5693 1781 5734 se
1806 5680 2037 5732 sermoni

435 5763 687 5819 miseere.
712 5761 905 5818 Postea
923 5774 1043 5817 cum
1059 5760 1171 5833 jam
1195 5761 1695 5836 advesperasceret,
1720 5770 1771 5823 in
1792 5768 2039 5825 eumdem

498 5864 519 5899 ι
547 5861 1900 5953 νει-..ωροιεαίρίιωυεηαηὺωειήθρζωαωιιὶθαι
1983 5883 2039 5924 Μ.

1448 394 1724 453 CONTRA
1764 390 2216 459 ACADEMICOS,
2256 391 2311 447 S.
2353 390 2718 449 AUGUSTINI

3637 396 3746 452 912

2159 505 2463 561 conflictum
2479 507 2745 563 redierant
2760 524 2773 560 :
2790 507 2883 564 sed
2902 507 3117 565 modum
3138 508 3388 580 imposui,
3408 513 3752 583 persuasique

2162 605 2218 650 ut
2245 596 2298 651 in
2323 597 2484 651 alium
2506 598 2648 654 diem
2677 598 2880 654 differri
2908 607 3234 670 paterentur.
3261 601 3390 658 Inde
3414 602 3480 658 ad
3509 604 3748 661 balneas.

2692 714 2965 752 DISPUTATIO
2986 716 3214 752 SECVNDA.

2232 782 2320 837 ll.
2349 782 2612 840 Postridie
2637 795 2811 840 autem
2840 801 2959 842 cum
2987 786 3456 843 consedissemus:
3481 788 3749 857 Proferte,

2160 874 2399 946 inquam,
2431 876 2572 948 quod
2602 877 2716 933 heri
2743 880 3047 950 coeperatis.
3074 880 3210 935 Tum
3234 881 3502 937 Licentius
3527 899 3540 936 :
3573 883 3756 938 Distuc

2159 967 2421 1037 leramus,
2472 970 2675 1042 inquit,
2722 972 3157 1043 disputationem,
3201 975 3301 1029 nisi
3343 975 3514 1045 fallor,
3562 988 3753 1049 rogatu

2158 1075 2301 1127 meo,
2333 1076 2453 1116 cum
2482 1064 2680 1118 erroris
2706 1063 2943 1120 deﬁnitio
2971 1064 3279 1120 diflicillima
3306 1067 3434 1121 mihi
3462 1078 3623 1123 esset.
3653 1068 3755 1124 llic

2160 1153 2339 1222 plane,
2357 1156 2595 1226 inquam,
2614 1172 2719 1211 non
2744 1173 2912 1227 erras,
2938 1158 3080 1229 quod
3105 1169 3160 1213 ut
3182 1160 3276 1215 tibi
3303 1176 3459 1216 omen
3486 1162 3555 1216 sit
3572 1161 3640 1216 ad
3668 1178 3757 1217 re-

2159 1246 2323 1317 liqua,
2358 1247 2589 1303 libenter
2616 1251 2907 1318 optaverim
2936 1250 3072 1323 (Lib.
3096 1251 3123 1308 Ι
3150 1252 3394 1321 Retract.,
3428 1269 3474 1308 c.
3506 1255 3561 1323 l,
3588 1269 3641 1309 π.
3669 1252 3754 1325 2).

2158 1338 2298 1392 Audi
2320 1354 2470 1409 ergo,
2495 1340 2682 1411 inquit,
2707 1342 2848 1412 quod
2875 1342 2990 1397 heri
3018 1343 3178 1398 etiam
3211 1344 3311 1400 nisi
3336 1345 3754 1412 intercessisses,

2159 1432 2519 1501 protulissem.
2563 1432 2729 1488 Error
2766 1434 2894 1489 mihi
2936 1435 3147 1490 videtur
3185 1452 3304 1493 esse
3337 1436 3457 1492 falsi
3492 1453 3587 1507 pro
3625 1453 3759 1493 vero

2158 1522 2503 1592 approbatio;
2528 1524 2582 1579 in
2602 1540 2761 1595 quem
2789 1525 2936 1581 nullo
2962 1534 3119 1595 pacto
3142 1526 3344 1595 incidit,
3368 1530 3456 1598 qui
3474 1528 3757 1583 veritatem

2158 1614 2500 1685 quzerendam
2540 1598 2755 1689 semper
2793 1618 3103 1673 existimat:
3138 1618 3328 1673 falsum
3355 1621 3496 1675 enim
3527 1620 3758 1691 probare

2160 1721 2268 1761 non
2291 1715 2486 1777 potest,
2511 1708 2603 1778 qui
2626 1708 2813 1777 probat
2838 1709 3005 1775 nihil;
3035 1726 3143 1764 non
3170 1711 3326 1781 igitur
3348 1718 3524 1782 potest
3550 1727 3754 1768 errare.

2159 1802 2355 1856 Beatus
2381 1812 2559 1858 autem
2590 1802 2840 1859 facillime
2869 1817 2987 1858 esse
3016 1812 3227 1874 potest:
3261 1820 3381 1858 nam
3403 1844 3417 1868 ,
3450 1820 3519 1861 ne
3546 1804 3757 1876 longius

2158 1893 2344 1948 abeam
2366 1935 2381 1961 ,
2414 1894 2459 1948 si
2492 1895 2644 1949 nobis
2670 1895 2832 1965 ipsis,
2870 1904 2927 1949 ut
2959 1894 3077 1950 heri
3106 1895 3286 1962 licuit,
3316 1896 3549 1965 quotidie
3575 1896 3756 1952 vivere

2159 1984 2377 2051 liceret;
2415 1986 2547 2041 nihil
2584 1987 2714 2041 mihi
2757 1988 2992 2042 occurrit
3021 2003 3117 2042 cur
3146 2003 3243 2042 nos
3272 1987 3456 2042 beatos
3484 1989 3756 2058 appellare

2159 2078 2541 2135 dubitaremus.
2576 2080 2818 2135 Viximus
2846 2082 2987 2135 enim
3016 2096 3206 2151 magna
3234 2081 3431 2136 mentis
3453 2082 3755 2152 tranquilli-

2160 2180 2268 2227 tate
2288 2213 2302 2239 ,
2335 2172 2401 2227 ab
2430 2173 2574 2226 omni
2607 2174 2847 2243 corporis
2874 2174 2991 2228 labe
3021 2174 3258 2229 animum
3310 2174 3637 2230 vindicantes
3656 2217 3670 2240 ,
3700 2186 3757 2230 et

2159 2276 2188 2314 a
2207 2262 2553 2331 cupiditatum
2581 2263 2780 2319 facibus
2802 2264 3112 2335 longissime
3134 2266 3345 2331 remoti,
3365 2266 3574 2333 dantes,
3594 2282 3757 2337 quan-

2159 2359 2268 2407 tum
2296 2353 2496 2408 homini
2527 2354 2668 2424 licet,
2697 2371 2914 2425 cperam
2940 2358 3167 2425 rationi;
3194 2357 3297 2413 hoc
3326 2370 3426 2425 est,
3457 2360 3754 2414 secundum

2158 2445 2303 2499 illam
2340 2447 2569 2501 divinam
2608 2458 2811 2517 partem
2849 2449 3012 2503 animi
3050 2450 3325 2519 viventes,
3356 2468 3513 2522 quam
3541 2452 3753 2507 beatam

2158 2537 2317 2591 vitam
2341 2553 2459 2593 esse
2483 2538 2733 2595 hesterna
2758 2540 2895 2595 inter
2920 2556 3018 2596 nos
3040 2542 3346 2598 deﬁnitione
3371 2544 3651 2598 convenit:
3678 2552 3759 2598 at-

2157 2646 2281 2700 que,
2328 2639 2387 2685 ut
2427 2632 2647 2702 opinor,
2695 2633 2825 2687 nihil
2872 2634 3201 2700 invenimus,
3245 2636 3338 2691 sed
3385 2636 3757 2691 tantummodo

2158 2724 2500 2791 qiuesivimus
2534 2726 2832 2780 veritatem.
2868 2726 3050 2781 Potest
3080 2727 3236 2797 igitur
3264 2727 3377 2781 sola
3408 2727 3757 2797 inquisitione

2157 2815 2415 2881 veritatis,
2441 2817 2648 2871 etiamsi
2677 2832 2794 2871 eam
2824 2817 3064 2873 invenire
3090 2819 3310 2873 minimc
3337 2820 3525 2889 possit,
3550 2819 3755 2875 homini

2156 2905 2311 2959 beata
2354 2907 2460 2959 vita
2497 2906 2827 2977 contingere.
2856 2907 2988 2962 Nam
3018 2907 3257 2963 deﬁnitio
3287 2917 3375 2963 tua
3408 2910 3526 2963 vide
3555 2920 3753 2979 quanta

2157 2996 2404 3052 facilitate
2433 2997 2748 3052 excludatur
2773 2999 2988 3053 notione
3016 3000 3306 3054 communi.
3336 3000 3547 3055 Etenim
3569 3016 3753 3056 errare

2156 3088 2335 3142 dixisti
2366 3103 2485 3143 esse
2509 3130 2523 3155 ,
2554 3090 2779 3158 Semper
2806 3105 3047 3160 quairere
3066 3132 3081 3159 ,
3112 3100 3166 3145 et
3191 3106 3457 3161 nunquam
3490 3092 3751 3149 invenire.

2155 3178 2291 3245 Quid
2320 3180 2363 3233 si
2391 3181 2670 3250 quisquam
2700 3180 2833 3234 nihil
2859 3192 3084 3251 quaerat,
3112 3192 3165 3237 et
3195 3183 3571 3253 interrogatus,
3606 3184 3752 3239 verbi

2153 3270 2320 3339 gratia
2345 3312 2359 3337 ,
2390 3282 2695 3325 utrumnam
2733 3272 2893 3326 modo
2931 3273 3045 3327 dies
3085 3275 3191 3339 sit,
3223 3282 3427 3329 temere
3464 3276 3753 3345 statimque

2156 3372 2367 3418 noctem
2404 3379 2523 3418 esse
2566 3365 2811 3433 Opinetur
2852 3376 3012 3436 atque
3049 3366 3407 3435 respondeat?
3440 3383 3618 3423 nonne
3655 3369 3751 3424 tibi

2152 3456 2369 3511 videtur
2399 3458 2617 3511 errare?
2638 3458 2752 3512 Hoc
2770 3458 2926 3529 igitur
2949 3460 3149 3513 erroris
3175 3474 3343 3529 genus
3365 3460 3450 3515 vel
3475 3462 3751 3517 immanis-

2153 3549 2370 3614 simum,
2401 3564 2507 3603 non
2532 3550 2807 3617 complexa
2834 3557 2919 3605 est
2946 3549 3187 3605 deﬁnitio
3211 3558 3319 3604 tua.
3349 3551 3484 3618 Quid
3511 3553 3555 3607 si
3584 3554 3748 3610 etiam

2152 3654 2257 3694 non
2290 3649 2531 3694 errantes
2558 3640 2832 3709 complexa
2850 3651 2951 3705 est,
2971 3650 3216 3710 potestne
3228 3642 3466 3697 definitio
3492 3643 3598 3698 ulla
3627 3660 3749 3701 esse

2152 3731 2432 3785 vitiosior?
2451 3731 2583 3785 Nam
2606 3732 2648 3785 si
2670 3732 2791 3801 quis
2812 3732 3188 3787 Alexandriam
3218 3743 3440 3803 queret,
3464 3744 3518 3789 et
3538 3736 3605 3790 ad
3625 3752 3746 3792 eam

2152 3832 2301 3878 recto
2332 3832 2513 3893 pergat
2541 3822 2732 3877 itinere
2757 3839 2771 3888 ;
2805 3839 2943 3889 non,
2978 3824 3197 3893 opinor,
3228 3834 3379 3895 potes
3407 3838 3530 3880 cum
3556 3842 3747 3881 erran-

2152 3923 2259 3970 tem
2284 3930 2495 3970 voeare.
2528 3916 2663 3983 Quid
2692 3916 2737 3969 si
2764 3916 3007 3971 eamdem
3046 3917 3220 3985 viam,
3263 3918 3426 3973 variis
3460 3919 3749 3989 impeditus

2150 4010 2345 4074 causis,
2376 4010 2535 4081 longo
2562 4019 2680 4080 agat
2709 4019 2961 4079 tempore,
2993 4019 3048 4065 et
3073 4011 3125 4065 in
3155 4026 3215 4067 ea
3248 4023 3418 4077 morte
3448 4017 3747 4084 praevenia-

2150 4112 2271 4171 tur;
2320 4121 2499 4159 nonne
2544 4112 2601 4159 et
2652 4119 2865 4173 semper
2916 4104 3198 4175 quaesivit,
3244 4115 3296 4161 et
3343 4122 3613 4177 nunquam
3660 4108 3745 4163 in-

2148 4199 2328 4265 venit,
2375 4213 2475 4253 nec
2515 4198 2712 4253 erravit
2752 4198 2967 4255 tamen?
2999 4197 3148 4265 Non,
3184 4200 3353 4271 inquit
3386 4200 3497 4267 ille,
3533 4217 3745 4272 semper

2146 4293 2409 4363 quzesivit.

2220 4384 2309 4437 12.
2354 4382 2519 4438 Recte
2556 4383 2711 4449 dicis,
2753 4383 2827 4437 ait
2864 4382 3157 4449 Licentius,
3199 4393 3255 4439 et
3291 4383 3426 4440 bene
3462 4386 3741 4441 admones.

2146 4476 2277 4532 Inde
2307 4478 2449 4531 enim
2480 4491 2698 4545 prorsus
2724 4475 2854 4530 nihil
2879 4476 2945 4530 ad
2969 4492 3079 4530 rem
3106 4479 3335 4546 pertinet
3354 4478 3592 4533 deﬁnitio
3615 4488 3702 4533 tua
3729 4499 3743 4535 :

2146 4587 2252 4625 non
2281 4572 2423 4625 enim
2454 4584 2552 4640 ego
2582 4570 2792 4624 beatum
2825 4585 2943 4625 esse
2991 4570 3133 4637 dixi,
3170 4572 3259 4641 qui
3293 4586 3510 4641 semper
3538 4583 3742 4642 quaerat

2146 4664 2446 4718 veritatem.
2480 4661 2631 4730 Quod
2663 4678 2729 4715 ne
2757 4662 2873 4715 ﬁeri
2898 4661 3113 4731 quidem
3141 4672 3353 4733 potest:
3387 4664 3559 4732 primo
3578 4704 3591 4729 ,
3620 4664 3743 4734 quia

2146 4771 2255 4811 non
2279 4769 2493 4824 semper
2520 4753 2681 4807 homo
2710 4762 2827 4819 est;
2857 4751 3073 4815 deinde,
3105 4754 3226 4822 quia
3253 4768 3359 4807 non
3385 4769 3449 4809 ex
3477 4770 3581 4824 quo
3610 4764 3746 4809 tem-

2145 4862 2279 4920 pore
2326 4845 2511 4917 incipit
2557 4858 2675 4899 esse
2717 4843 2912 4909 homo,
2943 4859 3008 4898 eo
3053 4843 3162 4913 jam
3214 4852 3410 4914 potest,
3437 4853 3595 4899 nitate
3638 4845 3743 4899 iiii-

2145 4940 2415 5011 pediente,
2449 4952 2632 4992 verum
2662 4951 2924 5007 quaerere.
2955 4936 3062 4991 Aut
3090 4937 3134 4989 si
3164 4952 3373 5006 semper
3400 4937 3450 4991 id
3480 4949 3631 5006 putas
3657 4938 3742 4991 di-

2145 5030 2372 5085 cendum
2393 5069 2409 5096 ,
2444 5028 2491 5083 si
2526 5027 2658 5081 nihil
2692 5025 2950 5095 temporis
2978 5041 3084 5095 quo
3118 5026 3227 5095 jam
3266 5042 3511 5097 quaerere
3540 5037 3741 5100 potest,

2145 5125 2322 5195 perire
2361 5123 2590 5193 patitur;
2632 5134 2817 5175 rursus
2856 5120 2950 5175 tibi
2991 5119 3364 5174 Alexandriam
3405 5121 3743 5177 redeundum

2147 5224 2250 5272 est.
2281 5216 2389 5272 Fac
2417 5217 2559 5271 enim
2586 5229 2927 5285 quemquam,
2959 5229 3025 5268 ex
3054 5228 3160 5283 quo
3189 5224 3429 5283 tempore
3457 5215 3559 5269 iter
3580 5229 3744 5285 agere

2145 5310 2231 5364 vel
2273 5316 2431 5363 aetate
2459 5308 2544 5362 vel
2572 5307 2787 5377 negotio
2820 5306 3043 5373 sinitur,
3077 5320 3299 5376 pergere
3326 5306 3569 5375 occipere
3595 5306 3741 5361 illam

2145 5402 2306 5465 viam,
2330 5409 2508 5471 atque,
2532 5409 2590 5453 ut
2613 5413 2774 5469 supra
2797 5399 2925 5466 dixi,
2953 5412 3075 5453 cum
3092 5397 3270 5453 devict
3286 5414 3566 5468 nusquam,
3591 5408 3745 5452 ante-

2146 5509 2303 5565 quam
2330 5494 2609 5566 perveniat
2638 5500 2813 5547 tamen
2842 5491 2949 5547 vita
2977 5492 3269 5553 excedere;
3305 5494 3527 5547 multum
3557 5492 3742 5561 profe-

2146 5596 2234 5642 cto
2282 5587 2517 5650 errabis,
2559 5585 2602 5638 si
2647 5584 2736 5638 tibi
2786 5599 2995 5639 errasse
3036 5584 3135 5639 iste
3175 5582 3457 5649 videbitur,
3497 5584 3744 5653 quamvis

2147 5681 2294 5737 omni
2323 5694 2429 5750 quo
2460 5679 2629 5749 potuit
2660 5688 2899 5745 tempore
2920 5719 2934 5743 ,
2967 5692 3069 5732 nec
3095 5692 3333 5747 qumrere
3358 5676 3612 5741 desierit,
3641 5692 3745 5732 nec

2148 5772 2389 5835 invenire
2414 5770 2645 5846 potuerit
2667 5784 2773 5839 quo
2796 5769 3069 5840 pergebat.
3094 5767 3450 5836 Quamobrem
3473 5768 3517 5822 si
3541 5776 3594 5822 et
3618 5782 3741 5823 mea

2148 5863 2437 5935 descriptio
2472 5878 2595 5919 vera
2629 5870 2745 5929 est,
2782 5870 2836 5936 et
2863 5860 3154 5917 secundum
3188 5873 3311 5917 eam
3338 5874 3453 5919 non
3473 5868 3620 5916 errat
3647 5857 3743 5916 ille

3458 6167 3491 6178 ν.
