  <div class='ocr_page' id='page_1' title='image "/cluster/home/n/w/nwhite01/storage/ocr_20150623/32/hvd.32044015706328/476.png"; bbox 0 0 4078 6366; ppageno 0'>
   <div class='ocr_carea' id='block_1_1' title="bbox 1369 259 1481 307">
    <p class='ocr_par' dir='ltr' id='par_1_1' title="bbox 1369 259 1481 307">
     <span class='ocr_line' id='line_1_1' title="bbox 1369 259 1481 307; baseline 0.027 -8"><span class='ocrx_word' id='word_1_1' title='bbox 1369 259 1405 301; x_wconf 69' lang='grc' dir='ltr'><strong>ἰδ’</strong></span> <span class='ocrx_word' id='word_1_2' title='bbox 1472 286 1481 307; x_wconf 81' lang='lat'><strong>;</strong></span> 
     </span>
    </p>
   </div>
   <div class='ocr_carea' id='block_1_2' title="bbox 414 290 519 355">
    <p class='ocr_par' dir='ltr' id='par_1_2' title="bbox 414 290 519 355">
     <span class='ocr_line' id='line_1_2' title="bbox 414 290 519 355; baseline -0.019 0"><span class='ocrx_word' id='word_1_3' title='bbox 414 290 519 355; x_wconf 70' lang='lat' dir='ltr'><strong>M5</strong></span> 
     </span>
    </p>
   </div>
   <div class='ocr_carea' id='block_1_3' title="bbox 415 410 1986 482">
    <p class='ocr_par' dir='ltr' id='par_1_3' title="bbox 415 410 1986 482">
     <span class='ocr_line' id='line_1_3' title="bbox 415 410 1986 482; baseline -0.001 -15"><span class='ocrx_word' id='word_1_4' title='bbox 415 412 507 481; x_wconf 87' lang='lat' dir='ltr'><strong>qui</strong></span> <span class='ocrx_word' id='word_1_5' title='bbox 537 410 770 480; x_wconf 76' lang='lat' dir='ltr'><strong>perfecte</strong></span> <span class='ocrx_word' id='word_1_6' title='bbox 795 410 1004 482; x_wconf 65' lang='lat' dir='ltr'><strong>quaerit,</strong></span> <span class='ocrx_word' id='word_1_7' title='bbox 1031 413 1269 482; x_wconf 85' lang='lat' dir='ltr'><strong>quamvis</strong></span> <span class='ocrx_word' id='word_1_8' title='bbox 1295 426 1402 467; x_wconf 91' lang='lat' dir='ltr'><strong>non</strong></span> <span class='ocrx_word' id='word_1_9' title='bbox 1430 412 1664 468; x_wconf 77' lang='lat' dir='ltr'><strong>inveniat</strong></span> <span class='ocrx_word' id='word_1_10' title='bbox 1688 412 1986 479; x_wconf 77' lang='lat' dir='ltr'><strong>veritatem,</strong></span> 
     </span>
    </p>
   </div>
   <div class='ocr_carea' id='block_1_4' title="bbox 352 504 1988 577">
    <p class='ocr_par' dir='ltr' id='par_1_4' title="bbox 352 504 1988 577">
     <span class='ocr_line' id='line_1_4' title="bbox 352 504 1988 577; baseline -0.002 -17"><span class='ocrx_word' id='word_1_11' title='bbox 352 532 355 535; x_wconf 57' lang='grc' dir='ltr'><em>ν</em></span> <span class='ocrx_word' id='word_1_12' title='bbox 416 505 707 574; x_wconf 84' lang='lat' dir='ltr'><strong>beatusque</strong></span> <span class='ocrx_word' id='word_1_13' title='bbox 730 514 811 560; x_wconf 91' lang='lat' dir='ltr'><strong>est</strong></span> <span class='ocrx_word' id='word_1_14' title='bbox 834 506 902 559; x_wconf 91' lang='lat' dir='ltr'><strong>ob</strong></span> <span class='ocrx_word' id='word_1_15' title='bbox 926 520 1043 561; x_wconf 91' lang='lat' dir='ltr'><strong>eam</strong></span> <span class='ocrx_word' id='word_1_16' title='bbox 1070 522 1215 575; x_wconf 90' lang='lat' dir='ltr'><strong>rem,</strong></span> <span class='ocrx_word' id='word_1_17' title='bbox 1243 505 1383 577; x_wconf 91' lang='lat' dir='ltr'><strong>quod</strong></span> <span class='ocrx_word' id='word_1_18' title='bbox 1412 504 1701 562; x_wconf 91' lang='lat' dir='ltr'><strong>secundum</strong></span> <span class='ocrx_word' id='word_1_19' title='bbox 1730 504 1988 559; x_wconf 90' lang='lat' dir='ltr'><strong>rationem</strong></span> 
     </span>
    </p>
   </div>
   <div class='ocr_carea' id='block_1_5' title="bbox 412 594 1990 662">
    <p class='ocr_par' dir='ltr' id='par_1_5' title="bbox 412 594 1990 662">
     <span class='ocr_line' id='line_1_5' title="bbox 412 594 1990 662; baseline -0.002 -12"><span class='ocrx_word' id='word_1_20' title='bbox 412 596 578 662; x_wconf 87' lang='lat' dir='ltr'><strong>vivit;</strong></span> <span class='ocrx_word' id='word_1_21' title='bbox 624 607 709 650; x_wconf 90' lang='lat' dir='ltr'><strong>tua</strong></span> <span class='ocrx_word' id='word_1_22' title='bbox 748 611 876 650; x_wconf 91' lang='lat' dir='ltr'><strong>vero</strong></span> <span class='ocrx_word' id='word_1_23' title='bbox 919 596 1157 651; x_wconf 90' lang='lat' dir='ltr'><strong>deﬁnitio</strong></span> <span class='ocrx_word' id='word_1_24' title='bbox 1193 604 1250 653; x_wconf 84' lang='lat' dir='ltr'><strong>et</strong></span> <span class='ocrx_word' id='word_1_25' title='bbox 1284 598 1532 651; x_wconf 91' lang='lat' dir='ltr'><strong>frustrata</strong></span> <span class='ocrx_word' id='word_1_26' title='bbox 1569 604 1669 660; x_wconf 91' lang='lat' dir='ltr'><strong>est,</strong></span> <span class='ocrx_word' id='word_1_27' title='bbox 1708 601 1763 649; x_wconf 88' lang='lat' dir='ltr'><strong>et</strong></span> <span class='ocrx_word' id='word_1_28' title='bbox 1799 594 1843 648; x_wconf 90' lang='lat' dir='ltr'><strong>si</strong></span> <span class='ocrx_word' id='word_1_29' title='bbox 1884 609 1990 648; x_wconf 90' lang='lat' dir='ltr'><strong>non</strong></span> 
     </span>
    </p>
   </div>
   <div class='ocr_carea' id='block_1_6' title="bbox 414 686 1991 757">
    <p class='ocr_par' dir='ltr' id='par_1_6' title="bbox 414 686 1991 757">
     <span class='ocr_line' id='line_1_6' title="bbox 414 686 1991 757; baseline -0.002 -14"><span class='ocrx_word' id='word_1_30' title='bbox 414 696 581 754; x_wconf 90' lang='lat' dir='ltr'><strong>esset,</strong></span> <span class='ocrx_word' id='word_1_31' title='bbox 608 686 738 741; x_wconf 88' lang='lat' dir='ltr'><strong>nihil</strong></span> <span class='ocrx_word' id='word_1_32' title='bbox 764 702 881 742; x_wconf 90' lang='lat' dir='ltr'><strong>eam</strong></span> <span class='ocrx_word' id='word_1_33' title='bbox 908 703 1095 744; x_wconf 90' lang='lat' dir='ltr'><strong>curare</strong></span> <span class='ocrx_word' id='word_1_34' title='bbox 1125 688 1395 756; x_wconf 85' lang='lat' dir='ltr'><strong>deberem,</strong></span> <span class='ocrx_word' id='word_1_35' title='bbox 1418 690 1463 743; x_wconf 92' lang='lat' dir='ltr'><strong>si</strong></span> <span class='ocrx_word' id='word_1_36' title='bbox 1486 704 1550 743; x_wconf 82' lang='lat' dir='ltr'><strong>ex</strong></span> <span class='ocrx_word' id='word_1_37' title='bbox 1570 704 1634 744; x_wconf 92' lang='lat' dir='ltr'><strong>eo</strong></span> <span class='ocrx_word' id='word_1_38' title='bbox 1655 687 1824 744; x_wconf 90' lang='lat' dir='ltr'><strong>solum</strong></span> <span class='ocrx_word' id='word_1_39' title='bbox 1849 686 1991 757; x_wconf 89' lang='lat' dir='ltr'><strong>quod</strong></span> 
     </span>
    </p>
   </div>
   <div class='ocr_carea' id='block_1_7' title="bbox 416 779 1992 851">
    <p class='ocr_par' dir='ltr' id='par_1_7' title="bbox 416 779 1992 851">
     <span class='ocr_line' id='line_1_7' title="bbox 416 779 1992 851; baseline -0.002 -16"><span class='ocrx_word' id='word_1_40' title='bbox 416 795 516 851; x_wconf 86' lang='lat' dir='ltr'><strong>ego</strong></span> <span class='ocrx_word' id='word_1_41' title='bbox 540 779 773 845; x_wconf 91' lang='lat' dir='ltr'><strong>deﬁnivi,</strong></span> <span class='ocrx_word' id='word_1_42' title='bbox 796 780 924 834; x_wconf 90' lang='lat' dir='ltr'><strong>satis</strong></span> <span class='ocrx_word' id='word_1_43' title='bbox 949 795 1107 835; x_wconf 88' lang='lat' dir='ltr'><strong>causa</strong></span> <span class='ocrx_word' id='word_1_44' title='bbox 1134 780 1337 835; x_wconf 91' lang='lat' dir='ltr'><strong>ﬁrmata</strong></span> <span class='ocrx_word' id='word_1_45' title='bbox 1359 789 1471 835; x_wconf 92' lang='lat' dir='ltr'><strong>est:</strong></span> <span class='ocrx_word' id='word_1_46' title='bbox 1499 796 1614 847; x_wconf 89' lang='lat' dir='ltr'><strong>cur,</strong></span> <span class='ocrx_word' id='word_1_47' title='bbox 1638 794 1838 850; x_wconf 67' lang='lat' dir='ltr'><strong>quaeso,</strong></span> <span class='ocrx_word' id='word_1_48' title='bbox 1862 792 1992 833; x_wconf 90' lang='lat' dir='ltr'><strong>non-</strong></span> 
     </span>
    </p>
   </div>
   <div class='ocr_carea' id='block_1_8' title="bbox 417 870 1638 943">
    <p class='ocr_par' dir='ltr' id='par_1_8' title="bbox 417 870 1638 943">
     <span class='ocr_line' id='line_1_8' title="bbox 417 870 1638 943; baseline -0.002 -16"><span class='ocrx_word' id='word_1_49' title='bbox 417 870 543 927; x_wconf 92' lang='lat' dir='ltr'><strong>dum</strong></span> <span class='ocrx_word' id='word_1_50' title='bbox 572 879 655 927; x_wconf 88' lang='lat' dir='ltr'><strong>est</strong></span> <span class='ocrx_word' id='word_1_51' title='bbox 683 871 781 925; x_wconf 89' lang='lat' dir='ltr'><strong>ista</strong></span> <span class='ocrx_word' id='word_1_52' title='bbox 814 871 951 926; x_wconf 86' lang='lat' dir='ltr'><strong>inter</strong></span> <span class='ocrx_word' id='word_1_53' title='bbox 974 886 1073 927; x_wconf 90' lang='lat' dir='ltr'><strong>nos</strong></span> <span class='ocrx_word' id='word_1_54' title='bbox 1098 873 1320 943; x_wconf 60' lang='lat' dir='ltr'><strong>quaestio</strong></span> <span class='ocrx_word' id='word_1_55' title='bbox 1348 872 1638 927; x_wconf 89' lang='lat' dir='ltr'><strong>dissoluta?</strong></span> 
     </span>
    </p>
   </div>
   <div class='ocr_carea' id='block_1_9' title="bbox 657 959 1748 1032">
    <p class='ocr_par' dir='ltr' id='par_1_9' title="bbox 657 959 1748 1032">
     <span class='ocr_line' id='line_1_9' title="bbox 657 959 1748 1032; baseline -0.001 -15"><span class='ocrx_word' id='word_1_56' title='bbox 657 959 883 1018; x_wconf 88' lang='lat' dir='ltr'><strong>CAPUT</strong></span> <span class='ocrx_word' id='word_1_57' title='bbox 920 961 985 1017; x_wconf 74' lang='grc' dir='ltr'><strong>ν.</strong></span> <span class='ocrx_word' id='word_1_58' title='bbox 1015 992 1087 1003; x_wconf 93' lang='grc'><strong><em>-</em></strong></span> <span class='ocrx_word' id='word_1_59' title='bbox 1114 962 1368 1029; x_wconf 80' lang='lat' dir='ltr'><strong>Quidnam</strong></span> <span class='ocrx_word' id='word_1_60' title='bbox 1394 964 1459 1018; x_wconf 74' lang='lat' dir='ltr'><strong>sit</strong></span> <span class='ocrx_word' id='word_1_61' title='bbox 1484 963 1748 1032; x_wconf 76' lang='lat' dir='ltr'><strong>sapientia.</strong></span> 
     </span>
    </p>
   </div>
   <div class='ocr_carea' id='block_1_10' title="bbox 490 1053 1991 1125">
    <p class='ocr_par' dir='ltr' id='par_1_10' title="bbox 490 1053 1991 1125">
     <span class='ocr_line' id='line_1_10' title="bbox 490 1053 1991 1125; baseline 0.001 -16"><span class='ocrx_word' id='word_1_62' title='bbox 490 1055 575 1109; x_wconf 77' lang='grc'><strong>15.</strong></span> <span class='ocrx_word' id='word_1_63' title='bbox 619 1053 716 1108; x_wconf 82' lang='lat' dir='ltr'><strong>Hic</strong></span> <span class='ocrx_word' id='word_1_64' title='bbox 752 1053 1030 1124; x_wconf 80' lang='lat' dir='ltr'><strong>Trygetius</strong></span> <span class='ocrx_word' id='word_1_65' title='bbox 1057 1072 1069 1109; x_wconf 92' lang='lat'>:</span> <span class='ocrx_word' id='word_1_66' title='bbox 1100 1055 1302 1122; x_wconf 90' lang='lat' dir='ltr'><strong>Dasne,</strong></span> <span class='ocrx_word' id='word_1_67' title='bbox 1342 1055 1529 1125; x_wconf 87' lang='lat' dir='ltr'><strong>inquit,</strong></span> <span class='ocrx_word' id='word_1_68' title='bbox 1551 1054 1861 1124; x_wconf 84' lang='lat' dir='ltr'><strong>sapientiam</strong></span> <span class='ocrx_word' id='word_1_69' title='bbox 1901 1069 1991 1111; x_wconf 88' lang='lat' dir='ltr'><strong>re-</strong></span> 
     </span>
    </p>
   </div>
   <div class='ocr_carea' id='block_1_11' title="bbox 417 1144 1993 1216">
    <p class='ocr_par' dir='ltr' id='par_1_11' title="bbox 417 1144 1993 1216">
     <span class='ocr_line' id='line_1_11' title="bbox 417 1144 1993 1216; baseline -0.002 -13"><span class='ocrx_word' id='word_1_70' title='bbox 417 1154 559 1203; x_wconf 85' lang='lat' dir='ltr'><strong>ctam</strong></span> <span class='ocrx_word' id='word_1_71' title='bbox 602 1147 744 1200; x_wconf 90' lang='lat' dir='ltr'><strong>viam</strong></span> <span class='ocrx_word' id='word_1_72' title='bbox 789 1146 910 1201; x_wconf 65' lang='lat' dir='ltr'><strong>vitae</strong></span> <span class='ocrx_word' id='word_1_73' title='bbox 966 1147 1125 1202; x_wconf 87' lang='lat' dir='ltr'><strong>esse?</strong></span> <span class='ocrx_word' id='word_1_74' title='bbox 1161 1147 1257 1211; x_wconf 87' lang='lat' dir='ltr'><strong>Do,</strong></span> <span class='ocrx_word' id='word_1_75' title='bbox 1290 1147 1493 1216; x_wconf 89' lang='lat' dir='ltr'><strong>inquit,</strong></span> <span class='ocrx_word' id='word_1_76' title='bbox 1531 1146 1645 1200; x_wconf 90' lang='lat' dir='ltr'><strong>sine</strong></span> <span class='ocrx_word' id='word_1_77' title='bbox 1672 1144 1866 1200; x_wconf 89' lang='lat' dir='ltr'><strong>dubio:</strong></span> <span class='ocrx_word' id='word_1_78' title='bbox 1899 1145 1993 1200; x_wconf 91' lang='lat' dir='ltr'><strong>sed</strong></span> 
     </span>
    </p>
   </div>
   <div class='ocr_carea' id='block_1_12' title="bbox 420 1235 1993 1305">
    <p class='ocr_par' dir='ltr' id='par_1_12' title="bbox 420 1235 1993 1305">
     <span class='ocr_line' id='line_1_12' title="bbox 420 1235 1993 1305; baseline -0.001 -14"><span class='ocrx_word' id='word_1_79' title='bbox 420 1244 599 1291; x_wconf 89' lang='lat' dir='ltr'><strong>tamen</strong></span> <span class='ocrx_word' id='word_1_80' title='bbox 623 1235 742 1289; x_wconf 89' lang='lat' dir='ltr'><strong>volo</strong></span> <span class='ocrx_word' id='word_1_81' title='bbox 770 1235 899 1290; x_wconf 92' lang='lat' dir='ltr'><strong>mihi</strong></span> <span class='ocrx_word' id='word_1_82' title='bbox 924 1236 1235 1305; x_wconf 80' lang='lat' dir='ltr'><strong>sapientiam</strong></span> <span class='ocrx_word' id='word_1_83' title='bbox 1259 1236 1514 1302; x_wconf 86' lang='lat' dir='ltr'><strong>deﬁnias,</strong></span> <span class='ocrx_word' id='word_1_84' title='bbox 1546 1245 1603 1290; x_wconf 91' lang='lat' dir='ltr'><strong>ut</strong></span> <span class='ocrx_word' id='word_1_85' title='bbox 1632 1236 1795 1290; x_wconf 88' lang='lat' dir='ltr'><strong>sciam</strong></span> <span class='ocrx_word' id='word_1_86' title='bbox 1818 1244 1993 1290; x_wconf 90' lang='lat' dir='ltr'><strong>utrum</strong></span> 
     </span>
    </p>
   </div>
   <div class='ocr_carea' id='block_1_13' title="bbox 421 1326 1992 1398">
    <p class='ocr_par' dir='ltr' id='par_1_13' title="bbox 421 1326 1992 1398">
     <span class='ocr_line' id='line_1_13' title="bbox 421 1326 1992 1398; baseline -0.001 -15"><span class='ocrx_word' id='word_1_87' title='bbox 421 1342 539 1398; x_wconf 60' lang='lat' dir='ltr'><strong>qua“:</strong></span> <span class='ocrx_word' id='word_1_88' title='bbox 568 1326 733 1392; x_wconf 86' lang='lat' dir='ltr'><strong>mihi,</strong></span> <span class='ocrx_word' id='word_1_89' title='bbox 761 1327 945 1383; x_wconf 89' lang='lat' dir='ltr'><strong>eadem</strong></span> <span class='ocrx_word' id='word_1_90' title='bbox 979 1328 1073 1383; x_wconf 89' lang='lat' dir='ltr'><strong>tibi</strong></span> <span class='ocrx_word' id='word_1_91' title='bbox 1106 1344 1225 1384; x_wconf 91' lang='lat' dir='ltr'><strong>esse</strong></span> <span class='ocrx_word' id='word_1_92' title='bbox 1257 1328 1513 1383; x_wconf 90' lang='lat' dir='ltr'><strong>videatur.</strong></span> <span class='ocrx_word' id='word_1_93' title='bbox 1548 1328 1613 1382; x_wconf 89' lang='lat' dir='ltr'><strong>Et</strong></span> <span class='ocrx_word' id='word_1_94' title='bbox 1640 1328 1767 1382; x_wconf 90' lang='lat' dir='ltr'><strong>ille:</strong></span> <span class='ocrx_word' id='word_1_95' title='bbox 1800 1327 1992 1381; x_wconf 89' lang='lat' dir='ltr'><strong>Parum</strong></span> 
     </span>
    </p>
   </div>
   <div class='ocr_carea' id='block_1_14' title="bbox 423 1418 1993 1489">
    <p class='ocr_par' dir='ltr' id='par_1_14' title="bbox 423 1418 1993 1489">
     <span class='ocr_line' id='line_1_14' title="bbox 423 1418 1993 1489; baseline -0.002 -15"><span class='ocrx_word' id='word_1_96' title='bbox 423 1420 536 1487; x_wconf 90' lang='lat' dir='ltr'><strong>tibi,</strong></span> <span class='ocrx_word' id='word_1_97' title='bbox 566 1421 662 1485; x_wconf 91' lang='lat' dir='ltr'><strong>ait,</strong></span> <span class='ocrx_word' id='word_1_98' title='bbox 693 1419 902 1476; x_wconf 89' lang='lat' dir='ltr'><strong>videtur</strong></span> <span class='ocrx_word' id='word_1_99' title='bbox 928 1420 1143 1475; x_wconf 89' lang='lat' dir='ltr'><strong>deﬁnita</strong></span> <span class='ocrx_word' id='word_1_100' title='bbox 1172 1419 1271 1475; x_wconf 91' lang='lat' dir='ltr'><strong>hoc</strong></span> <span class='ocrx_word' id='word_1_101' title='bbox 1300 1422 1415 1489; x_wconf 90' lang='lat' dir='ltr'><strong>ipso</strong></span> <span class='ocrx_word' id='word_1_102' title='bbox 1439 1418 1579 1489; x_wconf 89' lang='lat' dir='ltr'><strong>quod</strong></span> <span class='ocrx_word' id='word_1_103' title='bbox 1604 1433 1744 1473; x_wconf 91' lang='lat' dir='ltr'><strong>nunc</strong></span> <span class='ocrx_word' id='word_1_104' title='bbox 1770 1418 1993 1472; x_wconf 84' lang='lat' dir='ltr'><strong>interro-</strong></span> 
     </span>
    </p>
   </div>
   <div class='ocr_carea' id='block_1_15' title="bbox 421 1508 1993 1580">
    <p class='ocr_par' dir='ltr' id='par_1_15' title="bbox 421 1508 1993 1580">
     <span class='ocr_line' id='line_1_15' title="bbox 421 1508 1993 1580; baseline -0.003 -16"><span class='ocrx_word' id='word_1_105' title='bbox 421 1519 574 1580; x_wconf 88' lang='lat' dir='ltr'><strong>gatus</strong></span> <span class='ocrx_word' id='word_1_106' title='bbox 597 1510 699 1565; x_wconf 88' lang='lat' dir='ltr'><strong>es?</strong></span> <span class='ocrx_word' id='word_1_107' title='bbox 731 1510 903 1565; x_wconf 85' lang='lat' dir='ltr'><strong>Etiam</strong></span> <span class='ocrx_word' id='word_1_108' title='bbox 939 1509 1079 1579; x_wconf 90' lang='lat' dir='ltr'><strong>quod</strong></span> <span class='ocrx_word' id='word_1_109' title='bbox 1113 1509 1253 1564; x_wconf 90' lang='lat' dir='ltr'><strong>volui</strong></span> <span class='ocrx_word' id='word_1_110' title='bbox 1282 1508 1609 1565; x_wconf 88' lang='lat' dir='ltr'><strong>concessisti.</strong></span> <span class='ocrx_word' id='word_1_111' title='bbox 1638 1508 1690 1563; x_wconf 90' lang='lat' dir='ltr'><strong>Si</strong></span> <span class='ocrx_word' id='word_1_112' title='bbox 1718 1508 1859 1562; x_wconf 90' lang='lat' dir='ltr'><strong>enim</strong></span> <span class='ocrx_word' id='word_1_113' title='bbox 1888 1520 1993 1561; x_wconf 90' lang='lat' dir='ltr'><strong>non</strong></span> 
     </span>
    </p>
   </div>
   <div class='ocr_carea' id='block_1_16' title="bbox 422 1599 1991 1671">
    <p class='ocr_par' dir='ltr' id='par_1_16' title="bbox 422 1599 1991 1671">
     <span class='ocr_line' id='line_1_16' title="bbox 422 1599 1991 1671; baseline -0.002 -17"><span class='ocrx_word' id='word_1_114' title='bbox 422 1601 612 1668; x_wconf 88' lang='lat' dir='ltr'><strong>fallor,</strong></span> <span class='ocrx_word' id='word_1_115' title='bbox 639 1617 745 1655; x_wconf 89' lang='lat' dir='ltr'><strong>non</strong></span> <span class='ocrx_word' id='word_1_116' title='bbox 774 1601 905 1657; x_wconf 86' lang='lat' dir='ltr'><strong>falso</strong></span> <span class='ocrx_word' id='word_1_117' title='bbox 932 1610 1077 1657; x_wconf 90' lang='lat' dir='ltr'><strong>recta</strong></span> <span class='ocrx_word' id='word_1_118' title='bbox 1109 1602 1192 1655; x_wconf 89' lang='lat' dir='ltr'><strong>via</strong></span> <span class='ocrx_word' id='word_1_119' title='bbox 1225 1601 1347 1655; x_wconf 64' lang='lat' dir='ltr'><strong>vita:</strong></span> <span class='ocrx_word' id='word_1_120' title='bbox 1385 1600 1639 1671; x_wconf 84' lang='lat' dir='ltr'><strong>sapientia</strong></span> <span class='ocrx_word' id='word_1_121' title='bbox 1672 1599 1991 1653; x_wconf 83' lang='lat' dir='ltr'><strong>nominatur.</strong></span> 
     </span>
    </p>
   </div>
   <div class='ocr_carea' id='block_1_17' title="bbox 422 1691 1995 1761">
    <p class='ocr_par' dir='ltr' id='par_1_17' title="bbox 422 1691 1995 1761">
     <span class='ocr_line' id='line_1_17' title="bbox 422 1691 1995 1761; baseline -0.001 -13"><span class='ocrx_word' id='word_1_122' title='bbox 422 1693 557 1748; x_wconf 88' lang='lat' dir='ltr'><strong>Tum</strong></span> <span class='ocrx_word' id='word_1_123' title='bbox 587 1694 853 1749; x_wconf 90' lang='lat' dir='ltr'><strong>Licentius</strong></span> <span class='ocrx_word' id='word_1_124' title='bbox 878 1712 891 1748; x_wconf 92' lang='lat'><strong>:</strong></span> <span class='ocrx_word' id='word_1_125' title='bbox 918 1694 1057 1749; x_wconf 86' lang='lat' dir='ltr'><strong>Nihil</strong></span> <span class='ocrx_word' id='word_1_126' title='bbox 1088 1693 1216 1748; x_wconf 90' lang='lat' dir='ltr'><strong>mihi</strong></span> <span class='ocrx_word' id='word_1_127' title='bbox 1243 1702 1350 1749; x_wconf 89' lang='lat' dir='ltr'><strong>tam</strong></span> <span class='ocrx_word' id='word_1_128' title='bbox 1374 1692 1683 1756; x_wconf 91' lang='lat' dir='ltr'><strong>ridiculum,</strong></span> <span class='ocrx_word' id='word_1_129' title='bbox 1712 1706 1867 1761; x_wconf 90' lang='lat' dir='ltr'><strong>quam</strong></span> <span class='ocrx_word' id='word_1_130' title='bbox 1896 1691 1995 1746; x_wconf 89' lang='lat' dir='ltr'><strong>ista</strong></span> 
     </span>
    </p>
   </div>
   <div class='ocr_carea' id='block_1_18' title="bbox 372 1784 1996 1857">
    <p class='ocr_par' dir='ltr' id='par_1_18' title="bbox 372 1784 1996 1857">
     <span class='ocr_line' id='line_1_18' title="bbox 372 1784 1996 1857; baseline -0.002 -16"><span class='ocrx_word' id='word_1_131' title='bbox 372 1826 377 1833; x_wconf 58' lang='grc' dir='ltr'>ν</span> <span class='ocrx_word' id='word_1_132' title='bbox 421 1786 663 1842; x_wconf 89' lang='lat' dir='ltr'><strong>deﬁnitio</strong></span> <span class='ocrx_word' id='word_1_133' title='bbox 687 1787 928 1853; x_wconf 89' lang='lat' dir='ltr'><strong>videtur,</strong></span> <span class='ocrx_word' id='word_1_134' title='bbox 957 1787 1145 1857; x_wconf 88' lang='lat' dir='ltr'><strong>inquit.</strong></span> <span class='ocrx_word' id='word_1_135' title='bbox 1176 1786 1422 1841; x_wconf 79' lang='lat' dir='ltr'><strong>Fortasse</strong></span> <span class='ocrx_word' id='word_1_136' title='bbox 1442 1826 1457 1850; x_wconf 87' lang='lat'><strong>,</strong></span> <span class='ocrx_word' id='word_1_137' title='bbox 1489 1785 1562 1840; x_wconf 88' lang='lat' dir='ltr'><strong>ait</strong></span> <span class='ocrx_word' id='word_1_138' title='bbox 1589 1785 1675 1839; x_wconf 92' lang='lat' dir='ltr'><strong>ille</strong></span> <span class='ocrx_word' id='word_1_139' title='bbox 1700 1802 1713 1838; x_wconf 90' lang='lat'><strong>:</strong></span> <span class='ocrx_word' id='word_1_140' title='bbox 1740 1784 1996 1855; x_wconf 89' lang='lat' dir='ltr'><strong>pedeten-</strong></span> 
     </span>
    </p>
   </div>
   <div class='ocr_carea' id='block_1_19' title="bbox 424 1875 1991 1949">
    <p class='ocr_par' dir='ltr' id='par_1_19' title="bbox 424 1875 1991 1949">
     <span class='ocr_line' id='line_1_19' title="bbox 424 1875 1991 1949; baseline -0.003 -16"><span class='ocrx_word' id='word_1_141' title='bbox 424 1878 519 1933; x_wconf 91' lang='lat' dir='ltr'><strong>tim</strong></span> <span class='ocrx_word' id='word_1_142' title='bbox 560 1887 735 1934; x_wconf 90' lang='lat' dir='ltr'><strong>tamen</strong></span> <span class='ocrx_word' id='word_1_143' title='bbox 775 1892 988 1949; x_wconf 66' lang='lat' dir='ltr'><strong>quaeso,</strong></span> <span class='ocrx_word' id='word_1_144' title='bbox 1026 1887 1083 1933; x_wconf 88' lang='lat' dir='ltr'><strong>ut</strong></span> <span class='ocrx_word' id='word_1_145' title='bbox 1120 1878 1255 1934; x_wconf 89' lang='lat' dir='ltr'><strong>ratio</strong></span> <span class='ocrx_word' id='word_1_146' title='bbox 1291 1876 1577 1947; x_wconf 66' lang='lat' dir='ltr'><strong>praeveniat</strong></span> <span class='ocrx_word' id='word_1_147' title='bbox 1614 1875 1776 1930; x_wconf 92' lang='lat' dir='ltr'><strong>risum</strong></span> <span class='ocrx_word' id='word_1_148' title='bbox 1810 1883 1991 1929; x_wconf 89' lang='lat' dir='ltr'><strong>tuum:</strong></span> 
     </span>
    </p>
   </div>
   <div class='ocr_carea' id='block_1_20' title="bbox 374 1966 1996 2039">
    <p class='ocr_par' dir='ltr' id='par_1_20' title="bbox 374 1966 1996 2039">
     <span class='ocr_line' id='line_1_20' title="bbox 374 1966 1996 2039; baseline 0.001 -20"><span class='ocrx_word' id='word_1_149' title='bbox 374 2016 377 2019; x_wconf 89' lang='lat'><strong>.</strong></span> <span class='ocrx_word' id='word_1_150' title='bbox 423 1970 554 2024; x_wconf 86' lang='lat' dir='ltr'><strong>nihil</strong></span> <span class='ocrx_word' id='word_1_151' title='bbox 592 1970 731 2025; x_wconf 91' lang='lat' dir='ltr'><strong>enim</strong></span> <span class='ocrx_word' id='word_1_152' title='bbox 765 1979 845 2025; x_wconf 92' lang='lat' dir='ltr'><strong>est</strong></span> <span class='ocrx_word' id='word_1_153' title='bbox 871 1970 1060 2025; x_wconf 65' lang='lat' dir='ltr'><strong>foedius</strong></span> <span class='ocrx_word' id='word_1_154' title='bbox 1086 1970 1197 2026; x_wconf 90' lang='lat' dir='ltr'><strong>risu</strong></span> <span class='ocrx_word' id='word_1_155' title='bbox 1233 1969 1477 2025; x_wconf 87' lang='lat' dir='ltr'><strong>irrisione</strong></span> <span class='ocrx_word' id='word_1_156' title='bbox 1493 1968 1818 2039; x_wconf 87' lang='lat' dir='ltr'><strong>dignissimo.</strong></span> <span class='ocrx_word' id='word_1_157' title='bbox 1860 1966 1996 2034; x_wconf 85' lang='lat' dir='ltr'><strong>Quid</strong></span> 
     </span>
    </p>
   </div>
   <div class='ocr_carea' id='block_1_21' title="bbox 424 2061 1998 2125">
    <p class='ocr_par' dir='ltr' id='par_1_21' title="bbox 424 2061 1998 2125">
     <span class='ocr_line' id='line_1_21' title="bbox 424 2061 1998 2125; baseline -0.001 -11"><span class='ocrx_word' id='word_1_158' title='bbox 424 2061 584 2125; x_wconf 89' lang='lat' dir='ltr'><strong>enim,</strong></span> <span class='ocrx_word' id='word_1_159' title='bbox 617 2062 694 2115; x_wconf 86' lang='lat' dir='ltr'><strong>ait</strong></span> <span class='ocrx_word' id='word_1_160' title='bbox 721 2061 829 2125; x_wconf 90' lang='lat' dir='ltr'><strong>ille,</strong></span> <span class='ocrx_word' id='word_1_161' title='bbox 857 2075 1034 2116; x_wconf 90' lang='lat' dir='ltr'><strong>nonne</strong></span> <span class='ocrx_word' id='word_1_162' title='bbox 1054 2061 1234 2117; x_wconf 88' lang='lat' dir='ltr'><strong>fateris</strong></span> <span class='ocrx_word' id='word_1_163' title='bbox 1254 2061 1377 2116; x_wconf 68' lang='lat' dir='ltr'><strong>vita:</strong></span> <span class='ocrx_word' id='word_1_164' title='bbox 1402 2068 1624 2114; x_wconf 89' lang='lat' dir='ltr'><strong>mortem</strong></span> <span class='ocrx_word' id='word_1_165' title='bbox 1648 2074 1767 2115; x_wconf 90' lang='lat' dir='ltr'><strong>esse</strong></span> <span class='ocrx_word' id='word_1_166' title='bbox 1785 2066 1998 2113; x_wconf 89' lang='lat' dir='ltr'><strong>contra-</strong></span> 
     </span>
    </p>
   </div>
   <div class='ocr_carea' id='block_1_22' title="bbox 424 2152 1996 2223">
    <p class='ocr_par' dir='ltr' id='par_1_22' title="bbox 424 2152 1996 2223">
     <span class='ocr_line' id='line_1_22' title="bbox 424 2152 1996 2223; baseline 0 -18"><span class='ocrx_word' id='word_1_167' title='bbox 424 2152 597 2206; x_wconf 87' lang='lat' dir='ltr'><strong>riam?</strong></span> <span class='ocrx_word' id='word_1_168' title='bbox 632 2153 851 2216; x_wconf 85' lang='lat' dir='ltr'><strong>Fateor,</strong></span> <span class='ocrx_word' id='word_1_169' title='bbox 893 2154 984 2207; x_wconf 86' lang='lat' dir='ltr'><strong>ait.</strong></span> <span class='ocrx_word' id='word_1_170' title='bbox 1026 2152 1149 2207; x_wconf 79' lang='lat' dir='ltr'><strong>Mihi</strong></span> <span class='ocrx_word' id='word_1_171' title='bbox 1178 2153 1365 2223; x_wconf 78' lang='lat' dir='ltr'><strong>igitur,</strong></span> <span class='ocrx_word' id='word_1_172' title='bbox 1396 2152 1563 2223; x_wconf 89' lang='lat' dir='ltr'><strong>inquit</strong></span> <span class='ocrx_word' id='word_1_173' title='bbox 1589 2152 1713 2217; x_wconf 91' lang='lat' dir='ltr'><strong>ille,</strong></span> <span class='ocrx_word' id='word_1_174' title='bbox 1738 2153 1820 2205; x_wconf 89' lang='lat' dir='ltr'><strong>via</strong></span> <span class='ocrx_word' id='word_1_175' title='bbox 1874 2152 1996 2205; x_wconf 76' lang='lat' dir='ltr'><strong>vitae</strong></span> 
     </span>
    </p>
   </div>
   <div class='ocr_carea' id='block_1_23' title="bbox 423 2242 1997 2315">
    <p class='ocr_par' dir='ltr' id='par_1_23' title="bbox 423 2242 1997 2315">
     <span class='ocr_line' id='line_1_23' title="bbox 423 2242 1997 2315; baseline 0.001 -17"><span class='ocrx_word' id='word_1_176' title='bbox 423 2245 566 2299; x_wconf 91' lang='lat' dir='ltr'><strong>nulla</strong></span> <span class='ocrx_word' id='word_1_177' title='bbox 592 2246 760 2315; x_wconf 89' lang='lat' dir='ltr'><strong>magis</strong></span> <span class='ocrx_word' id='word_1_178' title='bbox 785 2245 991 2300; x_wconf 91' lang='lat' dir='ltr'><strong>videtur</strong></span> <span class='ocrx_word' id='word_1_179' title='bbox 1008 2287 1022 2311; x_wconf 96' lang='lat'><strong>,</strong></span> <span class='ocrx_word' id='word_1_180' title='bbox 1050 2260 1206 2315; x_wconf 90' lang='lat' dir='ltr'><strong>quam</strong></span> <span class='ocrx_word' id='word_1_181' title='bbox 1234 2260 1297 2300; x_wconf 90' lang='lat' dir='ltr'><strong>ea</strong></span> <span class='ocrx_word' id='word_1_182' title='bbox 1323 2260 1424 2315; x_wconf 88' lang='lat' dir='ltr'><strong>qua</strong></span> <span class='ocrx_word' id='word_1_183' title='bbox 1457 2244 1677 2315; x_wconf 89' lang='lat' dir='ltr'><strong>quisque</strong></span> <span class='ocrx_word' id='word_1_184' title='bbox 1704 2242 1901 2314; x_wconf 80' lang='lat' dir='ltr'><strong>pergit,</strong></span> <span class='ocrx_word' id='word_1_185' title='bbox 1930 2258 1997 2299; x_wconf 90' lang='lat' dir='ltr'><strong>ne</strong></span> 
     </span>
    </p>
   </div>
   <div class='ocr_carea' id='block_1_24' title="bbox 424 2335 1997 2406">
    <p class='ocr_par' dir='ltr' id='par_1_24' title="bbox 424 2335 1997 2406">
     <span class='ocr_line' id='line_1_24' title="bbox 424 2335 1997 2406; baseline 0.003 -19"><span class='ocrx_word' id='word_1_186' title='bbox 424 2335 475 2388; x_wconf 91' lang='lat' dir='ltr'><strong>in</strong></span> <span class='ocrx_word' id='word_1_187' title='bbox 508 2345 728 2391; x_wconf 86' lang='lat' dir='ltr'><strong>mortem</strong></span> <span class='ocrx_word' id='word_1_188' title='bbox 761 2336 973 2391; x_wconf 87' lang='lat' dir='ltr'><strong>incidat.</strong></span> <span class='ocrx_word' id='word_1_189' title='bbox 1011 2336 1411 2391; x_wconf 88' lang='lat' dir='ltr'><strong>Assentiehatur</strong></span> <span class='ocrx_word' id='word_1_190' title='bbox 1446 2336 1742 2406; x_wconf 87' lang='lat' dir='ltr'><strong>Trygetius.</strong></span> <span class='ocrx_word' id='word_1_191' title='bbox 1778 2335 1917 2405; x_wconf 88' lang='lat' dir='ltr'><strong>Ergo</strong></span> <span class='ocrx_word' id='word_1_192' title='bbox 1950 2335 1997 2391; x_wconf 88' lang='lat' dir='ltr'><strong>si</strong></span> 
     </span>
    </p>
   </div>
   <div class='ocr_carea' id='block_1_25' title="bbox 421 2422 1996 2497">
    <p class='ocr_par' dir='ltr' id='par_1_25' title="bbox 421 2422 1996 2497">
     <span class='ocr_line' id='line_1_25' title="bbox 421 2422 1996 2497; baseline -0.001 -17"><span class='ocrx_word' id='word_1_193' title='bbox 421 2429 596 2482; x_wconf 84' lang='lat' dir='ltr'><strong>viator</strong></span> <span class='ocrx_word' id='word_1_194' title='bbox 627 2428 885 2497; x_wconf 88' lang='lat' dir='ltr'><strong>quispiam</strong></span> <span class='ocrx_word' id='word_1_195' title='bbox 923 2422 1288 2482; x_wconf 87' lang='lat' dir='ltr'><strong>diverticulum</strong></span> <span class='ocrx_word' id='word_1_196' title='bbox 1316 2426 1485 2480; x_wconf 86' lang='lat' dir='ltr'><strong>vitans</strong></span> <span class='ocrx_word' id='word_1_197' title='bbox 1503 2466 1518 2490; x_wconf 95' lang='lat'><strong>,</strong></span> <span class='ocrx_word' id='word_1_198' title='bbox 1547 2425 1687 2495; x_wconf 91' lang='lat' dir='ltr'><strong>quod</strong></span> <span class='ocrx_word' id='word_1_199' title='bbox 1716 2441 1743 2479; x_wconf 92' lang='lat' dir='ltr'><strong>a</strong></span> <span class='ocrx_word' id='word_1_200' title='bbox 1773 2425 1996 2479; x_wconf 88' lang='lat' dir='ltr'><strong>latroni-</strong></span> 
     </span>
    </p>
   </div>
   <div class='ocr_carea' id='block_1_26' title="bbox 421 2517 1995 2586">
    <p class='ocr_par' dir='ltr' id='par_1_26' title="bbox 421 2517 1995 2586">
     <span class='ocr_line' id='line_1_26' title="bbox 421 2517 1995 2586; baseline -0.004 -11"><span class='ocrx_word' id='word_1_201' title='bbox 421 2519 521 2575; x_wconf 88' lang='lat' dir='ltr'><strong>bus</strong></span> <span class='ocrx_word' id='word_1_202' title='bbox 546 2518 781 2574; x_wconf 86' lang='lat' dir='ltr'><strong>obsideri</strong></span> <span class='ocrx_word' id='word_1_203' title='bbox 809 2518 1054 2583; x_wconf 92' lang='lat' dir='ltr'><strong>audierit,</strong></span> <span class='ocrx_word' id='word_1_204' title='bbox 1076 2527 1218 2572; x_wconf 88' lang='lat' dir='ltr'><strong>recta</strong></span> <span class='ocrx_word' id='word_1_205' title='bbox 1245 2518 1322 2571; x_wconf 90' lang='lat' dir='ltr'><strong>ire</strong></span> <span class='ocrx_word' id='word_1_206' title='bbox 1352 2525 1554 2586; x_wconf 83' lang='lat' dir='ltr'><strong>pergat,</strong></span> <span class='ocrx_word' id='word_1_207' title='bbox 1582 2524 1740 2585; x_wconf 90' lang='lat' dir='ltr'><strong>atque</strong></span> <span class='ocrx_word' id='word_1_208' title='bbox 1769 2517 1840 2569; x_wconf 91' lang='lat' dir='ltr'><strong>ita</strong></span> <span class='ocrx_word' id='word_1_209' title='bbox 1868 2530 1995 2569; x_wconf 83' lang='lat' dir='ltr'><strong>eva-</strong></span> 
     </span>
    </p>
   </div>
   <div class='ocr_carea' id='block_1_27' title="bbox 420 2610 1997 2676">
    <p class='ocr_par' dir='ltr' id='par_1_27' title="bbox 420 2610 1997 2676">
     <span class='ocr_line' id='line_1_27' title="bbox 420 2610 1997 2676; baseline -0.002 -10"><span class='ocrx_word' id='word_1_210' title='bbox 420 2612 513 2666; x_wconf 86' lang='lat' dir='ltr'><strong>dat</strong></span> <span class='ocrx_word' id='word_1_211' title='bbox 537 2612 837 2675; x_wconf 86' lang='lat' dir='ltr'><strong>interitum;</strong></span> <span class='ocrx_word' id='word_1_212' title='bbox 865 2626 1040 2666; x_wconf 90' lang='lat' dir='ltr'><strong>nonne</strong></span> <span class='ocrx_word' id='word_1_213' title='bbox 1060 2619 1115 2666; x_wconf 89' lang='lat' dir='ltr'><strong>et</strong></span> <span class='ocrx_word' id='word_1_214' title='bbox 1148 2611 1287 2665; x_wconf 91' lang='lat' dir='ltr'><strong>viam</strong></span> <span class='ocrx_word' id='word_1_215' title='bbox 1312 2610 1454 2676; x_wconf 67' lang='lat' dir='ltr'><strong>vitae,</strong></span> <span class='ocrx_word' id='word_1_216' title='bbox 1482 2618 1534 2663; x_wconf 91' lang='lat' dir='ltr'><strong>et</strong></span> <span class='ocrx_word' id='word_1_217' title='bbox 1561 2616 1758 2663; x_wconf 89' lang='lat' dir='ltr'><strong>rectam</strong></span> <span class='ocrx_word' id='word_1_218' title='bbox 1786 2616 1997 2663; x_wconf 89' lang='lat' dir='ltr'><strong>secutus</strong></span> 
     </span>
    </p>
   </div>
   <div class='ocr_carea' id='block_1_28' title="bbox 376 2698 1996 2772">
    <p class='ocr_par' dir='ltr' id='par_1_28' title="bbox 376 2698 1996 2772">
     <span class='ocr_line' id='line_1_28' title="bbox 376 2698 1996 2772; baseline -0.002 -15"><span class='ocrx_word' id='word_1_219' title='bbox 376 2748 379 2751; x_wconf 40' lang='grc' dir='ltr'><strong><em>γ</em></strong></span> <span class='ocrx_word' id='word_1_220' title='bbox 417 2712 534 2768; x_wconf 85' lang='lat' dir='ltr'><strong>est;</strong></span> <span class='ocrx_word' id='word_1_221' title='bbox 581 2710 637 2757; x_wconf 88' lang='lat' dir='ltr'><strong>et</strong></span> <span class='ocrx_word' id='word_1_222' title='bbox 677 2717 795 2757; x_wconf 89' lang='lat' dir='ltr'><strong>eam</strong></span> <span class='ocrx_word' id='word_1_223' title='bbox 843 2701 1154 2772; x_wconf 87' lang='lat' dir='ltr'><strong>sapientiam</strong></span> <span class='ocrx_word' id='word_1_224' title='bbox 1202 2701 1439 2756; x_wconf 90' lang='lat' dir='ltr'><strong>nominat</strong></span> <span class='ocrx_word' id='word_1_225' title='bbox 1483 2700 1678 2755; x_wconf 92' lang='lat' dir='ltr'><strong>nemo?</strong></span> <span class='ocrx_word' id='word_1_226' title='bbox 1720 2698 1996 2766; x_wconf 85' lang='lat' dir='ltr'><strong>Quomodo</strong></span> 
     </span>
    </p>
   </div>
   <div class='ocr_carea' id='block_1_29' title="bbox 420 2790 1997 2864">
    <p class='ocr_par' dir='ltr' id='par_1_29' title="bbox 420 2790 1997 2864">
     <span class='ocr_line' id='line_1_29' title="bbox 420 2790 1997 2864; baseline -0.003 -15"><span class='ocrx_word' id='word_1_227' title='bbox 420 2795 581 2864; x_wconf 83' lang='lat' dir='ltr'><strong>igitur</strong></span> <span class='ocrx_word' id='word_1_228' title='bbox 617 2794 791 2850; x_wconf 88' lang='lat' dir='ltr'><strong>omnis</strong></span> <span class='ocrx_word' id='word_1_229' title='bbox 831 2803 977 2849; x_wconf 91' lang='lat' dir='ltr'><strong>recta</strong></span> <span class='ocrx_word' id='word_1_230' title='bbox 1014 2793 1136 2848; x_wconf 66' lang='lat' dir='ltr'><strong>vita:</strong></span> <span class='ocrx_word' id='word_1_231' title='bbox 1173 2793 1255 2848; x_wconf 85' lang='lat' dir='ltr'><strong>via</strong></span> <span class='ocrx_word' id='word_1_232' title='bbox 1294 2793 1550 2862; x_wconf 86' lang='lat' dir='ltr'><strong>sapientia</strong></span> <span class='ocrx_word' id='word_1_233' title='bbox 1589 2792 1707 2847; x_wconf 89' lang='lat' dir='ltr'><strong>est?</strong></span> <span class='ocrx_word' id='word_1_234' title='bbox 1749 2790 1997 2845; x_wconf 84' lang='lat' dir='ltr'><strong>Concessi</strong></span> 
     </span>
    </p>
   </div>
   <div class='ocr_carea' id='block_1_30' title="bbox 420 2882 1998 2951">
    <p class='ocr_par' dir='ltr' id='par_1_30' title="bbox 420 2882 1998 2951">
     <span class='ocr_line' id='line_1_30' title="bbox 420 2882 1998 2951; baseline -0.004 -10"><span class='ocrx_word' id='word_1_235' title='bbox 420 2886 561 2941; x_wconf 90' lang='lat' dir='ltr'><strong>cnim</strong></span> <span class='ocrx_word' id='word_1_236' title='bbox 590 2901 728 2951; x_wconf 88' lang='lat' dir='ltr'><strong>esse,</strong></span> <span class='ocrx_word' id='word_1_237' title='bbox 756 2885 850 2941; x_wconf 88' lang='lat' dir='ltr'><strong>sed</strong></span> <span class='ocrx_word' id='word_1_238' title='bbox 882 2900 986 2940; x_wconf 88' lang='lat' dir='ltr'><strong>non</strong></span> <span class='ocrx_word' id='word_1_239' title='bbox 1011 2884 1201 2941; x_wconf 84' lang='lat' dir='ltr'><strong>solam.</strong></span> <span class='ocrx_word' id='word_1_240' title='bbox 1231 2883 1473 2939; x_wconf 88' lang='lat' dir='ltr'><strong>Deﬁnitio</strong></span> <span class='ocrx_word' id='word_1_241' title='bbox 1497 2891 1673 2938; x_wconf 87' lang='lat' dir='ltr'><strong>autem</strong></span> <span class='ocrx_word' id='word_1_242' title='bbox 1700 2882 1828 2936; x_wconf 90' lang='lat' dir='ltr'><strong>nihil</strong></span> <span class='ocrx_word' id='word_1_243' title='bbox 1852 2896 1998 2936; x_wconf 91' lang='lat' dir='ltr'><strong>com-</strong></span> 
     </span>
    </p>
   </div>
   <div class='ocr_carea' id='block_1_31' title="bbox 420 2973 1992 3046">
    <p class='ocr_par' dir='ltr' id='par_1_31' title="bbox 420 2973 1992 3046">
     <span class='ocr_line' id='line_1_31' title="bbox 420 2973 1992 3046; baseline -0.001 -17"><span class='ocrx_word' id='word_1_244' title='bbox 420 2976 578 3046; x_wconf 87' lang='lat' dir='ltr'><strong>plecti</strong></span> <span class='ocrx_word' id='word_1_245' title='bbox 597 2976 798 3040; x_wconf 87' lang='lat' dir='ltr'><strong>debuit,</strong></span> <span class='ocrx_word' id='word_1_246' title='bbox 820 2976 960 3046; x_wconf 90' lang='lat' dir='ltr'><strong>quod</strong></span> <span class='ocrx_word' id='word_1_247' title='bbox 979 2986 1122 3031; x_wconf 77' lang='lat' dir='ltr'><strong>esset</strong></span> <span class='ocrx_word' id='word_1_248' title='bbox 1144 2976 1394 3032; x_wconf 90' lang='lat' dir='ltr'><strong>alienum.</strong></span> <span class='ocrx_word' id='word_1_249' title='bbox 1416 2973 1594 3044; x_wconf 89' lang='lat' dir='ltr'><strong>Itaque</strong></span> <span class='ocrx_word' id='word_1_250' title='bbox 1613 2987 1793 3028; x_wconf 87' lang='lat' dir='ltr'><strong>rursus</strong></span> <span class='ocrx_word' id='word_1_251' title='bbox 1813 2973 1992 3039; x_wconf 88' lang='lat' dir='ltr'><strong>deﬁni,</strong></span> 
     </span>
    </p>
   </div>
   <div class='ocr_carea' id='block_1_32' title="bbox 428 3068 1640 3139">
    <p class='ocr_par' dir='ltr' id='par_1_32' title="bbox 428 3068 1640 3139">
     <span class='ocr_line' id='line_1_32' title="bbox 428 3068 1640 3139; baseline -0.001 -16"><span class='ocrx_word' id='word_1_252' title='bbox 428 3069 465 3123; x_wconf 71' lang='lat' dir='ltr'><strong>si</strong></span> <span class='ocrx_word' id='word_1_253' title='bbox 492 3070 683 3138; x_wconf 88' lang='lat' dir='ltr'><strong>placet,</strong></span> <span class='ocrx_word' id='word_1_254' title='bbox 711 3070 837 3139; x_wconf 89' lang='lat' dir='ltr'><strong>quid</strong></span> <span class='ocrx_word' id='word_1_255' title='bbox 867 3070 959 3124; x_wconf 90' lang='lat' dir='ltr'><strong>tibi</strong></span> <span class='ocrx_word' id='word_1_256' title='bbox 986 3068 1193 3125; x_wconf 90' lang='lat' dir='ltr'><strong>videtur</strong></span> <span class='ocrx_word' id='word_1_257' title='bbox 1217 3084 1337 3126; x_wconf 83' lang='lat' dir='ltr'><strong>esse</strong></span> <span class='ocrx_word' id='word_1_258' title='bbox 1364 3068 1640 3139; x_wconf 87' lang='lat' dir='ltr'><strong>sapientia.</strong></span> 
     </span>
    </p>
   </div>
   <div class='ocr_carea' id='block_1_33' title="bbox 494 3157 1996 3229">
    <p class='ocr_par' dir='ltr' id='par_1_33' title="bbox 494 3157 1996 3229">
     <span class='ocr_line' id='line_1_33' title="bbox 494 3157 1996 3229; baseline 0 -16"><span class='ocrx_word' id='word_1_259' title='bbox 494 3160 581 3213; x_wconf 80' lang='grc'><strong>14.</strong></span> <span class='ocrx_word' id='word_1_260' title='bbox 609 3159 706 3213; x_wconf 91' lang='lat' dir='ltr'><strong>Diu</strong></span> <span class='ocrx_word' id='word_1_261' title='bbox 736 3160 821 3214; x_wconf 91' lang='lat' dir='ltr'><strong>ille</strong></span> <span class='ocrx_word' id='word_1_262' title='bbox 848 3157 1040 3224; x_wconf 81' lang='lat' dir='ltr'><strong>tacuit;</strong></span> <span class='ocrx_word' id='word_1_263' title='bbox 1072 3158 1305 3215; x_wconf 90' lang='lat' dir='ltr'><strong>deinde:</strong></span> <span class='ocrx_word' id='word_1_264' title='bbox 1334 3158 1435 3224; x_wconf 91' lang='lat' dir='ltr'><strong>En,</strong></span> <span class='ocrx_word' id='word_1_265' title='bbox 1466 3159 1654 3229; x_wconf 89' lang='lat' dir='ltr'><strong>inquit,</strong></span> <span class='ocrx_word' id='word_1_266' title='bbox 1688 3158 1878 3213; x_wconf 88' lang='lat' dir='ltr'><strong>iterum</strong></span> <span class='ocrx_word' id='word_1_267' title='bbox 1899 3157 1996 3213; x_wconf 81' lang='lat' dir='ltr'><strong>de-</strong></span> 
     </span>
    </p>
   </div>
   <div class='ocr_carea' id='block_1_34' title="bbox 421 3248 1997 3321">
    <p class='ocr_par' dir='ltr' id='par_1_34' title="bbox 421 3248 1997 3321">
     <span class='ocr_line' id='line_1_34' title="bbox 421 3248 1997 3321; baseline 0 -16"><span class='ocrx_word' id='word_1_268' title='bbox 421 3250 569 3317; x_wconf 91' lang='lat' dir='ltr'><strong>ﬁnio,</strong></span> <span class='ocrx_word' id='word_1_269' title='bbox 597 3252 641 3308; x_wconf 89' lang='lat' dir='ltr'><strong>si</strong></span> <span class='ocrx_word' id='word_1_270' title='bbox 670 3251 772 3306; x_wconf 90' lang='lat' dir='ltr'><strong>hoc</strong></span> <span class='ocrx_word' id='word_1_271' title='bbox 795 3260 849 3306; x_wconf 92' lang='lat' dir='ltr'><strong>tu</strong></span> <span class='ocrx_word' id='word_1_272' title='bbox 876 3265 1145 3321; x_wconf 87' lang='lat' dir='ltr'><strong>nunquam</strong></span> <span class='ocrx_word' id='word_1_273' title='bbox 1168 3250 1324 3306; x_wconf 90' lang='lat' dir='ltr'><strong>ﬁnire</strong></span> <span class='ocrx_word' id='word_1_274' title='bbox 1347 3248 1594 3305; x_wconf 87' lang='lat' dir='ltr'><strong>statuisti.</strong></span> <span class='ocrx_word' id='word_1_275' title='bbox 1621 3250 1889 3319; x_wconf 89' lang='lat' dir='ltr'><strong>Sapientia</strong></span> <span class='ocrx_word' id='word_1_276' title='bbox 1914 3257 1997 3305; x_wconf 89' lang='lat' dir='ltr'><strong>est</strong></span> 
     </span>
    </p>
   </div>
   <div class='ocr_carea' id='block_1_35' title="bbox 384 3340 1991 3413">
    <p class='ocr_par' dir='ltr' id='par_1_35' title="bbox 384 3340 1991 3413">
     <span class='ocr_line' id='line_1_35' title="bbox 384 3340 1991 3413; baseline -0.001 -14"><span class='ocrx_word' id='word_1_277' title='bbox 384 3396 385 3399; x_wconf 44' lang='grc' dir='ltr'><strong>η</strong></span> <span class='ocrx_word' id='word_1_278' title='bbox 420 3343 504 3397; x_wconf 85' lang='lat' dir='ltr'><strong>via</strong></span> <span class='ocrx_word' id='word_1_279' title='bbox 535 3351 679 3398; x_wconf 89' lang='lat' dir='ltr'><strong>recta</strong></span> <span class='ocrx_word' id='word_1_280' title='bbox 700 3383 715 3407; x_wconf 90' lang='lat'><strong>,</strong></span> <span class='ocrx_word' id='word_1_281' title='bbox 745 3359 865 3413; x_wconf 70' lang='lat' dir='ltr'><strong>quae</strong></span> <span class='ocrx_word' id='word_1_282' title='bbox 890 3342 957 3397; x_wconf 90' lang='lat' dir='ltr'><strong>ad</strong></span> <span class='ocrx_word' id='word_1_283' title='bbox 980 3343 1256 3398; x_wconf 87' lang='lat' dir='ltr'><strong>veritatem</strong></span> <span class='ocrx_word' id='word_1_284' title='bbox 1284 3342 1461 3397; x_wconf 88' lang='lat' dir='ltr'><strong>ducat.</strong></span> <span class='ocrx_word' id='word_1_285' title='bbox 1492 3342 1748 3397; x_wconf 87' lang='lat' dir='ltr'><strong>Similiter</strong></span> <span class='ocrx_word' id='word_1_286' title='bbox 1775 3349 1829 3396; x_wconf 92' lang='lat' dir='ltr'><strong>ct</strong></span> <span class='ocrx_word' id='word_1_287' title='bbox 1857 3340 1959 3398; x_wconf 88' lang='lat' dir='ltr'><strong>hoc</strong></span> <span class='ocrx_word' id='word_1_288' title='bbox 1977 3382 1991 3408; x_wconf 92' lang='lat'><strong>,</strong></span> 
     </span>
    </p>
   </div>
   <div class='ocr_carea' id='block_1_36' title="bbox 419 3432 1993 3503">
    <p class='ocr_par' dir='ltr' id='par_1_36' title="bbox 419 3432 1993 3503">
     <span class='ocr_line' id='line_1_36' title="bbox 419 3432 1993 3503; baseline 0 -15"><span class='ocrx_word' id='word_1_289' title='bbox 419 3435 591 3503; x_wconf 90' lang='lat' dir='ltr'><strong>inquit</strong></span> <span class='ocrx_word' id='word_1_290' title='bbox 620 3435 727 3502; x_wconf 91' lang='lat' dir='ltr'><strong>ille,</strong></span> <span class='ocrx_word' id='word_1_291' title='bbox 748 3434 1002 3490; x_wconf 80' lang='lat' dir='ltr'><strong>refellitur</strong></span> <span class='ocrx_word' id='word_1_292' title='bbox 1025 3452 1038 3486; x_wconf 91' lang='lat'><strong><em>:</em></strong></span> <span class='ocrx_word' id='word_1_293' title='bbox 1066 3449 1187 3488; x_wconf 90' lang='lat' dir='ltr'><strong>nam</strong></span> <span class='ocrx_word' id='word_1_294' title='bbox 1203 3433 1329 3489; x_wconf 91' lang='lat' dir='ltr'><strong>dum</strong></span> <span class='ocrx_word' id='word_1_295' title='bbox 1346 3433 1484 3503; x_wconf 90' lang='lat' dir='ltr'><strong>apud</strong></span> <span class='ocrx_word' id='word_1_296' title='bbox 1510 3432 1781 3503; x_wconf 79' lang='lat' dir='ltr'><strong>Virgilium</strong></span> <span class='ocrx_word' id='word_1_297' title='bbox 1809 3432 1993 3489; x_wconf 57' lang='lat' dir='ltr'><strong>{Eneze</strong></span> 
     </span>
    </p>
   </div>
   <div class='ocr_carea' id='block_1_37' title="bbox 422 3526 1021 3581">
    <p class='ocr_par' dir='ltr' id='par_1_37' title="bbox 422 3526 1021 3581">
     <span class='ocr_line' id='line_1_37' title="bbox 422 3526 1021 3581; baseline 0.003 -2"><span class='ocrx_word' id='word_1_298' title='bbox 422 3526 619 3581; x_wconf 89' lang='lat' dir='ltr'><strong>dictum</strong></span> <span class='ocrx_word' id='word_1_299' title='bbox 650 3535 731 3580; x_wconf 90' lang='lat' dir='ltr'><strong>est</strong></span> <span class='ocrx_word' id='word_1_300' title='bbox 757 3541 787 3580; x_wconf 92' lang='lat' dir='ltr'><strong>a</strong></span> <span class='ocrx_word' id='word_1_301' title='bbox 815 3534 982 3581; x_wconf 88' lang='lat' dir='ltr'><strong>matre</strong></span> <span class='ocrx_word' id='word_1_302' title='bbox 1006 3544 1021 3581; x_wconf 90' lang='lat'><strong>:</strong></span> 
     </span>
    </p>
   </div>
   <div class='ocr_carea' id='block_1_38' title="bbox 540 3617 1827 3682">
    <p class='ocr_par' dir='ltr' id='par_1_38' title="bbox 540 3617 1827 3682">
     <span class='ocr_line' id='line_1_38' title="bbox 540 3617 1827 3682; baseline -0.001 -14"><span class='ocrx_word' id='word_1_303' title='bbox 540 3626 696 3681; x_wconf 80' lang='lat' dir='ltr'><strong>Perge</strong></span> <span class='ocrx_word' id='word_1_304' title='bbox 714 3618 873 3679; x_wconf 90' lang='lat' dir='ltr'><strong>modo,</strong></span> <span class='ocrx_word' id='word_1_305' title='bbox 898 3625 951 3670; x_wconf 91' lang='lat' dir='ltr'><strong>et</strong></span> <span class='ocrx_word' id='word_1_306' title='bbox 970 3630 1066 3682; x_wconf 88' lang='lat' dir='ltr'><strong>qua</strong></span> <span class='ocrx_word' id='word_1_307' title='bbox 1086 3625 1139 3669; x_wconf 89' lang='lat' dir='ltr'><strong>te</strong></span> <span class='ocrx_word' id='word_1_308' title='bbox 1159 3617 1291 3669; x_wconf 88' lang='lat' dir='ltr'><strong>ducit</strong></span> <span class='ocrx_word' id='word_1_309' title='bbox 1312 3620 1389 3670; x_wconf 86' lang='lat' dir='ltr'><strong>via</strong></span> <span class='ocrx_word' id='word_1_310' title='bbox 1408 3618 1565 3682; x_wconf 77' lang='lat' dir='ltr'><strong>dirige</strong></span> <span class='ocrx_word' id='word_1_311' title='bbox 1588 3631 1827 3682; x_wconf 84' lang='lat' dir='ltr'><strong>gressum.</strong></span> 
     </span>
    </p>
   </div>
   <div class='ocr_carea' id='block_1_39' title="bbox 1225 3699 1722 3774">
    <p class='ocr_par' dir='ltr' id='par_1_39' title="bbox 1225 3699 1722 3774">
     <span class='ocr_line' id='line_1_39' title="bbox 1225 3699 1722 3774; baseline 0 -19"><span class='ocrx_word' id='word_1_312' title='bbox 1225 3699 1460 3774; x_wconf 68' lang='lat' dir='ltr'><strong>(Eneid.</strong></span> <span class='ocrx_word' id='word_1_313' title='bbox 1489 3704 1541 3766; x_wconf 87' lang='lat' dir='ltr'><strong>l,</strong></span> <span class='ocrx_word' id='word_1_314' title='bbox 1572 3700 1722 3774; x_wconf 74' lang='lat' dir='ltr'><strong>too.)</strong></span> 
     </span>
    </p>
   </div>
   <div class='ocr_carea' id='block_1_40' title="bbox 416 3791 1995 3864">
    <p class='ocr_par' dir='ltr' id='par_1_40' title="bbox 416 3791 1995 3864">
     <span class='ocr_line' id='line_1_40' title="bbox 416 3791 1995 3864; baseline -0.002 -14"><span class='ocrx_word' id='word_1_315' title='bbox 416 3808 647 3864; x_wconf 85' lang='lat' dir='ltr'><strong>sequens</strong></span> <span class='ocrx_word' id='word_1_316' title='bbox 671 3794 807 3849; x_wconf 87' lang='lat' dir='ltr'><strong>hanc</strong></span> <span class='ocrx_word' id='word_1_317' title='bbox 829 3794 969 3848; x_wconf 90' lang='lat' dir='ltr'><strong>viam</strong></span> <span class='ocrx_word' id='word_1_318' title='bbox 997 3793 1064 3848; x_wconf 91' lang='lat' dir='ltr'><strong>ad</strong></span> <span class='ocrx_word' id='word_1_319' title='bbox 1094 3792 1147 3849; x_wconf 92' lang='lat' dir='ltr'><strong>id</strong></span> <span class='ocrx_word' id='word_1_320' title='bbox 1172 3792 1313 3863; x_wconf 90' lang='lat' dir='ltr'><strong>quod</strong></span> <span class='ocrx_word' id='word_1_321' title='bbox 1337 3792 1534 3848; x_wconf 90' lang='lat' dir='ltr'><strong>dictum</strong></span> <span class='ocrx_word' id='word_1_322' title='bbox 1558 3802 1704 3858; x_wconf 88' lang='lat' dir='ltr'><strong>erat,</strong></span> <span class='ocrx_word' id='word_1_323' title='bbox 1736 3792 1789 3848; x_wconf 90' lang='lat' dir='ltr'><strong>id</strong></span> <span class='ocrx_word' id='word_1_324' title='bbox 1816 3800 1900 3849; x_wconf 91' lang='lat' dir='ltr'><strong>est</strong></span> <span class='ocrx_word' id='word_1_325' title='bbox 1927 3791 1995 3848; x_wconf 91' lang='lat' dir='ltr'><strong>ad</strong></span> 
     </span>
    </p>
   </div>
   <div class='ocr_carea' id='block_1_41' title="bbox 415 3885 1994 3958">
    <p class='ocr_par' dir='ltr' id='par_1_41' title="bbox 415 3885 1994 3958">
     <span class='ocr_line' id='line_1_41' title="bbox 415 3885 1994 3958; baseline 0.001 -17"><span class='ocrx_word' id='word_1_326' title='bbox 415 3900 600 3941; x_wconf 86' lang='lat' dir='ltr'><strong>verum</strong></span> <span class='ocrx_word' id='word_1_327' title='bbox 618 3928 630 3951; x_wconf 98' lang='lat'><strong>,</strong></span> <span class='ocrx_word' id='word_1_328' title='bbox 660 3887 919 3958; x_wconf 87' lang='lat' dir='ltr'><strong>pervenit.</strong></span> <span class='ocrx_word' id='word_1_329' title='bbox 946 3885 1242 3953; x_wconf 89' lang='lat' dir='ltr'><strong>Contende,</strong></span> <span class='ocrx_word' id='word_1_330' title='bbox 1270 3885 1314 3941; x_wconf 91' lang='lat' dir='ltr'><strong>si</strong></span> <span class='ocrx_word' id='word_1_331' title='bbox 1346 3886 1544 3955; x_wconf 88' lang='lat' dir='ltr'><strong>placet,</strong></span> <span class='ocrx_word' id='word_1_332' title='bbox 1576 3886 1665 3941; x_wconf 91' lang='lat' dir='ltr'><strong>ubi</strong></span> <span class='ocrx_word' id='word_1_333' title='bbox 1691 3886 1878 3957; x_wconf 90' lang='lat' dir='ltr'><strong>pedem</strong></span> <span class='ocrx_word' id='word_1_334' title='bbox 1907 3886 1994 3943; x_wconf 88' lang='lat' dir='ltr'><strong>ille</strong></span> 
     </span>
    </p>
   </div>
   <div class='ocr_carea' id='block_1_42' title="bbox 418 3975 1992 4049">
    <p class='ocr_par' dir='ltr' id='par_1_42' title="bbox 418 3975 1992 4049">
     <span class='ocr_line' id='line_1_42' title="bbox 418 3975 1992 4049; baseline 0.001 -18"><span class='ocrx_word' id='word_1_335' title='bbox 418 3976 669 4032; x_wconf 88' lang='lat' dir='ltr'><strong>incedens</strong></span> <span class='ocrx_word' id='word_1_336' title='bbox 710 3978 918 4048; x_wconf 88' lang='lat' dir='ltr'><strong>posuit,</strong></span> <span class='ocrx_word' id='word_1_337' title='bbox 959 3975 1269 4046; x_wconf 88' lang='lat' dir='ltr'><strong>sapientiam</strong></span> <span class='ocrx_word' id='word_1_338' title='bbox 1313 3991 1469 4046; x_wconf 87' lang='lat' dir='ltr'><strong>posse</strong></span> <span class='ocrx_word' id='word_1_339' title='bbox 1506 3976 1609 4033; x_wconf 87' lang='lat' dir='ltr'><strong>dici</strong></span> <span class='ocrx_word' id='word_1_340' title='bbox 1642 3993 1656 4031; x_wconf 90' lang='lat'><strong>:</strong></span> <span class='ocrx_word' id='word_1_341' title='bbox 1694 3992 1992 4049; x_wconf 89' lang='lat' dir='ltr'><strong>quanquam</strong></span> 
     </span>
    </p>
   </div>
   <div class='ocr_carea' id='block_1_43' title="bbox 416 4066 1993 4138">
    <p class='ocr_par' dir='ltr' id='par_1_43' title="bbox 416 4066 1993 4138">
     <span class='ocr_line' id='line_1_43' title="bbox 416 4066 1993 4138; baseline 0.002 -17"><span class='ocrx_word' id='word_1_342' title='bbox 416 4068 577 4122; x_wconf 87' lang='lat' dir='ltr'><strong>stulte</strong></span> <span class='ocrx_word' id='word_1_343' title='bbox 619 4083 834 4137; x_wconf 88' lang='lat' dir='ltr'><strong>prorsus</strong></span> <span class='ocrx_word' id='word_1_344' title='bbox 883 4067 1037 4122; x_wconf 90' lang='lat' dir='ltr'><strong>istam</strong></span> <span class='ocrx_word' id='word_1_345' title='bbox 1082 4066 1489 4135; x_wconf 89' lang='lat' dir='ltr'><strong>descriptionem</strong></span> <span class='ocrx_word' id='word_1_346' title='bbox 1533 4073 1673 4123; x_wconf 88' lang='lat' dir='ltr'><strong>tuam</strong></span> <span class='ocrx_word' id='word_1_347' title='bbox 1715 4066 1993 4138; x_wconf 83' lang='lat' dir='ltr'><strong>ell‘ringere</strong></span> 
     </span>
    </p>
   </div>
   <div class='ocr_carea' id='block_1_44' title="bbox 416 4161 1990 4231">
    <p class='ocr_par' dir='ltr' id='par_1_44' title="bbox 416 4161 1990 4231">
     <span class='ocr_line' id='line_1_44' title="bbox 416 4161 1990 4231; baseline 0.001 -15"><span class='ocrx_word' id='word_1_348' title='bbox 416 4176 614 4225; x_wconf 90' lang='lat' dir='ltr'><strong>conor;</strong></span> <span class='ocrx_word' id='word_1_349' title='bbox 646 4177 767 4216; x_wconf 90' lang='lat' dir='ltr'><strong>nam</strong></span> <span class='ocrx_word' id='word_1_350' title='bbox 788 4177 1000 4216; x_wconf 88' lang='lat' dir='ltr'><strong>causam</strong></span> <span class='ocrx_word' id='word_1_351' title='bbox 1030 4176 1201 4216; x_wconf 88' lang='lat' dir='ltr'><strong>meam</strong></span> <span class='ocrx_word' id='word_1_352' title='bbox 1222 4161 1363 4215; x_wconf 90' lang='lat' dir='ltr'><strong>nulla</strong></span> <span class='ocrx_word' id='word_1_353' title='bbox 1391 4162 1508 4230; x_wconf 87' lang='lat' dir='ltr'><strong>plus</strong></span> <span class='ocrx_word' id='word_1_354' title='bbox 1531 4161 1761 4231; x_wconf 84' lang='lat' dir='ltr'><strong>adjuvat.</strong></span> <span class='ocrx_word' id='word_1_355' title='bbox 1785 4163 1990 4219; x_wconf 86' lang='lat' dir='ltr'><strong>Etenim</strong></span> 
     </span>
    </p>
   </div>
   <div class='ocr_carea' id='block_1_45' title="bbox 416 4251 1991 4323">
    <p class='ocr_par' dir='ltr' id='par_1_45' title="bbox 416 4251 1991 4323">
     <span class='ocr_line' id='line_1_45' title="bbox 416 4251 1991 4323; baseline 0.002 -18"><span class='ocrx_word' id='word_1_356' title='bbox 416 4252 729 4321; x_wconf 87' lang='lat' dir='ltr'><strong>sapientiam</strong></span> <span class='ocrx_word' id='word_1_357' title='bbox 773 4267 876 4307; x_wconf 89' lang='lat' dir='ltr'><strong>non</strong></span> <span class='ocrx_word' id='word_1_358' title='bbox 918 4253 1083 4322; x_wconf 91' lang='lat' dir='ltr'><strong>ipsam</strong></span> <span class='ocrx_word' id='word_1_359' title='bbox 1122 4252 1430 4315; x_wconf 90' lang='lat' dir='ltr'><strong>veritatem,</strong></span> <span class='ocrx_word' id='word_1_360' title='bbox 1464 4251 1557 4307; x_wconf 88' lang='lat' dir='ltr'><strong>sed</strong></span> <span class='ocrx_word' id='word_1_361' title='bbox 1597 4253 1733 4306; x_wconf 91' lang='lat' dir='ltr'><strong>viam</strong></span> <span class='ocrx_word' id='word_1_362' title='bbox 1773 4270 1889 4323; x_wconf 72' lang='lat' dir='ltr'><strong>qum</strong></span> <span class='ocrx_word' id='word_1_363' title='bbox 1924 4253 1991 4308; x_wconf 88' lang='lat' dir='ltr'><strong>ad</strong></span> 
     </span>
    </p>
   </div>
   <div class='ocr_carea' id='block_1_46' title="bbox 414 4342 1987 4414">
    <p class='ocr_par' dir='ltr' id='par_1_46' title="bbox 414 4342 1987 4414">
     <span class='ocr_line' id='line_1_46' title="bbox 414 4342 1987 4414; baseline 0.001 -16"><span class='ocrx_word' id='word_1_364' title='bbox 414 4358 534 4398; x_wconf 89' lang='lat' dir='ltr'><strong>eam</strong></span> <span class='ocrx_word' id='word_1_365' title='bbox 557 4342 733 4409; x_wconf 88' lang='lat' dir='ltr'><strong>ducat,</strong></span> <span class='ocrx_word' id='word_1_366' title='bbox 765 4359 884 4399; x_wconf 91' lang='lat' dir='ltr'><strong>esse</strong></span> <span class='ocrx_word' id='word_1_367' title='bbox 908 4344 1106 4399; x_wconf 85' lang='lat' dir='ltr'><strong>dixisti.</strong></span> <span class='ocrx_word' id='word_1_368' title='bbox 1132 4344 1381 4413; x_wconf 89' lang='lat' dir='ltr'><strong>Quisquis</strong></span> <span class='ocrx_word' id='word_1_369' title='bbox 1403 4359 1527 4414; x_wconf 89' lang='lat' dir='ltr'><strong>ergo</strong></span> <span class='ocrx_word' id='word_1_370' title='bbox 1552 4343 1652 4398; x_wconf 89' lang='lat' dir='ltr'><strong>hac</strong></span> <span class='ocrx_word' id='word_1_371' title='bbox 1678 4344 1840 4399; x_wconf 88' lang='lat' dir='ltr'><strong>utitur</strong></span> <span class='ocrx_word' id='word_1_372' title='bbox 1867 4346 1950 4399; x_wconf 90' lang='lat' dir='ltr'><strong>via</strong></span> <span class='ocrx_word' id='word_1_373' title='bbox 1971 4386 1987 4411; x_wconf 93' lang='lat'><strong>,</strong></span> 
     </span>
    </p>
   </div>
   <div class='ocr_carea' id='block_1_47' title="bbox 412 4434 1993 4514">
    <p class='ocr_par' dir='ltr' id='par_1_47' title="bbox 412 4434 1993 4514">
     <span class='ocr_line' id='line_1_47' title="bbox 412 4434 1993 4514; baseline 0 -24"><span class='ocrx_word' id='word_1_374' title='bbox 412 4435 670 4503; x_wconf 87' lang='lat' dir='ltr'><strong>sapientia</strong></span> <span class='ocrx_word' id='word_1_375' title='bbox 698 4436 937 4506; x_wconf 87' lang='lat' dir='ltr'><strong>profecto</strong></span> <span class='ocrx_word' id='word_1_376' title='bbox 962 4435 1162 4498; x_wconf 86' lang='lat' dir='ltr'><strong>utitur;</strong></span> <span class='ocrx_word' id='word_1_377' title='bbox 1194 4443 1246 4489; x_wconf 93' lang='lat' dir='ltr'><strong>et</strong></span> <span class='ocrx_word' id='word_1_378' title='bbox 1275 4434 1363 4503; x_wconf 92' lang='lat' dir='ltr'><strong>qui</strong></span> <span class='ocrx_word' id='word_1_379' title='bbox 1398 4435 1874 4514; x_wconf 83' lang='lat' dir='ltr'><strong>sapientiautitur,</strong></span> <span class='ocrx_word' id='word_1_380' title='bbox 1906 4452 1993 4490; x_wconf 88' lang='lat' dir='ltr'><strong>sa-</strong></span> 
     </span>
    </p>
   </div>
   <div class='ocr_carea' id='block_1_48' title="bbox 418 4525 1993 4597">
    <p class='ocr_par' dir='ltr' id='par_1_48' title="bbox 418 4525 1993 4597">
     <span class='ocr_line' id='line_1_48' title="bbox 418 4525 1993 4597; baseline 0.001 -17"><span class='ocrx_word' id='word_1_381' title='bbox 418 4528 569 4595; x_wconf 90' lang='lat' dir='ltr'><strong>piens</strong></span> <span class='ocrx_word' id='word_1_382' title='bbox 593 4529 662 4582; x_wconf 88' lang='lat' dir='ltr'><strong>sit</strong></span> <span class='ocrx_word' id='word_1_383' title='bbox 684 4543 902 4583; x_wconf 88' lang='lat' dir='ltr'><strong>nccesse</strong></span> <span class='ocrx_word' id='word_1_384' title='bbox 926 4535 1007 4581; x_wconf 91' lang='lat' dir='ltr'><strong>est</strong></span> <span class='ocrx_word' id='word_1_385' title='bbox 1031 4545 1044 4580; x_wconf 91' lang='lat'><strong>:</strong></span> <span class='ocrx_word' id='word_1_386' title='bbox 1077 4527 1287 4596; x_wconf 89' lang='lat' dir='ltr'><strong>sapiens</strong></span> <span class='ocrx_word' id='word_1_387' title='bbox 1315 4525 1469 4596; x_wconf 87' lang='lat' dir='ltr'><strong>igitur</strong></span> <span class='ocrx_word' id='word_1_388' title='bbox 1493 4525 1593 4580; x_wconf 89' lang='lat' dir='ltr'><strong>erit</strong></span> <span class='ocrx_word' id='word_1_389' title='bbox 1620 4525 1728 4591; x_wconf 91' lang='lat' dir='ltr'><strong>ille,</strong></span> <span class='ocrx_word' id='word_1_390' title='bbox 1760 4527 1847 4595; x_wconf 92' lang='lat' dir='ltr'><strong>qui</strong></span> <span class='ocrx_word' id='word_1_391' title='bbox 1872 4542 1993 4597; x_wconf 89' lang='lat' dir='ltr'><strong>per-</strong></span> 
     </span>
    </p>
   </div>
   <div class='ocr_carea' id='block_1_49' title="bbox 354 4616 1988 4688">
    <p class='ocr_par' dir='ltr' id='par_1_49' title="bbox 354 4616 1988 4688">
     <span class='ocr_line' id='line_1_49' title="bbox 354 4616 1988 4688; baseline 0.002 -18"><span class='ocrx_word' id='word_1_392' title='bbox 354 4684 358 4688; x_wconf 16' lang='lat'><strong>,</strong></span> <span class='ocrx_word' id='word_1_393' title='bbox 417 4618 553 4672; x_wconf 89' lang='lat' dir='ltr'><strong>fecte</strong></span> <span class='ocrx_word' id='word_1_394' title='bbox 594 4618 859 4687; x_wconf 85' lang='lat' dir='ltr'><strong>quaesierit</strong></span> <span class='ocrx_word' id='word_1_395' title='bbox 899 4618 1208 4683; x_wconf 88' lang='lat' dir='ltr'><strong>veritatem,</strong></span> <span class='ocrx_word' id='word_1_396' title='bbox 1252 4617 1458 4672; x_wconf 89' lang='lat' dir='ltr'><strong>etiamsi</strong></span> <span class='ocrx_word' id='word_1_397' title='bbox 1500 4616 1567 4671; x_wconf 86' lang='lat' dir='ltr'><strong>ad</strong></span> <span class='ocrx_word' id='word_1_398' title='bbox 1604 4632 1719 4672; x_wconf 87' lang='lat' dir='ltr'><strong>eam</strong></span> <span class='ocrx_word' id='word_1_399' title='bbox 1759 4618 1988 4673; x_wconf 90' lang='lat' dir='ltr'><strong>nondum</strong></span> 
     </span>
    </p>
   </div>
   <div class='ocr_carea' id='block_1_50' title="bbox 334 4708 1985 4798">
    <p class='ocr_par' dir='ltr' id='par_1_50' title="bbox 334 4708 1985 4798">
     <span class='ocr_line' id='line_1_50' title="bbox 334 4708 1985 4798; baseline 0.001 -36"><span class='ocrx_word' id='word_1_400' title='bbox 334 4744 366 4798; x_wconf 34' lang='grc' dir='ltr'><strong><em>ὦ</em></strong></span> <span class='ocrx_word' id='word_1_401' title='bbox 418 4710 736 4778; x_wconf 83' lang='lat' dir='ltr'><strong>pervenerit.</strong></span> <span class='ocrx_word' id='word_1_402' title='bbox 776 4708 907 4764; x_wconf 88' lang='lat' dir='ltr'><strong>Nam</strong></span> <span class='ocrx_word' id='word_1_403' title='bbox 936 4710 1018 4764; x_wconf 91' lang='lat' dir='ltr'><strong>via</strong></span> <span class='ocrx_word' id='word_1_404' title='bbox 1047 4724 1165 4779; x_wconf 80' lang='lat' dir='ltr'><strong>quae</strong></span> <span class='ocrx_word' id='word_1_405' title='bbox 1200 4708 1344 4763; x_wconf 89' lang='lat' dir='ltr'><strong>ducit</strong></span> <span class='ocrx_word' id='word_1_406' title='bbox 1372 4708 1437 4762; x_wconf 91' lang='lat' dir='ltr'><strong>ad</strong></span> <span class='ocrx_word' id='word_1_407' title='bbox 1467 4709 1741 4763; x_wconf 88' lang='lat' dir='ltr'><strong>veritatem</strong></span> <span class='ocrx_word' id='word_1_408' title='bbox 1767 4751 1782 4775; x_wconf 94' lang='lat'><strong>,</strong></span> <span class='ocrx_word' id='word_1_409' title='bbox 1812 4710 1948 4764; x_wconf 90' lang='lat' dir='ltr'><strong>nulla</strong></span> <span class='ocrx_word' id='word_1_410' title='bbox 1970 4752 1985 4778; x_wconf 95' lang='lat'><strong>,</strong></span> 
     </span>
    </p>
   </div>
   <div class='ocr_carea' id='block_1_51' title="bbox 337 4798 1988 4871">
    <p class='ocr_par' dir='ltr' id='par_1_51' title="bbox 337 4798 1988 4871">
     <span class='ocr_line' id='line_1_51' title="bbox 337 4798 1988 4871; baseline 0.002 -19"><span class='ocrx_word' id='word_1_411' title='bbox 337 4807 363 4852; x_wconf 76' lang='lat'><strong><em>:</em></strong></span> <span class='ocrx_word' id='word_1_412' title='bbox 414 4801 489 4855; x_wconf 87' lang='lat' dir='ltr'><strong>uti</strong></span> <span class='ocrx_word' id='word_1_413' title='bbox 511 4801 721 4870; x_wconf 90' lang='lat' dir='ltr'><strong>opinor,</strong></span> <span class='ocrx_word' id='word_1_414' title='bbox 754 4801 1060 4871; x_wconf 88' lang='lat' dir='ltr'><strong>intelligitur</strong></span> <span class='ocrx_word' id='word_1_415' title='bbox 1085 4799 1271 4855; x_wconf 91' lang='lat' dir='ltr'><strong>melius</strong></span> <span class='ocrx_word' id='word_1_416' title='bbox 1295 4814 1450 4868; x_wconf 90' lang='lat' dir='ltr'><strong>quam</strong></span> <span class='ocrx_word' id='word_1_417' title='bbox 1472 4798 1695 4868; x_wconf 82' lang='lat' dir='ltr'><strong>diligens</strong></span> <span class='ocrx_word' id='word_1_418' title='bbox 1722 4799 1988 4869; x_wconf 90' lang='lat' dir='ltr'><strong>inquisitio</strong></span> 
     </span>
    </p>
   </div>
   <div class='ocr_carea' id='block_1_52' title="bbox 413 4888 1987 4961">
    <p class='ocr_par' dir='ltr' id='par_1_52' title="bbox 413 4888 1987 4961">
     <span class='ocr_line' id='line_1_52' title="bbox 413 4888 1987 4961; baseline 0.001 -17"><span class='ocrx_word' id='word_1_419' title='bbox 413 4892 669 4945; x_wconf 89' lang='lat' dir='ltr'><strong>veritatis.</strong></span> <span class='ocrx_word' id='word_1_420' title='bbox 708 4890 816 4946; x_wconf 87' lang='lat' dir='ltr'><strong>Hac</strong></span> <span class='ocrx_word' id='word_1_421' title='bbox 844 4892 1002 4961; x_wconf 88' lang='lat' dir='ltr'><strong>igitur</strong></span> <span class='ocrx_word' id='word_1_422' title='bbox 1035 4890 1145 4945; x_wconf 88' lang='lat' dir='ltr'><strong>sola</strong></span> <span class='ocrx_word' id='word_1_423' title='bbox 1182 4888 1264 4943; x_wconf 92' lang='lat' dir='ltr'><strong>via</strong></span> <span class='ocrx_word' id='word_1_424' title='bbox 1303 4898 1489 4951; x_wconf 91' lang='lat' dir='ltr'><strong>utens,</strong></span> <span class='ocrx_word' id='word_1_425' title='bbox 1519 4890 1625 4958; x_wconf 89' lang='lat' dir='ltr'><strong>jam</strong></span> <span class='ocrx_word' id='word_1_426' title='bbox 1656 4890 1753 4944; x_wconf 86' lang='lat' dir='ltr'><strong>iste</strong></span> <span class='ocrx_word' id='word_1_427' title='bbox 1778 4891 1987 4960; x_wconf 90' lang='lat' dir='ltr'><strong>sapiens</strong></span> 
     </span>
    </p>
   </div>
   <div class='ocr_carea' id='block_1_53' title="bbox 412 4978 1987 5049">
    <p class='ocr_par' dir='ltr' id='par_1_53' title="bbox 412 4978 1987 5049">
     <span class='ocr_line' id='line_1_53' title="bbox 412 4978 1987 5049; baseline 0 -14"><span class='ocrx_word' id='word_1_428' title='bbox 412 4981 514 5035; x_wconf 88' lang='lat' dir='ltr'><strong>erit</strong></span> <span class='ocrx_word' id='word_1_429' title='bbox 538 5000 549 5034; x_wconf 90' lang='lat'><strong>:</strong></span> <span class='ocrx_word' id='word_1_430' title='bbox 580 4990 634 5034; x_wconf 92' lang='lat' dir='ltr'><strong>at</strong></span> <span class='ocrx_word' id='word_1_431' title='bbox 662 4996 819 5035; x_wconf 84' lang='lat' dir='ltr'><strong>nemo</strong></span> <span class='ocrx_word' id='word_1_432' title='bbox 846 4980 1055 5049; x_wconf 87' lang='lat' dir='ltr'><strong>sapiens</strong></span> <span class='ocrx_word' id='word_1_433' title='bbox 1082 4978 1279 5045; x_wconf 89' lang='lat' dir='ltr'><strong>miser;</strong></span> <span class='ocrx_word' id='word_1_434' title='bbox 1311 4979 1484 5033; x_wconf 90' lang='lat' dir='ltr'><strong>omnis</strong></span> <span class='ocrx_word' id='word_1_435' title='bbox 1512 4988 1685 5033; x_wconf 91' lang='lat' dir='ltr'><strong>autem</strong></span> <span class='ocrx_word' id='word_1_436' title='bbox 1713 4978 1869 5034; x_wconf 90' lang='lat' dir='ltr'><strong>homo</strong></span> <span class='ocrx_word' id='word_1_437' title='bbox 1895 4989 1987 5035; x_wconf 90' lang='lat' dir='ltr'><strong>aut</strong></span> 
     </span>
    </p>
   </div>
   <div class='ocr_carea' id='block_1_54' title="bbox 412 5069 1983 5139">
    <p class='ocr_par' dir='ltr' id='par_1_54' title="bbox 412 5069 1983 5139">
     <span class='ocr_line' id='line_1_54' title="bbox 412 5069 1983 5139; baseline 0.003 -15"><span class='ocrx_word' id='word_1_438' title='bbox 412 5072 574 5125; x_wconf 89' lang='lat' dir='ltr'><strong>miser</strong></span> <span class='ocrx_word' id='word_1_439' title='bbox 595 5112 607 5136; x_wconf 92' lang='lat'><strong>,</strong></span> <span class='ocrx_word' id='word_1_440' title='bbox 643 5080 734 5126; x_wconf 89' lang='lat' dir='ltr'><strong>aut</strong></span> <span class='ocrx_word' id='word_1_441' title='bbox 773 5071 959 5125; x_wconf 88' lang='lat' dir='ltr'><strong>beatus</strong></span> <span class='ocrx_word' id='word_1_442' title='bbox 990 5086 1002 5123; x_wconf 91' lang='lat'><strong>:</strong></span> <span class='ocrx_word' id='word_1_443' title='bbox 1034 5070 1244 5125; x_wconf 87' lang='lat' dir='ltr'><strong>beatum</strong></span> <span class='ocrx_word' id='word_1_444' title='bbox 1283 5070 1440 5139; x_wconf 86' lang='lat' dir='ltr'><strong>igitur</strong></span> <span class='ocrx_word' id='word_1_445' title='bbox 1467 5069 1619 5124; x_wconf 83' lang='lat' dir='ltr'><strong>faciet</strong></span> <span class='ocrx_word' id='word_1_446' title='bbox 1648 5087 1752 5125; x_wconf 91' lang='lat' dir='ltr'><strong>non</strong></span> <span class='ocrx_word' id='word_1_447' title='bbox 1784 5080 1983 5128; x_wconf 90' lang='lat' dir='ltr'><strong>tantum</strong></span> 
     </span>
    </p>
   </div>
   <div class='ocr_carea' id='block_1_55' title="bbox 411 5162 1777 5232">
    <p class='ocr_par' dir='ltr' id='par_1_55' title="bbox 411 5162 1777 5232">
     <span class='ocr_line' id='line_1_55' title="bbox 411 5162 1777 5232; baseline -0.001 -17"><span class='ocrx_word' id='word_1_448' title='bbox 411 5162 665 5227; x_wconf 81' lang='lat' dir='ltr'><strong>inventio,</strong></span> <span class='ocrx_word' id='word_1_449' title='bbox 694 5162 787 5217; x_wconf 90' lang='lat' dir='ltr'><strong>sed</strong></span> <span class='ocrx_word' id='word_1_450' title='bbox 819 5163 927 5232; x_wconf 87' lang='lat' dir='ltr'><strong>ipsa</strong></span> <span class='ocrx_word' id='word_1_451' title='bbox 963 5178 1056 5232; x_wconf 88' lang='lat' dir='ltr'><strong>per</strong></span> <span class='ocrx_word' id='word_1_452' title='bbox 1082 5177 1139 5218; x_wconf 92' lang='lat' dir='ltr'><strong>se</strong></span> <span class='ocrx_word' id='word_1_453' title='bbox 1166 5162 1493 5231; x_wconf 89' lang='lat' dir='ltr'><strong>investigatio</strong></span> <span class='ocrx_word' id='word_1_454' title='bbox 1524 5162 1777 5218; x_wconf 85' lang='lat' dir='ltr'><strong>veritatis.</strong></span> 
     </span>
    </p>
   </div>
   <div class='ocr_carea' id='block_1_56' title="bbox 479 5252 1982 5323">
    <p class='ocr_par' dir='ltr' id='par_1_56' title="bbox 479 5252 1982 5323">
     <span class='ocr_line' id='line_1_56' title="bbox 479 5252 1982 5323; baseline 0.003 -16"><span class='ocrx_word' id='word_1_455' title='bbox 479 5254 565 5309; x_wconf 82' lang='grc'><strong>15.</strong></span> <span class='ocrx_word' id='word_1_456' title='bbox 610 5254 869 5309; x_wconf 81' lang='lat' dir='ltr'><strong>Tum.i|le</strong></span> <span class='ocrx_word' id='word_1_457' title='bbox 906 5252 1182 5308; x_wconf 90' lang='lat' dir='ltr'><strong>arridens:</strong></span> <span class='ocrx_word' id='word_1_458' title='bbox 1214 5253 1399 5307; x_wconf 82' lang='lat' dir='ltr'><strong>Merito</strong></span> <span class='ocrx_word' id='word_1_459' title='bbox 1437 5252 1599 5317; x_wconf 92' lang='lat' dir='ltr'><strong>mihi,</strong></span> <span class='ocrx_word' id='word_1_460' title='bbox 1641 5252 1838 5323; x_wconf 89' lang='lat' dir='ltr'><strong>inquit,</strong></span> <span class='ocrx_word' id='word_1_461' title='bbox 1883 5254 1982 5312; x_wconf 88' lang='lat' dir='ltr'><strong>ista</strong></span> 
     </span>
    </p>
   </div>
   <div class='ocr_carea' id='block_1_57' title="bbox 405 5343 1981 5413">
    <p class='ocr_par' dir='ltr' id='par_1_57' title="bbox 405 5343 1981 5413">
     <span class='ocr_line' id='line_1_57' title="bbox 405 5343 1981 5413; baseline 0.004 -17"><span class='ocrx_word' id='word_1_462' title='bbox 405 5344 755 5413; x_wconf 86' lang='lat' dir='ltr'><strong>contingunt,</strong></span> <span class='ocrx_word' id='word_1_463' title='bbox 805 5344 932 5399; x_wconf 91' lang='lat' dir='ltr'><strong>dum</strong></span> <span class='ocrx_word' id='word_1_464' title='bbox 979 5343 1282 5399; x_wconf 89' lang='lat' dir='ltr'><strong>adversario</strong></span> <span class='ocrx_word' id='word_1_465' title='bbox 1329 5343 1383 5398; x_wconf 89' lang='lat' dir='ltr'><strong>in</strong></span> <span class='ocrx_word' id='word_1_466' title='bbox 1429 5359 1489 5398; x_wconf 89' lang='lat' dir='ltr'><strong>re</strong></span> <span class='ocrx_word' id='word_1_467' title='bbox 1534 5358 1641 5399; x_wconf 90' lang='lat' dir='ltr'><strong>non</strong></span> <span class='ocrx_word' id='word_1_468' title='bbox 1683 5348 1981 5402; x_wconf 90' lang='lat' dir='ltr'><strong>necessaria</strong></span> 
     </span>
    </p>
   </div>
   <div class='ocr_carea' id='block_1_58' title="bbox 409 5433 1981 5505">
    <p class='ocr_par' dir='ltr' id='par_1_58' title="bbox 409 5433 1981 5505">
     <span class='ocr_line' id='line_1_58' title="bbox 409 5433 1981 5505; baseline 0.003 -19"><span class='ocrx_word' id='word_1_469' title='bbox 409 5433 631 5488; x_wconf 77' lang='lat' dir='ltr'><strong>ﬁdenter</strong></span> <span class='ocrx_word' id='word_1_470' title='bbox 656 5436 951 5490; x_wconf 89' lang='lat' dir='ltr'><strong>assentior:</strong></span> <span class='ocrx_word' id='word_1_471' title='bbox 973 5434 1121 5505; x_wconf 90' lang='lat' dir='ltr'><strong>quasi</strong></span> <span class='ocrx_word' id='word_1_472' title='bbox 1148 5448 1273 5489; x_wconf 91' lang='lat' dir='ltr'><strong>vero</strong></span> <span class='ocrx_word' id='word_1_473' title='bbox 1299 5449 1396 5505; x_wconf 88' lang='lat' dir='ltr'><strong>ego</strong></span> <span class='ocrx_word' id='word_1_474' title='bbox 1422 5434 1520 5488; x_wconf 90' lang='lat' dir='ltr'><strong>sim</strong></span> <span class='ocrx_word' id='word_1_475' title='bbox 1550 5450 1770 5505; x_wconf 86' lang='lat' dir='ltr'><strong>magnus</strong></span> <span class='ocrx_word' id='word_1_476' title='bbox 1798 5436 1981 5493; x_wconf 90' lang='lat' dir='ltr'><strong>deﬁni-</strong></span> 
     </span>
    </p>
   </div>
   <div class='ocr_carea' id='block_1_59' title="bbox 406 5526 1979 5598">
    <p class='ocr_par' dir='ltr' id='par_1_59' title="bbox 406 5526 1979 5598">
     <span class='ocr_line' id='line_1_59' title="bbox 406 5526 1979 5598; baseline 0.006 -21"><span class='ocrx_word' id='word_1_477' title='bbox 406 5532 507 5589; x_wconf 87' lang='lat' dir='ltr'><strong>tor,</strong></span> <span class='ocrx_word' id='word_1_478' title='bbox 528 5535 617 5579; x_wconf 88' lang='lat' dir='ltr'><strong>aut</strong></span> <span class='ocrx_word' id='word_1_479' title='bbox 631 5526 915 5598; x_wconf 89' lang='lat' dir='ltr'><strong>quidquam</strong></span> <span class='ocrx_word' id='word_1_480' title='bbox 938 5528 989 5581; x_wconf 91' lang='lat' dir='ltr'><strong>in</strong></span> <span class='ocrx_word' id='word_1_481' title='bbox 1011 5526 1325 5597; x_wconf 89' lang='lat' dir='ltr'><strong>disputando</strong></span> <span class='ocrx_word' id='word_1_482' title='bbox 1344 5528 1513 5597; x_wconf 90' lang='lat' dir='ltr'><strong>magis</strong></span> <span class='ocrx_word' id='word_1_483' title='bbox 1531 5542 1979 5597; x_wconf 86' lang='lat' dir='ltr'><strong>supervacaneum</strong></span> 
     </span>
    </p>
   </div>
   <div class='ocr_carea' id='block_1_60' title="bbox 405 5618 1980 5690">
    <p class='ocr_par' dir='ltr' id='par_1_60' title="bbox 405 5618 1980 5690">
     <span class='ocr_line' id='line_1_60' title="bbox 405 5618 1980 5690; baseline 0.006 -20"><span class='ocrx_word' id='word_1_484' title='bbox 405 5626 603 5684; x_wconf 88' lang='lat' dir='ltr'><strong>putem.</strong></span> <span class='ocrx_word' id='word_1_485' title='bbox 631 5618 761 5685; x_wconf 86' lang='lat' dir='ltr'><strong>Quis</strong></span> <span class='ocrx_word' id='word_1_486' title='bbox 790 5619 931 5674; x_wconf 90' lang='lat' dir='ltr'><strong>enim</strong></span> <span class='ocrx_word' id='word_1_487' title='bbox 957 5619 1145 5675; x_wconf 90' lang='lat' dir='ltr'><strong>modus</strong></span> <span class='ocrx_word' id='word_1_488' title='bbox 1165 5619 1285 5686; x_wconf 90' lang='lat' dir='ltr'><strong>erit,</strong></span> <span class='ocrx_word' id='word_1_489' title='bbox 1310 5619 1355 5674; x_wconf 89' lang='lat' dir='ltr'><strong>si</strong></span> <span class='ocrx_word' id='word_1_490' title='bbox 1375 5634 1474 5690; x_wconf 92' lang='lat' dir='ltr'><strong>ego</strong></span> <span class='ocrx_word' id='word_1_491' title='bbox 1494 5636 1678 5676; x_wconf 89' lang='lat' dir='ltr'><strong>rursus</strong></span> <span class='ocrx_word' id='word_1_492' title='bbox 1703 5623 1860 5677; x_wconf 90' lang='lat' dir='ltr'><strong>velim</strong></span> <span class='ocrx_word' id='word_1_493' title='bbox 1888 5625 1980 5679; x_wconf 89' lang='lat' dir='ltr'><strong>dc-</strong></span> 
     </span>
    </p>
   </div>
   <div class='ocr_carea' id='block_1_61' title="bbox 401 5709 1975 5785">
    <p class='ocr_par' dir='ltr' id='par_1_61' title="bbox 401 5709 1975 5785">
     <span class='ocr_line' id='line_1_61' title="bbox 401 5709 1975 5785; baseline 0.004 -19"><span class='ocrx_word' id='word_1_494' title='bbox 401 5709 540 5766; x_wconf 82' lang='lat' dir='ltr'><strong>ﬁniri</strong></span> <span class='ocrx_word' id='word_1_495' title='bbox 577 5711 672 5768; x_wconf 88' lang='lat' dir='ltr'><strong>abs</strong></span> <span class='ocrx_word' id='word_1_496' title='bbox 710 5722 759 5769; x_wconf 91' lang='lat' dir='ltr'><strong>te</strong></span> <span class='ocrx_word' id='word_1_497' title='bbox 795 5713 1021 5785; x_wconf 88' lang='lat' dir='ltr'><strong>aliquid,</strong></span> <span class='ocrx_word' id='word_1_498' title='bbox 1060 5720 1115 5769; x_wconf 89' lang='lat' dir='ltr'><strong>et</strong></span> <span class='ocrx_word' id='word_1_499' title='bbox 1156 5726 1340 5769; x_wconf 90' lang='lat' dir='ltr'><strong>rursus</strong></span> <span class='ocrx_word' id='word_1_500' title='bbox 1376 5710 1615 5784; x_wconf 85' lang='lat' dir='ltr'><strong>ejusdem</strong></span> <span class='ocrx_word' id='word_1_501' title='bbox 1654 5712 1975 5774; x_wconf 91' lang='lat' dir='ltr'><strong>deﬁnitionis</strong></span> 
     </span>
    </p>
   </div>
   <div class='ocr_carea' id='block_1_62' title="bbox 1780 284 2287 350">
    <p class='ocr_par' dir='ltr' id='par_1_62' title="bbox 1780 284 2287 350">
     <span class='ocr_line' id='line_1_62' title="bbox 1780 284 2287 350; baseline -0.004 0"><span class='ocrx_word' id='word_1_502' title='bbox 1780 287 1982 350; x_wconf 81' lang='lat' dir='ltr'><strong>LIBER</strong></span> <span class='ocrx_word' id='word_1_503' title='bbox 2016 284 2287 348; x_wconf 80' lang='lat' dir='ltr'><strong>PRIMUS.</strong></span> 
     </span>
    </p>
   </div>
   <div class='ocr_carea' id='block_1_63' title="bbox 2482 224 2637 266">
    <p class='ocr_par' dir='ltr' id='par_1_63' title="bbox 2482 224 2637 266">
     <span class='ocr_line' id='line_1_63' title="bbox 2482 224 2637 266; baseline 0.006 -17"><span class='ocrx_word' id='word_1_504' title='bbox 2482 244 2499 249; x_wconf 87' lang='lat'><strong>..</strong></span> <span class='ocrx_word' id='word_1_505' title='bbox 2562 229 2583 261; x_wconf 46' lang='grc' dir='ltr'><strong>θ.</strong></span> <span class='ocrx_word' id='word_1_506' title='bbox 2607 224 2637 266; x_wconf 47' lang='grc' dir='ltr'><strong>⁷η</strong></span> 
     </span>
    </p>
   </div>
   <div class='ocr_carea' id='block_1_64' title="bbox 3566 298 3668 364">
    <p class='ocr_par' dir='ltr' id='par_1_64' title="bbox 3566 298 3668 364">
     <span class='ocr_line' id='line_1_64' title="bbox 3566 298 3668 364; baseline 0 0"><span class='ocrx_word' id='word_1_507' title='bbox 3566 298 3668 364; x_wconf 75' lang='grc' dir='ltr'><strong>9η</strong></span> 
     </span>
    </p>
   </div>
   <div class='ocr_carea' id='block_1_65' title="bbox 2097 408 3735 506">
    <p class='ocr_par' dir='ltr' id='par_1_65' title="bbox 2097 408 3735 506">
     <span class='ocr_line' id='line_1_65' title="bbox 2097 408 3735 506; baseline 0.012 -44"><span class='ocrx_word' id='word_1_508' title='bbox 2097 408 2278 476; x_wconf 89' lang='lat' dir='ltr'><strong>verba,</strong></span> <span class='ocrx_word' id='word_1_509' title='bbox 2305 412 2360 465; x_wconf 83' lang='lat' dir='ltr'><strong>et</strong></span> <span class='ocrx_word' id='word_1_510' title='bbox 2381 408 2820 483; x_wconf 89' lang='lat' dir='ltr'><strong>consequentium</strong></span> <span class='ocrx_word' id='word_1_511' title='bbox 2848 410 2974 469; x_wconf 88' lang='lat' dir='ltr'><strong>item</strong></span> <span class='ocrx_word' id='word_1_512' title='bbox 2998 414 3299 488; x_wconf 88' lang='lat' dir='ltr'><strong>singillatim</strong></span> <span class='ocrx_word' id='word_1_513' title='bbox 3325 424 3501 479; x_wconf 88' lang='lat' dir='ltr'><strong>omnia</strong></span> <span class='ocrx_word' id='word_1_514' title='bbox 3518 464 3535 489; x_wconf 91' lang='lat'><strong>,</strong></span> <span class='ocrx_word' id='word_1_515' title='bbox 3564 424 3668 480; x_wconf 89' lang='lat' dir='ltr'><strong>ﬁn-</strong></span> <span class='ocrx_word' id='word_1_516' title='bbox 3722 408 3735 506; x_wconf 56' lang='lat' dir='ltr'>f</span> 
     </span>
    </p>
   </div>
   <div class='ocr_carea' id='block_1_66' title="bbox 2097 502 3734 584">
    <p class='ocr_par' dir='ltr' id='par_1_66' title="bbox 2097 502 3734 584">
     <span class='ocr_line' id='line_1_66' title="bbox 2097 502 3734 584; baseline 0.011 -28"><span class='ocrx_word' id='word_1_517' title='bbox 2097 517 2226 571; x_wconf 89' lang='lat' dir='ltr'><strong>gens</strong></span> <span class='ocrx_word' id='word_1_518' title='bbox 2262 502 2404 574; x_wconf 91' lang='lat' dir='ltr'><strong>quod</strong></span> <span class='ocrx_word' id='word_1_519' title='bbox 2442 505 2573 561; x_wconf 89' lang='lat' dir='ltr'><strong>nihil</strong></span> <span class='ocrx_word' id='word_1_520' title='bbox 2628 505 2954 579; x_wconf 82' lang='lat' dir='ltr'><strong>intelligam,</strong></span> <span class='ocrx_word' id='word_1_521' title='bbox 2983 508 3190 565; x_wconf 88' lang='lat' dir='ltr'><strong>deﬁniri</strong></span> <span class='ocrx_word' id='word_1_522' title='bbox 3243 512 3510 584; x_wconf 82' lang='lat' dir='ltr'><strong>ﬂagitem?</strong></span> <span class='ocrx_word' id='word_1_523' title='bbox 3536 516 3669 573; x_wconf 87' lang='lat' dir='ltr'><strong>Nam</strong></span> 
     </span>
    </p>
   </div>
   <div class='ocr_carea' id='block_1_67' title="bbox 2095 593 3671 679">
    <p class='ocr_par' dir='ltr' id='par_1_67' title="bbox 2095 593 3671 679">
     <span class='ocr_line' id='line_1_67' title="bbox 2095 593 3671 679; baseline 0.013 -33"><span class='ocrx_word' id='word_1_524' title='bbox 2095 593 2223 663; x_wconf 92' lang='lat' dir='ltr'><strong>quid</strong></span> <span class='ocrx_word' id='word_1_525' title='bbox 2261 596 2625 665; x_wconf 89' lang='lat' dir='ltr'><strong>planissimum</strong></span> <span class='ocrx_word' id='word_1_526' title='bbox 2659 614 2764 654; x_wconf 90' lang='lat' dir='ltr'><strong>non</strong></span> <span class='ocrx_word' id='word_1_527' title='bbox 2800 615 2920 655; x_wconf 90' lang='lat' dir='ltr'><strong>meo</strong></span> <span class='ocrx_word' id='word_1_528' title='bbox 2949 600 3070 670; x_wconf 87' lang='lat' dir='ltr'><strong>jure</strong></span> <span class='ocrx_word' id='word_1_529' title='bbox 3121 603 3329 660; x_wconf 90' lang='lat' dir='ltr'><strong>deﬁniri</strong></span> <span class='ocrx_word' id='word_1_530' title='bbox 3371 622 3555 679; x_wconf 89' lang='lat' dir='ltr'><strong>cogam</strong></span> <span class='ocrx_word' id='word_1_531' title='bbox 3576 651 3591 675; x_wconf 92' lang='lat'><strong>,</strong></span> <span class='ocrx_word' id='word_1_532' title='bbox 3623 611 3671 669; x_wconf 88' lang='lat' dir='ltr'><strong>si</strong></span> 
     </span>
    </p>
   </div>
   <div class='ocr_carea' id='block_1_68' title="bbox 2096 682 3672 768">
    <p class='ocr_par' dir='ltr' id='par_1_68' title="bbox 2096 682 3672 768">
     <span class='ocr_line' id='line_1_68' title="bbox 2096 682 3672 768; baseline 0.011 -29"><span class='ocrx_word' id='word_1_533' title='bbox 2096 682 2212 753; x_wconf 84' lang='lat' dir='ltr'><strong>iure</strong></span> <span class='ocrx_word' id='word_1_534' title='bbox 2240 701 2273 742; x_wconf 91' lang='lat' dir='ltr'><strong>a</strong></span> <span class='ocrx_word' id='word_1_535' title='bbox 2300 702 2387 743; x_wconf 90' lang='lat' dir='ltr'><strong>me</strong></span> <span class='ocrx_word' id='word_1_536' title='bbox 2414 689 2684 759; x_wconf 76' lang='lat' dir='ltr'><strong>sapientiae</strong></span> <span class='ocrx_word' id='word_1_537' title='bbox 2717 691 2949 749; x_wconf 91' lang='lat' dir='ltr'><strong>deﬁnitio</strong></span> <span class='ocrx_word' id='word_1_538' title='bbox 2980 694 3309 764; x_wconf 88' lang='lat' dir='ltr'><strong>postulatur?</strong></span> <span class='ocrx_word' id='word_1_539' title='bbox 3338 698 3499 768; x_wconf 88' lang='lat' dir='ltr'><strong>Cujus</strong></span> <span class='ocrx_word' id='word_1_540' title='bbox 3529 702 3672 757; x_wconf 89' lang='lat' dir='ltr'><strong>enim</strong></span> 
     </span>
    </p>
   </div>
   <div class='ocr_carea' id='block_1_69' title="bbox 2096 776 3744 857">
    <p class='ocr_par' dir='ltr' id='par_1_69' title="bbox 2096 776 3744 857">
     <span class='ocr_line' id='line_1_69' title="bbox 2096 776 3744 857; baseline 0.011 -26"><span class='ocrx_word' id='word_1_541' title='bbox 2096 776 2245 832; x_wconf 90' lang='lat' dir='ltr'><strong>verbi</strong></span> <span class='ocrx_word' id='word_1_542' title='bbox 2278 778 2330 833; x_wconf 92' lang='lat' dir='ltr'><strong>in</strong></span> <span class='ocrx_word' id='word_1_543' title='bbox 2358 780 2548 836; x_wconf 90' lang='lat' dir='ltr'><strong>animis</strong></span> <span class='ocrx_word' id='word_1_544' title='bbox 2586 784 2782 839; x_wconf 89' lang='lat' dir='ltr'><strong>nostris</strong></span> <span class='ocrx_word' id='word_1_545' title='bbox 2819 786 3136 854; x_wconf 91' lang='lat' dir='ltr'><strong>apertiorem</strong></span> <span class='ocrx_word' id='word_1_546' title='bbox 3160 782 3442 844; x_wconf 78' lang='lat' dir='ltr'><strong>notionem</strong></span> <span class='ocrx_word' id='word_1_547' title='bbox 3482 801 3671 848; x_wconf 88' lang='lat' dir='ltr'><strong>natura</strong></span> <span class='ocrx_word' id='word_1_548' title='bbox 3736 788 3744 857; x_wconf 70' lang='grc' dir='ltr'>Ξ</span> 
     </span>
    </p>
   </div>
   <div class='ocr_carea' id='block_1_70' title="bbox 2097 870 3745 956">
    <p class='ocr_par' dir='ltr' id='par_1_70' title="bbox 2097 870 3745 956">
     <span class='ocr_line' id='line_1_70' title="bbox 2097 870 3745 956; baseline 0.012 -29"><span class='ocrx_word' id='word_1_549' title='bbox 2097 886 2239 929; x_wconf 74' lang='lat' dir='ltr'><strong>esse.</strong></span> <span class='ocrx_word' id='word_1_550' title='bbox 2259 874 2425 929; x_wconf 86' lang='lat' dir='ltr'><strong>voluit</strong></span> <span class='ocrx_word' id='word_1_551' title='bbox 2466 891 2621 946; x_wconf 89' lang='lat' dir='ltr'><strong>quam</strong></span> <span class='ocrx_word' id='word_1_552' title='bbox 2666 878 2974 947; x_wconf 71' lang='lat' dir='ltr'><strong>sapientiae?</strong></span> <span class='ocrx_word' id='word_1_553' title='bbox 3017 880 3121 937; x_wconf 86' lang='lat' dir='ltr'><strong>Sed</strong></span> <span class='ocrx_word' id='word_1_554' title='bbox 3159 882 3339 938; x_wconf 91' lang='lat' dir='ltr'><strong>nescio</strong></span> <span class='ocrx_word' id='word_1_555' title='bbox 3382 888 3668 956; x_wconf 89' lang='lat' dir='ltr'><strong>quomodo,</strong></span> 
     </span>
    </p>
   </div>
   <div class='ocr_carea' id='block_1_71' title="bbox 2096 959 3747 1048">
    <p class='ocr_par' dir='ltr' id='par_1_71' title="bbox 2096 959 3747 1048">
     <span class='ocr_line' id='line_1_71' title="bbox 2096 959 3747 1048; baseline 0.01 -30"><span class='ocrx_word' id='word_1_556' title='bbox 2096 978 2217 1048; x_wconf 88' lang='lat' dir='ltr'><strong>cum</strong></span> <span class='ocrx_word' id='word_1_557' title='bbox 2247 967 2436 1021; x_wconf 91' lang='lat' dir='ltr'><strong>mentis</strong></span> <span class='ocrx_word' id='word_1_558' title='bbox 2466 976 2657 1022; x_wconf 73' lang='lat' dir='ltr'><strong>nostrae</strong></span> <span class='ocrx_word' id='word_1_559' title='bbox 2685 969 2849 1025; x_wconf 91' lang='lat' dir='ltr'><strong>veluti</strong></span> <span class='ocrx_word' id='word_1_560' title='bbox 2888 982 3096 1041; x_wconf 90' lang='lat' dir='ltr'><strong>portum</strong></span> <span class='ocrx_word' id='word_1_561' title='bbox 3124 975 3269 1030; x_wconf 91' lang='lat' dir='ltr'><strong>notio</strong></span> <span class='ocrx_word' id='word_1_562' title='bbox 3294 976 3407 1046; x_wconf 89' lang='lat' dir='ltr'><strong>ipsa</strong></span> <span class='ocrx_word' id='word_1_563' title='bbox 3441 978 3670 1048; x_wconf 83' lang='lat' dir='ltr'><strong>relique-</strong></span> <span class='ocrx_word' id='word_1_564' title='bbox 3739 959 3747 999; x_wconf 39' lang='grc' dir='ltr'>ἱ</span> 
     </span>
    </p>
   </div>
   <div class='ocr_carea' id='block_1_72' title="bbox 2097 1047 3671 1126">
    <p class='ocr_par' dir='ltr' id='par_1_72' title="bbox 2097 1047 3671 1126">
     <span class='ocr_line' id='line_1_72' title="bbox 2097 1047 3671 1126; baseline 0.012 -26"><span class='ocrx_word' id='word_1_565' title='bbox 2097 1047 2198 1114; x_wconf 89' lang='lat' dir='ltr'><strong>rit,</strong></span> <span class='ocrx_word' id='word_1_566' title='bbox 2234 1057 2289 1102; x_wconf 90' lang='lat' dir='ltr'><strong>et</strong></span> <span class='ocrx_word' id='word_1_567' title='bbox 2329 1051 2607 1106; x_wconf 79' lang='lat' dir='ltr'><strong>verborum</strong></span> <span class='ocrx_word' id='word_1_568' title='bbox 2645 1053 2744 1107; x_wconf 92' lang='lat' dir='ltr'><strong>sibi</strong></span> <span class='ocrx_word' id='word_1_569' title='bbox 2784 1057 2936 1124; x_wconf 88' lang='lat' dir='ltr'><strong>quasi</strong></span> <span class='ocrx_word' id='word_1_570' title='bbox 2972 1058 3085 1113; x_wconf 91' lang='lat' dir='ltr'><strong>vela</strong></span> <span class='ocrx_word' id='word_1_571' title='bbox 3126 1060 3439 1126; x_wconf 87' lang='lat' dir='ltr'><strong>tetenderit,</strong></span> <span class='ocrx_word' id='word_1_572' title='bbox 3480 1047 3671 1118; x_wconf 86' lang='lat' dir='ltr'><strong>occur-</strong></span> 
     </span>
    </p>
   </div>
   <div class='ocr_carea' id='block_1_73' title="bbox 2098 1140 3671 1221">
    <p class='ocr_par' dir='ltr' id='par_1_73' title="bbox 2098 1140 3671 1221">
     <span class='ocr_line' id='line_1_73' title="bbox 2098 1140 3671 1221; baseline 0.013 -31"><span class='ocrx_word' id='word_1_573' title='bbox 2098 1146 2219 1192; x_wconf 89' lang='lat' dir='ltr'><strong>rant</strong></span> <span class='ocrx_word' id='word_1_574' title='bbox 2242 1140 2257 1170; x_wconf 87' lang='grc'>¹</span> <span class='ocrx_word' id='word_1_575' title='bbox 2284 1142 2458 1195; x_wconf 89' lang='lat' dir='ltr'><strong>statim</strong></span> <span class='ocrx_word' id='word_1_576' title='bbox 2498 1144 2879 1201; x_wconf 90' lang='lat' dir='ltr'><strong>calumniarum</strong></span> <span class='ocrx_word' id='word_1_577' title='bbox 2909 1148 3054 1203; x_wconf 90' lang='lat' dir='ltr'><strong>mille</strong></span> <span class='ocrx_word' id='word_1_578' title='bbox 3086 1149 3374 1221; x_wconf 88' lang='lat' dir='ltr'><strong>naufragia.</strong></span> <span class='ocrx_word' id='word_1_579' title='bbox 3403 1152 3671 1219; x_wconf 86' lang='lat' dir='ltr'><strong>Quamob-</strong></span> 
     </span>
    </p>
   </div>
   <div class='ocr_carea' id='block_1_74' title="bbox 2098 1231 3672 1315">
    <p class='ocr_par' dir='ltr' id='par_1_74' title="bbox 2098 1231 3672 1315">
     <span class='ocr_line' id='line_1_74' title="bbox 2098 1231 3672 1315; baseline 0.013 -34"><span class='ocrx_word' id='word_1_580' title='bbox 2098 1244 2209 1283; x_wconf 89' lang='lat' dir='ltr'><strong>rem</strong></span> <span class='ocrx_word' id='word_1_581' title='bbox 2240 1239 2329 1285; x_wconf 89' lang='lat' dir='ltr'><strong>aut</strong></span> <span class='ocrx_word' id='word_1_582' title='bbox 2357 1231 2590 1289; x_wconf 91' lang='lat' dir='ltr'><strong>deﬁnitio</strong></span> <span class='ocrx_word' id='word_1_583' title='bbox 2629 1238 2903 1306; x_wconf 85' lang='lat' dir='ltr'><strong>sapientiae</strong></span> <span class='ocrx_word' id='word_1_584' title='bbox 2929 1254 2995 1294; x_wconf 91' lang='lat' dir='ltr'><strong>ne</strong></span> <span class='ocrx_word' id='word_1_585' title='bbox 3024 1240 3355 1309; x_wconf 88' lang='lat' dir='ltr'><strong>requiratur,</strong></span> <span class='ocrx_word' id='word_1_586' title='bbox 3392 1253 3482 1299; x_wconf 88' lang='lat' dir='ltr'><strong>aut</strong></span> <span class='ocrx_word' id='word_1_587' title='bbox 3507 1245 3672 1315; x_wconf 78' lang='lat' dir='ltr'><strong>judex</strong></span> 
     </span>
    </p>
   </div>
   <div class='ocr_carea' id='block_1_75' title="bbox 2099 1320 3672 1399">
    <p class='ocr_par' dir='ltr' id='par_1_75' title="bbox 2099 1320 3672 1399">
     <span class='ocr_line' id='line_1_75' title="bbox 2099 1320 3672 1399; baseline 0.013 -27"><span class='ocrx_word' id='word_1_588' title='bbox 2099 1328 2281 1374; x_wconf 91' lang='lat' dir='ltr'><strong>noster</strong></span> <span class='ocrx_word' id='word_1_589' title='bbox 2307 1320 2359 1375; x_wconf 92' lang='lat' dir='ltr'><strong>in</strong></span> <span class='ocrx_word' id='word_1_590' title='bbox 2384 1322 2498 1391; x_wconf 89' lang='lat' dir='ltr'><strong>ejus</strong></span> <span class='ocrx_word' id='word_1_591' title='bbox 2523 1326 2872 1394; x_wconf 88' lang='lat' dir='ltr'><strong>patrocinium</strong></span> <span class='ocrx_word' id='word_1_592' title='bbox 2898 1328 3141 1399; x_wconf 87' lang='lat' dir='ltr'><strong>dignetur</strong></span> <span class='ocrx_word' id='word_1_593' title='bbox 3166 1330 3508 1390; x_wconf 90' lang='lat' dir='ltr'><strong>descendere.</strong></span> <span class='ocrx_word' id='word_1_594' title='bbox 3537 1336 3672 1392; x_wconf 86' lang='lat' dir='ltr'><strong>Tum</strong></span> 
     </span>
    </p>
   </div>
   <div class='ocr_carea' id='block_1_76' title="bbox 2098 1414 3690 1497">
    <p class='ocr_par' dir='ltr' id='par_1_76' title="bbox 2098 1414 3690 1497">
     <span class='ocr_line' id='line_1_76' title="bbox 2098 1414 3690 1497; baseline 0.013 -33"><span class='ocrx_word' id='word_1_595' title='bbox 2098 1424 2217 1480; x_wconf 89' lang='lat' dir='ltr'><strong>ego,</strong></span> <span class='ocrx_word' id='word_1_596' title='bbox 2244 1426 2363 1466; x_wconf 94' lang='lat' dir='ltr'><strong>cum</strong></span> <span class='ocrx_word' id='word_1_597' title='bbox 2390 1414 2496 1483; x_wconf 90' lang='lat' dir='ltr'><strong>jam</strong></span> <span class='ocrx_word' id='word_1_598' title='bbox 2527 1418 2703 1471; x_wconf 90' lang='lat' dir='ltr'><strong>stilum</strong></span> <span class='ocrx_word' id='word_1_599' title='bbox 2735 1434 2838 1474; x_wconf 83' lang='lat' dir='ltr'><strong>nox</strong></span> <span class='ocrx_word' id='word_1_600' title='bbox 2868 1421 3164 1491; x_wconf 90' lang='lat' dir='ltr'><strong>impediret,</strong></span> <span class='ocrx_word' id='word_1_601' title='bbox 3192 1432 3246 1478; x_wconf 90' lang='lat' dir='ltr'><strong>et</strong></span> <span class='ocrx_word' id='word_1_602' title='bbox 3268 1428 3415 1494; x_wconf 90' lang='lat' dir='ltr'><strong>quasi</strong></span> <span class='ocrx_word' id='word_1_603' title='bbox 3439 1427 3506 1483; x_wconf 92' lang='lat' dir='ltr'><strong>de</strong></span> <span class='ocrx_word' id='word_1_604' title='bbox 3531 1424 3690 1497; x_wconf 65' lang='lat' dir='ltr'><strong>inte-}</strong></span> 
     </span>
    </p>
   </div>
   <div class='ocr_carea' id='block_1_77' title="bbox 2097 1505 3673 1583">
    <p class='ocr_par' dir='ltr' id='par_1_77' title="bbox 2097 1505 3673 1583">
     <span class='ocr_line' id='line_1_77' title="bbox 2097 1505 3673 1583; baseline 0.015 -30"><span class='ocrx_word' id='word_1_605' title='bbox 2097 1514 2191 1569; x_wconf 91' lang='lat' dir='ltr'><strong>gro</strong></span> <span class='ocrx_word' id='word_1_606' title='bbox 2212 1517 2454 1572; x_wconf 89' lang='lat' dir='ltr'><strong>maguum</strong></span> <span class='ocrx_word' id='word_1_607' title='bbox 2467 1505 2713 1575; x_wconf 89' lang='lat' dir='ltr'><strong>quiddam</strong></span> <span class='ocrx_word' id='word_1_608' title='bbox 2735 1509 3100 1566; x_wconf 90' lang='lat' dir='ltr'><strong>disserendum</strong></span> <span class='ocrx_word' id='word_1_609' title='bbox 3120 1514 3354 1569; x_wconf 90' lang='lat' dir='ltr'><strong>viderem</strong></span> <span class='ocrx_word' id='word_1_610' title='bbox 3376 1517 3592 1583; x_wconf 87' lang='lat' dir='ltr'><strong>oboriri,</strong></span> <span class='ocrx_word' id='word_1_611' title='bbox 3616 1520 3673 1577; x_wconf 87' lang='lat' dir='ltr'><strong>in</strong></span> 
     </span>
    </p>
   </div>
   <div class='ocr_carea' id='block_1_78' title="bbox 2098 1593 3673 1677">
    <p class='ocr_par' dir='ltr' id='par_1_78' title="bbox 2098 1593 3673 1677">
     <span class='ocr_line' id='line_1_78' title="bbox 2098 1593 3673 1677; baseline 0.013 -32"><span class='ocrx_word' id='word_1_612' title='bbox 2098 1593 2257 1646; x_wconf 91' lang='lat' dir='ltr'><strong>alium</strong></span> <span class='ocrx_word' id='word_1_613' title='bbox 2299 1594 2441 1650; x_wconf 91' lang='lat' dir='ltr'><strong>diem</strong></span> <span class='ocrx_word' id='word_1_614' title='bbox 2486 1596 2665 1653; x_wconf 91' lang='lat' dir='ltr'><strong>distuli</strong></span> <span class='ocrx_word' id='word_1_615' title='bbox 2698 1619 2712 1655; x_wconf 89' lang='lat'><strong>:</strong></span> <span class='ocrx_word' id='word_1_616' title='bbox 2751 1617 2870 1656; x_wconf 91' lang='lat' dir='ltr'><strong>nam</strong></span> <span class='ocrx_word' id='word_1_617' title='bbox 2898 1602 3167 1672; x_wconf 89' lang='lat' dir='ltr'><strong>disputare</strong></span> <span class='ocrx_word' id='word_1_618' title='bbox 3200 1622 3530 1677; x_wconf 71' lang='lat' dir='ltr'><strong>cmperamus</strong></span> <span class='ocrx_word' id='word_1_619' title='bbox 3559 1610 3673 1666; x_wconf 85' lang='lat' dir='ltr'><strong>sole</strong></span> 
     </span>
    </p>
   </div>
   <div class='ocr_carea' id='block_1_79' title="bbox 2094 1682 3672 1766">
    <p class='ocr_par' dir='ltr' id='par_1_79' title="bbox 2094 1682 3672 1766">
     <span class='ocr_line' id='line_1_79' title="bbox 2094 1682 3672 1766; baseline 0.014 -31"><span class='ocrx_word' id='word_1_620' title='bbox 2094 1682 2202 1751; x_wconf 92' lang='lat' dir='ltr'><strong>jam</strong></span> <span class='ocrx_word' id='word_1_621' title='bbox 2224 1682 2276 1737; x_wconf 91' lang='lat' dir='ltr'><strong>in</strong></span> <span class='ocrx_word' id='word_1_622' title='bbox 2297 1698 2542 1741; x_wconf 91' lang='lat' dir='ltr'><strong>occasum</strong></span> <span class='ocrx_word' id='word_1_623' title='bbox 2564 1687 2880 1759; x_wconf 90' lang='lat' dir='ltr'><strong>declinante,</strong></span> <span class='ocrx_word' id='word_1_624' title='bbox 2909 1692 3125 1764; x_wconf 90' lang='lat' dir='ltr'><strong>diesque</strong></span> <span class='ocrx_word' id='word_1_625' title='bbox 3152 1713 3285 1766; x_wconf 87' lang='lat' dir='ltr'><strong>pene</strong></span> <span class='ocrx_word' id='word_1_626' title='bbox 3313 1709 3451 1755; x_wconf 92' lang='lat' dir='ltr'><strong>totus</strong></span> <span class='ocrx_word' id='word_1_627' title='bbox 3475 1717 3592 1756; x_wconf 87' lang='lat' dir='ltr'><strong>cum</strong></span> <span class='ocrx_word' id='word_1_628' title='bbox 3617 1702 3672 1757; x_wconf 89' lang='lat' dir='ltr'><strong>in</strong></span> 
     </span>
    </p>
   </div>
   <div class='ocr_carea' id='block_1_80' title="bbox 2098 1777 3672 1865">
    <p class='ocr_par' dir='ltr' id='par_1_80' title="bbox 2098 1777 3672 1865">
     <span class='ocr_line' id='line_1_80' title="bbox 2098 1777 3672 1865; baseline 0.015 -36"><span class='ocrx_word' id='word_1_629' title='bbox 2098 1777 2256 1831; x_wconf 89' lang='lat' dir='ltr'><strong>rebus</strong></span> <span class='ocrx_word' id='word_1_630' title='bbox 2292 1780 2502 1834; x_wconf 89' lang='lat' dir='ltr'><strong>rusticis</strong></span> <span class='ocrx_word' id='word_1_631' title='bbox 2542 1782 2876 1851; x_wconf 88' lang='lat' dir='ltr'><strong>ordinandis,</strong></span> <span class='ocrx_word' id='word_1_632' title='bbox 2923 1795 3034 1841; x_wconf 91' lang='lat' dir='ltr'><strong>tum</strong></span> <span class='ocrx_word' id='word_1_633' title='bbox 3075 1789 3127 1843; x_wconf 91' lang='lat' dir='ltr'><strong>in</strong></span> <span class='ocrx_word' id='word_1_634' title='bbox 3167 1793 3476 1849; x_wconf 81' lang='lat' dir='ltr'><strong>recensione</strong></span> <span class='ocrx_word' id='word_1_635' title='bbox 3513 1794 3672 1865; x_wconf 85' lang='lat' dir='ltr'><strong>primi</strong></span> 
     </span>
    </p>
   </div>
   <div class='ocr_carea' id='block_1_81' title="bbox 2098 1866 2867 1941">
    <p class='ocr_par' dir='ltr' id='par_1_81' title="bbox 2098 1866 2867 1941">
     <span class='ocr_line' id='line_1_81' title="bbox 2098 1866 2867 1941; baseline 0.012 -20"><span class='ocrx_word' id='word_1_636' title='bbox 2098 1866 2218 1923; x_wconf 91' lang='lat' dir='ltr'><strong>libri</strong></span> <span class='ocrx_word' id='word_1_637' title='bbox 2248 1868 2450 1940; x_wconf 80' lang='lat' dir='ltr'><strong>Virgilii</strong></span> <span class='ocrx_word' id='word_1_638' title='bbox 2480 1882 2722 1941; x_wconf 89' lang='lat' dir='ltr'><strong>peractus</strong></span> <span class='ocrx_word' id='word_1_639' title='bbox 2751 1874 2867 1930; x_wconf 86' lang='lat' dir='ltr'><strong>fuit.</strong></span> 
     </span>
    </p>
   </div>
   <div class='ocr_carea' id='block_1_82' title="bbox 2647 1981 3120 2021">
    <p class='ocr_par' dir='ltr' id='par_1_82' title="bbox 2647 1981 3120 2021">
     <span class='ocr_line' id='line_1_82' title="bbox 2647 1981 3120 2021; baseline 0.008 -5"><span class='ocrx_word' id='word_1_640' title='bbox 2647 1981 2918 2020; x_wconf 61' lang='grc' dir='ltr'><strong>»πευστιπο</strong></span> <span class='ocrx_word' id='word_1_641' title='bbox 2939 1984 3120 2021; x_wconf 70' lang='lat' dir='ltr'><strong>TERTIA.</strong></span> 
     </span>
    </p>
   </div>
   <div class='ocr_carea' id='block_1_83' title="bbox 2099 2040 3677 2134">
    <p class='ocr_par' dir='ltr' id='par_1_83' title="bbox 2099 2040 3677 2134">
     <span class='ocr_line' id='line_1_83' title="bbox 2099 2040 3677 2134; baseline 0.013 -36"><span class='ocrx_word' id='word_1_642' title='bbox 2099 2040 2323 2103; x_wconf 89' lang='lat' dir='ltr'><strong>CAPUT</strong></span> <span class='ocrx_word' id='word_1_643' title='bbox 2349 2047 2438 2103; x_wconf 84' lang='lat' dir='ltr'><strong>Vl.</strong></span> <span class='ocrx_word' id='word_1_644' title='bbox 2467 2080 2538 2090; x_wconf 89' lang='lat'><strong><em>—</em></strong></span> <span class='ocrx_word' id='word_1_645' title='bbox 2566 2050 2844 2123; x_wconf 72' lang='lat' dir='ltr'><strong>Sapientia:</strong></span> <span class='ocrx_word' id='word_1_646' title='bbox 2880 2054 3104 2123; x_wconf 78' lang='lat' dir='ltr'><strong>deﬁnitio</strong></span> <span class='ocrx_word' id='word_1_647' title='bbox 3142 2057 3294 2112; x_wconf 84' lang='lat' dir='ltr'><strong>datur</strong></span> <span class='ocrx_word' id='word_1_648' title='bbox 3330 2070 3376 2114; x_wconf 85' lang='lat' dir='ltr'><strong>et</strong></span> <span class='ocrx_word' id='word_1_649' title='bbox 3411 2061 3677 2134; x_wconf 83' lang='lat' dir='ltr'><strong>impugna-</strong></span> 
     </span>
    </p>
   </div>
   <div class='ocr_carea' id='block_1_84' title="bbox 2514 2141 3254 2202">
    <p class='ocr_par' dir='ltr' id='par_1_84' title="bbox 2514 2141 3254 2202">
     <span class='ocr_line' id='line_1_84' title="bbox 2514 2141 3254 2202; baseline 0.012 -9"><span class='ocrx_word' id='word_1_650' title='bbox 2514 2149 2612 2194; x_wconf 85' lang='lat' dir='ltr'><strong>tur.</strong></span> <span class='ocrx_word' id='word_1_651' title='bbox 2646 2141 2879 2197; x_wconf 80' lang='lat' dir='ltr'><strong>Albicerii</strong></span> <span class='ocrx_word' id='word_1_652' title='bbox 2906 2144 3254 2202; x_wconf 78' lang='lat' dir='ltr'><strong>divinationes.</strong></span> 
     </span>
    </p>
   </div>
   <div class='ocr_carea' id='block_1_85' title="bbox 2171 2229 3677 2305">
    <p class='ocr_par' dir='ltr' id='par_1_85' title="bbox 2171 2229 3677 2305">
     <span class='ocr_line' id='line_1_85' title="bbox 2171 2229 3677 2305; baseline 0.013 -22"><span class='ocrx_word' id='word_1_653' title='bbox 2171 2229 2258 2285; x_wconf 75' lang='lat' dir='ltr'><strong>i6.</strong></span> <span class='ocrx_word' id='word_1_654' title='bbox 2299 2232 2497 2287; x_wconf 86' lang='lat' dir='ltr'><strong>Deinde</strong></span> <span class='ocrx_word' id='word_1_655' title='bbox 2550 2250 2673 2289; x_wconf 82' lang='lat' dir='ltr'><strong>mox</strong></span> <span class='ocrx_word' id='word_1_656' title='bbox 2725 2244 2784 2290; x_wconf 88' lang='lat' dir='ltr'><strong>ut</strong></span> <span class='ocrx_word' id='word_1_657' title='bbox 2834 2237 3033 2305; x_wconf 80' lang='lat' dir='ltr'><strong>illuxit,</strong></span> <span class='ocrx_word' id='word_1_658' title='bbox 3086 2240 3155 2295; x_wconf 90' lang='lat' dir='ltr'><strong>ita</strong></span> <span class='ocrx_word' id='word_1_659' title='bbox 3207 2243 3347 2297; x_wconf 89' lang='lat' dir='ltr'><strong>enim</strong></span> <span class='ocrx_word' id='word_1_660' title='bbox 3392 2260 3479 2300; x_wconf 90' lang='lat' dir='ltr'><strong>res</strong></span> <span class='ocrx_word' id='word_1_661' title='bbox 3522 2254 3677 2303; x_wconf 82' lang='lat' dir='ltr'><strong>erant</strong></span> 
     </span>
    </p>
   </div>
   <div class='ocr_carea' id='block_1_86' title="bbox 2098 2318 3675 2407">
    <p class='ocr_par' dir='ltr' id='par_1_86' title="bbox 2098 2318 3675 2407">
     <span class='ocr_line' id='line_1_86' title="bbox 2098 2318 3675 2407; baseline 0.014 -36"><span class='ocrx_word' id='word_1_662' title='bbox 2098 2318 2267 2387; x_wconf 90' lang='lat' dir='ltr'><strong>pridie</strong></span> <span class='ocrx_word' id='word_1_663' title='bbox 2301 2323 2598 2378; x_wconf 80' lang='lat' dir='ltr'><strong>constitutae</strong></span> <span class='ocrx_word' id='word_1_664' title='bbox 2626 2334 2681 2379; x_wconf 92' lang='lat' dir='ltr'><strong>ut</strong></span> <span class='ocrx_word' id='word_1_665' title='bbox 2710 2327 2910 2398; x_wconf 87' lang='lat' dir='ltr'><strong>largum</strong></span> <span class='ocrx_word' id='word_1_666' title='bbox 2950 2339 3089 2385; x_wconf 90' lang='lat' dir='ltr'><strong>esset</strong></span> <span class='ocrx_word' id='word_1_667' title='bbox 3111 2332 3276 2387; x_wconf 90' lang='lat' dir='ltr'><strong>otium</strong></span> <span class='ocrx_word' id='word_1_668' title='bbox 3298 2376 3314 2401; x_wconf 98' lang='lat'><strong>,</strong></span> <span class='ocrx_word' id='word_1_669' title='bbox 3343 2337 3517 2390; x_wconf 89' lang='lat' dir='ltr'><strong>statim</strong></span> <span class='ocrx_word' id='word_1_670' title='bbox 3548 2353 3675 2407; x_wconf 89' lang='lat' dir='ltr'><strong>per-</strong></span> 
     </span>
    </p>
   </div>
   <div class='ocr_carea' id='block_1_87' title="bbox 2098 2409 3676 2495">
    <p class='ocr_par' dir='ltr' id='par_1_87' title="bbox 2098 2409 3676 2495">
     <span class='ocr_line' id='line_1_87' title="bbox 2098 2409 3676 2495; baseline 0.015 -35"><span class='ocrx_word' id='word_1_671' title='bbox 2098 2409 2357 2478; x_wconf 88' lang='lat' dir='ltr'><strong>agendum</strong></span> <span class='ocrx_word' id='word_1_672' title='bbox 2397 2414 2665 2483; x_wconf 87' lang='lat' dir='ltr'><strong>negotium</strong></span> <span class='ocrx_word' id='word_1_673' title='bbox 2702 2428 3004 2489; x_wconf 79' lang='lat' dir='ltr'><strong>susceptum</strong></span> <span class='ocrx_word' id='word_1_674' title='bbox 3043 2432 3144 2477; x_wconf 90' lang='lat' dir='ltr'><strong>est.</strong></span> <span class='ocrx_word' id='word_1_675' title='bbox 3185 2422 3319 2477; x_wconf 90' lang='lat' dir='ltr'><strong>Tum</strong></span> <span class='ocrx_word' id='word_1_676' title='bbox 3377 2440 3514 2495; x_wconf 86' lang='lat' dir='ltr'><strong>ego:</strong></span> <span class='ocrx_word' id='word_1_677' title='bbox 3549 2426 3676 2484; x_wconf 75' lang='lat' dir='ltr'><strong>fieri</strong></span> 
     </span>
    </p>
   </div>
   <div class='ocr_carea' id='block_1_88' title="bbox 2099 2504 3675 2586">
    <p class='ocr_par' dir='ltr' id='par_1_88' title="bbox 2099 2504 3675 2586">
     <span class='ocr_line' id='line_1_88' title="bbox 2099 2504 3675 2586; baseline 0.012 -29"><span class='ocrx_word' id='word_1_678' title='bbox 2099 2504 2407 2573; x_wconf 89' lang='lat' dir='ltr'><strong>postulasti,</strong></span> <span class='ocrx_word' id='word_1_679' title='bbox 2437 2507 2651 2578; x_wconf 92' lang='lat' dir='ltr'><strong>inquam</strong></span> <span class='ocrx_word' id='word_1_680' title='bbox 2672 2553 2687 2578; x_wconf 90' lang='lat'><strong>,</strong></span> <span class='ocrx_word' id='word_1_681' title='bbox 2720 2512 2931 2583; x_wconf 81' lang='lat' dir='ltr'><strong>Trygeti</strong></span> <span class='ocrx_word' id='word_1_682' title='bbox 2952 2555 2966 2579; x_wconf 94' lang='lat'><strong>,</strong></span> <span class='ocrx_word' id='word_1_683' title='bbox 2997 2523 3053 2569; x_wconf 93' lang='lat' dir='ltr'><strong>ut</strong></span> <span class='ocrx_word' id='word_1_684' title='bbox 3079 2530 3108 2569; x_wconf 90' lang='lat' dir='ltr'><strong>a</strong></span> <span class='ocrx_word' id='word_1_685' title='bbox 3130 2515 3321 2586; x_wconf 91' lang='lat' dir='ltr'><strong>judicis</strong></span> <span class='ocrx_word' id='word_1_686' title='bbox 3354 2533 3573 2575; x_wconf 90' lang='lat' dir='ltr'><strong>munere</strong></span> <span class='ocrx_word' id='word_1_687' title='bbox 3604 2519 3675 2576; x_wconf 91' lang='lat' dir='ltr'><strong>ad</strong></span> 
     </span>
    </p>
   </div>
   <div class='ocr_carea' id='block_1_89' title="bbox 2099 2593 3676 2680">
    <p class='ocr_par' dir='ltr' id='par_1_89' title="bbox 2099 2593 3676 2680">
     <span class='ocr_line' id='line_1_89' title="bbox 2099 2593 3676 2680; baseline 0.014 -35"><span class='ocrx_word' id='word_1_688' title='bbox 2099 2593 2372 2662; x_wconf 71' lang='lat' dir='ltr'><strong>sapientia:</strong></span> <span class='ocrx_word' id='word_1_689' title='bbox 2393 2600 2742 2667; x_wconf 89' lang='lat' dir='ltr'><strong>patrocinium</strong></span> <span class='ocrx_word' id='word_1_690' title='bbox 2758 2602 3133 2661; x_wconf 88' lang='lat' dir='ltr'><strong>descenderem</strong></span> <span class='ocrx_word' id='word_1_691' title='bbox 3153 2624 3165 2660; x_wconf 88' lang='lat'><strong>:</strong></span> <span class='ocrx_word' id='word_1_692' title='bbox 3185 2608 3334 2677; x_wconf 86' lang='lat' dir='ltr'><strong>quasi</strong></span> <span class='ocrx_word' id='word_1_693' title='bbox 3352 2626 3477 2665; x_wconf 89' lang='lat' dir='ltr'><strong>vero</strong></span> <span class='ocrx_word' id='word_1_694' title='bbox 3496 2626 3676 2680; x_wconf 76' lang='lat' dir='ltr'><strong>quem-</strong></span> 
     </span>
    </p>
   </div>
   <div class='ocr_carea' id='block_1_90' title="bbox 2098 2688 3690 2772">
    <p class='ocr_par' dir='ltr' id='par_1_90' title="bbox 2098 2688 3690 2772">
     <span class='ocr_line' id='line_1_90' title="bbox 2098 2688 3690 2772; baseline 0.012 -33"><span class='ocrx_word' id='word_1_695' title='bbox 2098 2700 2253 2756; x_wconf 88' lang='lat' dir='ltr'><strong>quam</strong></span> <span class='ocrx_word' id='word_1_696' title='bbox 2279 2688 2331 2743; x_wconf 93' lang='lat' dir='ltr'><strong>in</strong></span> <span class='ocrx_word' id='word_1_697' title='bbox 2357 2705 2604 2748; x_wconf 89' lang='lat' dir='ltr'><strong>sermone</strong></span> <span class='ocrx_word' id='word_1_698' title='bbox 2628 2703 2805 2751; x_wconf 87' lang='lat' dir='ltr'><strong>vestro</strong></span> <span class='ocrx_word' id='word_1_699' title='bbox 2833 2696 3193 2752; x_wconf 89' lang='lat' dir='ltr'><strong>adversarium</strong></span> <span class='ocrx_word' id='word_1_700' title='bbox 3232 2702 3488 2770; x_wconf 88' lang='lat' dir='ltr'><strong>sapientia</strong></span> <span class='ocrx_word' id='word_1_701' title='bbox 3522 2688 3690 2772; x_wconf 45' lang='lat' dir='ltr'><strong>pate-3</strong></span> 
     </span>
    </p>
   </div>
   <div class='ocr_carea' id='block_1_91' title="bbox 2098 2782 3677 2863">
    <p class='ocr_par' dir='ltr' id='par_1_91' title="bbox 2098 2782 3677 2863">
     <span class='ocr_line' id='line_1_91' title="bbox 2098 2782 3677 2863; baseline 0.012 -34"><span class='ocrx_word' id='word_1_702' title='bbox 2098 2783 2279 2844; x_wconf 89' lang='lat' dir='ltr'><strong>retur;</strong></span> <span class='ocrx_word' id='word_1_703' title='bbox 2307 2789 2397 2835; x_wconf 90' lang='lat' dir='ltr'><strong>aut</strong></span> <span class='ocrx_word' id='word_1_704' title='bbox 2425 2782 2532 2837; x_wconf 93' lang='lat' dir='ltr'><strong>ullo</strong></span> <span class='ocrx_word' id='word_1_705' title='bbox 2559 2782 2874 2841; x_wconf 75' lang='lat' dir='ltr'><strong>defendente</strong></span> <span class='ocrx_word' id='word_1_706' title='bbox 2901 2789 2970 2841; x_wconf 89' lang='lat' dir='ltr'><strong>ita</strong></span> <span class='ocrx_word' id='word_1_707' title='bbox 2997 2788 3279 2856; x_wconf 89' lang='lat' dir='ltr'><strong>laboraret,</strong></span> <span class='ocrx_word' id='word_1_708' title='bbox 3302 2800 3359 2846; x_wconf 88' lang='lat' dir='ltr'><strong>ut</strong></span> <span class='ocrx_word' id='word_1_709' title='bbox 3377 2793 3546 2863; x_wconf 91' lang='lat' dir='ltr'><strong>majus</strong></span> <span class='ocrx_word' id='word_1_710' title='bbox 3570 2792 3677 2847; x_wconf 84' lang='lat' dir='ltr'><strong>im-</strong></span> 
     </span>
    </p>
   </div>
   <div class='ocr_carea' id='block_1_92' title="bbox 2101 2866 3691 2951">
    <p class='ocr_par' dir='ltr' id='par_1_92' title="bbox 2101 2866 3691 2951">
     <span class='ocr_line' id='line_1_92' title="bbox 2101 2866 3691 2951; baseline 0.013 -31"><span class='ocrx_word' id='word_1_711' title='bbox 2101 2866 2310 2936; x_wconf 91' lang='lat' dir='ltr'><strong>plorare</strong></span> <span class='ocrx_word' id='word_1_712' title='bbox 2340 2871 2557 2929; x_wconf 88' lang='lat' dir='ltr'><strong>deberet</strong></span> <span class='ocrx_word' id='word_1_713' title='bbox 2592 2876 2866 2931; x_wconf 90' lang='lat' dir='ltr'><strong>auxilium.</strong></span> <span class='ocrx_word' id='word_1_714' title='bbox 2894 2877 3025 2933; x_wconf 85' lang='lat' dir='ltr'><strong>Nam</strong></span> <span class='ocrx_word' id='word_1_715' title='bbox 3051 2896 3221 2951; x_wconf 87' lang='lat' dir='ltr'><strong>neque</strong></span> <span class='ocrx_word' id='word_1_716' title='bbox 3251 2883 3387 2938; x_wconf 86' lang='lat' dir='ltr'><strong>inter</strong></span> <span class='ocrx_word' id='word_1_717' title='bbox 3414 2900 3509 2940; x_wconf 91' lang='lat' dir='ltr'><strong>vos</strong></span> <span class='ocrx_word' id='word_1_718' title='bbox 3534 2885 3691 2941; x_wconf 84' lang='lat' dir='ltr'><strong>aliud</strong></span> 
     </span>
    </p>
   </div>
   <div class='ocr_carea' id='block_1_93' title="bbox 2099 2961 3701 3049">
    <p class='ocr_par' dir='ltr' id='par_1_93' title="bbox 2099 2961 3701 3049">
     <span class='ocr_line' id='line_1_93' title="bbox 2099 2961 3701 3049; baseline 0.015 -36"><span class='ocrx_word' id='word_1_719' title='bbox 2099 2961 2439 3028; x_wconf 66' lang='lat' dir='ltr'><strong>quaerendum</strong></span> <span class='ocrx_word' id='word_1_720' title='bbox 2480 2974 2659 3021; x_wconf 88' lang='lat' dir='ltr'><strong>natum</strong></span> <span class='ocrx_word' id='word_1_721' title='bbox 2698 2977 2808 3035; x_wconf 90' lang='lat' dir='ltr'><strong>est,</strong></span> <span class='ocrx_word' id='word_1_722' title='bbox 2841 2985 2998 3040; x_wconf 90' lang='lat' dir='ltr'><strong>quam</strong></span> <span class='ocrx_word' id='word_1_723' title='bbox 3037 2972 3163 3043; x_wconf 90' lang='lat' dir='ltr'><strong>quid</strong></span> <span class='ocrx_word' id='word_1_724' title='bbox 3198 2974 3269 3030; x_wconf 90' lang='lat' dir='ltr'><strong>sit</strong></span> <span class='ocrx_word' id='word_1_725' title='bbox 3297 2976 3587 3046; x_wconf 89' lang='lat' dir='ltr'><strong>sapientia;</strong></span> <span class='ocrx_word' id='word_1_726' title='bbox 3619 2978 3701 3049; x_wconf 25' lang='lat' dir='ltr'><strong>iu,</strong></span> 
     </span>
    </p>
   </div>
   <div class='ocr_carea' id='block_1_94' title="bbox 2099 3064 3676 3137">
    <p class='ocr_par' dir='ltr' id='par_1_94' title="bbox 2099 3064 3676 3137">
     <span class='ocr_line' id='line_1_94' title="bbox 2099 3064 3676 3137; baseline 0.011 -31"><span class='ocrx_word' id='word_1_727' title='bbox 2099 3067 2205 3122; x_wconf 91' lang='lat' dir='ltr'><strong>quo</strong></span> <span class='ocrx_word' id='word_1_728' title='bbox 2234 3068 2351 3109; x_wconf 91' lang='lat' dir='ltr'><strong>eam</strong></span> <span class='ocrx_word' id='word_1_729' title='bbox 2382 3064 2616 3112; x_wconf 91' lang='lat' dir='ltr'><strong>vestrum</strong></span> <span class='ocrx_word' id='word_1_730' title='bbox 2645 3069 2833 3116; x_wconf 88' lang='lat' dir='ltr'><strong>neuter</strong></span> <span class='ocrx_word' id='word_1_731' title='bbox 2860 3073 3151 3133; x_wconf 88' lang='lat' dir='ltr'><strong>oppugnat,</strong></span> <span class='ocrx_word' id='word_1_732' title='bbox 3180 3066 3303 3135; x_wconf 91' lang='lat' dir='ltr'><strong>quia</strong></span> <span class='ocrx_word' id='word_1_733' title='bbox 3330 3074 3550 3137; x_wconf 89' lang='lat' dir='ltr'><strong>uterque</strong></span> <span class='ocrx_word' id='word_1_734' title='bbox 3578 3068 3676 3123; x_wconf 62' lang='lat' dir='ltr'><strong>dev</strong></span> 
     </span>
    </p>
   </div>
   <div class='ocr_carea' id='block_1_95' title="bbox 2098 3144 3675 3226">
    <p class='ocr_par' dir='ltr' id='par_1_95' title="bbox 2098 3144 3675 3226">
     <span class='ocr_line' id='line_1_95' title="bbox 2098 3144 3675 3226; baseline 0.011 -28"><span class='ocrx_word' id='word_1_735' title='bbox 2098 3144 2315 3200; x_wconf 84' lang='lat' dir='ltr'><strong>siderat.</strong></span> <span class='ocrx_word' id='word_1_736' title='bbox 2346 3146 2526 3218; x_wconf 86' lang='lat' dir='ltr'><strong>Neque</strong></span> <span class='ocrx_word' id='word_1_737' title='bbox 2556 3150 2600 3205; x_wconf 90' lang='lat' dir='ltr'><strong>si</strong></span> <span class='ocrx_word' id='word_1_738' title='bbox 2629 3158 2686 3206; x_wconf 93' lang='lat' dir='ltr'><strong>tu</strong></span> <span class='ocrx_word' id='word_1_739' title='bbox 2712 3152 2765 3207; x_wconf 93' lang='lat' dir='ltr'><strong>in</strong></span> <span class='ocrx_word' id='word_1_740' title='bbox 2795 3152 3095 3210; x_wconf 85' lang='lat' dir='ltr'><strong>deﬁnienda</strong></span> <span class='ocrx_word' id='word_1_741' title='bbox 3124 3158 3378 3226; x_wconf 90' lang='lat' dir='ltr'><strong>sapientia</strong></span> <span class='ocrx_word' id='word_1_742' title='bbox 3416 3158 3675 3222; x_wconf 85' lang='lat' dir='ltr'><strong>defecisse</strong></span> 
     </span>
    </p>
   </div>
   <div class='ocr_carea' id='block_1_96' title="bbox 2099 3242 3674 3313">
    <p class='ocr_par' dir='ltr' id='par_1_96' title="bbox 2099 3242 3674 3313">
     <span class='ocr_line' id='line_1_96' title="bbox 2099 3242 3674 3313; baseline 0.015 -25"><span class='ocrx_word' id='word_1_743' title='bbox 2099 3242 2151 3289; x_wconf 90' lang='lat' dir='ltr'><strong>te</strong></span> <span class='ocrx_word' id='word_1_744' title='bbox 2175 3244 2347 3305; x_wconf 89' lang='lat' dir='ltr'><strong>putas,</strong></span> <span class='ocrx_word' id='word_1_745' title='bbox 2370 3250 2649 3309; x_wconf 90' lang='lat' dir='ltr'><strong>propterea</strong></span> <span class='ocrx_word' id='word_1_746' title='bbox 2671 3243 2869 3313; x_wconf 91' lang='lat' dir='ltr'><strong>reliqua</strong></span> <span class='ocrx_word' id='word_1_747' title='bbox 2895 3243 3133 3302; x_wconf 83' lang='lat' dir='ltr'><strong>defensio</strong></span> <span class='ocrx_word' id='word_1_748' title='bbox 3155 3250 3432 3305; x_wconf 69' lang='lat' dir='ltr'><strong>sententia:</strong></span> <span class='ocrx_word' id='word_1_749' title='bbox 3456 3260 3557 3305; x_wconf 71' lang='lat' dir='ltr'><strong>tum</strong></span> <span class='ocrx_word' id='word_1_750' title='bbox 3579 3252 3674 3312; x_wconf 78' lang='lat' dir='ltr'><strong>tibi</strong></span> 
     </span>
    </p>
   </div>
   <div class='ocr_carea' id='block_1_97' title="bbox 2096 3326 3690 3419">
    <p class='ocr_par' dir='ltr' id='par_1_97' title="bbox 2096 3326 3690 3419">
     <span class='ocr_line' id='line_1_97' title="bbox 2096 3326 3690 3419; baseline 0.014 -37"><span class='ocrx_word' id='word_1_751' title='bbox 2096 3326 2386 3419; x_wconf 82' lang='lat' dir='ltr'><strong>deserenda</strong></span> <span class='ocrx_word' id='word_1_752' title='bbox 2422 3340 2519 3387; x_wconf 86' lang='lat' dir='ltr'><strong>est.</strong></span> <span class='ocrx_word' id='word_1_753' title='bbox 2548 3331 2728 3405; x_wconf 87' lang='lat' dir='ltr'><strong>Itaque</strong></span> <span class='ocrx_word' id='word_1_754' title='bbox 2755 3351 2786 3391; x_wconf 93' lang='lat' dir='ltr'><strong>a</strong></span> <span class='ocrx_word' id='word_1_755' title='bbox 2812 3352 2898 3392; x_wconf 91' lang='lat' dir='ltr'><strong>me</strong></span> <span class='ocrx_word' id='word_1_756' title='bbox 2932 3338 3063 3394; x_wconf 87' lang='lat' dir='ltr'><strong>nihil</strong></span> <span class='ocrx_word' id='word_1_757' title='bbox 3098 3340 3240 3396; x_wconf 88' lang='lat' dir='ltr'><strong>aliud</strong></span> <span class='ocrx_word' id='word_1_758' title='bbox 3270 3342 3487 3401; x_wconf 84' lang='lat' dir='ltr'><strong>habebis</strong></span> <span class='ocrx_word' id='word_1_759' title='bbox 3512 3360 3690 3419; x_wconf 72' lang='lat' dir='ltr'><strong>quam,</strong></span> 
     </span>
    </p>
   </div>
   <div class='ocr_carea' id='block_1_98' title="bbox 2098 3417 3670 3507">
    <p class='ocr_par' dir='ltr' id='par_1_98' title="bbox 2098 3417 3670 3507">
     <span class='ocr_line' id='line_1_98' title="bbox 2098 3417 3670 3507; baseline 0.013 -35"><span class='ocrx_word' id='word_1_760' title='bbox 2098 3417 2456 3477; x_wconf 89' lang='lat' dir='ltr'><strong>deﬁnitionem</strong></span> <span class='ocrx_word' id='word_1_761' title='bbox 2497 3426 2769 3495; x_wconf 81' lang='lat' dir='ltr'><strong>sapientiae</strong></span> <span class='ocrx_word' id='word_1_762' title='bbox 2790 3468 2804 3492; x_wconf 92' lang='lat'><strong>,</strong></span> <span class='ocrx_word' id='word_1_763' title='bbox 2839 3442 2959 3498; x_wconf 75' lang='lat' dir='ltr'><strong>qure</strong></span> <span class='ocrx_word' id='word_1_764' title='bbox 2991 3445 3089 3485; x_wconf 90' lang='lat' dir='ltr'><strong>nec</strong></span> <span class='ocrx_word' id='word_1_765' title='bbox 3119 3447 3236 3488; x_wconf 88' lang='lat' dir='ltr'><strong>mea</strong></span> <span class='ocrx_word' id='word_1_766' title='bbox 3263 3449 3361 3490; x_wconf 87' lang='lat' dir='ltr'><strong>nec</strong></span> <span class='ocrx_word' id='word_1_767' title='bbox 3390 3450 3524 3488; x_wconf 88' lang='lat' dir='ltr'><strong>nova</strong></span> <span class='ocrx_word' id='word_1_768' title='bbox 3552 3446 3670 3507; x_wconf 88' lang='lat' dir='ltr'><strong>est,</strong></span> 
     </span>
    </p>
   </div>
   <div class='ocr_carea' id='block_1_99' title="bbox 2098 3511 3687 3592">
    <p class='ocr_par' dir='ltr' id='par_1_99' title="bbox 2098 3511 3687 3592">
     <span class='ocr_line' id='line_1_99' title="bbox 2098 3511 3687 3592; baseline 0.011 -27"><span class='ocrx_word' id='word_1_769' title='bbox 2098 3511 2191 3566; x_wconf 91' lang='lat' dir='ltr'><strong>sed</strong></span> <span class='ocrx_word' id='word_1_770' title='bbox 2212 3521 2265 3567; x_wconf 90' lang='lat' dir='ltr'><strong>et</strong></span> <span class='ocrx_word' id='word_1_771' title='bbox 2288 3514 2580 3583; x_wconf 88' lang='lat' dir='ltr'><strong>priscorum</strong></span> <span class='ocrx_word' id='word_1_772' title='bbox 2601 3516 2893 3587; x_wconf 92' lang='lat' dir='ltr'><strong>hominum,</strong></span> <span class='ocrx_word' id='word_1_773' title='bbox 2913 3529 2966 3575; x_wconf 90' lang='lat' dir='ltr'><strong>et</strong></span> <span class='ocrx_word' id='word_1_774' title='bbox 2985 3538 3143 3592; x_wconf 90' lang='lat' dir='ltr'><strong>quam</strong></span> <span class='ocrx_word' id='word_1_775' title='bbox 3163 3538 3257 3578; x_wconf 85' lang='lat' dir='ltr'><strong>vos</strong></span> <span class='ocrx_word' id='word_1_776' title='bbox 3281 3525 3443 3581; x_wconf 90' lang='lat' dir='ltr'><strong>mirer</strong></span> <span class='ocrx_word' id='word_1_777' title='bbox 3462 3542 3566 3582; x_wconf 90' lang='lat' dir='ltr'><strong>non</strong></span> <span class='ocrx_word' id='word_1_778' title='bbox 3588 3535 3687 3584; x_wconf 85' lang='lat' dir='ltr'><strong>re—‘</strong></span> 
     </span>
    </p>
   </div>
   <div class='ocr_carea' id='block_1_100' title="bbox 2097 3604 3673 3687">
    <p class='ocr_par' dir='ltr' id='par_1_100' title="bbox 2097 3604 3673 3687">
     <span class='ocr_line' id='line_1_100' title="bbox 2097 3604 3673 3687; baseline 0.011 -30"><span class='ocrx_word' id='word_1_779' title='bbox 2097 3604 2324 3659; x_wconf 89' lang='lat' dir='ltr'><strong>cordari.</strong></span> <span class='ocrx_word' id='word_1_780' title='bbox 2356 3606 2473 3662; x_wconf 88' lang='lat' dir='ltr'><strong>Non</strong></span> <span class='ocrx_word' id='word_1_781' title='bbox 2501 3609 2643 3663; x_wconf 92' lang='lat' dir='ltr'><strong>enim</strong></span> <span class='ocrx_word' id='word_1_782' title='bbox 2672 3625 2814 3665; x_wconf 90' lang='lat' dir='ltr'><strong>nunc</strong></span> <span class='ocrx_word' id='word_1_783' title='bbox 2842 3613 3067 3682; x_wconf 92' lang='lat' dir='ltr'><strong>primum</strong></span> <span class='ocrx_word' id='word_1_784' title='bbox 3093 3615 3286 3671; x_wconf 88' lang='lat' dir='ltr'><strong>auditis</strong></span> <span class='ocrx_word' id='word_1_785' title='bbox 3305 3658 3320 3683; x_wconf 94' lang='lat'><strong>,</strong></span> <span class='ocrx_word' id='word_1_786' title='bbox 3348 3617 3673 3687; x_wconf 83' lang='lat' dir='ltr'><strong>Sapientiam</strong></span> 
     </span>
    </p>
   </div>
   <div class='ocr_carea' id='block_1_101' title="bbox 2097 3698 3540 3776">
    <p class='ocr_par' dir='ltr' id='par_1_101' title="bbox 2097 3698 3540 3776">
     <span class='ocr_line' id='line_1_101' title="bbox 2097 3698 3540 3776; baseline 0.011 -27"><span class='ocrx_word' id='word_1_787' title='bbox 2097 3710 2216 3750; x_wconf 90' lang='lat' dir='ltr'><strong>esse</strong></span> <span class='ocrx_word' id='word_1_788' title='bbox 2242 3712 2417 3752; x_wconf 90' lang='lat' dir='ltr'><strong>rerum</strong></span> <span class='ocrx_word' id='word_1_789' title='bbox 2445 3698 2792 3756; x_wconf 88' lang='lat' dir='ltr'><strong>humanarum</strong></span> <span class='ocrx_word' id='word_1_790' title='bbox 2821 3702 3221 3776; x_wconf 87' lang='lat' dir='ltr'><strong>divinarumque</strong></span> <span class='ocrx_word' id='word_1_791' title='bbox 3246 3707 3540 3767; x_wconf 85' lang='lat' dir='ltr'><strong>scientiam.</strong></span> 
     </span>
    </p>
   </div>
   <div class='ocr_carea' id='block_1_102' title="bbox 2168 3788 3673 3868">
    <p class='ocr_par' dir='ltr' id='par_1_102' title="bbox 2168 3788 3673 3868">
     <span class='ocr_line' id='line_1_102' title="bbox 2168 3788 3673 3868; baseline 0.014 -26"><span class='ocrx_word' id='word_1_792' title='bbox 2168 3788 2257 3843; x_wconf 81' lang='grc'><strong>17.</strong></span> <span class='ocrx_word' id='word_1_793' title='bbox 2297 3789 2394 3845; x_wconf 87' lang='lat' dir='ltr'><strong>Hic</strong></span> <span class='ocrx_word' id='word_1_794' title='bbox 2430 3790 2699 3849; x_wconf 86' lang='lat' dir='ltr'><strong>Licentius</strong></span> <span class='ocrx_word' id='word_1_795' title='bbox 2721 3836 2736 3861; x_wconf 95' lang='lat'><strong>,</strong></span> <span class='ocrx_word' id='word_1_796' title='bbox 2764 3811 2920 3866; x_wconf 88' lang='lat' dir='ltr'><strong>quem</strong></span> <span class='ocrx_word' id='word_1_797' title='bbox 2962 3807 3082 3868; x_wconf 91' lang='lat' dir='ltr'><strong>post</strong></span> <span class='ocrx_word' id='word_1_798' title='bbox 3119 3800 3270 3856; x_wconf 92' lang='lat' dir='ltr'><strong>istam</strong></span> <span class='ocrx_word' id='word_1_799' title='bbox 3306 3802 3673 3866; x_wconf 85' lang='lat' dir='ltr'><strong>deﬁnitionem</strong></span> 
     </span>
    </p>
   </div>
   <div class='ocr_carea' id='block_1_103' title="bbox 2098 3879 3673 3971">
    <p class='ocr_par' dir='ltr' id='par_1_103' title="bbox 2098 3879 3673 3971">
     <span class='ocr_line' id='line_1_103' title="bbox 2098 3879 3673 3971; baseline 0.014 -36"><span class='ocrx_word' id='word_1_800' title='bbox 2098 3879 2185 3935; x_wconf 91' lang='lat' dir='ltr'><strong>diu</strong></span> <span class='ocrx_word' id='word_1_801' title='bbox 2216 3883 2461 3951; x_wconf 87' lang='lat' dir='ltr'><strong>putabam</strong></span> <span class='ocrx_word' id='word_1_802' title='bbox 2489 3886 2833 3956; x_wconf 63' lang='lat' dir='ltr'><strong>quaesiturum</strong></span> <span class='ocrx_word' id='word_1_803' title='bbox 2861 3905 2980 3946; x_wconf 90' lang='lat' dir='ltr'><strong>esse</strong></span> <span class='ocrx_word' id='word_1_804' title='bbox 3008 3893 3150 3962; x_wconf 92' lang='lat' dir='ltr'><strong>quod</strong></span> <span class='ocrx_word' id='word_1_805' title='bbox 3179 3893 3413 3964; x_wconf 87' lang='lat' dir='ltr'><strong>diceret,</strong></span> <span class='ocrx_word' id='word_1_806' title='bbox 3442 3899 3673 3971; x_wconf 82' lang='lat' dir='ltr'><strong>subjecit</strong></span> 
     </span>
    </p>
   </div>
   <div class='ocr_carea' id='block_1_104' title="bbox 2097 3973 3672 4053">
    <p class='ocr_par' dir='ltr' id='par_1_104' title="bbox 2097 3973 3672 4053">
     <span class='ocr_line' id='line_1_104' title="bbox 2097 3973 3672 4053; baseline 0.014 -28"><span class='ocrx_word' id='word_1_807' title='bbox 2097 3973 2312 4027; x_wconf 89' lang='lat' dir='ltr'><strong>statim:</strong></span> <span class='ocrx_word' id='word_1_808' title='bbox 2343 3974 2451 4030; x_wconf 92' lang='lat' dir='ltr'><strong>Cur</strong></span> <span class='ocrx_word' id='word_1_809' title='bbox 2486 3991 2612 4048; x_wconf 91' lang='lat' dir='ltr'><strong>ergo</strong></span> <span class='ocrx_word' id='word_1_810' title='bbox 2653 3993 2792 4046; x_wconf 90' lang='lat' dir='ltr'><strong>non,</strong></span> <span class='ocrx_word' id='word_1_811' title='bbox 2833 3996 3043 4050; x_wconf 64' lang='lat' dir='ltr'><strong>quteso,</strong></span> <span class='ocrx_word' id='word_1_812' title='bbox 3088 3985 3380 4053; x_wconf 89' lang='lat' dir='ltr'><strong>sapientem</strong></span> <span class='ocrx_word' id='word_1_813' title='bbox 3419 4004 3672 4051; x_wconf 85' lang='lat' dir='ltr'><strong>vocamus</strong></span> 
     </span>
    </p>
   </div>
   <div class='ocr_carea' id='block_1_105' title="bbox 2096 4061 3683 4146">
    <p class='ocr_par' dir='ltr' id='par_1_105' title="bbox 2096 4061 3683 4146">
     <span class='ocr_line' id='line_1_105' title="bbox 2096 4061 3683 4146; baseline 0.014 -30"><span class='ocrx_word' id='word_1_814' title='bbox 2096 4061 2559 4133; x_wconf 85' lang='lat' dir='ltr'><strong>flagitiosissimum</strong></span> <span class='ocrx_word' id='word_1_815' title='bbox 2588 4069 2735 4124; x_wconf 91' lang='lat' dir='ltr'><strong>illum</strong></span> <span class='ocrx_word' id='word_1_816' title='bbox 2763 4071 3028 4127; x_wconf 92' lang='lat' dir='ltr'><strong>hominem</strong></span> <span class='ocrx_word' id='word_1_817' title='bbox 3052 4115 3065 4139; x_wconf 95' lang='lat'><strong>,</strong></span> <span class='ocrx_word' id='word_1_818' title='bbox 3093 4091 3249 4145; x_wconf 92' lang='lat' dir='ltr'><strong>quem</strong></span> <span class='ocrx_word' id='word_1_819' title='bbox 3282 4078 3376 4146; x_wconf 89' lang='lat' dir='ltr'><strong>ipsi</strong></span> <span class='ocrx_word' id='word_1_820' title='bbox 3407 4078 3542 4135; x_wconf 86' lang='lat' dir='ltr'><strong>bene</strong></span> <span class='ocrx_word' id='word_1_821' title='bbox 3568 4074 3683 4146; x_wconf 67' lang='grc' dir='ltr'><strong>κιο-ἶ</strong></span> 
     </span>
    </p>
   </div>
   <div class='ocr_carea' id='block_1_106' title="bbox 2094 4136 3688 4235">
    <p class='ocr_par' dir='ltr' id='par_1_106' title="bbox 2094 4136 3688 4235">
     <span class='ocr_line' id='line_1_106' title="bbox 2094 4136 3688 4235; baseline 0.013 -26"><span class='ocrx_word' id='word_1_822' title='bbox 2094 4157 2266 4212; x_wconf 91' lang='lat' dir='ltr'><strong>vimus</strong></span> <span class='ocrx_word' id='word_1_823' title='bbox 2286 4174 2380 4227; x_wconf 91' lang='lat' dir='ltr'><strong>per</strong></span> <span class='ocrx_word' id='word_1_824' title='bbox 2400 4160 2671 4216; x_wconf 91' lang='lat' dir='ltr'><strong>innumera</strong></span> <span class='ocrx_word' id='word_1_825' title='bbox 2693 4172 2864 4218; x_wconf 88' lang='lat' dir='ltr'><strong>scorta</strong></span> <span class='ocrx_word' id='word_1_826' title='bbox 2886 4165 3059 4221; x_wconf 92' lang='lat' dir='ltr'><strong>solere</strong></span> <span class='ocrx_word' id='word_1_827' title='bbox 3075 4166 3322 4235; x_wconf 88' lang='lat' dir='ltr'><strong>dissolvi;</strong></span> <span class='ocrx_word' id='word_1_828' title='bbox 3345 4136 3688 4229; x_wconf 43' lang='lat' dir='ltr'><strong>Albicerium‘.</strong></span> 
     </span>
    </p>
   </div>
   <div class='ocr_carea' id='block_1_107' title="bbox 2094 4246 3669 4325">
    <p class='ocr_par' dir='ltr' id='par_1_107' title="bbox 2094 4246 3669 4325">
     <span class='ocr_line' id='line_1_107' title="bbox 2094 4246 3669 4325; baseline 0.013 -26"><span class='ocrx_word' id='word_1_829' title='bbox 2094 4246 2213 4301; x_wconf 90' lang='lat' dir='ltr'><strong>dico</strong></span> <span class='ocrx_word' id='word_1_830' title='bbox 2241 4248 2386 4302; x_wconf 90' lang='lat' dir='ltr'><strong>illum</strong></span> <span class='ocrx_word' id='word_1_831' title='bbox 2407 4290 2420 4314; x_wconf 94' lang='lat'><strong>,</strong></span> <span class='ocrx_word' id='word_1_832' title='bbox 2449 4251 2537 4319; x_wconf 91' lang='lat' dir='ltr'><strong>qui</strong></span> <span class='ocrx_word' id='word_1_833' title='bbox 2562 4252 2700 4320; x_wconf 92' lang='lat' dir='ltr'><strong>apud</strong></span> <span class='ocrx_word' id='word_1_834' title='bbox 2727 4253 3092 4325; x_wconf 86' lang='lat' dir='ltr'><strong>Carthaginem</strong></span> <span class='ocrx_word' id='word_1_835' title='bbox 3123 4259 3315 4314; x_wconf 87' lang='lat' dir='ltr'><strong>multos</strong></span> <span class='ocrx_word' id='word_1_836' title='bbox 3343 4276 3511 4317; x_wconf 90' lang='lat' dir='ltr'><strong>annos</strong></span> <span class='ocrx_word' id='word_1_837' title='bbox 3536 4279 3669 4319; x_wconf 91' lang='lat' dir='ltr'><strong>con-</strong></span> 
     </span>
    </p>
   </div>
   <div class='ocr_carea' id='block_1_108' title="bbox 2095 4338 3675 4418">
    <p class='ocr_par' dir='ltr' id='par_1_108' title="bbox 2095 4338 3675 4418">
     <span class='ocr_line' id='line_1_108' title="bbox 2095 4338 3675 4418; baseline 0.014 -29"><span class='ocrx_word' id='word_1_838' title='bbox 2095 4338 2387 4393; x_wconf 87' lang='lat' dir='ltr'><strong>sulentibus</strong></span> <span class='ocrx_word' id='word_1_839' title='bbox 2412 4341 2542 4393; x_wconf 89' lang='lat' dir='ltr'><strong>mira</strong></span> <span class='ocrx_word' id='word_1_840' title='bbox 2568 4343 2806 4411; x_wconf 55' lang='lat' dir='ltr'><strong>quadam</strong></span> <span class='ocrx_word' id='word_1_841' title='bbox 2834 4355 2886 4399; x_wconf 77' lang='lat' dir='ltr'><strong>et</strong></span> <span class='ocrx_word' id='word_1_842' title='bbox 2912 4357 3053 4402; x_wconf 92' lang='lat' dir='ltr'><strong>certa</strong></span> <span class='ocrx_word' id='word_1_843' title='bbox 3085 4350 3396 4418; x_wconf 90' lang='lat' dir='ltr'><strong>respondit?</strong></span> <span class='ocrx_word' id='word_1_844' title='bbox 3422 4352 3675 4412; x_wconf 58' lang='lat' dir='ltr'><strong>Innume«</strong></span> 
     </span>
    </p>
   </div>
   <div class='ocr_carea' id='block_1_109' title="bbox 2094 4428 3672 4520">
    <p class='ocr_par' dir='ltr' id='par_1_109' title="bbox 2094 4428 3672 4520">
     <span class='ocr_line' id='line_1_109' title="bbox 2094 4428 3672 4520; baseline 0.015 -40"><span class='ocrx_word' id='word_1_845' title='bbox 2094 4428 2274 4482; x_wconf 86' lang='lat' dir='ltr'><strong>rabilia</strong></span> <span class='ocrx_word' id='word_1_846' title='bbox 2303 4444 2723 4488; x_wconf 86' lang='lat' dir='ltr'><strong>commemorare</strong></span> <span class='ocrx_word' id='word_1_847' title='bbox 2749 4449 2978 4503; x_wconf 88' lang='lat' dir='ltr'><strong>possem.</strong></span> <span class='ocrx_word' id='word_1_848' title='bbox 3007 4438 3105 4491; x_wconf 91' lang='lat' dir='ltr'><strong>nisi</strong></span> <span class='ocrx_word' id='word_1_849' title='bbox 3133 4451 3187 4493; x_wconf 89' lang='lat' dir='ltr'><strong>et</strong></span> <span class='ocrx_word' id='word_1_850' title='bbox 3210 4442 3347 4510; x_wconf 92' lang='lat' dir='ltr'><strong>apud</strong></span> <span class='ocrx_word' id='word_1_851' title='bbox 3369 4457 3460 4498; x_wconf 91' lang='lat' dir='ltr'><strong>eos</strong></span> <span class='ocrx_word' id='word_1_852' title='bbox 3486 4444 3672 4520; x_wconf 67' lang='lat' dir='ltr'><strong>loque-</strong></span> 
     </span>
    </p>
   </div>
   <div class='ocr_carea' id='block_1_110' title="bbox 2094 4518 3745 4610">
    <p class='ocr_par' dir='ltr' id='par_1_110' title="bbox 2094 4518 3745 4610">
     <span class='ocr_line' id='line_1_110' title="bbox 2094 4518 3745 4610; baseline 0.016 -41"><span class='ocrx_word' id='word_1_853' title='bbox 2094 4532 2181 4570; x_wconf 90' lang='lat' dir='ltr'><strong>rer</strong></span> <span class='ocrx_word' id='word_1_854' title='bbox 2197 4518 2284 4587; x_wconf 92' lang='lat' dir='ltr'><strong>qui</strong></span> <span class='ocrx_word' id='word_1_855' title='bbox 2308 4521 2510 4587; x_wconf 82' lang='lat' dir='ltr'><strong>expcrti</strong></span> <span class='ocrx_word' id='word_1_856' title='bbox 2534 4531 2675 4589; x_wconf 90' lang='lat' dir='ltr'><strong>sunt,</strong></span> <span class='ocrx_word' id='word_1_857' title='bbox 2699 4533 2753 4577; x_wconf 92' lang='lat' dir='ltr'><strong>et</strong></span> <span class='ocrx_word' id='word_1_858' title='bbox 2776 4527 2955 4593; x_wconf 89' lang='lat' dir='ltr'><strong>paucis</strong></span> <span class='ocrx_word' id='word_1_859' title='bbox 2978 4543 3117 4583; x_wconf 91' lang='lat' dir='ltr'><strong>nunc</strong></span> <span class='ocrx_word' id='word_1_860' title='bbox 3142 4532 3268 4585; x_wconf 92' lang='lat' dir='ltr'><strong>satis</strong></span> <span class='ocrx_word' id='word_1_861' title='bbox 3284 4533 3352 4586; x_wconf 91' lang='lat' dir='ltr'><strong>sit</strong></span> <span class='ocrx_word' id='word_1_862' title='bbox 3370 4533 3437 4591; x_wconf 93' lang='lat' dir='ltr'><strong>ad</strong></span> <span class='ocrx_word' id='word_1_863' title='bbox 3458 4535 3510 4589; x_wconf 87' lang='lat' dir='ltr'><strong>id</strong></span> <span class='ocrx_word' id='word_1_864' title='bbox 3526 4518 3668 4605; x_wconf 90' lang='lat' dir='ltr'><strong>quod</strong></span> <span class='ocrx_word' id='word_1_865' title='bbox 3728 4568 3745 4610; x_wconf 51' lang='grc' dir='ltr'><strong>,λ</strong></span> 
     </span>
    </p>
   </div>
   <div class='ocr_carea' id='block_1_111' title="bbox 3734 631 3741 673">
    <p class='ocr_par' dir='ltr' id='par_1_111' title="bbox 3734 631 3741 673">
     <span class='ocr_line' id='line_1_111' title="bbox 3734 631 3741 673; baseline 0 0"><span class='ocrx_word' id='word_1_866' title='bbox 3734 631 3741 673; x_wconf 75' lang='grc' dir='ltr'><em>Ξ</em></span> 
     </span>
    </p>
   </div>
   <div class='ocr_carea' id='block_1_112' title="bbox 3734 676 3742 777">
    <p class='ocr_par' dir='ltr' id='par_1_112' title="bbox 3734 676 3742 777">
     <span class='ocr_line' id='line_1_112' title="bbox 3734 676 3742 777; baseline 0 0"><span class='ocrx_word' id='word_1_867' title='bbox 3734 676 3742 765; x_wconf 75' lang='grc' dir='ltr'><strong>ἰ</strong></span> 
     </span>
    </p>
   </div>
   <div class='ocr_carea' id='block_1_113' title="bbox 2094 4607 3735 4694">
    <p class='ocr_par' dir='ltr' id='par_1_113' title="bbox 2094 4607 3735 4694">
     <span class='ocr_line' id='line_1_113' title="bbox 2094 4607 3735 4694; baseline 0.016 -34"><span class='ocrx_word' id='word_1_868' title='bbox 2094 4608 2232 4661; x_wconf 88' lang='lat' dir='ltr'><strong>volo.</strong></span> <span class='ocrx_word' id='word_1_869' title='bbox 2264 4607 2451 4664; x_wconf 89' lang='lat' dir='ltr'><strong>Nonne</strong></span> <span class='ocrx_word' id='word_1_870' title='bbox 2483 4611 2835 4668; x_wconf 89' lang='lat' dir='ltr'><strong>cochlearium</strong></span> <span class='ocrx_word' id='word_1_871' title='bbox 2867 4615 3035 4687; x_wconf 89' lang='lat' dir='ltr'><strong>(mihi</strong></span> <span class='ocrx_word' id='word_1_872' title='bbox 3063 4629 3239 4675; x_wconf 90' lang='lat' dir='ltr'><strong>autem</strong></span> <span class='ocrx_word' id='word_1_873' title='bbox 3269 4623 3515 4694; x_wconf 86' lang='lat' dir='ltr'><strong>dicebat)</strong></span> <span class='ocrx_word' id='word_1_874' title='bbox 3545 4644 3665 4685; x_wconf 90' lang='lat' dir='ltr'><strong>cum</strong></span> <span class='ocrx_word' id='word_1_875' title='bbox 3728 4607 3735 4652; x_wconf 51' lang='grc' dir='ltr'>έ</span> 
     </span>
    </p>
   </div>
   <div class='ocr_carea' id='block_1_114' title="bbox 2092 4697 3667 4779">
    <p class='ocr_par' dir='ltr' id='par_1_114' title="bbox 2092 4697 3667 4779">
     <span class='ocr_line' id='line_1_114' title="bbox 2092 4697 3667 4779; baseline 0.013 -29"><span class='ocrx_word' id='word_1_876' title='bbox 2092 4697 2233 4751; x_wconf 88' lang='lat' dir='ltr'><strong>domi</strong></span> <span class='ocrx_word' id='word_1_877' title='bbox 2260 4714 2362 4753; x_wconf 91' lang='lat' dir='ltr'><strong>non</strong></span> <span class='ocrx_word' id='word_1_878' title='bbox 2397 4700 2751 4769; x_wconf 90' lang='lat' dir='ltr'><strong>inveniretur;</strong></span> <span class='ocrx_word' id='word_1_879' title='bbox 2781 4715 2868 4759; x_wconf 91' lang='lat' dir='ltr'><strong>tuo</strong></span> <span class='ocrx_word' id='word_1_880' title='bbox 2892 4706 3039 4776; x_wconf 90' lang='lat' dir='ltr'><strong>jussu</strong></span> <span class='ocrx_word' id='word_1_881' title='bbox 3069 4722 3423 4779; x_wconf 90' lang='lat' dir='ltr'><strong>percontatus,</strong></span> <span class='ocrx_word' id='word_1_882' title='bbox 3447 4731 3551 4770; x_wconf 89' lang='lat' dir='ltr'><strong>non</strong></span> <span class='ocrx_word' id='word_1_883' title='bbox 3579 4731 3667 4771; x_wconf 84' lang='lat' dir='ltr'><strong>so-</strong></span> 
     </span>
    </p>
   </div>
   <div class='ocr_carea' id='block_1_115' title="bbox 2092 4788 3679 4877">
    <p class='ocr_par' dir='ltr' id='par_1_115' title="bbox 2092 4788 3679 4877">
     <span class='ocr_line' id='line_1_115' title="bbox 2092 4788 3679 4877; baseline 0.014 -36"><span class='ocrx_word' id='word_1_884' title='bbox 2092 4788 2197 4841; x_wconf 90' lang='lat' dir='ltr'><strong>lum</strong></span> <span class='ocrx_word' id='word_1_885' title='bbox 2231 4789 2355 4859; x_wconf 86' lang='lat' dir='ltr'><strong>quid</strong></span> <span class='ocrx_word' id='word_1_886' title='bbox 2386 4803 2742 4861; x_wconf 63' lang='lat' dir='ltr'><strong>qumreretur,</strong></span> <span class='ocrx_word' id='word_1_887' title='bbox 2775 4812 2956 4851; x_wconf 86' lang='lat' dir='ltr'><strong>verum</strong></span> <span class='ocrx_word' id='word_1_888' title='bbox 2987 4800 3144 4854; x_wconf 75' lang='lat' dir='ltr'><strong>etiam</strong></span> <span class='ocrx_word' id='word_1_889' title='bbox 3176 4804 3483 4859; x_wconf 82' lang='lat' dir='ltr'><strong>nominatim</strong></span> <span class='ocrx_word' id='word_1_890' title='bbox 3514 4796 3679 4877; x_wconf 29' lang='lat' dir='ltr'><strong>cujus.</strong></span> 
     </span>
    </p>
   </div>
   <div class='ocr_carea' id='block_1_116' title="bbox 2090 4882 3668 4969">
    <p class='ocr_par' dir='ltr' id='par_1_116' title="bbox 2090 4882 3668 4969">
     <span class='ocr_line' id='line_1_116' title="bbox 2090 4882 3668 4969; baseline 0.016 -39"><span class='ocrx_word' id='word_1_891' title='bbox 2090 4894 2176 4931; x_wconf 92' lang='lat' dir='ltr'><strong>res</strong></span> <span class='ocrx_word' id='word_1_892' title='bbox 2192 4889 2352 4946; x_wconf 86' lang='lat' dir='ltr'><strong>esset,</strong></span> <span class='ocrx_word' id='word_1_893' title='bbox 2371 4892 2425 4936; x_wconf 89' lang='lat' dir='ltr'><strong>et</strong></span> <span class='ocrx_word' id='word_1_894' title='bbox 2439 4882 2525 4937; x_wconf 91' lang='lat' dir='ltr'><strong>ubi</strong></span> <span class='ocrx_word' id='word_1_895' title='bbox 2542 4884 2749 4952; x_wconf 88' lang='lat' dir='ltr'><strong>lateret,</strong></span> <span class='ocrx_word' id='word_1_896' title='bbox 2775 4888 3027 4943; x_wconf 90' lang='lat' dir='ltr'><strong>citissime</strong></span> <span class='ocrx_word' id='word_1_897' title='bbox 3046 4893 3425 4965; x_wconf 90' lang='lat' dir='ltr'><strong>verissimeque</strong></span> <span class='ocrx_word' id='word_1_898' title='bbox 3446 4913 3668 4969; x_wconf 83' lang='lat' dir='ltr'><strong>respon-</strong></span> 
     </span>
    </p>
   </div>
   <div class='ocr_carea' id='block_1_117' title="bbox 2090 4970 3664 5060">
    <p class='ocr_par' dir='ltr' id='par_1_117' title="bbox 2090 4970 3664 5060">
     <span class='ocr_line' id='line_1_117' title="bbox 2090 4970 3664 5060; baseline 0.015 -38"><span class='ocrx_word' id='word_1_899' title='bbox 2090 4970 2204 5024; x_wconf 89' lang='lat' dir='ltr'><strong>dit?</strong></span> <span class='ocrx_word' id='word_1_900' title='bbox 2232 4971 2355 5025; x_wconf 88' lang='lat' dir='ltr'><strong>item</strong></span> <span class='ocrx_word' id='word_1_901' title='bbox 2385 4990 2471 5028; x_wconf 90' lang='lat' dir='ltr'><strong>me</strong></span> <span class='ocrx_word' id='word_1_902' title='bbox 2500 4987 2788 5044; x_wconf 60' lang='lat' dir='ltr'><strong>praesente,</strong></span> <span class='ocrx_word' id='word_1_903' title='bbox 2821 4981 3005 5034; x_wconf 91' lang='lat' dir='ltr'><strong>omitto</strong></span> <span class='ocrx_word' id='word_1_904' title='bbox 3030 4982 3157 5036; x_wconf 90' lang='lat' dir='ltr'><strong>illud</strong></span> <span class='ocrx_word' id='word_1_905' title='bbox 3187 4985 3326 5055; x_wconf 91' lang='lat' dir='ltr'><strong>quod</strong></span> <span class='ocrx_word' id='word_1_906' title='bbox 3355 4986 3406 5040; x_wconf 92' lang='lat' dir='ltr'><strong>in</strong></span> <span class='ocrx_word' id='word_1_907' title='bbox 3434 5004 3497 5043; x_wconf 89' lang='lat' dir='ltr'><strong>eo</strong></span> <span class='ocrx_word' id='word_1_908' title='bbox 3524 4993 3664 5060; x_wconf 88' lang='lat' dir='ltr'><strong>quod</strong></span> 
     </span>
    </p>
   </div>
   <div class='ocr_carea' id='block_1_118' title="bbox 2088 5064 3665 5151">
    <p class='ocr_par' dir='ltr' id='par_1_118' title="bbox 2088 5064 3665 5151">
     <span class='ocr_line' id='line_1_118' title="bbox 2088 5064 3665 5151; baseline 0.014 -37"><span class='ocrx_word' id='word_1_909' title='bbox 2088 5064 2371 5131; x_wconf 85' lang='lat' dir='ltr'><strong>rogabatur</strong></span> <span class='ocrx_word' id='word_1_910' title='bbox 2397 5065 2529 5119; x_wconf 90' lang='lat' dir='ltr'><strong>nihil</strong></span> <span class='ocrx_word' id='word_1_911' title='bbox 2567 5069 2782 5122; x_wconf 88' lang='lat' dir='ltr'><strong>omnino</strong></span> <span class='ocrx_word' id='word_1_912' title='bbox 2811 5069 2974 5124; x_wconf 84' lang='lat' dir='ltr'><strong>falsus</strong></span> <span class='ocrx_word' id='word_1_913' title='bbox 3001 5081 3114 5138; x_wconf 87' lang='lat' dir='ltr'><strong>est,</strong></span> <span class='ocrx_word' id='word_1_914' title='bbox 3145 5075 3237 5129; x_wconf 89' lang='lat' dir='ltr'><strong>sed</strong></span> <span class='ocrx_word' id='word_1_915' title='bbox 3265 5090 3385 5131; x_wconf 92' lang='lat' dir='ltr'><strong>cum</strong></span> <span class='ocrx_word' id='word_1_916' title='bbox 3417 5093 3547 5147; x_wconf 90' lang='lat' dir='ltr'><strong>puer</strong></span> <span class='ocrx_word' id='word_1_917' title='bbox 3575 5083 3665 5151; x_wconf 92' lang='lat' dir='ltr'><strong>qui</strong></span> 
     </span>
    </p>
   </div>
   <div class='ocr_carea' id='block_1_119' title="bbox 2090 5154 3663 5232">
    <p class='ocr_par' dir='ltr' id='par_1_119' title="bbox 2090 5154 3663 5232">
     <span class='ocr_line' id='line_1_119' title="bbox 2090 5154 3663 5232; baseline 0.013 -27"><span class='ocrx_word' id='word_1_918' title='bbox 2090 5168 2336 5207; x_wconf 90' lang='lat' dir='ltr'><strong>nummos</strong></span> <span class='ocrx_word' id='word_1_919' title='bbox 2364 5154 2598 5221; x_wconf 83' lang='lat' dir='ltr'><strong>ferebat,</strong></span> <span class='ocrx_word' id='word_1_920' title='bbox 2622 5168 2820 5211; x_wconf 90' lang='lat' dir='ltr'><strong>certam</strong></span> <span class='ocrx_word' id='word_1_921' title='bbox 2848 5174 3031 5215; x_wconf 91' lang='lat' dir='ltr'><strong>eorum</strong></span> <span class='ocrx_word' id='word_1_922' title='bbox 3059 5172 3283 5232; x_wconf 90' lang='lat' dir='ltr'><strong>partem,</strong></span> <span class='ocrx_word' id='word_1_923' title='bbox 3304 5180 3424 5221; x_wconf 90' lang='lat' dir='ltr'><strong>cum</strong></span> <span class='ocrx_word' id='word_1_924' title='bbox 3450 5169 3514 5224; x_wconf 90' lang='lat' dir='ltr'><strong>ad</strong></span> <span class='ocrx_word' id='word_1_925' title='bbox 3540 5186 3663 5226; x_wconf 91' lang='lat' dir='ltr'><strong>eum</strong></span> 
     </span>
    </p>
   </div>
   <div class='ocr_carea' id='block_1_120' title="bbox 2085 5246 3664 5332">
    <p class='ocr_par' dir='ltr' id='par_1_120' title="bbox 2085 5246 3664 5332">
     <span class='ocr_line' id='line_1_120' title="bbox 2085 5246 3664 5332; baseline 0.012 -34"><span class='ocrx_word' id='word_1_926' title='bbox 2085 5258 2446 5313; x_wconf 85' lang='lat' dir='ltr'><strong>pergeremus,</strong></span> <span class='ocrx_word' id='word_1_927' title='bbox 2482 5246 2682 5303; x_wconf 89' lang='lat' dir='ltr'><strong>furatus</strong></span> <span class='ocrx_word' id='word_1_928' title='bbox 2712 5261 2884 5315; x_wconf 86' lang='lat' dir='ltr'><strong>esset;</strong></span> <span class='ocrx_word' id='word_1_929' title='bbox 2916 5266 3102 5308; x_wconf 91' lang='lat' dir='ltr'><strong>omnes</strong></span> <span class='ocrx_word' id='word_1_930' title='bbox 3129 5256 3229 5311; x_wconf 91' lang='lat' dir='ltr'><strong>sibi</strong></span> <span class='ocrx_word' id='word_1_931' title='bbox 3252 5260 3523 5315; x_wconf 88' lang='lat' dir='ltr'><strong>numerari</strong></span> <span class='ocrx_word' id='word_1_932' title='bbox 3543 5262 3664 5332; x_wconf 80' lang='lat' dir='ltr'><strong>jus-</strong></span> 
     </span>
    </p>
   </div>
   <div class='ocr_carea' id='block_1_121' title="bbox 2085 5337 3666 5421">
    <p class='ocr_par' dir='ltr' id='par_1_121' title="bbox 2085 5337 3666 5421">
     <span class='ocr_line' id='line_1_121' title="bbox 2085 5337 3666 5421; baseline 0.013 -31"><span class='ocrx_word' id='word_1_933' title='bbox 2085 5337 2184 5403; x_wconf 91' lang='lat' dir='ltr'><strong>sit,</strong></span> <span class='ocrx_word' id='word_1_934' title='bbox 2224 5339 2497 5408; x_wconf 87' lang='lat' dir='ltr'><strong>coegitque</strong></span> <span class='ocrx_word' id='word_1_935' title='bbox 2535 5340 2678 5393; x_wconf 90' lang='lat' dir='ltr'><strong>illum</strong></span> <span class='ocrx_word' id='word_1_936' title='bbox 2716 5350 2839 5397; x_wconf 89' lang='lat' dir='ltr'><strong>ante</strong></span> <span class='ocrx_word' id='word_1_937' title='bbox 2874 5346 3055 5400; x_wconf 89' lang='lat' dir='ltr'><strong>oculos</strong></span> <span class='ocrx_word' id='word_1_938' title='bbox 3084 5357 3296 5407; x_wconf 89' lang='lat' dir='ltr'><strong>nostros</strong></span> <span class='ocrx_word' id='word_1_939' title='bbox 3323 5366 3457 5421; x_wconf 92' lang='lat' dir='ltr'><strong>quos</strong></span> <span class='ocrx_word' id='word_1_940' title='bbox 3482 5354 3666 5410; x_wconf 77' lang='lat' dir='ltr'><strong>abstu-</strong></span> 
     </span>
    </p>
   </div>
   <div class='ocr_carea' id='block_1_122' title="bbox 2085 5424 3659 5509">
    <p class='ocr_par' dir='ltr' id='par_1_122' title="bbox 2085 5424 3659 5509">
     <span class='ocr_line' id='line_1_122' title="bbox 2085 5424 3659 5509; baseline 0.015 -29"><span class='ocrx_word' id='word_1_941' title='bbox 2085 5424 2220 5480; x_wconf 89' lang='lat' dir='ltr'><strong>lerat</strong></span> <span class='ocrx_word' id='word_1_942' title='bbox 2265 5428 2519 5496; x_wconf 87' lang='lat' dir='ltr'><strong>rcddere,</strong></span> <span class='ocrx_word' id='word_1_943' title='bbox 2563 5431 2866 5501; x_wconf 90' lang='lat' dir='ltr'><strong>priusquam</strong></span> <span class='ocrx_word' id='word_1_944' title='bbox 2915 5437 3130 5492; x_wconf 91' lang='lat' dir='ltr'><strong>omnino</strong></span> <span class='ocrx_word' id='word_1_945' title='bbox 3167 5439 3281 5509; x_wconf 84' lang='lat' dir='ltr'><strong>ipse</strong></span> <span class='ocrx_word' id='word_1_946' title='bbox 3315 5452 3408 5498; x_wconf 91' lang='lat' dir='ltr'><strong>aut</strong></span> <span class='ocrx_word' id='word_1_947' title='bbox 3442 5445 3659 5502; x_wconf 90' lang='lat' dir='ltr'><strong>eosdem</strong></span> 
     </span>
    </p>
   </div>
   <div class='ocr_carea' id='block_1_123' title="bbox 2084 5513 3678 5594">
    <p class='ocr_par' dir='ltr' id='par_1_123' title="bbox 2084 5513 3678 5594">
     <span class='ocr_line' id='line_1_123' title="bbox 2084 5513 3678 5594; baseline 0.014 -21"><span class='ocrx_word' id='word_1_948' title='bbox 2084 5535 2331 5575; x_wconf 92' lang='lat' dir='ltr'><strong>nummos</strong></span> <span class='ocrx_word' id='word_1_949' title='bbox 2356 5521 2592 5588; x_wconf 86' lang='lat' dir='ltr'><strong>vidisset,</strong></span> <span class='ocrx_word' id='word_1_950' title='bbox 2619 5533 2710 5578; x_wconf 89' lang='lat' dir='ltr'><strong>aut</strong></span> <span class='ocrx_word' id='word_1_951' title='bbox 2730 5536 2983 5594; x_wconf 88' lang='lat' dir='ltr'><strong>quantum</strong></span> <span class='ocrx_word' id='word_1_952' title='bbox 3013 5530 3111 5585; x_wconf 89' lang='lat' dir='ltr'><strong>sibi</strong></span> <span class='ocrx_word' id='word_1_953' title='bbox 3139 5532 3353 5590; x_wconf 91' lang='lat' dir='ltr'><strong>allatum</strong></span> <span class='ocrx_word' id='word_1_954' title='bbox 3378 5533 3539 5593; x_wconf 85' lang='lat' dir='ltr'><strong>fuerit</strong></span> <span class='ocrx_word' id='word_1_955' title='bbox 3564 5513 3678 5594; x_wconf 65' lang='grc' dir='ltr'><strong><em>ειη-⁸</em></strong></span> 
     </span>
    </p>
   </div>
   <div class='ocr_carea' id='block_1_124' title="bbox 2082 5612 2503 5669">
    <p class='ocr_par' dir='ltr' id='par_1_124' title="bbox 2082 5612 2503 5669">
     <span class='ocr_line' id='line_1_124' title="bbox 2082 5612 2503 5669; baseline -0.002 0"><span class='ocrx_word' id='word_1_956' title='bbox 2082 5612 2247 5669; x_wconf 90' lang='lat' dir='ltr'><strong>disset</strong></span> <span class='ocrx_word' id='word_1_957' title='bbox 2272 5629 2303 5669; x_wconf 91' lang='lat' dir='ltr'><strong>e</strong></span> <span class='ocrx_word' id='word_1_958' title='bbox 2330 5612 2503 5669; x_wconf 91' lang='lat' dir='ltr'><strong>nobis.</strong></span> 
     </span>
    </p>
   </div>
   <div class='ocr_carea' id='block_1_125' title="bbox 2147 5730 3562 5812">
    <p class='ocr_par' dir='ltr' id='par_1_125' title="bbox 2147 5730 3562 5812">
     <span class='ocr_line' id='line_1_125' title="bbox 2147 5730 3562 5812; baseline 0.014 -36"><span class='ocrx_word' id='word_1_959' title='bbox 2147 5730 2161 5761; x_wconf 77' lang='grc' dir='ltr'>ί</span> <span class='ocrx_word' id='word_1_960' title='bbox 2189 5734 2239 5777; x_wconf 85' lang='lat' dir='ltr'><strong>In</strong></span> <span class='ocrx_word' id='word_1_961' title='bbox 2261 5734 2328 5791; x_wconf 77' lang='lat'><strong>8.,</strong></span> <span class='ocrx_word' id='word_1_962' title='bbox 2353 5734 2618 5778; x_wconf 84' lang='lat' dir='ltr'><strong>occurrent.</strong></span> <span class='ocrx_word' id='word_1_963' title='bbox 2646 5737 2745 5780; x_wconf 85' lang='lat' dir='ltr'><strong>Par.</strong></span> <span class='ocrx_word' id='word_1_964' title='bbox 2771 5737 2845 5782; x_wconf 85' lang='lat' dir='ltr'><strong>Er.</strong></span> <span class='ocrx_word' id='word_1_965' title='bbox 2872 5741 2990 5786; x_wconf 85' lang='lat' dir='ltr'><strong>Ven.</strong></span> <span class='ocrx_word' id='word_1_966' title='bbox 3014 5742 3144 5802; x_wconf 84' lang='lat' dir='ltr'><strong>Lov.,</strong></span> <span class='ocrx_word' id='word_1_967' title='bbox 3166 5747 3439 5812; x_wconf 65' lang='lat' dir='ltr'><strong>occurrqtt.</strong></span> <span class='ocrx_word' id='word_1_968' title='bbox 3502 5753 3562 5796; x_wconf 67' lang='lat' dir='ltr'><strong>nt.</strong></span> 
     </span>
    </p>
   </div>
  </div>
