4078 6366
475 214 580 270 915

543 333 630 388 18.
671 334 805 403 Quid
847 337 988 408 quod
1027 337 1392 397 doctissimum
1421 352 1472 399 et
1499 347 1851 404 clarissimum
1893 368 2065 410 vrrum

469 423 807 483 Flaccianum
835 429 1017 486 mirari
1043 431 1255 488 solitum
1279 449 1396 491 esse
1423 435 1516 494 abs
1538 446 1591 498 te
1615 443 1951 511 accepimus?
1973 447 2062 518 qui

451 533 587 574 cum
615 521 682 575 de
705 521 866 579 fundo
892 526 1122 581 emendo
1144 537 1286 584 esset
1309 529 1537 599 locutus,
1562 533 1628 589 ad
1652 535 1800 592 illum
1822 536 2060 598 divinum

447 626 577 666 rem
609 612 677 668 ita
707 613 916 685 detulit,
945 625 1002 673 ut
1031 620 1158 689 quid
1185 623 1415 694 egisset,
1440 625 1487 682 si
1517 629 1655 699 potis
1679 641 1853 708 esset,
1880 629 2060 694 edice-

458 709 561 765 ret.
600 706 774 778 Atque
808 709 895 764 ille
933 711 1112 767 statim
1149 730 1253 769 nou
1294 717 1455 772 modo
1491 722 1687 792 negotii
1715 706 1920 799 genus,
1958 729 2056 790 sed

459 799 655 868 etiam,
702 801 757 856 in
794 817 900 873 quo
940 803 1028 860 ille
1066 806 1411 867 vehementer
1453 811 1721 872 clamabat
1757 818 2050 894 admirans,

456 891 632 965 ipsum
659 894 807 956 fundi
830 914 1023 954 nomen
1059 903 1438 973 pronuntiavit,
1462 922 1582 963 cum
1611 908 1680 964 ita
1711 922 1853 969 esset
1873 914 2053 974 absur-

453 985 616 1056 dum,
656 997 717 1044 ut
752 990 838 1046 vix
874 991 989 1062 ejus
1033 991 1343 1054 Flaccianus
1386 999 1498 1069 ipse
1540 1004 1889 1062 meminisset.
1929 1008 2048 1067 1am

449 1077 582 1136 illud
611 1082 726 1137 sine
752 1092 969 1155 stupore
997 1087 1160 1142 animi
1188 1105 1294 1144 non
1321 1107 1458 1160 queo
1483 1093 1680 1163 dicere,
1707 1100 1848 1168 quod
1873 1102 2047 1160 amico

449 1180 635 1228 nostro
665 1173 924 1246 discipulo
950 1187 1038 1234 tuo
1066 1195 1183 1237 sese
1214 1183 1411 1240 volenti
1439 1189 1724 1259 exagitare,
1756 1191 2042 1263 ﬂagitanti‘

446 1276 551 1333 que
573 1263 882 1333 insolenter,
914 1278 968 1323 ut
991 1269 1192 1328 diceret
1213 1275 1338 1344 quid
1364 1291 1543 1334 secum
1573 1281 1686 1350 ipse
1713 1284 1901 1342 tacitus
1929 1289 2041 1343 vol-

445 1364 623 1421 veret;
657 1357 852 1429 Virgilii
888 1379 1100 1420 versum
1141 1382 1260 1422 eum
1300 1373 1534 1441 cogitare
1571 1379 1864 1446 respondit.
1905 1381 2037 1439 Cum

441 1444 532 1503 ille
567 1447 965 1520 obstupefactus
1003 1472 1197 1528 negare
1235 1475 1343 1515 non
1379 1473 1591 1531 posset,
1622 1444 1852 1536 perrexit
1887 1489 2036 1540 quie-

438 1551 559 1592 rere
583 1541 825 1610 quisnam
852 1560 1037 1602 versus
1065 1558 1224 1603 esset.
1255 1549 1364 1606 Nec
1391 1553 1708 1626 Albieerius,
1738 1561 1825 1630 qui
1851 1577 2033 1632 gram-

437 1633 616 1687 matici
650 1635 888 1693 scholam
918 1641 1003 1694 vix
1034 1643 1298 1698 transiens
1327 1645 1546 1704 vidisset
1573 1650 1875 1720 aliquando,
1908 1673 2031 1714 ver-

433 1735 552 1776 sum
586 1725 758 1795 ipsum
787 1743 1007 1786 securus
1032 1741 1086 1787 et
1104 1735 1348 1804 garrulus
1369 1752 1562 1796 canere
1593 1742 1868 1801 dubitavit.
1890 1749 2029 1810 Num

431 1811 592 1882 igitur
620 1827 710 1871 aut
741 1835 825 1874 res
857 1820 1100 1878 humanae
1131 1841 1235 1880 non
1265 1839 1438 1895 erant,
1467 1831 1534 1886 de
1558 1835 1749 1903 quibus
1778 1838 1863 1894 ille
1893 1857 2026 1898 con-

429 1908 737 1976 sulebatur;
781 1923 872 1967 aut
909 1918 1025 1972 sine
1064 1934 1245 1975 rerum
1283 1922 1580 1980 divinarum
1623 1931 1878 2002 scientia,
1919 1945 2024 1994 tam

429 2009 573 2054 certa
612 2006 1014 2064 consulentibus
1050 2020 1104 2065 et
1140 2029 1263 2068 vera
1297 2017 1610 2086 respondit?
1636 2022 1705 2076 At
1740 2034 2023 2098 utrumque

425 2088 713 2146 absurdum
750 2105 851 2150 est.
884 2098 1016 2155 Nam
1050 2111 1104 2157 et
1139 2103 1388 2162 humanae
1422 2125 1510 2164 res
1548 2113 1679 2167 nihil
1718 2128 1839 2172 sunt
1878 2121 2021 2177 aliud

423 2196 582 2254 quam
638 2200 726 2240 res
774 2187 1080 2259 hominum;
1108 2205 1164 2250 ut
1213 2208 1771 2274 argentum,nummi,
1805 2210 2012 2280 fundus,

1069 2255 1075 2259 .
1274 2255 1303 2268 υ
1357 2255 1361 2258 .
1458 2255 1486 2256 η
1511 2255 1526 2269 ,
1805 2255 2012 2280 ..._......,

423 2255 697 2346 postremo
721 2282 830 2350 ipsa
853 2284 1013 2341 etiam
1034 2291 1318 2360 cogitatio:
1344 2304 1398 2348 et
1426 2313 1513 2351 res
1533 2298 1739 2357 divinas
1764 2305 1884 2373 quis
1910 2321 2016 2362 non

420 2376 570 2426 recte
598 2371 887 2429 arbitretur
915 2392 1034 2432 esse
1054 2420 1069 2440 ,
1103 2397 1198 2449 per
1225 2400 1355 2453 quas
1382 2385 1585 2444 homini
1614 2390 1868 2450 divinatio
1903 2397 2015 2466 ipsa

420 2462 717 2534 Contingit?
745 2465 970 2538 Sapiens
995 2487 1123 2543 ergo
1153 2473 1252 2530 fuit
1281 2480 1600 2550 Amicerius,
1633 2487 1677 2542 si
1699 2462 2014 2558 sapientiam

417 2565 596 2611 rerum
629 2555 983 2618 humanarum
1013 2564 1418 2642 divinarumque
1456 2576 1738 2634 scientiam
1765 2582 1854 2638 illa
1879 2584 2013 2641 deﬂ-

415 2645 618 2705 nitione
646 2653 1010 2710 concedimus.

450 2715 678 2776 CAPUT
719 2721 828 2778 VII.
859 2755 931 2765 -—
966 2725 1264 2786 Vindicatur
1290 2734 1412 2790 data
1438 2741 1701 2809 sapientia:
1727 2745 1972 2816 deﬁnitio.

474 2807 563 2862 19.
607 2808 706 2867 Hic
745 2813 873 2870 ille:
907 2817 1119 2888 Primo,
1162 2823 1332 2896 inquit
1364 2828 1401 2893 ί,
1442 2807 1541 2902 ego
1585 2807 1861 2894 scientiam
1900 2857 2007 2900 non

411 2901 644 2972 appello,
694 2905 745 2958 in
791 2923 895 2978 qua
941 2910 1029 2968 ille
1073 2915 1164 2985 qui
1209 2933 1325 2974 eam
1375 2901 1671 2994 profitetur,
1721 2931 2007 3003 aliquando

407 2985 628 3048 fallitur.
663 2994 894 3056 Scientia
924 3003 1064 3059 enim
1098 3021 1202 3063 non
1238 3011 1413 3070 solum
1442 3020 1882 3093 comprehensis,
1909 3029 2005 3086 sed

407 3079 484 3137 ita
520 3089 922 3157 comprehensis
961 3097 1121 3153 rebus
1154 3111 1402 3172 constat,
1427 3115 1485 3165 ut
1510 3125 1682 3182 neque
1709 3113 1763 3169 in
1791 3132 1856 3174 ea
1883 3121 2002 3190 quis

406 3187 639 3244 unquam
671 3196 875 3250 errare,
905 3202 1004 3243 nec
1024 3191 1347 3259 quibuslibet
1376 3197 1780 3266 adversantibus
1811 3187 2003 3282 impul—

402 3275 499 3320 sus
546 3277 735 3327 nutare
760 3273 968 3334 debeat.
999 3279 1154 3340 Unde
1178 3286 1454 3347 verissime
1481 3308 1512 3347 a
1535 3297 1851 3365 quibusdam
1874 3273 1998 3374 phi-

399 3355 640 3432 iosophis
676 3364 903 3439 dicitur,
942 3370 996 3429 in
1036 3375 1182 3434 nullo
1211 3393 1332 3439 eam
1358 3398 1514 3452 posse
1544 3389 1646 3444 nisi
1675 3391 1730 3446 in
1758 3355 1997 3464 sapiente

399 3450 664 3525 inveniri;
697 3460 788 3536 qui
823 3478 926 3518 non
962 3468 1122 3526 modo
1162 3450 1470 3549 perceptum
1511 3479 1708 3539 habere
1742 3450 1994 3547 debet—id

397 3543 540 3622 quod
581 3558 758 3608 tuetur
786 3570 849 3612 ac
873 3561 1112 3636 sequitur
1133 3605 1148 3631 ,
1184 3544 1376 3626 verum
1415 3572 1572 3628 etiam
1617 3575 1990 3640 inconcussum

395 3639 601 3697 tenere.
647 3641 856 3702 Scimus
904 3659 1086 3712 autem
1126 3656 1272 3714 illum
1317 3676 1479 3732 quem
1519 3675 1986 3741 commemorati,

391 3729 560 3785 multa
591 3749 734 3804 sa‘pe
762 3735 896 3795 falsa
924 3743 1121 3802 dixisse
1151 3765 1165 3803 :
1199 3729 1348 3820 quod
1371 3769 1476 3810 non
1506 3758 1683 3814 solum
1708 3763 1826 3818 aliis
1856 3767 1987 3824 mihi

390 3821 747 3888 referentibus
795 3838 1068 3908 comperi,
1116 3841 1210 3897 sed
1257 3860 1493 3914 praesens
1542 3853 1829 3924 aliquando
1872 3821 1984 3930 ipse

385 3920 621 3990 percepi.
661 3920 870 3983 Eumne
908 3928 1069 4004 igitur
1110 3935 1376 3998 scientem
1417 3958 1636 4015 vocem,
1674 3964 1800 4004 cum
1839 3969 1982 4025 saepe

385 4005 458 4025 ρ..
564 4012 598 4025 ..
703 4017 714 4025 .

1621 4005 1636 4015 ,
1841 4005 1977 4025 μγ-

380 4005 520 4065 falsa
547 4012 740 4071 dixerit
761 4035 780 4083 ;,
799 4036 956 4090 quem
985 4040 1090 4080 non
1113 4043 1382 4101 vocarem,
1413 4036 1458 4090 si
1486 4048 1831 4100 cunctanter’
1853 4064 1977 4106 vera

379 4099 644 4162 dixisset?
680 4110 790 4170 Hoc
829 4129 915 4169 me
953 4115 1020 4172 de
1054 4099 1386 4191 aruspicibus
1415 4138 1469 4184 et
1496 4130 1564 4187 de
1589 4099 1977 4204 auguribusjet

380 4190 449 4248 de
475 4193 559 4251 his
587 4201 836 4260 omnibus
863 4206 950 4276 qui
977 4209 1157 4267 sidera
1183 4219 1465 4274 consulunt
1483 4263 1496 4284 ,
1531 4231 1584 4276 et
1611 4225 1676 4280 de
1705 4231 1975 4300 conjecto.

372 4285 524 4348 ribus
549 4294 877 4352 somniorum
904 4299 1101 4358 dixisse
1123 4315 1380 4376 putatote.
1407 4313 1512 4368 Aut
1531 4317 1760 4389 aliquem
1783 4340 1846 4380 ex
1872 4329 1972 4387 hoc

370 4391 568 4448 genere
595 4382 866 4444 hominum
901 4393 1152 4465 proferte,
1186 4400 1232 4454 si
1263 4405 1520 4473 potestis,
1549 4410 1640 4478 qui
1668 4419 1963 4490 consultus,

367 4483 640 4541 nunquam
689 4475 756 4533 de
805 4486 1076 4552 responsis
1124 4491 1237 4547 suis
1279 4475 1640 4570 dubitaverit,
1692 4523 1963 4581 nunquam

366 4569 643 4629 postremo
683 4569 814 4625 falsa
867 4577 1220 4647 restiouderit.
1272 4584 1405 4643 Nam
1451 4588 1521 4646 de
1566 4569 1776 4654 vatibus
1821 4569 1960 4659 nihil

362 4651 498 4707 mihi
547 4665 676 4726 puto
725 4676 846 4720 esse
897 4665 1246 4731 laborandum
1269 4719 1285 4745 ,
1320 4679 1414 4749 qui
1459 4651 1962 4763 mente

359 4744 555 4802 aliena.

427 4839 516 4895 20.
568 4841 775 4902 Deinde
817 4865 907 4906 res
955 4852 1214 4914 humanas
1259 4876 1379 4919 esse
1421 4874 1482 4921 ut
1526 4874 1814 4931 concedam
1867 4896 1955 4938 res

356 4927 656 5002 hominum,
679 4939 970 5012 quidquam
993 4954 1047 5000 tu
1075 4950 1349 5009 existimas
1369 4970 1611 5018 nostrum
1639 4980 1778 5036 esse,
1809 4976 1950 5042 quod

353 5025 510 5082 nobis
552 5029 638 5085 vel
685 5031 812 5088 dare
851 5037 935 5092 vel
975 5040 1186 5110 eripere
1223 5061 1380 5105 casus
1427 5059 1639 5122 potest?
1676 5025 1782 5119 Aut
1824 5025 1948 5125 cum

411 5157 951 5258 cuin
995 5172 1102 5258 aliis
1119 5179 1276 5258 tribus
1303 5192 1417 5258 μεθ.
1444 5188 1663 5246 habent:
1689 5197 1781 5250 Hic
1814 5215 1903 5258 ego
1923 5219 1944 5258 :

343 5261 365 5267 _
385 5261 398 5270 .
413 5261 522 5282 -..η
537 5261 749 5290 ...ψη-η,
761 5261 1026 5312 opacum?“
1041 5261 1158 5302 δια,
1172 5261 1406 5321 mendose
1418 5285 1433 5312 ,
1453 5261 1507 5303 ut
1523 5261 1641 5308 satis
1654 5261 1944 5327 intelligitur

338 5292 408 5394 ἔξ
425 5293 872 5402 ἔίῗῖἱῐιίιίἓνιῖθιιῑθ,
896 5300 981 5349 ubi
1005 5300 1110 5353 haec
1141 5318 1395 5370 responsio
1416 5327 1514 5368 non
1535 5319 1744 5374 obscure
1767 5334 1946 5392 Tryge-

403 5409 424 5494 f
447 5416 498 5506 li:
521 5413 1190 5506 EiiﬂiicPﬁEMftter-
1206 5437 1254 5506 Ψ
1279 5436 1497 5502 quinque
1523 5444 1939 5506 MSS-.incunctan-

333 5471 504 5568 ωπξοιιτ
515 5471 629 5546 gms
759 5497 800 5544 οί
823 5471 952 5568 tam
961 5471 1648 5568 amicissima
1661 5471 1932 5568 sane.

459 5547 488 5568 ο
511 5549 587 5568 Illo
610 5551 790 5568 nia-ixnn
866 5549 908 5568 ζ..
942 5557 953 5568 ι
1001 5550 1088 5568 ιε--
1124 5555 1134 5565 ο
1283 5565 1291 5568 _
1354 5563 1364 5568 -

791 5535 800 5544 .
933 5535 947 5540 ν
993 5535 1004 5536 κ
1046 5535 1100 5540 --ν
1126 5535 1298 5556 --τν--η
1327 5535 1620 5565 manuus-:1,
1662 5535 1714 5561 ct.
1736 5535 1932 5568 uacuus.

333 5535 806 5631 maturitatis.
831 5545 1219 5631 Ξιξςέῑιξξρεςξωιε
1245 5565 1297 5607 ει
1321 5563 1427 5622 eius
1469 5574 1672 5631 semis
1710 5574 1940 5631 homines

481 5596 553 5648 ult
577 5596 807 5664 appellari
830 5596 1216 5678 scientem-quod
1237 5596 1675 5684 Eérii’rifm‘iiiiiéﬂsii

494 5673 736 5700 ntmnnnm
755 5668 816 5700 Αο
833 5674 1072 5700 ,φωνην-λι.
1090 5678 1188 5700 “.1-
1231 5679 1361 5700 J_-L!.
1488 5692 1512 5700 ..

325 5657 479 5708 cultus
494 5657 737 5728 nunquam
754 5668 816 5718 de
833 5657 1072 5745 responsis,
1086 5657 1216 5731 3:26“
1823 5657 1929 5767 διἽῖ

325 5721 501 5767 “remo
518 5723 639 5767 ﬁlim
655 5732 959 5767 τρίηηίηΙω-οο

324 5721 501 5774 stt‘emo
514 5721 639 5789 false
655 5721 972 5794 responderit.

1476 227 1750 287 CONTRA
1789 232 2245 306 ACADEMICOS,
2287 240 2345 295 S.
2386 245 2758 309 AUGUSTINI

2174 370 2355 414 rerum
2402 361 2752 424 humanarum
2790 373 3010 432 scientia
3046 379 3274 452 dicitur,
3315 399 3378 444 ea
3411 387 3624 461 dicitur,
3667 411 3778 470 qua

2171 445 2452 522 quisquam
2481 459 2730 563 novit‘vel
2747 476 2895 536 quot,
2923 471 3005 526 vel
3028 475 3212 544 quales
3238 445 3770 563 fundoshabeamus‘;

2168 539 2294 610 quid
2334 545 2483 614 auri,
2517 543 2643 620 quid
2679 559 2917 628 argenti,
2949 539 3182 636 quidque
3210 569 3439 643 denique
3465 539 3766 640 alieno—ruit;

2165 638 2461 696 carminum
2515 645 2851 716 cogitemus?
2900 653 3016 716 illa
3045 669 3128 716 est
3181 662 3534 727 humanarum
3582 691 3766 735 rerum

2125 725 2132 807 ξ
2163 726 2404 800 scientia,
2450 749 2568 805 quae
2617 742 2766 796 novit
2807 742 2986 806 lumen
3030 752 3346 827 prudentiae,
3397 770 3764 835 temperantiae
3851 777 3862 785 ‘

2160 821 2344 896 decus,
2390 829 2712 896 fortitudinis
2755 845 2944 913 robur,
2980 821 3202 920 iustitia:
3233 821 3596 918 sanctitatem.
3634 865 3764 924 Haec

2159 917 2301 973 enim
2330 933 2478 996 sunt,
2507 943 2626 1000 quze
2659 934 2857 992 nullam
2887 938 3164 1002 fortunam
3185 959 3486 1010 uictae-tes
3511 972 3638 1015 vere
3663 976 3764 1018 no-

2155 1016 2264 1064 stra
2285 1011 2466 1075 dicere
2485 1021 2746 1083 audemus
2772 1045 2784 1080 :
2809 1045 2928 1100 qua:
2956 1035 3004 1090 si
3025 1036 3328 1097 Albicerius
3345 1043 3438 1100 ille
3454 1011 3757 1122 didicisset,

2121 1147 2124 1150 .
2152 1113 2422 1174 nunquam
2442 1149 2458 1176 ,
2491 1113 2618 1169 mihi
2649 1117 2846 1189 crede,
2883 1131 2993 1179 tam
3027 1127 3302 1188 luxuriose
3336 1113 3757 1215 deformiter-que

3441 1192 3444 1194 ν
3491 1192 3756 1215 ΜΨ..--

2149 1192 2388 1254 vixisset.
2418 1201 2571 1271 Quod
2615 1220 2794 1267 autem
2839 1214 3011 1288 dixit,
3048 1235 3208 1290 quem
3253 1241 3472 1288 versum
3512 1233 3756 1294 volveret

2147 1287 2326 1344 animo
2355 1292 2445 1350 ille
2475 1311 2506 1352 a
2530 1313 2636 1368 quo
2663 1287 3082 1380 consulebatur;—
3107 1330 3281 1386 neque
3308 1317 3412 1375 hoc

2145 1395 2232 1437 res
2256 1396 2466 1447 nostras
2491 1407 2611 1451 esse
2639 1404 3030 1461 numerandum
3059 1426 3072 1461 :
3102 1425 3212 1466 non
3235 1427 3342 1482 quo
3367 1431 3555 1488 negem
3584 1419 3750 1480 hone-

2142 1467 2404 1528 5tissimas
2427 1474 2736 1548 disciplinas
2757 1485 2822 1540 ad
2845 1467 3544 1566 possessionemquamd’am
3569 1508 3743 1564 nostri

2139 1561 2300 1617 animi
2332 1570 2602 1636 pertinuere
2619 1615 2635 1642 ,
2662 1577 2761 1634 sed
2787 1583 2912 1652 quia
2935 1599 3151 1642 versum
3177 1590 3409 1649 alienum
3439 1597 3603 1657 etiam
3630 1601 3742 1659 ili-

2137 1655 2476 1722 peritissimis
2521 1680 2718 1726 eanere
2761 1688 2826 1728 ac
2868 1680 3215 1744 pronuntiare
3262 1698 3578 1747 concessum
3626 1701 3736 1752 est.

2134 1746 2366 1821 Ideoque
2393 1757 2514 1814 taiia
2542 1776 2663 1816 cum
2691 1764 2746 1820 in
2775 1773 3096 1830 memoriam
3121 1786 3362 1835 nostram
3389 1782 3734 1858 incurrerit,

2133 1855 2244 1898 non
2275 1845 2466 1904 mirum
2493 1861 2592 1920 est,
2628 1857 2674 1910 si
2703 1861 2891 1918 sentiri
2922 1878 3148 1934 possunt
3167 1870 3238 1926 ab
3264 1871 3427 1945 huius
3446 1879 3588 1935 aeris
3608 1883 3732 1938 ali-

2130 1934 2360 1991 malibus
2387 1943 2702 2011 quibusdam
2730 1954 3024 2026 vilissimis,
3053 1978 3189 2032 quos
3217 1934 3494 2027 daemonas

2127 2038 2160 2078 a
2181 2027 2372 2094 quibus
2399 2049 2499 2090 nos
2523 2044 2764 2110 superari
2789 2050 3037 2108 acumine
3060 2027 3124 2110 ac
3148 2057 3445 2118 subtilitate
3470 2027 3728 2125 sensuum

2125 2131 2286 2186 posse
2325 2128 2601 2198 concedo,
2640 2137 2845 2194 ratione
2887 2153 3064 2202 autem
3105 2162 3280 2220 nego;
3309 2161 3470 2224 atque
3512 2157 3568 2213 id
3607 2159 3727 2218 ﬁeri

2124 2212 2308 2267 nescio
2346 2232 2456 2288 quo
2485 2223 2646 2280 modo
2688 2233 3053 2293 secretissima
3085 2249 3244 2311 atque
3265 2258 3300 2299 θ
3327 2249 3526 2304 nostris
3551 2253 3727 2310 sensi-

2121 2299 2222 2358 bus
2264 2311 2644 2371 remotissima.
2684 2319 2799 2378 Non
2842 2327 3023 2397 enim,
3069 2331 3118 2386 si
3161 2335 3418 2394 miramur
3455 2343 3722 2412 spiculum

2121 2395 2280 2452 melle
2304 2401 2500 2473 posito,
2527 2410 2714 2468 nescio
2736 2429 2840 2484 qua
2865 2395 3153 2490 sagacitate
3177 2442 3284 2494 qua
3303 2395 3578 2488 hominem
3602 2437 3722 2492 vin-

2118 2487 2216 2556 cit,
2243 2493 2384 2551 unde
2412 2498 2698 2572 advolare;
2734 2507 2856 2564 ideo
2903 2487 3022 2568 eam
3051 2487 3208 2574 nobis
3264 2487 3722 2596 praeponere,

2116 2582 2304 2641 saltem
2331 2603 2646 2663 comparare
2669 2598 2952 2662 debetis.
2981 2623 2991 2631 ·

2186 2674 2276 2732 21.
2308 2679 2490 2753 itaque
2517 2689 2714 2746 vellem
2748 2697 2916 2766 mgis
2945 2698 3048 2757 iste
3075 2703 3409 2776 Albieeriu,
3436 2711 3506 2767 ab
3527 2727 3598 2768 eo
3620 2716 3715 2786 mli

2113 2765 2324 2826 discere
2365 2788 2618 2847 cuperet,
2662 2765 3020 2860 interrogatus
3048 2794 3164 2864 ipsa
3199 2807 3372 2856 metra
3396 2765 3709 2876 doc-isset;

2112 2859 2198 2916 vel
2227 2877 2442 2924 coactus
2469 2885 2502 2925 a
2520 2875 2770 2946 quopiam
2798 2859 3188 2956 consultorum,
3218 2890 3286 2947 de
3313 2908 3374 2950 re
3397 2895 3498 2952 sibi
3525 2859 3710 2956 statim

2111 2959 2385 3026 proposita
2422 2978 2612 3022 versus
2649 2973 2898 3042 preprios
2929 2979 3236 3037 cecinisset.
3270 2985 3427 3051 Qui
3457 2990 3708 3048 eundem

2110 3045 2450 3111 Flaccianum
2486 3071 2632 3130 δῶρα
2669 3063 2870 3122 dixisse
2909 3070 3054 3127 soles
3092 3089 3552 3149 commorare,
3581 3100 3707 3149 cum

2108 3137 2244 3195 illud
2273 3143 2616 3209 divinationis
2643 3169 2814 3225 genus
2841 3175 3033 3232 mgna
3059 3169 3254 3224 mentis
3273 3137 3706 3232 altitudine

2105 3232 2259 3292 deret
2285 3249 2446 3312 atque
2471 3245 2791 3319 despiceret,
2825 3254 2986 3326 idque
3012 3262 3199 3318 nescio
3219 3265 3304 3319 cui
3328 3266 3703 3337 abiectissimus

2103 3329 2386 3401 animulae,
2418 3337 2498 3392 sic
2523 3341 2666 3397 enim
2695 3344 2940 3418 dicebat,
2977 3353 3264 3424 inanimi,
3297 3329 3411 3430 quo
3432 3361 3522 3418 ille
3546 3365 3701 3435 quasi

2101 3420 2298 3488 spiritu
2325 3425 2633 3488 admonitus
2662 3437 2746 3491 vel
2772 3439 2988 3498 inlatus
3015 3444 3132 3502 haec
3158 3420 3488 3520 respondere
3510 3420 3698 3515 setius

2100 3522 2263 3566 esset.
2294 3514 2577 3582 Quaerebat
2609 3527 2752 3583 enim
2789 3531 2870 3586 vir
2902 3535 2993 3591 ille
3028 3514 3375 3600 doctissimus
3398 3546 3469 3600 ab
3513 3548 3581 3604 iis
3603 3550 3695 3621 qui

2098 3602 2221 3658 talia
2248 3608 2592 3682 "urerentur,
2621 3631 2750 3674 num
2779 3629 3180 3692 grammaticam
3208 3635 3292 3690 vel
3319 3639 3577 3695 musicam
3605 3642 3692 3699 vel

2092 3705 2442 3768 geometriam
2463 3710 2482 3743 ¹
2521 3709 2820 3770 Albicerius
2862 3730 3045 3787 posset
3083 3723 3318 3782 docere?
3345 3730 3477 3798 Quis
3511 3742 3692 3792 autem

2092 3789 2247 3847 illum
2272 3807 2476 3868 nosset,
2505 3811 2559 3857 et
2582 3819 2692 3860 non
2717 3807 2938 3865 istorum
2965 3815 3203 3871 omnium
3230 3789 3688 3891 imperitissimum

2087 3883 2383 3946 fateretur?
2425 3893 2785 3962 Quamobrem
2823 3904 2892 3960 ad
2921 3915 3222 3966 extremum
3249 3883 3594 3987 hortabatur,
3627 3931 3687 3978 ut

2083 3979 2293 4036 animos
2333 3998 2459 4041 suos
2499 3989 2536 4042 ii
2575 3993 2664 4061 qui
2706 3995 2828 4050 talia
2869 3997 3214 4070 didicissent,
3253 4005 3330 4061 illi
3369 4008 3684 4071 divinationi

2083 4071 2200 4127 sine
2237 4074 2568 4138 dubitatione
2613 4086 2948 4157 prmferrent,
2997 4093 3294 4167 darentque
3336 4113 3556 4172 operam
3597 4105 3682 4162 his

2079 4161 2378 4236 disciplinis
2396 4173 2661 4234 instruere
2676 4189 2837 4251 atque
2855 4183 3230 4245 adminiculari
3247 4205 3396 4248 suam
3421 4208 3678 4268 mentem,

2077 4258 2272 4326 quibus
2293 4266 2488 4322 aeriam
2515 4265 2668 4325 istam
2698 4272 3042 4334 invisibilium
3063 4281 3410 4343 animantium
3432 4300 3678 4351 naturam

2077 4353 2363 4425 transilire,
2395 4367 2448 4414 et
2476 4377 2594 4416 eam
2625 4370 2970 4435 supervolare
2996 4377 3348 4446 contingeret.

2072 4442 2302 4503 CAPUT
2347 4451 2478 4508 vm.
2518 4487 2591 4498 -.
2638 4457 2882 4517 Ηανίοιυε
2908 4482 2975 4519 an
3004 4442 3239 4538 εαρίεηὲ,
3271 4481 3320 4526 et
3345 4475 3475 4546 quid
3493 4476 3559 4532 si!
3583 4493 3673 4533 sa-

2141 4541 2305 4610 piens.
2327 4544 2610 4616 Sapientiw
2622 4550 2889 4625 descriptio
2910 4561 3110 4614 tuenda:
3125 4541 3538 4624 Academicorum
3560 4570 3673 4643 opi-

2139 4633 2280 4688 m'om'
2305 4642 2704 4697 accommodata.

2063 4754 2068 4760 ο
2135 4723 2226 4780 22.
2255 4728 2371 4784 Jam
2403 4745 2489 4788 res
2517 4733 2714 4791 divina:
2739 4754 2859 4794 cum
2882 4783 2896 4806 ,
2934 4746 3181 4801 omnibus
3219 4749 3665 4824 concedentibus,

2062 4820 2317 4877 meliores
2352 4829 2798 4903 augustioresque
2839 4837 3006 4892 multo
3046 4855 3203 4910 quam
3235 4839 3484 4902 humanae
3521 4849 3663 4919 sint;

2061 4924 2167 4982 quo
2193 4923 2349 4982 pacto
2379 4917 2468 4972 ille
2493 4935 2582 4974 eas
2610 4925 2822 4993 assequi
2852 4937 3078 4995 poterat,
3105 4932 3191 5001 qui
3211 4934 3338 5003 quid
3359 4947 3502 4993 esset
3524 4917 3660 5010 ipse,

2057 5007 2366 5064 nesciebat?
2395 5010 2506 5067 Nisi
2536 5014 2672 5071 forte
2701 5019 2974 5075 existimas
3015 5023 3187 5079 sidera
3209 5067 3222 5091 ,
3266 5044 3384 5097 qua:
3421 5007 3660 5101 quotidie

2055 5103 2502 5174 contemplamur,
2549 5124 2795 5180 maguum
2834 5113 3084 5183 quiddam
3124 5133 3245 5174 esse
3288 5120 3338 5174 in
3379 5137 3659 5194 compara-

2055 5195 2202 5250 tione
2225 5194 2494 5254 verissimi
2512 5206 2569 5256 et
2589 5204 2932 5260 secretissimi
2959 5207 3075 5274 Dei,
3100 5226 3256 5279 quem
3284 5227 3407 5268 raro
3427 5213 3656 5274 fortasse

2052 5285 2378 5357 intellectus,
2409 5305 2601 5348 sensus
2629 5304 2812 5351 autem
2840 5298 3020 5354 nullus
3047 5301 3259 5373 attingit
3285 5321 3297 5356 :
3332 5303 3446 5361 lucc
3473 5317 3650 5363 autem

2048 5386 2246 5445 prmsto
2271 5389 2394 5435 sunt
2423 5383 2594 5439 oculis
2618 5385 2838 5441 nostris.
2863 5387 2972 5445 Nec
2996 5390 3094 5446 ista
3123 5393 3281 5464 igitur
3309 5407 3432 5451 sunt
3457 5399 3541 5454 illa
3569 5401 3650 5455 di-

2046 5471 2191 5541 vina,
2223 5475 2398 5546 qualia
2427 5494 2486 5534 se
2511 5480 2620 5534 sola
2655 5481 2793 5538 scire
2821 5484 3079 5554 sapientia
3107 5489 3388 5558 profitetur
3414 5511 3426 5547 :
3453 5504 3646 5552 caetera

2043 5573 2221 5620 autem
2245 5569 2436 5638 quibus
2459 5571 2566 5639 isti,
2593 5576 2774 5630 nescio
2799 5567 2886 5647 qui
2911 5577 3237 5652 divinantes,
3257 5584 3339 5640 vel
3360 5586 3427 5642 ad
3451 5604 3644 5646 vanam

2035 5657 2368 5732 jactantiam,
2401 5665 2486 5722 vel
2513 5668 2579 5723 ad
2607 5680 2868 5741 quaestum
2894 5673 3210 5746 abutuntur,
3233 5696 3342 5750 pra:
3371 5683 3640 5744 sideribus

2105 5773 2125 5803 ‘
2145 5780 2198 5826 tn
2213 5777 2648 5842 B.,geometricam.
2664 5789 2766 5833 Par.
2781 5789 2854 5834 Er.
2870 5792 2987 5837 Ven.
3010 5773 3479 5854 tnv.,geometrtam.
3556 5805 3613 5850 IL

1959 5870 2023 5912 --ἴ
