4078 6366
315 321 429 381 θη

320 433 570 506 profecto
592 429 781 488 viliora
807 434 950 488 sunt.
973 428 1090 485 Non
1109 427 1267 501 igitur
1287 425 1582 482 Albicerius
1606 440 1786 480 rerum
1808 425 1908 479 hu-

319 539 609 583 manarum
653 537 715 578 ac
741 521 1038 578 divinarum
1067 519 1302 576 scientiae
1331 519 1593 590 particeps
1629 516 1757 584 fuit,
1794 515 1907 570 fru—

324 630 545 690 atraque
573 617 667 672 abs
707 625 760 671 te
786 615 888 670 isto
915 611 1072 669 modo
1099 609 1335 668 deﬁnitio
1372 619 1554 666 nostra
1582 616 1776 665 tentata
1805 615 1905 662 est.

327 711 611 768 Postremo
648 723 771 764 cum
807 704 1060 777 quidquid
1104 714 1299 776 praeter
1334 717 1424 758 res
1460 701 1717 756 humanas
1754 707 1912 770 atque

328 804 537 862 divinas
574 809 676 870 cst,
720 816 819 860 nos
856 799 1171 854 vilissimum
1211 796 1406 852 ducere
1442 803 1498 852 et
1535 793 1751 853 omnino
1780 808 1912 850 con-

329 906 572 952 temnere
599 901 872 964 oporteat;
904 907 1084 963 quaero
1111 891 1163 946 in
1193 889 1383 961 quibus
1411 887 1571 944 rebus
1598 889 1802 961 quacrat
1825 884 1916 942 ille

331 998 455 1046 tuus
478 987 690 1057 sapiens
710 985 1020 1042 veritatem?
1041 983 1096 1038 ln
1118 981 1334 1048 divinis,
1357 981 1430 1035 ait
1449 980 1540 1036 ille
1563 998 1577 1035 :
1603 995 1725 1035 nam
1748 976 1914 1034 virtus

329 1079 490 1135 etiam
513 1077 568 1132 in
586 1076 803 1132 homine
826 1074 940 1131 sine
964 1073 1292 1130 dubitatione
1309 1069 1487 1128 divina
1507 1079 1610 1128 est.
1626 1069 1735 1125 llas
1756 1067 1917 1140 igitur

276 1190 286 1207 ί
331 1168 630 1224 Albicerius
651 1167 760 1237 jam
787 1164 1020 1231 sciebat,
1051 1179 1182 1234 quas
1211 1172 1330 1218 tuus
1357 1163 1564 1234 sapiens
1591 1174 1804 1230 semper
1829 1159 1917 1214 in-

332 1257 546 1330 quiret?
573 1255 706 1312 Tum
733 1255 1005 1311 Licentius
1029 1273 1043 1312 :
1066 1254 1309 1320 Divinas,
1340 1254 1413 1307 ait
1432 1294 1448 1321 ,
1477 1259 1532 1308 et
1556 1251 1646 1307 ille
1675 1255 1914 1318 noverat,

333 1350 430 1407 sed
451 1365 557 1404 non
577 1364 671 1404 eas
692 1364 809 1419 qua:
830 1364 860 1402 a
881 1348 1119 1418 sapiente
1139 1345 1438 1416 qurerenda:
1459 1351 1600 1400 sunt.
1624 1343 1754 1412 Quis
1773 1341 1919 1398 estin)

333 1456 442 1497 non
482 1449 688 1497 evertat
731 1456 944 1496 omnem
986 1438 1232 1510 loquendi
1270 1436 1742 1502 consuetudinem,
1783 1435 1828 1489 si
1867 1435 1918 1489 ei

332 1531 720 1588 divinationem
742 1527 1017 1594 concedat,
1041 1529 1242 1584 adimat
1259 1529 1276 1560 ί
1305 1543 1393 1584 res
1419 1526 1645 1594 divinas,
1673 1543 1702 1582 e
1727 1525 1920 1596 quibus

332 1623 596 1678 divinatio
623 1623 891 1677 nominata
918 1621 1036 1676 est?
1060 1621 1236 1686 Quare
1262 1621 1349 1674 illa
1371 1611 1546 1674 vestra
1570 1617 1827 1682 deﬁnitio,
1861 1616 1919 1672 ni

333 1712 516 1780 fallor,
545 1714 728 1768 nescio
756 1712 881 1782 quid
909 1711 1050 1766 aliud
1075 1711 1215 1782 quod
1242 1709 1308 1765 ad
1333 1709 1644 1781 sapientiam
1668 1724 1772 1764 non
1796 1722 1918 1778 per-

333 1806 551 1870 tineret,
584 1803 816 1859 inclusit.

402 1896 495 1951 23.
538 1895 673 1954 Tum
715 1895 998 1967 Trygetius
1033 1913 1047 1950 :
1089 1894 1460 1950 Definitionem
1499 1892 1689 1959 istam,
1727 1891 1916 1962 inquit,

332 1988 604 2055 defendet,
627 1988 670 2043 si
689 1988 898 2054 libebit,
915 1989 1004 2043 ille
1021 1988 1110 2058 qui
1133 1987 1368 2057 protulit.
1389 1985 1540 2040 Nunc
1561 1983 1693 2038 mihi
1717 1992 1772 2038 tu
1794 1982 1919 2038 volo

332 2081 692 2150 reSpondcas,
720 2090 778 2136 ut
802 2079 1016 2136 tandem
1040 2079 1106 2134 ad
1139 2078 1191 2134 id
1218 2078 1360 2149 quod
1388 2079 1590 2148 agitur,
1620 2077 1917 2132 veniamus.

333 2171 495 2227 lsthic
524 2187 670 2237 sum,
696 2171 863 2242 inquit
889 2171 976 2226 ille
1001 2188 1015 2224 :
1050 2171 1248 2234 Dasue,
1274 2170 1372 2234 ait,
1401 2168 1728 2224 Albicerium
1753 2167 1920 2223 scisse

331 2263 558 2319 ventio?
587 2264 698 2330 Do,
730 2262 920 2334 inquit.
948 2261 1137 2318 Melior
1169 2262 1329 2332 igitur
1357 2270 1446 2316 tuo
1470 2261 1729 2331 sapiente.
1758 2259 1920 2316 Nullo

331 2354 520 2420 modo,
541 2354 617 2409 ait
642 2353 732 2409 ille
757 2369 774 2410 :
801 2369 926 2408 nam
953 2352 1097 2424 quod
1123 2367 1292 2423 genus
1312 2352 1424 2407 veri
1443 2353 1654 2424 sapiens
1678 2351 1917 2421 inquirit,

330 2460 442 2501 non
479 2445 654 2502 solum
689 2445 777 2503 ille
811 2445 1022 2500 delirus
1050 2444 1284 2500 hariolus
1302 2485 1317 2510 ,
1347 2443 1441 2499 sed
1472 2459 1542 2498 ne
1568 2444 1680 2512 ipse
1705 2442 1920 2513 quidem

329 2538 546 2608 sapiens
579 2539 703 2594 dum
738 2539 794 2594 in
829 2538 932 2592 hoc
967 2552 1194 2607 corpore
1233 2537 1382 2601 vivit,
1413 2536 1751 2606 assequitur:
1779 2534 1921 2605 quod

332 2640 513 2685 tamen
541 2638 742 2685 tantum
766 2639 880 2696 est,
911 2639 965 2684 ut
993 2631 1160 2684 multo
1184 2630 1252 2685 sit
1279 2628 1630 2699 praestabilius
1652 2627 1757 2682 hoc
1779 2643 1923 2683 seni-

331 2738 429 2796 per
453 2739 726 2796 quaerere,
750 2740 913 2795 quam
939 2723 1067 2778 illud
1095 2722 1379 2794 aliquando
1405 2722 1662 2776 invenire.
1688 2720 1921 2778 Necesse

332 2826 452 2882 est,
481 2817 558 2872 ait
583 2817 894 2888 Trygetius,
928 2825 985 2872 ut
1013 2816 1142 2871 mihi
1180 2816 1236 2872 in
1271 2815 1529 2886 angustiis
1566 2815 1804 2870 deﬁnitio
1831 2814 1919 2870 illa

331 2907 632 2964 subveniat.
660 2909 793 2976 Qum.
816 2911 863 2964 si
893 2918 1174 2979 propterea
1197 2909 1290 2963 tibi
1317 2909 1503 2963 vitiosa
1528 2908 1648 2962 visa
1669 2915 1771 2974 est,
1797 2908 1920 2977 quin

330 3001 610 3070 complexa
627 3011 710 3058 est
726 3016 848 3057 eum
869 3017 1028 3072 quem
1057 3017 1160 3056 non
1190 3016 1472 3071 possumus
1499 3013 1694 3056 vocare
1709 3001 1921 3069 sapien-

330 3100 475 3158 tem;
508 3108 690 3163 quaero
717 3103 896 3150 utrum
925 3110 1046 3150 eam
1069 3095 1266 3164 probes
1285 3135 1300 3160 ,
1328 3095 1375 3149 si
1399 3095 1712 3164 sapientiam
1739 3109 1920 3150 rerum

332 3185 684 3242 humanarum
729 3186 1134 3256 divinarumque
1181 3187 1462 3243 scientiam
1506 3187 1778 3254 dicamus,
1824 3187 1920 3243 sed

331 3290 518 3330 earum
549 3293 666 3347 qua:
694 3276 766 3334 ad
787 3279 1002 3334 beatam
1037 3279 1204 3334 vitam
1238 3278 1556 3350 pertiran
1589 3279 1682 3332 Est
1703 3320 1717 3343 ,
1747 3278 1920 3348 inquit

329 3365 456 3434 ille,
484 3376 540 3422 et
565 3369 670 3424 ista
696 3370 988 3439 sapientia,
1029 3369 1123 3426 sed
1162 3385 1270 3424 non
1307 3370 1463 3425 sola:
1496 3368 1639 3424 unde
1677 3371 1920 3439 superior

329 3456 488 3514 detini
498 3459 570 3514 tio
597 3457 792 3516 invasit
818 3461 1050 3517 alienum
1067 3502 1082 3526 ,
1113 3460 1231 3515 huic
1257 3468 1436 3516 autem
1459 3459 1732 3530 proprium
1759 3459 1919 3517 dese-

329 3551 436 3606 ruit
459 3569 473 3605 :
501 3567 669 3622 quare
692 3553 784 3609 illa
807 3554 1067 3621 avaritiae,
1092 3553 1193 3610 ista
1218 3553 1454 3609 stultitiae
1477 3553 1696 3625 coargui
1721 3562 1916 3624 potest.

328 3639 544 3698 Etenim
572 3650 631 3699 ut
655 3644 901 3714 ipseiam
925 3645 1185 3716 explicem
1213 3645 1524 3700 deﬁnit-ioc
1552 3646 1696 3716 quod
1719 3647 1916 3715 sentio,

327 3732 592 3803 sapientia
613 3735 740 3790 mibi
759 3736 970 3792 videtur
988 3752 1110 3792 esse
1129 3752 1312 3792 rerum
1332 3737 1680 3793 humanarum
1706 3736 1919 3792 divina-

327 3839 576 3897 rumque,
606 3844 723 3899 quai
749 3829 814 3884 ad
845 3829 1054 3884 beatam
1076 3830 1242 3886 vitam
1266 3831 1584 3900 pertineant,
1609 3845 1715 3886 non
1741 3829 1919 3885 scien-

330 3916 402 3972 tia
431 3920 626 3987 solum,
649 3921 742 3977 sed
770 3923 928 3976 etiam
954 3921 1181 3994 diligens
1207 3924 1497 3994 inquisitio.
1521 3923 1691 3990 Quam
1717 3922 1920 3978 descri-

331 4009 568 4079 ptionem
605 4013 650 4065 si
688 4013 872 4082 partiri
907 4014 1068 4081 velis,
1110 4015 1278 4084 prima
1317 4031 1441 4084 pars
1481 4030 1600 4085 quae
1642 4015 1918 4071 scientiam

331 4107 509 4170 tenet,
543 4103 636 4159 Dei
662 4113 785 4170 est;
811 4103 923 4160 haec
947 4115 1124 4161 autem
1153 4122 1270 4175 quae
1299 4107 1642 4176 inquisitione
1666 4115 1917 4163 contenta

329 4201 434 4261 est,
465 4195 714 4250 hominis.
743 4195 840 4250 Illa
862 4196 1020 4267 igitur
1045 4198 1204 4265 Deus,
1227 4197 1327 4252 hac
1345 4207 1524 4252 autem
1550 4197 1712 4253 homo
1732 4199 1918 4256 beatus

331 4292 434 4340 est.
458 4284 594 4340 Tum
619 4287 740 4341 ille:
769 4288 952 4353 Miror,
966 4289 1158 4358 inquit,
1179 4289 1472 4359 sapientem
1486 4290 1918 4360 tutumquOtIodo

330 4390 546 4434 asseras
561 4380 581 4410 ²
604 4378 800 4436 frustra
825 4395 1047 4451 operam
1063 4395 1402 4438 consumere.
1422 4381 1722 4449 Quomodo,
1745 4382 1920 4452 inquit

331 4467 635 4539 Licentius,
682 4471 878 4528 frustra
921 4488 1142 4543 operam
1182 4474 1562 4539 consumere“,
1608 4489 1730 4528 cum
1772 4481 1918 4530 tanta

335 4562 586 4618 mercede
605 4565 916 4635 conquirat?
935 4563 1070 4621 Nam
1093 4565 1193 4620 hoc
1214 4565 1330 4638 ipso
1349 4581 1456 4636 quo
1474 4565 1684 4636 quaerit,
1703 4565 1919 4636 sapiens

331 4662 454 4722 est;
487 4663 542 4710 ct
576 4657 954 4728 quo-sapiens,
991 4673 1057 4714 eo
1107 4658 1296 4716 beatus
1321 4675 1340 4711 :
1365 4674 1487 4714 etim
1540 4659 1609 4714 ab
1669 4659 1918 4716 omnibus

332 4746 622 4807 involucris
646 4752 888 4822 corporis
912 4762 1150 4810 mentem
1173 4763 1429 4824 quantum
1459 4764 1635 4825 potest
1652 4795 1667 4821 ,
1697 4756 1916 4821 evolvit,

329 4849 384 4896 et
415 4841 650 4912 scipsum
681 4845 734 4900 in
759 4847 1102 4917 semetipsum
1145 4849 1382 4919 colligit;
1421 4864 1545 4905 cum
1571 4865 1630 4906 se
1656 4863 1771 4905 non
1791 4863 1917 4921 per-

329 4936 493 4991 mittit
530 4937 911 5007 cupiditatibus
946 4940 1248 4996 laniandum
1271 4981 1286 5008 ,
1331 4941 1427 4998 sed
1470 4942 1530 4998 in
1563 4958 1630 4998 se
1658 4953 1826 5014 atque
1859 4944 1919 4999 in

327 5028 498 5084 Deum
529 5042 742 5100 semper
766 5032 1084 5102 tranquillus
1110 5033 1436 5088 intenditur:
1469 5043 1534 5089 ut
1549 5042 1604 5089 et
1628 5033 1738 5101 hic,
1771 5037 1918 5105 quod

328 5120 546 5178 beatum
586 5136 708 5177 esse
741 5138 899 5193 Supra
938 5123 1076 5178 inter
1113 5138 1213 5178 nos
1250 5124 1527 5190 convenit,
1557 5125 1765 5182 ratione
1793 5141 1918 5194 per-

329 5209 570 5278 fruatur;
609 5222 664 5268 et
697 5222 936 5270 extremo
971 5213 1058 5270 die
1095 5215 1215 5269 vitae
1250 5213 1320 5270 ad
1357 5215 1416 5270 id
1442 5215 1584 5286 quod
1612 5217 1918 5287 concupivit

330 5303 728 5373 adipiscendum
771 5306 1066 5376 reperiatur
1107 5315 1356 5377 paratus;
1382 5305 1693 5378 fruatur-que
1719 5310 1916 5366 merito

330 5393 509 5450 divina
531 5396 874 5462 beatitudine,
898 5398 985 5468 qui
1007 5397 1238 5453 humana
1263 5399 1332 5453 sit
1358 5405 1483 5454 ante
1510 5399 1813 5469 perfruetus
1828 5401 1872 5458 ⁵.

397 5487 416 5553 ξ
440 5491 496 5537 Et
512 5486 709 5553 adiurat,
730 5490 870 5553 juxta
890 5497 990 5540 Par.
1016 5496 1092 5541 Er.
1119 5498 1234 5540 Ven.
1259 5496 1369 5542 ων.
1428 5498 1484 5541 Μ.

395 5549 418 5580 ²
435 5548 631 5609 Αδδενίδ,
648 5548 788 5609 juxia
810 5559 910 5600 Par.
936 5559 1053 5601 Ven.
1079 5559 1186 5603 Lov.
1242 5559 1294 5600 Μ.

398 5610 420 5641 ³
435 5610 552 5679 aliti
575 5610 800 5663 omittunt
821 5614 899 5662 hic
915 5613 1034 5673 loci,
1055 5624 1252 5679 operam
1287 5627 1564 5679 consumere
1588 5629 1605 5666 :
1625 5622 1677 5666 et
1697 5629 1806 5668 mox
1831 5618 1918 5669 lia--~

281 5683 289 5690 '
329 5671 479 5746 bent,
490 5686 607 5746 cum
628 5681 810 5746 tantum
829 5671 1097 5746 mercedem
1132 5675 1415 5746 conquirat;
1439 5687 1649 5746 ercepto
1671 5679 1805 5743 Bad.,
1828 5682 1915 5746 qui

330 5746 442 5800 cum
467 5741 569 5800 Mss.
595 5737 809 5798 praat'ert,
833 5743 967 5800 tanta
982 5740 1218 5790 mercede.
1235 5737 1305 5776 ’-
1325 5737 1403 5789 sic
1424 5737 1581 5792 etiam'
1593 5749 1695 5793 Par.
1761 5737 1817 5794 ti.

395 5795 416 5828 ⁸
439 5803 506 5847 tta
526 5798 575 5849 in
595 5795 726 5862 item,
747 5795 947 5864 proque
969 5801 1020 5853 ln
1039 5801 1150 5852 Edd.
1176 5801 1454 5865 μετῇ-αὔης.

1661 308 1860 367 LIBER
1899 307 2172 372 PRIMUS.

2006 5625 2014 5654 i

3481 327 3591 386 918

2433 430 2659 490 CAPUT
2696 434 2786 490 IX.
2809 467 2880 478 —
2905 437 3168 510 Epilogus.

2085 523 2174 578 24.
2221 513 2356 580 Tum
2383 540 2512 596 ego,
2551 542 2672 581 cum
2711 525 2992 600 Trygetius
3037 527 3160 600 quid
3201 530 3300 586 sibi
3322 533 3471 587 esset
3503 548 3592 588 re-

2015 613 2383 684 Spondendum
2419 615 2508 670 diu
2565 628 2828 687 «insereret
2854 637 2866 672 :
2892 615 3004 674 Non
3039 629 3182 690 puto,
3224 620 3463 692 inquam,
3503 621 3596 677 Li-

2017 707 2156 761 centi
2179 748 2194 774 ,
2226 709 2386 762 etiam
2412 718 2719 779 argumenta
2749 711 2871 767 huic
2895 710 3138 768 defutura
3159 757 3174 783 ,
3203 716 3247 770 si
3273 731 3394 770 eum
3425 715 3596 772 otiose

2017 814 2260 870 quaerere
2298 801 2663 872 permittamus
2693 821 2705 856 :
2735 803 2858 873 quid
2889 805 3029 860 enim
3057 805 3104 860 ei
3139 806 3326 877 quovis
3363 803 3481 862 loco
3506 807 3598 864 de—

2019 887 2116 946 fuit
2155 889 2221 947 ad
2259 893 2727 963 respondendum?
2750 895 2881 950 Nam
2909 897 3077 966 primo
3105 895 3218 970 ipse
3244 895 3439 966 intulit,
3466 911 3599 970 quo-

2020 984 2160 1040 niam
2191 985 2258 1041 de
2281 985 2434 1041 beata
2457 988 2561 1043 vita
2587 988 2809 1059 qurestio
2832 997 2952 1044 nata
2974 997 3076 1057 est,
3107 999 3160 1046 et
3187 991 3398 1048 beatum
3425 993 3596 1048 solum

2021 1089 2240 1131 necesse
2269 1085 2349 1131 est
2378 1092 2497 1132 esse
2527 1078 2840 1147 sapientem,
2873 1080 3128 1150 siquidem
3173 1081 3391 1136 stultitia
3439 1085 3596 1139 etiam

2022 1165 2303 1220 stultorum
2343 1166 2543 1237 judicio
2587 1169 2780 1224 misera
2819 1177 2927 1237 est;
2973 1171 3262 1240 perfectum
3305 1173 3598 1243 sapientem

2021 1271 2140 1312 esse
2164 1256 2390 1327 debere,
2432 1275 2536 1314 non
2583 1270 2758 1315 autem
2789 1261 3077 1330 perfectum
3113 1278 3252 1327 esse,
3293 1264 3384 1334 qui
3426 1264 3601 1320 adhuc

2021 1363 2204 1403 verum
2229 1349 2357 1421 quid
2381 1351 2450 1407 sit
2468 1349 2711 1422 inquirit;
2742 1353 2880 1408 unde
2909 1369 2975 1409 ne
2999 1355 3211 1409 beatum
3240 1354 3478 1425 quidem.
3503 1355 3598 1411 Cui

2022 1441 2141 1496 loco
2169 1448 2226 1494 tu
2256 1456 2378 1496 cum
2407 1443 2603 1497 molem
2645 1445 2972 1500 auctoritatis
3014 1444 3293 1515 objiceres,
3319 1447 3546 1504 moleste
3579 1449 3597 1479 ¹

2023 1531 2346 1603 aliquantum
2375 1533 2652 1590 Ciceronis
2691 1535 2903 1590 nomine
2951 1538 3306 1606 perturbatus,
3334 1546 3509 1595 tamen
3541 1553 3600 1596 se

2023 1628 2200 1682 statim
2223 1627 2411 1690 erexit,
2443 1639 2497 1684 et
2517 1643 2774 1699 generosa
2799 1630 3025 1700 quadam
3046 1634 3374 1688 contumacia
3397 1634 3450 1688 in
3479 1649 3600 1690 ver-

2023 1721 2180 1775 ticem
2204 1719 2464 1776 libertatis
2484 1721 2694 1787 exsiliit,
2722 1739 3037 1794 rursumque
3065 1727 3285 1796 arripuit
3313 1728 3454 1798 quod
3483 1737 3598 1784 erat

2023 1809 2089 1866 de
2114 1811 2358 1866 manibus
2383 1812 2640 1870 violenter
2662 1829 2941 1869 excussum
2976 1834 2990 1872 :
3020 1818 3364 1889 quaesivitque
3399 1820 3495 1874 abs
3521 1828 3594 1887 te,

2023 1911 2200 1959 utrum
2229 1904 2321 1958 tibi
2352 1904 2638 1973 perfectus,
2667 1907 2758 1977 qui
2782 1905 2956 1962 adhuc
2983 1917 3266 1976 quaereret,
3294 1910 3596 1979 videretur;

2021 2003 2082 2050 ut
2116 1996 2159 2049 si
2188 1995 2429 2052 fatereris
2464 2013 2569 2052 non
2594 2014 2713 2055 esse
2738 2000 3028 2070 perfectum
3045 2041 3061 2068 ,
3089 2001 3154 2056 ad
3181 2012 3338 2072 caput
3360 2019 3602 2061 recurre-

2022 2095 2125 2155 rct,
2151 2088 2680 2161 demonstraretque,
2718 2093 2763 2147 si
2803 2103 3001 2163 posset,
3048 2110 3143 2164 per
3170 2096 3310 2150 illam
3339 2097 3604 2154 definitio-

2021 2192 2166 2242 nem.
2212 2180 2505 2252 perfectum
2535 2198 2655 2240 esse
2681 2182 2970 2251 hominem,
2997 2187 3086 2256 qui
3116 2187 3404 2243 secundum
3432 2189 3600 2260 legem

2023 2274 2217 2329 mentis
2241 2275 2402 2331 vitam
2427 2277 2747 2347 gubernaret
2769 2295 2782 2331 :
2802 2294 2862 2333 ac
2881 2295 2974 2349 per
2994 2279 3116 2347 hoc,
3137 2281 3345 2336 beatum
3365 2282 3465 2338 nisi
3485 2300 3603 2354 per-

2024 2362 2220 2419 fectum
2269 2380 2387 2422 esse
2416 2382 2522 2423 non
2553 2383 2730 2439 posse.
2762 2369 2805 2423 A
2836 2383 2942 2439 quo
2981 2378 3032 2426 te
3061 2370 3250 2440 laqueo
3287 2387 3406 2428 cum
3438 2389 3601 2442 expe-

2024 2456 2196 2513 disses
2225 2459 2430 2514 cautius
2458 2475 2613 2531 quam
2636 2461 2906 2532 putabam,
2931 2471 2983 2517 et
3012 2462 3300 2532 perfectum
3328 2465 3596 2522 hominem

2025 2546 2254 2613 diceres,
2293 2550 2657 2620 inquisitorem
2690 2551 3148 2622 diligentissimum
3171 2555 3436 2621 veritatis;
3459 2557 3602 2625 ipsa-

2025 2651 2126 2710 que
2152 2641 2235 2694 illa
2263 2642 2586 2709 detinit-ionc,
2629 2659 2731 2713 qua
2769 2643 2976 2699 beatam
3005 2645 3162 2700 vitam
3204 2645 3346 2702 illam
3389 2645 3598 2702 demum

2025 2743 2146 2787 esse
2171 2733 2476 2789 dixeramus
2499 2775 2512 2801 ,
2553 2751 2671 2805 qua:
2695 2735 2986 2791 secundum
3024 2738 3282 2792 rationem
3319 2746 3566 2808 ageretur
3585 2779 3602 2805 ,

2027 2833 2082 2880 tu
2109 2824 2468 2894 prafldentius
2500 2826 2838 2897 apertiusque
2864 2841 3184 2897 pugnasses;
3217 2829 3315 2884 ille
3335 2829 3424 2883 tibi
3447 2831 3602 2900 plane

2024 2919 2264 2987 reposuit
2286 2935 2300 2972 :
2319 2933 2442 2972 nam
2455 2918 2730 2988 occupavit
2749 2919 3049 2988 praesidium
3074 2930 3241 2988 tuum,
3264 2921 3399 2974 unde
3419 2920 3606 2992 pulsus

2025 3011 2244 3065 mnino
2261 3024 2518 3064 summam
2543 3025 2722 3065 rerum
2746 3011 3021 3079 amiseras,
3042 3012 3092 3066 ni
3117 3021 3168 3066 te
3197 3011 3420 3068 inducite
3448 3025 3602 3081 rapa.

2025 3111 2251 3158 rassent.
2282 3102 2381 3158 Ubi
2405 3103 2554 3158 enim
2576 3115 2752 3157 arcem
2784 3103 3090 3158 locaverunt
3118 3104 3438 3170 Academici,
3468 3119 3601 3175 quo-

2025 3209 2144 3250 rum
2193 3195 2360 3250 tueris
2401 3196 2738 3260 sententiam,
2791 3195 2893 3250 nisi
2936 3196 2987 3250 in
3027 3197 3224 3253 erroris
3260 3197 3606 3252 definitione?

2026 3287 2156 3355 Quae
2187 3287 2278 3341 tibi
2309 3287 2407 3341 nisi
2439 3296 2597 3341 noctu
2641 3287 2865 3343 fortasse
2899 3301 2993 3357 per
3013 3288 3276 3342 somnium
3315 3289 3510 3344 rediret
3549 3291 3602 3343 in

2025 3387 2279 3442 mentem,
2303 3377 2413 3446 jam
2443 3377 2568 3448 quid
2594 3377 2946 3448 responderes
2969 3394 3072 3433 non
3100 3379 3363 3446 habebas,
3397 3394 3516 3434 cum
3549 3379 3604 3437 in

2024 3467 2338 3540 exponenda
2379 3469 2651 3524 Ciceronis
2685 3469 2946 3524 sententia
2987 3469 3216 3539 idipsum
3243 3478 3298 3524 tu
3329 3470 3444 3539 ipse
3479 3480 3604 3525 ante

2024 3559 2549 3617 commemoraveris.
2579 3560 2782 3616 Deinde
2804 3569 3022 3616 ventum
3047 3568 3130 3615 est
3155 3560 3224 3616 ad
3241 3560 3602 3616 deﬁnitionem

2026 3651 2322 3722 sapientiae,
2355 3665 2510 3721 quam
2553 3665 2674 3706 cum
2697 3658 2842 3706 tanta
2865 3650 3151 3706 calliditate
3171 3649 3488 3706 labefactare
3512 3666 3608 3705 co-

2025 3744 2233 3799 nareris
2255 3785 2270 3811 ,
2295 3751 2352 3798 ut
2376 3751 2463 3798 tua
2490 3744 2627 3798 furta
2655 3758 2754 3798 nec
2783 3744 2896 3813 ipse
2933 3743 3212 3798 auxiliator
3245 3750 3363 3797 tuus
3397 3742 3609 3798 Albice-

2024 3838 2138 3892 rius
2163 3837 2386 3892 fortasse
2413 3837 2924 3908 comprehenderet;
2954 3846 3147 3908 quanta
3191 3837 3286 3891 tibi
3315 3836 3603 3906 vigilantia,

2025 3929 2238 3999 quantis
2273 3928 2477 3982 viribus
2500 3929 2733 3983 restitit?
2759 3942 2915 3999 quam
2944 3936 2995 3982 te
3020 3942 3156 3997 pene
3195 3925 3414 3982 involvit
3443 3933 3606 3996 atque

2026 4023 2318 4094 depressit;
2348 4023 2448 4078 nisi
2474 4031 2750 4093 postremo
2775 4031 2825 4078 te
2850 4030 2940 4077 tua
2965 4020 3273 4076 definitione
3310 4035 3443 4074 nova
3471 4027 3609 4074 tuta-

2025 4118 2197 4184 mis,
2233 4117 2548 4187 diceresque
2575 4115 2865 4170 humanam
2899 4129 3021 4169 esse
3051 4113 3360 4183 sapientiam
3383 4111 3608 4182 inquisi-

2026 4210 2227 4266 tionem
2254 4211 2512 4277 veritatis,
2537 4223 2602 4265 ex
2629 4224 2732 4280 qua
2752 4215 2970 4280 prepter
2988 4207 3148 4263 animi
3172 4206 3608 4277 cra-nquiliitatem

2025 4302 2180 4358 beata
2190 4301 2674 4372 vita'contingeret?
2691 4301 2824 4355 Huic
2837 4301 2934 4354 iste
2945 4299 3228 4354 sententiae
3238 4311 3341 4351 non
3353 4298 3373 4328 ¹
3387 4309 3612 4367 respon-

2026 4394 2190 4461 debit,
2222 4389 2520 4464 praesertim
2554 4394 2598 4447 si
2625 4393 2676 4447 ln
2705 4391 3032 4462 proroganda
3057 4390 3166 4445 diei
3188 4389 3271 4444 vel
3299 4396 3456 4459 parte
3489 4399 3612 4459 qua!

2026 4495 2211 4553 restat,
2243 4487 2393 4542 reddi
2412 4486 2515 4542 sibi
2535 4486 2754 4556 gratiam
2777 4481 3082 4554 postulabit.

2096 4581 2188 4636 25.
2212 4579 2316 4636 Sed
2344 4595 2411 4635 ne
2433 4580 2648 4651 longum
2676 4577 2950 4641 faciamus,
2980 4577 3110 4646 iam,
3141 4575 3184 4631 si
3212 4575 3398 4647 placet,
3431 4583 3613 4631 sermo

2028 4675 2132 4731 iste
2175 4673 2470 4742 claudatur,
2516 4674 2566 4726 in
2610 4686 2713 4742 quo
2757 4671 3026 4727 inmorari
3075 4670 3238 4726 etiam
3280 4666 3610 4740 superﬂuum

2028 4760 2176 4837 puto.
2199 4765 2443 4821 Tractata
2461 4763 2608 4820 enim
2623 4779 2710 4819 res
2729 4772 2814 4819 est
2838 4779 2934 4834 pro
2952 4769 3198 4835 suscepto
3214 4761 3430 4832 negotio
3438 4757 3572 4819 satis
3589 4773 3605 4824 ;

2027 4873 2152 4929 qua
2203 4866 2324 4927 post
2362 4871 2530 4927 pauca
2573 4855 2790 4910 omnino
2831 4862 3010 4924 posset
3052 4853 3214 4908 verba
3279 4850 3455 4915 finiri,
3504 4847 3612 4904 nisi

2027 4961 2284 5005 exercere
2304 4963 2402 5004 vos
2418 4947 2632 5012 vellem,
2659 4960 2952 5016 nervosque
2967 4954 3176 5000 vestros
3197 4951 3251 4998 et
3273 4939 3464 5006 studia,
3488 4950 3612 5009 qua

2019 5041 2157 5097 "mihi
2186 5055 2374 5111 magna
2404 5047 2487 5095 est
2513 5051 2661 5106 cura,
2692 5038 2972 5108 explorare
3004 5057 3018 5093 :
3046 5048 3170 5089 nam
3196 5039 3317 5088 cum
3343 5029 3607 5086 instituis-

2028 5149 2144 5190 sem
2169 5148 2264 5188 vos
2286 5132 2352 5188 ad
2376 5131 2715 5202 quaerendam
2735 5129 3010 5185 veritatem
3036 5135 3358 5197 magnopere
3385 5121 3606 5189 hortari,

2026 5239 2303 5296 erepet-am
2341 5239 2408 5280 ex
2437 5222 2589 5279 vobis
2627 5236 2868 5292 quaerere
2902 5227 3156 5290 quantum
3180 5217 3232 5271 in
3260 5231 3323 5272 ea
3351 5212 3615 5270 "vementi

2027 5318 2299 5389 poneretis
2332 5335 2348 5373 :
2377 5327 2566 5372 omnes
2605 5322 2784 5369 autem
2820 5310 3072 5382 posuistis
3120 5317 3342 5376 tantum,
3385 5313 3448 5362 ut
3489 5305 3616 5376 prius

2028 5426 2140 5467 non
2167 5408 2487 5465 desiderem.
2531 5405 2668 5462 Nam
2689 5419 2811 5460 cum
2845 5403 2985 5459 beati
3021 5415 3140 5458 esse
3171 5400 3466 5471 cupiamus,
3497 5399 3612 5455 sive

2029 5503 2090 5561 id:
2111 5502 2228 5558 fieri
2250 5516 2358 5556 non
2385 5506 2560 5570 potest
2587 5498 2687 5552 nisi
2716 5497 2945 5564 inventa,
2977 5495 3096 5551 sive
3112 5509 3218 5551 non
3255 5493 3359 5550 nisi
3385 5493 3612 5562 diligent-

2005 5661 2011 5685 ’
2093 5684 2112 5715 ι
2135 5680 2274 5740 Eam,
2296 5676 2525 5728 "mdeste.
2543 5681 2717 5740 At_Mss.
2736 5672 3104 5740 decembabent
3113 5669 3322 5733 micare,
3341 5669 3614 5740 βιῳεῆωὸ

1880 5778 1888 5800 ι
1951 5793 1959 5796 .
2027 5743 2197 5794 alludit
2220 5731 2400 5803 nempe
2424 5737 2716 5803 Augustinus
2731 5737 2800 5803 ad
2813 5735 2949 5803 illud,
2974 5732 3147 5787 molem
3167 5731 3481 5788 auctoritatis.

2095 5807 2116 5839 θ
2141 5813 2262 5867 Par.,
2287 5797 2528 5855 meum:
2549 5797 2866 5864 respomicbrl.
2941 5805 2993 5847 Μ.
