4078 6366
458 341 566 397 919

458 468 543 515 ter
584 452 809 528 quasita
870 449 1126 514 veritate;
1187 440 1497 517 postpositis
1545 434 1756 493 cateris
1802 428 2051 487 omnibus

459 527 655 614 rebus,
685 545 861 611 nobis,
890 543 934 600 si
955 540 1095 599 beati
1121 554 1241 595 esse
1270 537 1535 599 volumus,
1562 527 1914 602 perquirenda
1945 535 2048 581 est.

461 639 820 712 Quamobrem
842 638 951 709 jam
982 636 1158 699 istam,
1186 642 1245 688 ut
1269 631 1399 697 dixi,
1426 626 1840 698 disputationem
1870 619 2053 677 termi-

460 750 668 800 nemus,
696 742 752 789 et
789 730 1009 788 relatam
1048 728 1100 783 in
1132 727 1334 781 litteras
1369 723 1660 786 mittamus,
1700 715 1927 779 Licenti,
1957 728 2052 784 po.

461 829 721 886 tissimum
771 822 906 895 patri
950 830 1043 878 tuo
1069 862 1083 886 ,
1128 819 1280 888 cujus
1333 831 1457 886 erga
1511 809 1903 884 pliilOSOphiam
1940 808 2050 878 jam

462 936 680 993 prorsus
721 920 957 977 animum
1005 926 1180 970 teneo.
1233 911 1337 969 Sed
1380 910 1557 965 adhuc
1605 921 1724 977 qua
1765 902 2048 970 admittat,

459 1030 641 1085 quaro
668 1012 951 1067 fortunam.
992 1005 1205 1062 Incendi
1235 1012 1411 1057 autem
1457 1002 1512 1055 in
1547 998 1661 1053 hac
1686 996 1858 1051 studia
1884 994 2050 1050 vehe-

464 1105 693 1161 mentius
719 1103 932 1174 poterit,
965 1116 1084 1154 cum
1115 1098 1340 1166 teipsum
1381 1094 1491 1165 jam
1533 1092 1794 1146 intentum
1840 1101 2051 1142 mecum

1450 315 1728 376 CONTRA
1766 304 2224 371 ACADEMICOS,
2265 299 2323 358 S.
2365 293 2735 356 AUGUSTlNl

3645 262 3757 329 920

2157 422 2234 477 sic
2263 419 2462 482 vivere,
2486 429 2591 470 non
2619 406 2886 467 audiendo
2911 405 3109 472 solum,
3133 416 3321 460 verum
3341 399 3503 458 etiam
3526 396 3752 469 legendo

2160 515 2258 570 ista
2302 508 2629 581 cognoverit.
2660 504 2782 561 Tibi
2819 511 2998 558 autem
3029 500 3096 565 si,
3128 506 3187 554 ut
3211 497 3419 561 sentio,
3446 491 3758 549 Academici

2159 607 2389 679 placent,
2424 603 2566 656 vires
2597 599 2661 654 ad
2709 612 2803 654 eos
2850 590 3215 651 defendendos
3264 586 3547 643 validiores
3593 598 3757 656 para;

2160 716 2282 755 nam
2328 698 2450 753 illos
2477 711 2578 767 ego
2616 707 2739 749 reos
2766 691 2935 748 citare
2960 685 3176 744 decrevi
3204 684 3244 747 ἦ.
3276 682 3407 750 Qua
3431 695 3553 738 cum
3578 686 3763 734 essent

2157 794 2297 850 dicta
2319 833 2334 859 ,
2360 789 2643 862 prandium
2668 794 2911 859 paratum
2938 797 3058 840 esse
3081 782 3450 836 annuntiatum
3471 782 3575 839 est,
3598 781 3765 842 atque

2159 884 2513 942 surreximus.

2223 974 2484 1037 ίλιιιίειιιεε
2512 971 2770 1041 editiones.
2793 979 2880 1041 ερο
2911 953 3768 1041 αςευερτρμίέξεζςείέξῖξξίὶῗιὲὶί·

2157 1019 2408 1101 (λαοί-ᾗὲέιῖ
2415 1019 2743 1092 ἶὲιίιὲίἰὸὲθε,
2757 1019 2846 1094 'qu'i
2858 1027 3002 1101 paulo
3588 1019 3763 1078 verba,

2155 1089 2418 1163 prandium
2434 1101 2659 1162 paratum
2673 1089 3126 1145 ceae—attinuitan
3140 1089 3229 1147 est,
3255 1089 3416 1148 atque.

468 1180 3737 1227 ______________________________________________.

1384 1281 1866 1393 LIBER
1958 1276 2573 1385 SECUND
2597 1274 2802 1384 US.

523 1456 858 1506 nomanianum
888 1458 1197 1503 Maecenatem
1221 1464 1360 1501 suum
1395 1448 1455 1499 ad
1477 1445 1861 1510 amplectendam
1888 1441 1985 1505 phil

464 1518 534 1577 illi
573 1519 806 1568 describit
837 1515 1157 1580 collationesl,
1200 1515 1248 1562 in
1271 1524 1477 1580 quarum
1515 1515 1693 1580 primaJ

462 1576 737 1631 discrimina
767 1579 1080 1637 referuntur;
1108 1584 1159 1626 et
1184 1576 1460 1637 exploditur
1482 1576 1730 1623 sententia

2140 1442 2234 1489 iam
2260 1452 2431 1490 rursus
2462 1451 2571 1488 cum
2608 1440 2734 1502 grati
2756 1438 2901 1488 animi
2923 1434 3273 1502 signiﬁcatione
3302 1431 3541 1502 hortatur,
3565 1438 3776 1502 tresque

1143 1493 2021 1576 ξἾιῖ-(ῖίίᾷτῖιῖιιψιῖιῖίὦᾷίήθκριὶαὶηωῃ
2044 1493 2218 1576 placita
2254 1493 2663 1575 Academicorum.
2705 1507 2755 1549 in
3031 1511 3173 1576 nova
3195 1510 3254 1576 ac
3289 1493 3777 1576 veterisgaca‘d‘emi‘a

1801 1581 1939 1618 orum
1978 1557 2388 1627 philosophprmn,
2410 1565 2510 1627 qui
2534 1576 2643 1613 cum
2682 1575 2857 1627 verum
2874 1560 3004 1627 haud
3024 1572 3171 1627 posse
3192 1557 3499 1622 deprehendi
3520 1560 3777 1619 putarent,

463 1620 1589 1702 $315681siaiiié'g’é'séiiih"ﬁnieram;
1612 1640 1661 1683 tn
1683 1632 1828 1682 tertia
1848 1620 2024 1679 dicitur
2046 1620 2259 1691 quid'illi
2282 1620 2549 1677 verisimile
2571 1637 2664 1675 seu
2686 1621 2939 1687 probabile
2961 1620 3285 1687 appellarent.

1935 1728 2308 1785 W

468 1899 695 1959 CAPUT
748 1888 1032 1954 PRIMUM.
1073 1925 1143 1937 —
1180 1893 1367 1950 Contra
1397 1890 1812 1945 Academicorum
1838 1882 2061 1938 ratione:

973 2007 1070 2063 Dei
1092 2006 1286 2061 auxilio
1313 2021 1439 2074 opus
1470 2010 1561 2056 est.

544 2125 597 2181 l.
649 2121 706 2179 Si
759 2137 919 2193 quam
965 2133 1189 2176 necesse
1234 2126 1333 2181 est,
1382 2114 1659 2185 disciplina
1699 2122 1855 2181 atque
1886 2110 2063 2165 scien-

475 2217 545 2273 tia
574 2216 850 2287 sapientia
873 2230 1095 2269 vacuum
1129 2227 1249 2268 esse
1276 2227 1379 2266 non
1412 2224 1569 2279 posse
1608 2209 1921 2277 sapientem,
1958 2214 2063 2259 tam

474 2325 591 2364 eam
616 2323 834 2365 necesse
855 2317 995 2362 esset
1022 2307 1263 2362 invenire
1280 2304 1405 2357 dum
1427 2302 1681 2372 quaeritur
1702 2317 1715 2364 ;
1740 2299 1914 2354 omnis
1938 2312 2065 2368 pro-

474 2404 612 2459 fecto
633 2400 1071 2457 Academicorum
1092 2398 1176 2454 vel
1198 2395 1460 2453 calumnia
1476 2435 1493 2462 ,
1522 2394 1607 2449 vel
1647 2392 1956 2462 pertinacia,
1981 2389 2067 2445 vel

476 2493 794 2565 pervicacia,
820 2494 927 2560 vel,
956 2502 1015 2548 ut
1039 2506 1139 2562 ego
1161 2489 1428 2547 interdum
1455 2488 1705 2550 arbitror,
1733 2499 1965 2556 congrua
1992 2482 2069 2539 illi

476 2590 704 2661 tempori
735 2587 896 2654 ratio,
924 2586 1084 2643 simul
1113 2600 1234 2640 cum
1261 2584 1376 2653 ipso
1398 2590 1658 2651 tempore,
1682 2588 1879 2634 etcum
1904 2577 2072 2647 ipsius

478 2683 769 2741 Carneadis
792 2680 1173 2750 Ciceronisque
1206 2674 1524 2747 corporibus
1554 2675 1757 2745 sepulta
1781 2672 1942 2729 foret.
1964 2672 2073 2730 Sed

480 2778 603 2848 quia
648 2777 760 2831 sive
797 2775 921 2830 vita
950 2772 1107 2845 hujus
1150 2771 1333 2827 multis
1362 2769 1632 2839 variisque
1672 2768 2071 2838 jactationibus,

487 2871 840 2937 Romaniane,
867 2876 927 2923 ut
953 2868 1004 2924 in
1036 2866 1223 2924 eodem
1264 2876 1318 2922 te
1354 2865 1568 2936 probas,
1597 2866 1710 2920 sive
1739 2864 2074 2935 ingeniorum

484 2962 717 3033 quodam
761 2970 1001 3031 stupore,
1032 2959 1116 3016 vel
1146 2957 1391 3014 socordia
1436 2956 1519 3013 vel
1563 2957 1811 3012 tarditate
1855 2962 2076 3027 torpen-

489 3054 644 3120 tium,
672 3053 784 3108 sive
809 3052 1179 3121 desperatione
1220 3048 1557 3116 inveniendi;
1601 3049 1721 3119 quia
1763 3063 1867 3103 non
1914 3063 2075 3119 quam

488 3144 643 3201 facile
671 3144 843 3200 oculis
868 3144 967 3199 ista
996 3144 1079 3198 lux
1100 3184 1114 3208 ,
1168 3151 1275 3197 tam
1319 3140 1474 3198 facile
1513 3139 1779 3196 mentibus
1804 3140 2080 3211 sapientia

489 3236 638 3291 sidus
666 3234 937 3301 oboritur;
987 3236 1099 3291 sive
1129 3234 1289 3290 etiam
1320 3234 1409 3304 qui
1437 3248 1589 3289 error
1618 3232 1857 3287 omnium
1904 3248 2078 3303 popu-

490 3328 663 3383 lorum
692 3336 773 3382 cst
791 3369 805 3392 ,
850 3326 980 3382 falsa
1016 3326 1265 3397 opinione
1293 3324 1525 3380 inventa
1545 3339 1575 3379 a
1601 3339 1660 3379 se
1688 3325 1946 3389 veritatis,
1980 3338 2081 3380 nec

489 3420 772 3491 diligenter
793 3420 1034 3476 homines
1054 3427 1318 3489 quarunt,
1342 3418 1386 3472 si
1412 3417 1499 3487 qui
1517 3425 1785 3487 quarunt,
1808 3424 1863 3471 et
1886 3430 1915 3469 a
1938 3432 2083 3484 qua-

492 3512 646 3568 rendi
689 3512 963 3567 voluntate
1006 3519 1351 3574 avertuntur;
1398 3509 1576 3564 evenit
1614 3518 1669 3562 ut
1708 3507 1930 3563 scientia
1963 3522 2083 3562 raro

491 3605 780 3677 paucisque
822 3604 1140 3674 proveniat:
1174 3618 1344 3673 eoque
1395 3602 1486 3667 tit,
1537 3609 1593 3655 ut
1641 3599 2082 3655 Academicorum

494 3714 640 3754 arma
658 3741 675 3764 ,
706 3697 918 3769 quando
939 3712 1061 3753 cum
1093 3696 1172 3751 eis
1197 3695 1262 3750 ad
1291 3709 1481 3750 manus
1506 3693 1733 3756 venitur,
1760 3707 1859 3747 nec
1880 3690 2085 3744 medio-

494 3788 677 3844 cribus
704 3788 852 3853 viris,
896 3787 990 3843 sed
1038 3786 1206 3842 acutis
1253 3794 1307 3841 et
1344 3785 1483 3841 bene
1512 3783 1754 3849 eruditis,
1794 3781 1991 3837 invicta
2033 3789 2088 3837 et

493 3880 643 3952 quasi
686 3879 935 3936 Vulcania
978 3878 1275 3933 videantur.
1318 3877 1681 3945 Quamobrem
1729 3884 1913 3932 contra
1968 3876 2088 3931 illos

498 3973 685 4029 fluctus
715 3972 1078 4044 procellasque
1108 3970 1369 4037 fortuna,
1402 3987 1525 4027 cum
1550 3970 1898 4027 obnitendum
1926 3970 2089 4027 remis

495 4065 962 4136 qualiumcumque
1005 4064 1293 4127 virtutum,
1345 4073 1455 4118 tum
1506 4063 1561 4119 in
1614 4064 1799 4133 primis
1849 4063 2087 4120 divinum

498 4156 751 4211 auxilium
780 4155 928 4211 omni
954 4155 1237 4211 devotione
1260 4164 1420 4227 atque
1460 4156 1653 4226 pietate
1698 4155 2088 4225 implorandum

498 4256 621 4314 est;
666 4255 725 4302 ut
769 4246 994 4302 intentio
1030 4246 1457 4303 constantissima
1498 4246 1759 4302 bonorum
1793 4246 2088 4303 studiorum

502 4346 680 4394 teneat
700 4354 915 4395 cursum
940 4354 1117 4406 suum,
1135 4355 1165 4395 a
1186 4355 1294 4411 quo
1316 4355 1431 4395 eam
1456 4340 1634 4396 nullus
1654 4355 1810 4396 casus
1833 4341 2085 4409 excutiat,

499 4430 784 4502 quominus
827 4432 970 4488 illam
1019 4432 1371 4504 philosophia
1428 4434 1724 4490 tutissimus
1762 4433 2090 4504 jucundissi-

500 4542 726 4599 musque
767 4537 953 4599 portus
998 4529 1243 4600 accipiat.
1285 4528 1411 4584 Hac
1446 4529 1615 4599 prima
1656 4537 1745 4584 tua
1771 4542 1930 4585 causa
1966 4540 2087 4596 est;

502 4620 631 4679 hinc
649 4622 744 4679 tibi
765 4632 965 4691 metuo,
998 4622 1125 4681 hinc
1153 4632 1205 4681 te
1234 4623 1390 4695 cupio
1416 4622 1650 4689 liberari,
1677 4622 1821 4691 hinc,
1851 4624 1897 4679 si
1933 4623 2093 4680 modo

501 4715 695 4788 dignus
722 4717 821 4773 sim
843 4718 932 4789 qui
961 4717 1240 4788 impetrem
1260 4760 1276 4786 ,
1299 4717 1623 4789 quotidianis
1644 4718 1783 4773 votis
1809 4731 1968 4773 auras
1998 4717 2093 4774 tibi

502 4821 784 4879 prosperas
807 4824 962 4865 orare
1000 4824 1105 4865 non
1142 4824 1327 4875 cesso;
1356 4824 1452 4864 oro
1481 4817 1660 4864 autem
1698 4810 1869 4879 ipsam
1898 4810 2093 4865 summi

502 4899 596 4955 Dei
624 4900 885 4957 Virtutem
911 4908 1071 4972 atque
1094 4898 1441 4972 Sapientiam.
1468 4900 1605 4967 Quid
1635 4910 1717 4957 est
1741 4901 1885 4957 enim
1909 4900 2051 4957 aliud
2074 4942 2091 4970 ,

500 5006 660 5064 quem
688 4994 942 5063 mysteria
970 4993 1121 5050 nobis
1152 4993 1361 5049 tradunt
1390 4993 1485 5049 Dei
1515 4992 1741 5048 Filium?

572 5082 628 5138 2.
655 5084 877 5140 Multum
900 5093 1081 5141 autem
1099 5100 1186 5141 me
1207 5084 1483 5154 adjuvabis
1500 5099 1598 5155 pro
1620 5093 1671 5140 te
1695 5085 2093 5155 deprecantem,

502 5175 548 5230 si
562 5190 667 5231 non
692 5191 792 5233 nos
806 5175 1045 5232 exaudiri
1061 5192 1217 5247 posse
1230 5175 1503 5247 desperes,
1520 5176 1808 5247 nitarisque
1819 5177 2096 5234 nobiseum

502 5275 560 5325 et
591 5276 649 5324 tu
682 5284 790 5324 non
814 5267 989 5324 solum
1016 5269 1173 5333 votis,
1198 5268 1291 5324 sed
1318 5268 1482 5324 etiam
1505 5268 1797 5335 voluntate,
1826 5277 1985 5339 atque
2005 5269 2097 5326 illa

507 5367 598 5415 tua
628 5360 856 5416 naturali
882 5365 1077 5416 mentis
1100 5360 1400 5427 altitudine,
1430 5369 1652 5433 propter
1677 5376 1837 5433 quam
1854 5368 1921 5418 ‘te
1946 5378 2097 5433 qua-

506 5465 591 5519 ro,
619 5466 723 5522 qua
747 5451 1089 5524 singulariter
1115 5452 1373 5521 delector,
1405 5468 1564 5525 quam
1589 5466 1801 5523 semper
1820 5452 2059 5509 admiror
2077 5492 2095 5521 ,

506 5560 626 5613 qua
651 5544 705 5600 in
736 5554 807 5613 te,
841 5546 973 5617 proh
1001 5545 1183 5603 nefas!
1216 5546 1318 5602 illis
1348 5562 1527 5602 rerum
1554 5546 1967 5603 domesticarum
1997 5562 2097 5601 nu-

507 5636 661 5693 bibus
706 5638 858 5710 quasi
903 5636 1103 5694 fulmen
1154 5639 1458 5705 involvitur,
1501 5648 1554 5695 et
1598 5641 1813 5705 multos,
1854 5655 1918 5695 ac
1964 5655 2099 5709 pene

506 5744 694 5785 omnes
740 5732 903 5787 latet:
929 5746 1016 5787 me
1049 5740 1247 5797 autem,
1274 5739 1327 5786 et
1350 5732 1533 5797 alium,
1571 5732 1653 5786 vel
1680 5733 1910 5795 tertium,
1944 5731 2099 5786 fami-

508 5821 818 5881 liarissinios
842 5812 960 5880 lues
979 5824 1147 5879 latere
1168 5839 1272 5881 non
1290 5832 1482 5892 potest,
1509 5822 1598 5889 qui
1626 5838 1767 5889 sape
1793 5839 1898 5880 non
1925 5825 2096 5882 solum

2167 1864 2368 1911 attente
2404 1853 2704 1911 audivimus
2745 1868 3025 1913 murmura
3054 1862 3166 1918 tua,
3197 1850 3295 1910 sed
3323 1854 3485 1909 etiam
3514 1848 3780 1906 nonnulla

2169 1946 2373 2018 fulgura
2402 1946 2717 2003 fulminibus
2742 1947 2992 2017 propiora
3027 1945 3425 2016 conspeximus.
3449 1942 3580 2010 Quis
3605 1939 3779 2003 enim,

2169 2049 2229 2096 ut
2247 2049 2439 2096 catera
2460 2055 2557 2110 pro
2580 2048 2821 2110 tempore
2841 2047 3045 2095 taceam
3063 2046 3120 2093 ΘΙ.
3146 2052 3308 2092 unum
3328 2047 3781 2097 commemorem;

2171 2134 2310 2205 quis,
2338 2134 2553 2203 inquam
2573 2175 2588 2200 ,
2621 2142 2727 2188 tam
2754 2132 2936 2188 subito
2966 2146 3202 2201 unquam
3244 2137 3450 2184 tantum
3498 2125 3735 2182 intonuit
3760 2164 3779 2191 ,

2172 2234 2486 2295 tantumque
2518 2224 2719 2280 lumine
2754 2225 2948 2280 mentis
2976 2223 3234 2290 emicuit,
3266 2230 3325 2277 ut
3352 2221 3453 2276 sub
3478 2234 3588 2274 uno
3619 2220 3637 2249 ¹
3668 2217 3785 2272 fre-

2175 2318 2306 2373 mitu
2340 2319 2582 2385 rationis,
2624 2328 2680 2374 et
2706 2318 2937 2390 quodam
2964 2317 3334 2373 coruscamine
3370 2312 3785 2385 temperantia,

2176 2425 2282 2465 uno
2298 2410 2385 2466 die
2403 2410 2488 2464 illa
2511 2409 2682 2480 pridie
2698 2410 2991 2466 savissima
3010 2410 3222 2479 penitus
3244 2405 3409 2462 libido
3434 2412 3743 2461 moreretur
3761 2403 3791 2457 2

2177 2501 2391 2573 Ergone
2408 2516 2514 2556 non
2533 2509 2780 2573 erumpet
2800 2500 3086 2577 aliquando
3100 2500 3199 2556 ista
3215 2499 3400 2565 virtus,
3418 2506 3473 2554 et
3489 2497 3794 2553 multorum

2179 2593 2587 2663 desperantium
2608 2594 2747 2648 risus
2772 2592 2829 2649 in
2846 2592 3125 2649 horrorem
3149 2600 3529 2663 stuporemque
3553 2604 3795 2646 conver-

2184 2692 2291 2750 tet;
2314 2693 2371 2741 et
2395 2684 2572 2739 locuta
2600 2684 2654 2739 in
2683 2684 2842 2740 terris
2855 2684 3006 2755 quasi
3024 2683 3268 2753 quadam
3286 2681 3586 2738 futurorum
3603 2682 3794 2753 signa,

2182 2789 2370 2830 rursus
2399 2774 2638 2846 proiecto
2669 2775 2831 2831 totius
2860 2775 3106 2845 corporis
3131 2790 3295 2831 onere
3318 2782 3561 2830 recurret
3584 2774 3639 2828 in
3671 2787 3800 2830 cm-

2184 2865 2332 2921 lum?
2354 2866 2567 2937 Ergone
2604 2866 2937 2939 Augustinus
2961 2866 3030 2922 de
3058 2864 3392 2922 Romaniano
3438 2864 3635 2920 frustra
3679 2866 3797 2921 ista

2183 2957 2352 3012 dixit?
2390 2956 2507 3013 Non
2546 2957 2686 3013 sinet
2714 2957 2803 3013 ille
2842 2957 2928 3013 cui
2962 2971 3049 3013 me
3073 2965 3242 3013 totum
3277 2954 3421 3023 dedi,
3451 2970 3612 3027 quem
3641 2970 3799 3011 nunc

2186 3063 2576 3119 recognoscere
2604 3048 2933 3120 aliquantum
2962 3050 3124 3121 capi.

2185 3140 2412 3199 CAPUT
2453 3143 2517 3198 ll.
2534 3173 2608 3185 —
2626 3143 2945 3200 Romaniano
2974 3145 3106 3216 grati
3133 3144 3293 3199 animi
3314 3144 3602 3215 obsequium
3639 3145 3801 3200 exhi-

2433 3237 2532 3303 bet,
2555 3252 2770 3307 eumque
2792 3237 2861 3291 ad
2890 3237 3268 3309 philosophiam
3294 3237 3543 3293 hortatur.

2258 3330 2315 3383 5.
2358 3328 2499 3398 Ergo
2539 3327 2832 3399 aggredere
2871 3344 3082 3385 mecum
3127 3328 3520 3401 philosophiam
3548 3348 3561 3385 :
3585 3329 3675 3385 hic
3702 3339 3797 3387 est

2185 3420 2446 3491 quidquid
2491 3429 2544 3476 te
2580 3421 2798 3475 anxium
2829 3435 2973 3490 sape
2999 3463 3014 3487 ,
3046 3429 3205 3492 atque
3240 3420 3575 3477 dubitantem
3627 3421 3787 3476 mira-

2191 3512 2371 3567 biliter
2405 3512 2543 3567 solet
2586 3526 2825 3567 movere.
2864 3511 2981 3566 Non
3004 3511 3148 3567 enim
3169 3520 3351 3568 metuo
3383 3521 3519 3567 auta
3544 3511 3795 3573 socordia

2191 3616 2423 3667 morum,
2439 3611 2532 3658 aut
2550 3618 2579 3656 a
2601 3604 2849 3660 tarditate
2868 3603 3065 3674 ingenii
3089 3604 3185 3659 tui.
3204 3604 3337 3673 Quis
3357 3605 3499 3661 enim
3514 3612 3566 3660 te
3580 3604 3800 3676 quando

2193 3694 2518 3765 aliquantum
2554 3696 2820 3765 respirare
2867 3711 3182 3753 concessum
3229 3705 3333 3765 est,
3366 3697 3423 3752 in
3451 3696 3806 3753 sermonibus

2193 3788 2389 3842 nostris
2412 3788 2885 3860 vigilantior?quis
2905 3790 3111 3845 acutior
3138 3791 3425 3862 apparuit?
3445 3791 3658 3861 Ergone
3693 3791 3802 3846 tibi

2191 3881 2417 3950 gratiam
2447 3897 2552 3936 non
2583 3882 2919 3952 repensabo?
2938 3897 3005 3937 an
3034 3883 3261 3939 fortasse
3287 3882 3559 3953 paululum
3581 3881 3758 3938 debeo
3783 3882 3809 3936 ἲ

2195 3970 2275 4026 Tu
2302 3987 2389 4027 me
2415 3972 2873 4028 adolescentulum
2888 3988 3175 4044 pauperem
3205 3973 3270 4029 ad
3287 3974 3563 4045 peregrina
3588 3974 3811 4037 'stndia

2196 4073 2525 4135 pergentem,
2547 4074 2601 4121 et
2619 4065 2781 4120 domo
2807 4073 2862 4120 et
2885 4074 3118 4136 sumptu,
3140 4074 3216 4134 et,
3249 4066 3393 4137 quod
3416 4067 3538 4139 plus
3563 4074 3668 4133 est,
3692 4067 3811 4122 ani-

2146 4206 2151 4209 .
2197 4172 2285 4213 mo
2310 4157 2587 4228 excepisti.
2634 4158 2715 4213 Tu
2755 4165 2908 4230 patre
2948 4158 3191 4214 orbatum
3219 4158 3452 4215 amicitia
3489 4159 3811 4215 consolatus

2196 4266 2277 4317 es,
2312 4250 2613 4307 hortatione
2641 4250 2910 4317 animasti,
2942 4264 3044 4321 ope
3068 4250 3340 4320 adiuvisti.
3375 4250 3456 4307 'l‘u
3500 4252 3554 4306 in
3593 4258 3794 4308 nostro

2199 4343 2315 4413 ipso
2340 4342 2647 4413 municipio,
2676 4340 3275 4409 favore,familiaritate,
3310 4343 3807 4400 communicatione

2197 4435 2389 4491 domus
2419 4444 2523 4490 tua
2554 4450 2692 4506 pene
2715 4444 2890 4491 tecum
2910 4432 3116 4491 clarum
3144 4434 3534 4506 primatemque
3560 4450 3647 4492 me
3679 4434 3811 4492 feci-

2198 4529 2286 4583 sti.
2313 4528 2393 4583 Tu
2409 4526 2785 4598 Carthaginem
2816 4526 3123 4583 illustrioris
3148 4526 3500 4599 professionis
3518 4528 3687 4599 gratia
3714 4544 3810 4584 re-

2200 4629 2488 4688 meantem,
2525 4635 2647 4676 cum
2690 4619 2788 4676 tibi
2818 4620 2918 4676 soli
2941 4619 2964 4652 ³
2990 4629 3044 4677 et
3073 4635 3317 4676 meorum
3346 4620 3479 4676 nulli
3509 4621 3805 4678 consilium

2199 4725 2378 4765 meum
2404 4725 2660 4781 spemque
2688 4712 3038 4782 aperuissem,
3071 4711 3314 4783 quamvis
3342 4711 3675 4785 aliquantum
3703 4712 3805 4769 illo

2201 4804 2295 4859 tibi
2324 4803 2504 4871 insito,
2534 4803 2659 4875 quia
2689 4803 2760 4859 ibi
2779 4804 2890 4874 jam
2918 4803 3201 4871 docebam,
3233 4804 3419 4875 patria
3442 4819 3626 4861 amore
3660 4820 3805 4860 cun-

2200 4903 2373 4952 elatus
2396 4910 2457 4951 es
2486 4913 2498 4950 :
2529 4903 2709 4950 tamen
2760 4895 2852 4951 ubi
2884 4896 3133 4951 evincere
3157 4895 3513 4952 adolescentis
3539 4895 3809 4965 cupidita-

2202 4996 2330 5056 tem,
2354 4988 2422 5044 ad
2442 5003 2505 5044 ea
2530 5004 2650 5060 qua
2670 4987 2991 5044 videbantur
3022 4988 3250 5045 meliora
3280 4987 3565 5056 tendentis,
3607 4989 3807 5058 nequi-

2202 5081 2302 5147 sti;
2343 5097 2411 5138 ex
2454 5080 2802 5137 dehortatore
2829 5082 2883 5137 in
2913 5082 3214 5152 adjutorem
3242 5081 3375 5137 mira
3413 5080 3808 5138 benevolentia

2203 5178 2573 5235 moderatione
2597 5192 2895 5234 conversus
2929 5192 3009 5233 es.
3058 5178 3139 5233 Tu
3191 5179 3508 5234 necessariis
3552 5177 3807 5232 omnibus

2206 5274 2313 5329 iter
2339 5272 2950 5330 adminiculastimeum.
2982 5271 3060 5328 Tu
3082 5272 3280 5327 ibidem
3305 5286 3511 5335 rursus,
3541 5272 3808 5343 quicuna.

2203 5363 2349 5432 bula,
2374 5373 2429 5421 et
2446 5364 2595 5435 quasi
2625 5362 2809 5419 nidum
2831 5363 3127 5419 studiorum
3154 5376 3395 5418 meorum
3428 5364 3653 5427 foveras,
3681 5362 3801 5432 jam

2203 5456 2389 5512 volare
2408 5455 2653 5511 audentis
2684 5455 2996 5511 sustentasti
3020 5453 3342 5510 rudimenta.
3378 5452 3459 5507 Tu
3483 5453 3642 5507 etiam
3676 5467 3800 5507 cum

2206 5556 2260 5604 te
2286 5548 2512 5603 absente
2534 5556 2695 5617 atque
2720 5547 2998 5617 ignorante
3027 5546 3381 5616 navigassem,
3408 5543 3541 5599 nihil
3579 5556 3802 5597 succen-

2270 5649 2285 5680 ¹
2313 5655 2522 5707 Quatuor
2545 5656 2649 5699 Mss.
2668 5682 2683 5708 ,
2706 5644 2808 5697 illo.

2271 5713 2290 5783 ξ
2315 5718 2369 5783 In
2393 5720 2495 5783 Mss.
2516 5712 2820 5783 pervetustis
2840 5709 2985 5783 deest
3008 5723 3121 5783 vox,
3144 5708 3435 5783 peregrina."
3550 5782 3553 5783 ν
3582 5782 3587 5783 γ

2258 5773 2293 5883 Ιῆ
2420 5772 2559 5837 juxta
2582 5786 2753 5823 omnes
2791 5773 2925 5835 Edd,
2966 5772 3151 5837 prater
3171 5779 3239 5836 8.,
3262 5772 3315 5821 in
3337 5772 3516 5837 quibus
3536 5772 3771 5821 omittitur
3787 5801 3806 5833 ,

2203 5846 2255 5885 so
2275 5847 2307 5885 ι.
2336 5864 2346 5883 ι
2379 5872 2389 5885 .

3399 5952 3439 5960 ’,Γ
