4078 6366
372 435 474 506 92!

370 563 519 622 sens‘
542 548 685 632 quod
714 544 1020 614 no’n'tecum
1046 555 1518 612 communicassem
1541 551 1950 618 utsolerem,at-

371 675 475 730 que
491 654 629 712 aliud
654 652 860 724 quidvis
888 666 1044 722 quam
1065 649 1452 705 contumaciam
1479 645 1777 716 suspicans,
1808 657 1950 697 man-

370 751 488 805 sisti
531 749 876 803 inconcussus
923 744 976 797 in
1015 740 1280 805 amicitia;
1326 754 1424 793 nec
1451 739 1567 808 plus
1611 744 1734 791 ante
1766 733 1949 789 oculos

372 851 493 895 tuos
524 838 676 892 liberi
718 834 917 891 deserti
946 848 972 886 a
1008 832 1278 902 magistro,
1311 843 1470 900 quam
1515 836 1708 882 nostrae
1753 821 1948 878 mentis

370 929 662 1009 penetralia
694 927 999 997 puritasque
1028 931 1236 978 versata
1257 929 1358 976 est.

442 1022 494 1075 4.
535 1020 811 1074 Postremo
856 1014 1110 1086 quidquid
1137 1013 1203 1068 de
1247 1012 1355 1066 otio
1381 1024 1500 1065 meo
1523 1006 1680 1062 modo
1709 1006 1943 1077 gaudeo;

368 1113 510 1184 quod
552 1128 582 1166 a
631 1107 1017 1180 superfluarum
1071 1105 1414 1176 cupiditatum
1469 1099 1692 1154 vinculis
1719 1091 1942 1163 evolavi,

367 1202 508 1274 quod
532 1201 788 1271 depositis
806 1198 1056 1253 oneribus
1082 1202 1410 1250 mortuarum
1437 1186 1942 1256 curarum,rc3piro,

367 1295 642 1364 resipisco,
665 1291 828 1346 redeo
843 1289 909 1344 ad
929 1304 1044 1351 me;
1077 1285 1217 1356 quod
1239 1297 1417 1354 qumro
1443 1278 1824 1335 intentissimus
1849 1291 1944 1330 ve-

367 1390 600 1452 ritatem,
640 1382 780 1453 quod
813 1381 1048 1437 invenire
1072 1379 1181 1450 jam
1235 1375 1537 1446 ingredior,
1581 1369 1722 1442 quod
1751 1385 1836 1424 me
1878 1367 1945 1422 ad

365 1491 632 1533 summum
665 1475 834 1544 ipsum
863 1471 1078 1527 modum
1100 1473 1120 1501 ¹
1147 1476 1524 1540 perventurum
1552 1479 1669 1519 esse
1696 1461 1940 1526 confido;

365 1578 426 1623 tu
456 1565 726 1629 animasti,
762 1573 815 1618 tu
844 1561 1119 1632 impulisti,
1145 1569 1199 1614 tu
1223 1558 1414 1613 fecisti.
1449 1555 1611 1624 Cujus
1641 1563 1816 1607 autem
1845 1551 1946 1605 mi-

357 1663 533 1716 nister
562 1659 747 1725 fueris,
785 1657 902 1727 plus
933 1655 1104 1710 adhuc
1145 1652 1246 1706 ﬁde
1284 1649 1700 1718 concepi,quam
1734 1645 1943 1700 ratione

351 1749 762 1820 acomprehendi.
789 1747 921 1803 Nam
944 1760 1062 1801 cum
1098 1756 1335 1815 praesens
1361 1739 1608 1810 praesenti
1653 1735 1746 1790 tibi
1777 1749 1943 1804 expo-

354 1845 593 1899 suissem
623 1839 903 1896 interiores
931 1844 1107 1892 motus
1132 1832 1295 1889 animi
1321 1831 1422 1886 mei
1449 1829 1546 1900 (a),
1576 1827 1942 1883 vehementer-

353 1949 465 2004 que
494 1948 556 1988 ac
584 1932 777 2001 saepius
806 1943 1122 1994 assererem,
1143 1925 1339 1980 nullam
1367 1922 1495 1978 mihi
1520 1920 1686 1974 videri
1714 1933 1936 1988 prospe-

358 2041 476 2079 ram
503 2025 786 2087 fortunam,
819 2022 920 2076 nisi
970 2034 1087 2090 qua:
1118 2017 1282 2071 otium
1321 2009 1724 2083 philosophandi
1754 2008 1934 2073 daret;

357 2116 560 2170 nullam
592 2115 799 2168 beatam
819 2112 1001 2178 vitam,
1034 2108 1134 2163 nisi
1164 2122 1265 2177 qua
1291 2107 1343 2160 in
1375 2101 1707 2174 philosophia
1735 2101 1940 2154 vivere-

359 2215 447 2263 tur
473 2224 488 2259 :
518 2205 612 2261 sed
638 2219 726 2260 me
756 2211 900 2257 tanto
929 2215 1169 2255 meorum
1195 2213 1377 2262 onere,
1407 2209 1630 2265 quorum
1657 2207 1723 2246 ex
1768 2190 1942 2244 officio

359 2314 480 2354 meo
507 2298 611 2351 vita
629 2295 905 2366 penderet,
934 2292 1218 2360 multisque
1247 2285 1668 2350 necessitatibus,
1710 2282 1793 2336 vel
1821 2281 1940 2334 vani

359 2391 464 2445 mei
495 2388 732 2459 pudoris,
757 2385 839 2440 vel
869 2385 1062 2452 inepta:
1101 2395 1339 2435 meorum
1383 2376 1611 2431 miseriae
1639 2371 1896 2428 refrenari
1924 2388 1939 2425 :

352 2490 465 2536 tam
515 2495 707 2547 magno
735 2493 791 2532 es
821 2476 994 2531 elatus
1023 2472 1232 2544 gaudio,
1268 2479 1374 2524 tam
1427 2475 1610 2522 sancto
1638 2465 1793 2534 hujus
1817 2465 1941 2517 vitae

351 2573 719 2627 .inflammatus
748 2568 972 2632 ardore,
1025 2575 1085 2620 ut
1114 2574 1164 2619 te
1212 2563 1437 2625 diceres,
1465 2560 1509 2615 si
1541 2567 1594 2612 tu
1641 2559 1707 2613 ab
1735 2557 1939 2612 illarum

347 2667 786 2732 ﬁmportnnarum
805 2660 974 2714 litium
995 2657 1216 2712 vinculis
1231 2656 1403 2723 aliquo
1426 2651 1583 2707 modo
1600 2649 1936 2714 eximereris,

347 2755 540 2808 -omnia
558 2769 674 2808 mea
701 2750 908 2806 vincula
929 2749 1088 2803 etiam
1119 2743 1419 2818 patrimonii
1438 2743 1510 2797 tui
1547 2756 1751 2796 mecum
1775 2740 1941 2810 parti-

347 2844 623 2912 seipatione
651 2851 949 2912 rupturum.

422 2935 485 2993 .5.
528 2933 710 3004 Itaque
739 2947 861 2988 cum
913 2931 1129 2985 admoto
1157 2927 1311 2982 nobis
1349 2925 1528 2980 fomite
1580 2921 1937 2987 discessisses,

353 3044 631 3100 umquam
664 3026 994 3083 cessavimus
1020 3023 1284 3077 inhiantes
1312 3020 1365 3074 in
1414 3016 1824 3089 philosophiam,
1857 3023 1941 3068 at-

349 3138 463 3194 que
491 3122 633 3178 illam
654 3121 813 3174 vitam
845 3116 1121 3188 quaeinter
1141 3128 1239 3168 nos
1266 3112 1458 3182 placuit
1486 3119 1642 3180 atque
1671 3107 1937 3174 convenit,

359 3229 578 3285 pressus
596 3211 736 3269 nihil
765 3209 908 3264 aliud
928 3209 1166 3279 cogitare
1190 3223 1204 3262 :
1231 3215 1389 3275 atque
1416 3202 1467 3258 id
1493 3211 1799 3258 constanter
1826 3199 1942 3270 qui-

359 3305 504 3369 dem,
522 3303 622 3359 sed
650 3303 824 3356 minus
852 3301 1049 3355 acriter
1077 3297 1393 3368 agebamus;
1425 3294 1739 3365 putabamus
1765 3299 1939 3346 tamen

359 3395 491 3451 satis
513 3409 608 3449 nos
628 3409 806 3463 agere.
824 3392 888 3445 Et
904 3391 1150 3460 quoniam
1175 3387 1407 3442 nondum
1425 3385 1681 3440 aderatea
1707 3382 1938 3447 ﬂamma,

363 3503 482 3557 qua:
511 3500 715 3540 summa
727 3497 832 3538 nos
857 3489 1131 3551 arrcptura
1147 3487 1290 3544 erat;
1319 3478 1564 3547 illamqua
1586 3476 1724 3529 lenta
1752 3483 1943 3528 aestua-

361 3580 570 3647 bamus,
595 3576 980 3633 arbitrabamur
996 3573 1079 3628 vel
1093 3586 1210 3627 esse
1225 3570 1526 3624 maximam.
1548 3567 1677 3622 Cum
1697 3581 1822 3621 ecce
1846 3565 1941 3619 tibi

361 3673 479 3727 libri
510 3670 722 3741 quidam
745 3666 909 3739 pleni,
933 3675 989 3720 ut
1014 3665 1087 3720 ait
1104 3663 1368 3727 Celsinus,
1406 3661 1574 3714 bonas
1596 3673 1684 3713 res
1705 3656 1942 3711 arabicas

348 3766 451 3820 .nbi
475 3764 793 3819 exhalarunt
816 3761 868 3815 in
900 3774 1018 3823 nos,
1047 3758 1134 3812 ubi
1181 3755 1254 3810 illi
1298 3753 1584 3809 flammulas
1621 3751 1944 3806 instillarunt

346 3854 728 3927 jpretiosissimi
755 3851 1008 3924 unguenti
1021 3856 1192 3920 guttas
1214 3846 1586 3917 paucissimas;
1610 3841 1938 3908 incredibile,

349 3947 712 4013 iﬂomaniane,
742 3941 1071 4003 incredibile,
1105 3948 1159 3994 et
1188 3938 1322 3992 ultra
1348 3950 1505 4006 quam
1519 3935 1586 3990 de
1603 3948 1690 3988 me
1719 3933 1942 3987 fortasse

350 4048 418 4094 «et
440 4048 500 4094 'tu
522 4037 736 4102 credis;
759 4035 885 4106 quid
915 4033 1142 4103 amplius
1166 4029 1378 4086 dicam?
1406 4028 1568 4083 etiam
1597 4025 1727 4080 mihi
1755 4026 1852 4093 ipsi
1874 4024 1943 4079 de

353 4132 567 4202 me‘ipso
596 4127 904 4183 incredibile
931 4124 1232 4179 incendium
1282 4120 1632 4175 concitarunt.
1684 4116 1814 4182 Quis
1857 4131 1942 4171 me

363 4233 486 4279 tunc
508 4224 707 4285 honor,
731 4219 860 4290 quae
878 4217 1152 4272 hominum
1191 4227 1400 4283 pompa,
1429 4224 1548 4279 qua:
1576 4208 1748 4263 inanis
1789 4207 1943 4261 fama:

361 4314 640 4384 cupiditas,
670 4310 811 4382 quod
859 4308 1087 4378 denique
1124 4304 1279 4374 hujus
1319 4300 1560 4356 mortalis
1585 4299 1705 4352 vitae
1734 4296 1940 4351 fomen-

360 4417 471 4462 tum
492 4415 654 4476 atque
674 4403 1029 4457 retinaeuium
1049 4393 1450 4453 commovebat?
1472 4392 1694 4446 Prorsus
1724 4397 1864 4444 totus
1890 4389 1944 4443 in

343 4517 447 4555 me
468 4499 664 4554 cursim
692 4493 956 4550 redibam.
974 4488 1204 4560 Respexi
1230 4493 1454 4551 tantum,
1482 4482 1756 4546 confiteor,
1789 4479 1943 4550 quasi

350 4593 432 4648 'de
457 4591 648 4646 itinere
666 4589 724 4642 in
744 4587 892 4641 illam
912 4584 1244 4654 religionem,
1263 4595 1380 4650 quae
1401 4577 1578 4647 pueris
1606 4575 1758 4630 nobis
1787 4574 1944 4629 insita

337 4693 468 4752 test,
505 4691 563 4738 et
609 4680 911 4736 meddlitns
936 4675 1206 4750 implicata
1241 4690 1254 4726 :
1283 4685 1466 4727 verum
1492 4677 1670 4723 autem
1712 4668 1825 4736 ipsa
1859 4681 1945 4722 me

337 4773 434 4829 :ad
478 4789 537 4829 se
575 4779 902 4828 nescientem
931 4766 1187 4838 rapiebat.
1230 4763 1412 4833 Itaque
1463 4759 1718 4826 titubans,
1752 4773 1944 4829 prope-

431 4911 448 4940 ί
475 4916 575 4957 Am.
598 4913 696 4966 Er.,
717 4899 930 4955 neum/ul
944 4911 1238 4959 succensens,
1253 4897 1430 4960 quibus
1445 4891 1949 4956 sum-aganturaliquot

339 4981 353 4994 '
369 4978 471 5019 Its.
492 4968 709 5018 melioris
723 4973 866 5015 nota.

431 5015 769 5090 iniistis“,
791 5026 855 5076 ad
873 5037 1028 5090 ipsum
1043 5033 1279 5090 manum
1301 5018 1487 5090 bonum.
1519 5016 1611 5066 sed
1625 5015 1814 5090 melius.
1835 5016 1944 5090 ead,

338 5128 351 5143 .
373 5077 722 5143 minime;
756 5077 1346 5152 iiteric'jue,_ad_sununupt
1367 5077 1765 5152 ipsunimodum,
1802 5077 1848 5127 id
1874 5086 1950 5152 est

367 5139 793 5216 aii-sapientiam;
810 5139 955 5216 juxta
987 5139 1136 5216 illud,
1179 5143 1306 5216 quod
1343 5139 1465 5216 circa
1489 5140 1615 5216 idem

333 5235 352 5255 ἰ
368 5200 729 5276 serebat—aug”
747 5200 833 5262 l'ib'.
857 5200 1214 5276 debeata);an
1233 5207 1324 5255 sub
1345 5204 1490 5276 linem
1517 5216 1528 5251 :
1556 5200 1956 5276 «sapientianﬂiil

350 5261 808 5339 .l'és't‘i‘nddaiam
825 5261 998 5322 modus
1018 5271 1179 5339 animi,
1198 5261 1293 5339 hoc
1317 5272 1401 5338 est
1422 5278 1517 5327 quo
1539 5261 1670 5339 sese.
1691 5261 1952 5339 animusu-

378 5356 401 5384 ι
419 5323 640 5398 δῆν.ξῖιὶ
670 5323 847 5398 neque
885 5339 1107 5383 excurrat
1137 5323 1628 5398 innimiumineque
1658 5323 1779 5374 infra
1807 5336 1950 5387 quam

357 5417 404 5446 οι
422 5391 622 5463 plenum
646 5406 722 5450 est
742 5391 1055 5448 e'oarctetur.»
1083 5419 1144 5430 —
1165 5394 1237 5440 sic
1253 5391 1399 5440 etiam
1429 5397 1530 5436 Par.
1588 5395 1642 5437 Μ.

436 5482 510 5544 (a)
526 5489 809 5544 Romanmno
823 5483 1065 5540 praesente
1089 5486 1206 5544 usus
1218 5471 1375 5521 fuerat
1392 5467 1649 5544 Mediolani
1667 5474 1786 5544 ante
1796 5480 1954 5544 annos

346 5529 729 5600 tdir‘ciiervduOS,
757 5529 856 5600 quo
883 5546 1104 5600 tempore
1131 5535 1195 5600 de
1221 5533 1457 5600 communi
1487 5531 1582 5600 vita
1608 5529 1954 5600 ineunda_cum

351 5592 540 5655 -amicis
552 5592 872 5662 deliberabat,
904 5592 1176 5649 lib.'6(;onf.
1193 5611 1234 5647 c.
1256 5595 1328 5644 14.
1354 5594 1691 5663 «nomaniauus
1715 5592 1953 5663 maxime,

381 5685 404 5711 ι
421 5667 776 5727 oommuniceps
787 5660 972 5720 noSter,
989 5673 1136 5723 quem
1151 5666 1262 5708 tunc
1275 5668 1452 5727 graves
1475 5660 1622 5727 aestus
1650 5660 1955 5727 negotiorum

383 5745 404 5772 α
420 5741 618 5776 suorum
632 5727 690 5776 ad
707 5715 980 5776 domitatutn
1006 5715 1327 5776 attraxerant,
1353 5718 1414 5767 ab
1442 5718 1643 5764 ineunte
1669 5722 1811 5764 aetate
1840 5715 1956 5763 mihi

368 5809 404 5833 ιε
428 5789 846 5846 lamiliarissimus;
863 5787 944 5848 qui
958 5786 1165 5833 maxime
1177 5784 1385 5848 instabat
1397 5780 1517 5848 huic
1528 5779 1600 5826 rei
1617 5812 1632 5836 ,
1659 5785 1710 5848 et
1736 5789 1957 5848 magnam

377 5869 408 5895 ι
426 5852 474 5898 in
503 5849 747 5898 suadendo
774 5838 982 5897 habebat
1007 5846 1368 5903 auctoritatem,
1396 5840 1521 5907 quod
1546 5838 1704 5906 ampla
1729 5838 1833 5890 res
1851 5841 1958 5902 ejus

368 5930 411 5964 4
427 5912 627 5964 multum
651 5911 842 5964 caeteris
866 5909 1122 5961 anteibat.»

1650 433 1848 492 LIBER
1883 432 2101 491 SECUN
2110 432 2252 490 DUS.

3525 436 3632 498 922

2055 561 2218 614 rans,
2258 544 2510 601 haesitans
2553 542 2749 617 arripio
2797 545 3094 616 apostolum
3134 539 3355 604 Paulum
3392 566 3408 607 ι
3446 550 3630 624 Neque

2056 637 2197 692 enim
2222 651 2348 693 vere
2377 638 2481 704 isti,
2511 637 2744 707 inquam,
2775 647 2918 694 tanta
2946 639 3258 709 potuissent,
3273 639 3633 714 vixissenth

2056 734 2128 781 tta
2160 738 2215 782 ut
2241 741 2334 783 eos
2361 729 2554 783 vixisse
2581 728 2916 784 manifestum
2941 739 3045 796 est,
3091 732 3135 786 si
3179 747 3365 788 eorum
3411 733 3628 792 Littera:

2055 829 2214 891 atque
2239 822 2470 876 rationes
2491 820 2614 876 huic
2647 829 2790 876 tanto
2812 823 2950 876 bono
2975 823 3401 879 adversarentur.
3423 825 3631 898 Perlegi

2055 919 2219 965 totum
2251 913 2600 967 intentissime
2620 922 2777 982 atque
2802 915 3110 970 cautissime
3127 916 3167 968 ¹.

2122 1003 2174 1057 6.
2217 1004 2367 1059 Tunc
2389 1021 2514 1060 vero
2541 1006 3020 1077 quantulocumque
3042 1007 3153 1076 jam
3173 1008 3621 1080 lutnineasperso,

2052 1103 2192 1148 tanta
2218 1110 2276 1149 se
2311 1095 2436 1149 mihi
2468 1096 2812 1166 philosophiae
2853 1097 3014 1152 facies
3060 1099 3285 1168 aperuit,
3318 1108 3375 1153 ut
3417 1102 3630 1156 non‘di-

2050 1197 2164 1237 eam
2191 1183 2302 1249 tibi,
2327 1184 2415 1253 qui
2441 1185 2557 1254 ejus
2581 1186 2861 1256 incognita).
2888 1186 3027 1243 fame
3055 1203 3268 1257 semper
3295 1191 3499 1258 arsisti,
3531 1190 3628 1247 sed

2050 1272 2093 1325 si
2119 1273 2214 1342 ipsi
2247 1273 2550 1329 adversario
2573 1287 2681 1339 tuo,
2709 1292 2737 1331 a
2767 1293 2872 1348 quo
2902 1280 3082 1334 nescio
3105 1287 3282 1333 utrum
3327 1281 3444 1349 plus
3473 1297 3629 1337 exer-

2049 1364 2391 1433 cearisquam
2419 1364 2746 1436 impediaris,
2775 1384 2891 1424 eam
2913 1369 3278 1424 demonstrare
3304 1372 3626 1440 potuissem;
3676 1379 3694 1394 '

2049 1469 2131 1508 nae
2160 1454 2248 1508 ille
2275 1461 2329 1508 et
2348 1457 2512 1523 naias,
2539 1466 2593 1512 et
2617 1473 2824 1514 ammna
2853 1460 3088 1528 pomaria
3118 1462 3160 1525 ’,
3203 1470 3256 1516 et
3295 1461 3520 1517 delicata
3549 1463 3630 1518 ni-

2049 1543 2258 1613 tidaque
2281 1546 2539 1613 convivia,
2568 1556 2621 1601 et
2649 1547 2968 1604 domesticos
3006 1549 3308 1615 histriones,
3353 1561 3623 1620 postremo

2047 1633 2298 1704 quidquid
2326 1650 2447 1688 eum
2476 1637 2668 1690 acriter
2695 1648 2994 1693 commovet
3024 1640 3075 1694 in
3101 1654 3465 1710 quascumque
3495 1641 3630 1696 deli-

2047 1729 2176 1792 cias,
2215 1729 2470 1799 abjiciens
2499 1739 2555 1786 et
2578 1733 2905 1801 relinquens,
2947 1734 3013 1787 ad
3038 1735 3154 1804 ejus
3185 1735 3630 1803 pulchritudinem

2046 1819 2270 1875 blandus
2293 1829 2500 1876 amator
2526 1831 2580 1876 et
2606 1830 2840 1889 sanctus,
2869 1824 3093 1891 mirans,
3111 1824 3382 1891 anhelans,
3398 1834 3631 1880 aestuans

2047 1911 2333 1968 advolaret.
2380 1913 2550 1968 Habet
2577 1914 2721 1968 enim
2749 1921 2802 1969 et
2834 1915 2947 1982 ille,
2975 1916 3118 1984 quod
3147 1917 3505 1971 confitendum
3525 1924 3626 1984 est,

2045 2002 2308 2070 quoddam
2339 2003 2502 2058 decus
2554 2004 2736 2069 animi,
2769 2005 2853 2059 vel
2905 2006 3080 2074 potius
3115 2005 3322 2062 decoris
3365 2009 3514 2077 quasi
3540 2023 3628 2062 se-

2046 2103 2278 2148 mentem
2309 2094 2352 2159 “,
2401 2095 2540 2164 quod
2568 2111 2850 2165 erumpere
2877 2097 2934 2152 in
2978 2113 3156 2153 veram
3181 2097 3628 2168 pulchritudinem

2045 2183 2242 2250 nitens,
2269 2192 2506 2240 tortuose
2534 2201 2596 2240 ac
2638 2187 2949 2242 deformiter
2975 2189 3113 2243 inter
3138 2189 3328 2244 scabra
3359 2191 3627 2256 vitiorum,

2045 2275 2250 2329 etinter
2275 2277 2586 2346 opinionum
2638 2278 2902 2332 fallacium
2931 2279 3144 2334 dumeta
3185 2279 3476 2334 frondescit
3508 2297 3521 2333 :
3548 2289 3626 2334 ta-

2045 2381 2165 2421 men
2197 2383 2302 2422 non
2328 2378 2502 2423 cessat
2526 2369 2886 2438 frondescere,
2927 2380 2981 2426 et
3021 2373 3204 2440 paucis
3229 2381 3385 2428 acute
3423 2388 3484 2428 ac
3512 2373 3631 2427 dili-

2043 2468 2231 2527 genter
2253 2459 2303 2512 in
2341 2459 2504 2514 densa
2531 2461 2854 2516 intuentibus
2874 2471 3130 2531 quantum
3155 2462 3344 2516 sinitur
3371 2462 3626 2518 eminere.

2046 2549 2170 2603 lndc
2190 2559 2272 2604 est
2299 2551 2383 2604 illa
2417 2552 2764 2619 hospitalitas,
2812 2552 2934 2606 inde
2977 2552 3026 2605 in
3053 2553 3308 2606 conviviis
3337 2553 3502 2606 multa
3528 2552 3628 2607 hu-

2045 2642 2316 2697 manitatis
2332 2643 2690 2710 condimenta,
2716 2643 2839 2698 inde
2859 2645 2970 2713 ipsa
2983 2644 3266 2714 elegantia,
3285 2645 3446 2712 nitor,
3474 2661 3630 2700 mun-
3663 2652 3684 2667 ‘

2045 2733 2260 2786 dissima
2292 2732 2452 2787 facies
2480 2749 2658 2788 rerum
2677 2734 2935 2800 omnium,
2959 2743 3012 2788 et
3037 2734 3270 2804 undique
3287 2743 3478 2791 cuncta
3507 2749 3629 2805 per-

2046 2826 2268 2882 fundens
2290 2826 2617 2882 adumbrata:
2635 2827 2926 2883 venustatis
2947 2828 3235 2882 urbanitas.
3301 2835 3303 2838 ’

2043 2937 2270 3028 ῼΑΡΗΤ
2308 2938 2395 2993 Ill.
2435 2969 2508 2980 —
2552 2939 2839 2994 Philocalia
2879 2951 2923 2994 et
2960 2941 3314 3013 PhilosOphia.
3347 2943 3626 2999 Romania-

2299 3049 2417 3086 num
2449 3049 2620 3087 rursus
2645 3033 2713 3086 ad
2737 3033 3110 3104 philosophiam
3140 3035 3392 3090 accendit.

2117 3145 2170 3200 7.
2225 3144 2514 3199 Philocalia
2567 3145 2666 3200 ista
2709 3146 2868 3216 vulgo
2924 3147 3117 3202 dicitur
3157 3166 3170 3201 :
3204 3162 3272 3204 ne
3317 3155 3630 3204 contemnas

2047 3253 2238 3293 nomen
2289 3237 2387 3290 hoc
2429 3252 2495 3292 ex
2550 3236 2692 3307 vulgi
2748 3237 2966 3293 nomine
3009 3256 3022 3292 :
3067 3253 3190 3293 nam
3246 3239 3525 3309 philocalia
3575 3247 3630 3294 et

2045 3327 2377 3398 philos0phia
2419 3344 2587 3399 prope
2635 3330 2881 3386 similiter
2935 3331 3322 3400 cognominata:
3370 3339 3521 3397 sunt,
3576 3339 3630 3386 et

2044 3423 2192 3492 quasi
2221 3421 2446 3492 gentiles
2482 3423 2503 3453 ’⁵
2531 3423 2669 3478 inter
2716 3437 2775 3478 se
2799 3423 2965 3478 videri
2993 3424 3194 3491 volunt,
3231 3432 3286 3479 et
3322 3431 3463 3478 sunt.
3493 3423 3630 3489 Quid

2045 3523 2128 3570 cst
2151 3517 2291 3570 enim
2310 3515 2682 3585 philos0phia?
2713 3517 2876 3570 Amor
2917 3516 3212 3586 sapientiae.
3245 3515 3380 3582 Quid
3407 3516 3630 3585 philoca-

2046 3607 2152 3661 lia?
2178 3607 2344 3662 Amor
2366 3608 2788 3677 pulchritudinis.
2815 3610 3007 3676 Qutere
3024 3610 3090 3664 de
3105 3609 3324 3666 Grzecis.
3348 3609 3484 3676 Quid
3499 3624 3629 3680 ergo

2046 3700 2332 3770 sapientia?
2358 3716 2531 3756 nonne
2557 3701 2668 3770 ipsa
2696 3717 2817 3756 vera
2841 3711 2923 3757 est
2943 3701 3322 3772 pulchritudo?
3347 3701 3628 3758 Germana:

2048 3792 2205 3861 igitur
2231 3793 2344 3846 ista:
2374 3804 2495 3847 sunt
2528 3809 2764 3863 prorsus,
2803 3803 2858 3850 et
2881 3795 3068 3849 eodem
3091 3804 3310 3864 parente
3340 3803 3629 3864 procreatas

2047 3881 2181 3954 (Lib.
2209 3885 2233 3937 1
2258 3883 2506 3948 Retract.,
2531 3901 2643 3955 cap.
2680 3885 2731 3952 Ι,
2763 3903 2814 3938 n.
2839 3884 2896 3954 5)
2929 3903 2942 3940 :
2974 3885 3067 3939 sed
3108 3885 3196 3940 illa
3226 3885 3370 3939 visco
3399 3884 3630 3939 libidinis

2046 3971 2280 4029 detracta
2303 3974 2440 4029 cmlo
2466 3989 2584 4041 suo,
2605 3983 2658 4029 et
2689 3975 2886 4029 inclusa
2903 3991 3063 4030 cavea
3092 3976 3351 4046 populari,
3386 3975 3630 4029 viciniam

2049 4072 2221 4118 tamen
2250 4066 2476 4119 nominis
2507 4066 2692 4132 tenuit,
2723 4065 2788 4120 ad
2809 4067 3254 4121 commonendum
3281 4082 3538 4137 aucupem
3562 4081 3630 4121 ne

2047 4168 2105 4209 se
2136 4155 2155 4186 ⁸
2185 4163 2506 4209 contemnat.
2533 4156 2677 4210 llanc
2709 4157 2866 4226 igitur
2890 4157 3004 4211 sine
3025 4157 3210 4226 pennis
3234 4158 3554 4213 sordidatam
3575 4167 3632 4215 et

2047 4255 2288 4316 egentem
2315 4249 2542 4302 volitans
2573 4249 2737 4303 libere
2756 4264 2907 4304 soror
2932 4265 3073 4319 saepe
3097 4250 3355 4320 agnoscit,
3384 4251 3477 4306 sed
3508 4268 3630 4309 raro

2048 4340 2276 4396 liberat:
2311 4357 2417 4395 non
2453 4342 2594 4396 enim
2647 4341 2927 4410 philocalia
2957 4342 3057 4396 ista
3105 4341 3244 4397 unde
3273 4359 3438 4414 genus
3475 4343 3631 4399 ducat

2050 4433 2307 4502 agnoscit,
2337 4431 2439 4486 nisi
2472 4432 2827 4503 philosophia.
2855 4432 3024 4500 Quam
3045 4440 3206 4486 totam
3236 4434 3463 4489 fabulam
3485 4433 3628 4508 (nam

2049 4523 2223 4577 subito
2272 4521 2505 4592 Esopus
2552 4522 2718 4576 factus
2765 4521 2905 4595 sum)
2950 4522 3218 4577 Licentius
3258 4523 3350 4577 tibi
3396 4525 3632 4580 carmine

2050 4616 2262 4670 suavius
2278 4615 2529 4670 indicabit
2551 4633 2562 4668 :
2590 4623 2742 4684 poeta
2764 4623 2843 4669 est
2868 4614 3008 4668 enim
3028 4629 3162 4683 pene
3179 4615 3462 4684 perfectus.
3492 4615 3631 4686 Ergo

2051 4707 2161 4770 ille,
2195 4707 2236 4760 si
2265 4721 2442 4761 veram
2466 4706 2911 4775 pulchritudinem
2938 4705 3090 4775 cujus
3122 4705 3264 4759 falsa:
3294 4714 3499 4759 amator
3526 4715 3627 4772 est,

2052 4799 2249 4853 sanatis
2285 4796 2660 4866 renudatisque
2687 4796 2953 4866 paululum
2995 4797 3162 4851 oculis
3193 4804 3370 4866 posset
3414 4797 3626 4859 intueri,

2053 4899 2245 4962 quanta
2274 4891 2544 4958 voluptate
2586 4889 2937 4959 phi1050phiae
2977 4888 3178 4958 gremio
3217 4902 3277 4942 se
3305 4887 3631 4942 involveret?

2053 4984 2330 5052 Quomodo
2363 4983 2432 5037 ibi
2464 4991 2513 5036 te
2555 4983 2842 5051 cognitum,
2880 4982 3013 5035 sicut
3043 4995 3226 5035 verum
3265 4980 3476 5033 fratrem
3521 4994 3634 5034 am-

2055 5073 2640 5147 plecteretur?Miraris
2683 5071 2816 5138 hare,
2868 5080 2921 5126 et
2963 5070 3178 5124 forsitan
3221 5069 3380 5124 rides.
3429 5069 3561 5136 Quid
3587 5071 3630 5125 si

2056 5167 2170 5223 hzec
2195 5167 2510 5236 explicarem
2542 5172 2600 5218 ut
2627 5163 2911 5217 volebam?
2941 5161 3061 5230 quid
3110 5161 3153 5215 si
3198 5161 3383 5215 saltem
3419 5176 3538 5226 vox,
3587 5162 3632 5217 si

2120 5345 2138 5377 ι
2181 5343 2287 5392 Bad.
2329 5349 2427 5390 Am.
2452 5346 2526 5389 Er.
2575 5345 2627 5389 et
2663 5345 2767 5388 Mss.
2803 5333 3140 5399 quamplures,
3179 5339 3320 5398 atque

2057 5405 2199 5466 Paulo
2219 5410 2343 5466 post,
2367 5405 2417 5452 in
2433 5403 2666 5466 hactenus
2686 5394 2893 5466 vulgatis
2915 5394 2968 5446 et
2997 5394 3179 5466 aliqum
3199 5394 3303 5466 Mss.
3344 5396 3540 5466 legitur,
3558 5394 3634 5466 in-

2059 5456 2552 5588 ἆξαι,
2574 5456 2826 5527 incognita:
2842 5461 3003 5523 flante.
3043 5456 3134 5510 sed
3160 5456 3440 5521 castigatius
3458 5459 3508 5508 in
3529 5456 3636 5508 aliis

2167 5542 2208 5576 Cl
2228 5544 2242 5575 )
2317 5561 2330 5585 ,
2487 5561 2497 5572 .
2785 5581 2796 5588 _
2931 5582 2945 5588 _
3141 5581 3153 5588 ᾗ
3532 5587 3537 5588 7
3599 5581 3610 5588 Α

2167 5538 2303 5576 Cibus
2317 5561 2330 5576 .
2356 5538 2497 5576 tame.

2126 5561 2581 5658 τ’ῧῖῧῖιιὲῖὲἐὲῖιὶιυξ
2596 5581 3545 5658 ροηιαςνῖίαινει.ρονηετίαε.ροτψριενθιε
3559 5581 3636 5658 xi-

2060 5652 2231 5710 detur;
2256 5644 2364 5698 nam
2385 5644 2464 5710 hic
2486 5644 2645 5710 agitur
2669 5646 2923 5696 evidenter
2940 5644 3005 5694 de
3024 5644 3263 5707 pomariis,
3279 5644 3389 5707 qua:
3414 5657 3502 5693 vox
3520 5655 3634 5694 sen-

2061 5727 2166 5764 sum
2192 5709 2382 5761 omnino
2411 5709 2556 5757 alium
2579 5709 2742 5757 habet.
2808 5714 2864 5756 Μ.

2127 5777 2146 5806 ε
2166 5771 2494 5832 εειηὶηίιγὶιση,
2517 5771 2654 5832 juxta
2677 5777 2776 5818 Par.
2801 5776 2874 5817 Er.
2902 5777 3017 5818 Ven.
3042 5773 3152 5818 Lov.
3179 5776 3231 5819 Μ.

2128 5837 2146 5866 '*
2171 5836 2450 5898 Inquinque
2475 5843 2864 5896 N:ss.,germanw.

2129 5901 2148 5932 ⁵
2176 5896 2328 5958 mam,
2349 5896 2488 5960 juxta
2510 5905 2611 5945 Par.
2638 5901 2710 5946 Er.
2737 5902 2854 5944 Ven.
2880 5897 2986 5943 Lov.
3009 5899 3063 5942 Μ.
