4078 6366
488 511 663 569 adhuc
690 511 851 568 facies
867 510 1033 567 videri
1051 527 1081 566 a
1107 522 1163 570 te
1189 526 1295 568 non
1321 520 1514 583 potest,
1530 512 1693 581 ipsius
1715 510 2059 580 philosophiae

488 615 672 675 posset
718 604 927 658 audiri?
956 604 1217 659 Mirareris
1244 605 1513 673 profecto;
1568 602 1660 657 sed
1694 617 1797 655 non
1838 600 2061 667 rideres,

493 714 600 753 non
626 698 959 766 desperares.
1010 696 1183 750 Crede
1212 696 1363 761 nu'lti,
1390 695 1458 750 de
1490 696 1634 748 nullo
1674 693 2063 764 desperandum

489 798 593 853 est,
624 788 689 843 de
718 790 905 843 talibus
928 798 1107 843 autem
1133 787 1609 842 minime.0mnino
1637 796 1760 841 sunt
1782 786 2057 855 exempla;

490 879 643 935 facile
670 881 864 943 evadit,
898 878 1051 935 facile
1076 880 1281 934 revolat
1303 880 1317 910 ⁸
1342 878 1444 933 hoc
1467 894 1633 949 genus
1657 880 1854 944 avium,
1883 878 2062 933 multis

490 974 708 1029 inclusis
733 974 958 1028 multum
985 973 1318 1029 mirantibus.

558 1068 611 1122 8.
651 1068 758 1124 Sed
784 1067 851 1121 ad
878 1082 975 1121 nos
1002 1066 1298 1129 redeamus,
1324 1080 1421 1120 nos
1442 1064 1680 1135 inquam,
1710 1064 2057 1131 Romaniane,

484 1158 952 1228 philosophentur:
972 1156 1188 1211 reddam
1236 1156 1325 1210 tibi
1350 1156 1597 1225 gratiam,
1625 1155 1765 1208 filius
1793 1163 1915 1208 tuus
1944 1168 2056 1208 cte-

484 1250 559 1319 pit
575 1250 683 1317 jam
715 1248 1072 1318 pltilesogtbari
1097 1264 1228 1317 :ego
1254 1263 1375 1303 eum
1412 1248 1663 1315 reprimo,
1688 1254 1745 1299 ut
1768 1244 2059 1313 disciplinis

484 1342 797 1396 necessariis
810 1342 956 1409 prius
976 1341 1216 1395 excultus
1232 1340 1489 1409 vigentior
1503 1348 1557 1393 et
1580 1339 1778 1391 lirmior
1799 1338 2056 1406 insurgat,

481 1448 705 1503 quarum
735 1442 785 1487 te
815 1449 881 1487 ne
907 1443 1113 1487 ructuas
1145 1442 1439 1499 expertem,
1472 1433 1518 1483 si
1554 1430 1686 1483 bene
1715 1438 1764 1482 te
1796 1428 1937 1493 novi,
1966 1444 2058 1482 au—

480 1526 605 1579 ras’
636 1525 729 1578 tibi
754 1524 949 1578 liberas
979 1533 1182 1577 tantum
1204 1531 1348 1591 opto.
1374 1522 1506 1575 Nam
1527 1521 1592 1573 de
1633 1520 1807 1573 indole
1822 1519 1945 1588 quid
1973 1519 2055 1572 di-

476 1615 635 1670 cam?
660 1614 872 1670 Utinam
897 1630 1001 1668 non
1032 1623 1138 1668 tam
1162 1630 1277 1667 rara
1307 1620 1448 1666 esset
1470 1613 1520 1665 in
1552 1611 1875 1676 hominibus,
1895 1625 2054 1678 quam

480 1715 626 1764 certa
649 1715 731 1762 est
758 1708 815 1761 in
842 1709 924 1761 te!
959 1708 1178 1761 Restant
1199 1706 1303 1760 duo
1331 1705 1475 1768 vitia,
1500 1713 1555 1759 et
1572 1704 1947 1773 impedimenta
1974 1704 2057 1757 in-

479 1798 754 1853 venienda:
773 1798 1033 1862 veritatis,
1068 1813 1101 1852 ι
1127 1798 1318 1867 quibus
1349 1797 1442 1850 tibi
1469 1812 1573 1850 non
1610 1796 1832 1849 multum
1859 1795 2051 1859 timeo;

481 1890 643 1945 timeo
668 1900 844 1945 tamen
867 1905 934 1943 ne
957 1900 1007 1944 te
1047 1898 1375 1953 contemnas,
1400 1900 1558 1958 atque
1583 1888 1915 1941 inventurum
1936 1900 2055 1940 esse

478 1980 754 2050 desperes,
780 1989 873 2034 aut
916 1990 1061 2035 certe
1099 1997 1167 2035 ne
1197 1980 1460 2034 invenisse
1490 1988 1539 2033 te
1568 1978 1773 2033 credas.
1817 1978 2053 2042 Quorum

482 2072 733 2140 primum,
761 2072 807 2126 si
832 2080 1013 2126 tanien
1049 2073 1207 2136 inest,
1240 2072 1339 2125 ista
1375 2072 1467 2125 tibi
1506 2071 1789 2140 diSputatio
1830 2068 2056 2124 fortasse

481 2162 745 2233 detrahet.
790 2163 995 2232 Smpius
1036 2164 1178 2218 enim
1214 2163 1558 2219 suceensuisti
1604 2161 1957 2226 Academicis,
1990 2176 2054 2215 eo

479 2254 694 2324 quidem
725 2242 956 2325 gravius,
987 2272 1095 2325 quo
1122 2256 1295 2310 ntinus
1320 2256 1557 2310 eruditus
1583 2269 1762 2317 esses;
1792 2254 1881 2307 sed
1909 2254 2053 2308 eoli-

482 2346 715 2412 beutius,
746 2348 889 2417 quod
914 2348 1153 2402 veritatis
1188 2362 1368 2401 amore
1399 2346 1718 2400 illiciebaris.
1741 2344 1920 2413 Itaque
1944 2344 2054 2413 jam

481 2454 603 2494 cum
628 2441 839 2511 Alypio,
854 2449 906 2495 te
923 2441 1141 2507 faetore,
1160 2438 1459 2509 conﬂigam,
1476 2447 1531 2493 et
1551 2438 1639 2492 tibi
1658 2437 1811 2491 facile
1835 2450 2054 2505 persua-

478 2532 618 2589 debo
634 2533 774 2603 quod
796 2534 935 2597 volo,
954 2534 1295 2603 probabiliter
1313 2543 1508 2586 tamen.
1524 2531 1657 2585 Nam
1685 2531 1854 2598 ipsum
1871 2545 2053 2584 verum

482 2639 587 2679 non
612 2624 835 2689 videbis,
869 2624 969 2678 nisi
996 2625 1047 2678 in
1078 2623 1462 2692 philosophiam
1490 2631 1631 2676 totus
1660 2621 1957 2675 intraveris.
1990 2619 2054 2673 ll-

482 2717 771 2784 iudautem
794 2718 1023 2771 alterum
1061 2715 1201 2785 quod
1230 2724 1279 2769 te
1307 2716 1530 2769 fortasse
1567 2713 1761 2784 aliquid
1793 2712 2056 2766 invenisse

482 2809 783 2878 praesumis,
805 2809 1047 2877 quamvis
1074 2823 1102 2860 a
1125 2806 1393 2875 nobisjam
1413 2821 1682 2875 quzerens,
1700 2805 2056 2873 dubitansque

482 2898 814 2962 discesseris,
838 2907 1014 2951 tamen
1036 2898 1079 2951 si
1103 2898 1226 2967 quid
1246 2897 1632 2967 superstitionis
1653 2897 1953 2950 inanimum
1980 2913 2056 2951 re-

483 2991 722 3043 volutum
758 2998 861 3056 est,
887 2989 1124 3059 cjicietur
1150 2990 1407 3060 profecto,
1443 2991 1527 3044 vel
1552 3004 1671 3043 cum
1701 2989 1791 3042 tibi
1822 2989 2053 3058 aliquam

481 3082 619 3137 inter
639 3097 739 3136 nos
763 3082 1173 3152 disputationem
1209 3082 1275 3136 de
1303 3081 1557 3152 religione
1583 3081 1798 3148 misero,
1832 3082 1911 3135 vel
1934 3071 2055 3136 cum

480 3189 716 3245 praesens
744 3183 917 3229 tecum
945 3174 1107 3228 multa
1126 3172 1419 3228 contulere.

551 3266 603 3322 9.
646 3265 758 3337 Ego
782 3268 923 3321 enim
962 3282 1102 3321 nunc
1143 3266 1284 3321 aliud
1310 3267 1439 3321 nihil
1482 3283 1601 3337 ago,
1645 3283 1801 3337 quam
1828 3284 1913 3323 me
1944 3267 2057 3337 ipse

479 3374 648 3430 purgo
676 3374 707 3412 a
735 3359 883 3413 vanis
910 3360 1330 3430 perniciosisque
1355 3359 1713 3429 opinionibus.
1742 3358 1921 3430 Itaque
1953 3377 2055 3415 non

480 3449 665 3507 dubito
694 3452 883 3507 melius
901 3452 1029 3506 mihi
1053 3468 1367 3522 esse,quam
1401 3451 1515 3507 tibi.
1548 3452 1722 3507 Unum
1747 3461 1947 3506 tantum
1976 3463 2059 3509 est

480 3545 619 3601 unde
650 3545 911 3606 invideam
931 3544 1155 3600 fortuna:
1182 3556 1303 3611 tute,
1337 3544 1476 3615 quod
1503 3545 1647 3600 solus
1686 3544 1876 3600 frueris
1898 3545 2057 3601 Luci-

486 3638 627 3693 liano
656 3654 776 3696 meo
802 3636 821 3671 ³
851 3658 863 3693 :
897 3655 964 3693 an
1000 3648 1054 3694 et
1082 3646 1139 3692 tu
1182 3636 1385 3693 invides
1431 3638 1551 3709 quia
1593 3636 1721 3703 dixi,
1769 3639 1923 3693 meo?
1952 3638 2057 3693 Sed

480 3730 606 3802 quid
654 3729 763 3785 dixi
810 3729 951 3784 aliud
982 3742 1138 3800 quam
1180 3737 1305 3794 tuo,
1362 3738 1416 3783 et
1460 3729 1694 3783 omnium
1740 3730 2057 3799 quicumque

483 3838 647 3877 unum
677 3822 899 3877 sumus?
926 3821 999 3875 De
1028 3837 1133 3891 quo
1187 3829 1361 3874 tamen
1389 3830 1445 3874 ut
1484 3820 1765 3875 subvenias
1794 3819 2058 3874 desiderio

480 3930 622 3981 meo,
650 3914 773 3983 quid
806 3920 857 3967 te
906 3912 1121 3981 rogem?
1147 3910 1226 3965 Tu
1258 3920 1306 3965 te
1334 3912 1445 3981 ipse
1487 3928 1578 3980 pro
1608 3927 1692 3966 me
1738 3927 1863 3979 roga
1892 3927 2059 3980 quan-

482 4013 594 4059 tum
622 4003 746 4071 scis,
782 4004 901 4072 quia
928 4002 1107 4056 debes.
1136 4001 1239 4057 Sed
1271 4017 1409 4055 nunc
1428 4002 1681 4055 ambobus
1707 4000 1846 4067 dico,
1877 4009 2057 4056 cavete

481 4112 548 4152 ne
571 4096 697 4166 quid
722 4110 815 4149 vos
842 4110 997 4149 nosse
1026 4094 1377 4158 arbitremini,
1408 4092 1507 4147 nisi
1531 4093 1674 4162 quod
1706 4094 1775 4147 ita
1805 4093 2056 4148 didiceri-

484 4188 574 4251 tis,
604 4188 792 4242 saltem
816 4195 872 4240 ut
892 4187 1077 4253 nostis,
1105 4204 1287 4251 unum,
1318 4185 1442 4253 duo,
1474 4186 1569 4239 tria
1590 4226 1604 4249 ,
1637 4196 1863 4255 quatuor
1899 4187 2057 4241 simul

483 4280 706 4336 Collecta
738 4280 792 4333 in
818 4295 1075 4334 summam
1106 4279 1217 4334 fieri
1267 4278 1469 4333 decem.
1503 4277 1607 4332 Sed
1630 4278 1753 4332 item
1780 4288 1967 4333 cavete
1992 4294 2058 4333 ne

484 4386 584 4425 vos
612 4372 662 4425 in
696 4368 1023 4442 phil050phia
1062 4369 1342 4424 veritatem
1364 4377 1454 4423 aut
1476 4384 1579 4422 non
1621 4370 1945 4439 cognituros,
1968 4380 2059 4426 aut

488 4462 634 4518 nullo
654 4463 811 4518 modo
839 4464 909 4517 ita
937 4478 1091 4533 posse
1120 4462 1366 4532 cognosci
1388 4461 1884 4520 arbitremini.Nam
1928 4462 2058 4518 mihi

482 4554 568 4609 vel
612 4556 789 4623 potius
835 4554 909 4608 illi
941 4552 1143 4608 credite
1180 4552 1268 4622 qui
1315 4552 1405 4618 ait,
1454 4552 1675 4617 Quwrite
1721 4561 1766 4605 ct
1803 4554 2057 4607 invenietis

491 4645 702 4717 (Matth.
736 4662 833 4713 vn,
856 4645 946 4716 7),
992 4660 1090 4699 nec
1115 4644 1468 4714 cognitionem
1514 4644 1893 4713 desperandam
1916 4661 2054 4713 esse,

484 4746 539 4792 et
566 4738 981 4792 manifestiorem
1025 4735 1292 4803 futuram,
1338 4752 1495 4806 quam
1548 4744 1670 4790 sunt
1713 4736 1789 4791 illi
1828 4738 2054 4791 numeri.

485 4830 635 4886 Nunc
658 4831 722 4885 ad
753 4831 1083 4901 propositum
1117 4830 1414 4885 veniamus.
1445 4829 1560 4885 Jam
1604 4832 1746 4885 enim
1775 4846 1895 4885 sero
1920 4832 2057 4901 coepi

484 4933 743 4989 metuere,
768 4938 835 4977 ne
858 4922 957 4977 hoc
981 4922 1293 4991 principium
1311 4922 1524 4976 modum
1549 4921 1846 4986 excederet,
1872 4934 1925 4977 et
1950 4939 2058 4977 non

481 5026 564 5070 est
581 5015 859 5071 leve.Nam
882 5014 1067 5069 modus
1090 5015 1271 5084 procul
1291 5014 1450 5070 dubio
1471 5015 1678 5069 divinus
1699 5014 1899 5069 estzsed
1919 5014 2058 5070 fefel-

480 5107 601 5164 lerit
624 5122 747 5164 cum
763 5106 985 5163 dulciter
1004 5106 1167 5174 ducit,
1181 5122 1273 5161 ero
1292 5107 1495 5161 cautior
1510 5122 1631 5161 cum
1652 5107 1865 5178 sapiens
1880 5107 2053 5163 fuero.

1038 5222 1311 5259 υιεῐιυτιτιο
1333 5223 1492 5258 rm

531 5290 757 5348 CAPUT
796 5290 882 5348 Ν.
908 5322 983 5334 —
1005 5292 1319 5365 Repettmtur
1345 5296 1398 5348 in
1420 5294 1585 5364 priore
1600 5295 1729 5350 libro
1749 5295 2024 5368 disputata.

553 5382 641 5438 19.
691 5381 819 5438 Post
847 5385 1126 5454 pristinum
1161 5398 1500 5461 sermonem,
1541 5401 1701 5457 quem
1729 5389 1782 5442 in
1825 5389 2055 5459 primum

548 5520 564 5582 ξ
590 5518 663 5567 sic
688 5524 786 5566 Am.
811 5524 883 5567 Er.
912 5525 963 5569 et
986 5531 1136 5581 prope
1158 5531 1331 5582 omnes
1353 5527 1454 5567 Mss.
1472 5527 1525 5569 At
1548 5521 1655 5569 Bad.
1672 5530 1723 5571 et
1743 5523 2053 5582 tm.,evolat.

545 5580 566 5611 ί
591 5588 688 5628 Am.
707 5584 780 5628 Er.
804 5589 855 5629 et
871 5580 1001 5641 Lor,
1022 5593 1178 5630 aures.
1205 5582 1294 5630 sed
1322 5581 1583 5643 legendum
1605 5598 1713 5632 cum
1740 5584 1843 5632 Bad.
1864 5580 1933 5635 et
1952 5595 2053 5637 Mss.

480 5653 641 5714 auras,
662 5653 785 5714 qua
806 5644 1090 5714 Romaniaio
1109 5644 1425 5714 liberasoptat
1444 5652 1748 5707 Augustinus,
1762 5655 1813 5695 ut
1836 5656 2057 5711 assurgat

481 5711 531 5754 et
556 5711 825 5753 revolet.—-
854 5717 1019 5763 ,mras,
1038 5711 1176 5765 juxta
1199 5712 1297 5753 Par.
1327 5714 1377 5753 ru.

544 5766 565 5797 ³
588 5766 660 5815 sic
683 5766 933 5829 scribitur
948 5766 996 5815 in
1040 5768 1384 5816 vetustioribus
1408 5773 1458 5816 et
1482 5768 1696 5829 pluribus
1718 5778 1820 5819 MSS.
1846 5779 1985 5823 Porro
2008 5776 2055 5822 in

480 5832 615 5894 prius
634 5827 747 5879 ΕΜ.
772 5825 1028 5881 Luciniano
1048 5841 1181 5893 meo;
1205 5835 1258 5881 et
1280 5830 1328 5879 in
1351 5825 1688 5894 mquatuor,
1712 5832 1929 5883 Lucium.

1496 395 1762 453 CONTRA
1804 392 2251 457 ACADEMICOS.
2289 392 2347 450 S.
2386 393 2751 453 AUGUSTINI

3646 406 3747 465 εει

2171 506 2371 563 librum
2424 510 2777 576 contulimus,
2839 520 3043 580 septem
3095 512 3206 569 fere
3260 513 3450 570 diebus
3491 532 3525 572 a
3568 516 3748 589 dispu-

2171 599 2332 653 tando
2360 599 2554 654 fuimus
2583 600 2774 670 otiosi,
2814 617 2935 657 cum
2968 613 3073 659 tres
3102 611 3304 660 tantum
3345 604 3548 678 Virgilii
3582 608 3745 667 libros

2168 701 2289 762 post
2308 694 2535 762 primum
2556 710 2987 764 recenseremus,
3014 707 3172 767 atque
3198 706 3255 752 ut
3280 696 3331 752 in
3361 706 3599 769 tempore
3621 717 3751 757 con-

2166 798 2359 853 gruere
2386 786 2679 851 videbatur,
2704 796 3074 843 tractaremus.
3106 788 3225 858 Quo
3254 799 3431 846 tamen
3461 808 3625 863 opere
3654 793 3747 848 Li-

2166 876 2371 929 centius
2403 877 2453 930 in
2485 878 2705 945 poeticae
2730 879 2746 910 ¹
2769 880 3000 934 studium
3038 880 3115 935 sic
3144 880 3497 938 inflammatus
3535 892 3647 953 est,
3689 892 3749 941 ut

2166 965 2493 1037 aliquantum
2534 969 2665 1025 mihi
2702 971 2862 1025 etiam
2900 972 3272 1043 reprimendus
3301 974 3585 1030 videretur.
3625 974 3747 1032 Iam

2167 1058 2307 1113 enim
2355 1060 2422 1113 ab
2465 1059 2564 1115 hac
2606 1060 2897 1119 intentione
2933 1064 3001 1117 ad
3042 1065 3241 1121 nullam
3267 1081 3327 1121 se
3355 1082 3468 1122 rem
3492 1065 3746 1123 devocari

2166 1148 2389 1205 libenter
2437 1150 2659 1207 ferebat.
2710 1154 2945 1209 Tandem
2997 1163 3171 1211 tamen
3234 1156 3301 1211 ad
3352 1159 3747 1214 retractandam

2164 1256 2321 1312 quam
2342 1242 2715 1299 distuleramus
2739 1244 2804 1299 de
2831 1245 3160 1301 Academicis
3198 1247 3578 1317 quaestionem,
3618 1263 3745 1305 cum

2162 1348 2337 1399 ame,
2379 1344 2634 1404 quantum
2676 1337 2859 1406 potui,
2903 1337 3078 1391 lumen
3123 1335 3472 1407 philoSOphia:
3498 1338 3749 1394 laudare-

2164 1433 2280 1493 tur,
2325 1442 2428 1479 non
2458 1426 2651 1481 invitus
2695 1428 3035 1483 accessitzet
3060 1426 3195 1483 forte
3240 1426 3356 1482 dies
3400 1429 3470 1483 ita
3518 1443 3748 1485 serenus

2162 1517 2453 1585 elfulserat,
2488 1528 2543 1573 ut
2568 1520 2693 1573 nulli
2720 1536 2937 1590 prorsus
2964 1521 3039 1577 rei
3068 1523 3233 1593 magis
3252 1564 3267 1588 ,
3295 1539 3450 1593 quam
3480 1538 3744 1579 serenan-

2161 1606 2245 1661 dis
2277 1610 2467 1662 animis
2501 1610 2696 1664 nostris
2720 1626 3013 1681 congruere
3038 1612 3327 1667 videretur.
3359 1612 3612 1667 Maturius
3642 1614 3746 1667 ita-

2160 1715 2263 1770 que
2299 1702 2457 1756 solito
2495 1704 2663 1758 lectos
2702 1705 3009 1774 reliquimus
3032 1746 3049 1773 ,
3097 1706 3472 1777 paululumque
3497 1722 3618 1761 cum
3645 1724 3748 1762 ru-

2158 1791 2306 1846 sticis
2336 1794 2539 1862 egimus
2560 1836 2576 1859 ,
2610 1795 2748 1864 quod
2780 1805 2986 1865 tempus
3024 1798 3261 1867 urgebat.
3309 1795 3440 1853 Tum
3474 1798 3742 1870 Alypius:

2159 1884 2454 1955 Antequam
2481 1902 2595 1953 vos,
2620 1888 2808 1957 inquit,
2840 1890 3047 1943 audiam
3086 1889 3154 1945 de
3194 1890 3526 1946 Academicis
3552 1892 3740 1962 dispu-

2161 1984 2332 2031 tantes
2352 2018 2366 2044 ,
2409 1978 2529 2033 volo
2553 1979 2681 2034 mihi
2708 1981 2913 2049 legatur
2939 1996 3117 2036 sermo
3146 1982 3235 2038 ille
3266 1993 3441 2038 vester
3468 2000 3623 2054 quem
3654 1984 3745 2038 di-

2159 2070 2277 2125 citis
2302 2086 2385 2124 me
2408 2072 2626 2127 absente
2656 2074 2947 2142 perfectum
2972 2092 2984 2127 :
3014 2090 3123 2128 non
3147 2076 3290 2129 enim
3322 2090 3535 2145 possum
3559 2077 3746 2148 aliter,

2158 2176 2280 2215 cum
2324 2162 2445 2219 inde
2490 2163 2647 2233 hujus
2685 2164 3081 2236 disceptationis
3128 2167 3339 2222 occasio
3383 2177 3505 2222 nata
3548 2167 3653 2235 sit,
3684 2168 3743 2222 in

2158 2253 2435 2308 audiendis
2478 2255 2627 2309 vobis
2661 2271 2768 2310 non
2793 2265 2884 2311 aut
2912 2272 3090 2312 errare
3112 2298 3127 2322 ,
3176 2267 3266 2311 aut
3297 2268 3442 2313 certe
3472 2258 3742 2313 laborare.

2160 2342 2311 2411 Quod
2337 2360 2457 2399 cum
2480 2344 2674 2400 factum
2704 2356 2881 2415 esset,
2906 2357 2959 2401 et
2985 2348 3037 2401 in
3057 2363 3122 2402 eo
3149 2363 3283 2417 pene
3309 2357 3474 2403 totum
3496 2360 3744 2404 anteme-

2159 2435 2419 2489 ridianum
2449 2445 2654 2506 tempus
2679 2449 3051 2509 consumptum
3084 2439 3420 2506 videremus;
3462 2439 3638 2495 redire
3664 2439 3738 2497 ab

2158 2540 2307 2595 agro,
2337 2528 2428 2595 qui
2454 2526 2852 2583 deambulantes
2874 2545 2970 2583 nos
2990 2539 3303 2600 acceperat,
3340 2530 3555 2583 domum
3582 2530 3742 2584 insti-

2164 2617 2377 2671 tuimus.
2424 2618 2488 2671 Et
2513 2618 2777 2674 Licentius
2802 2638 2816 2674 :
2844 2621 3059 2687 Quaeso,
3089 2622 3279 2691 inquit,
3306 2629 3427 2676 ante
3458 2620 3744 2692 prandium

2161 2708 2289 2762 mihi
2319 2709 2548 2765 breviter
2575 2719 2739 2765 totam
2762 2712 3199 2767 Academicorum
3228 2712 3545 2767 sententiam
3573 2726 3745 2782 expoo

2160 2799 2335 2855 uendo
2364 2809 2605 2870 repetere
2628 2818 2693 2856 ne
2716 2803 2951 2871 graveris
2970 2845 2984 2868 ,
3015 2818 3080 2855 ne
3100 2801 3227 2871 quid
3256 2802 3308 2856 in
3336 2818 3397 2856 ea
3427 2818 3509 2856 me
3535 2801 3740 2871 fugiat,

2160 2892 2299 2961 quod
2343 2908 2439 2962 pro
2479 2894 2715 2963 partibus
2743 2896 2876 2950 meis
2901 2896 2989 2950 sit.
3019 2896 3264 2963 Faciam,
3307 2897 3553 2966 inquam,
3589 2906 3643 2951 et
3671 2912 3744 2951 eo

2159 2984 2408 3041 libentius
2433 3002 2536 3055 quo
2558 2986 2624 3041 de
2653 2987 2751 3042 hac
2782 3004 2839 3042 re
2860 2989 3093 3058 cogitans
3119 3004 3301 3058 parum
3330 2989 3607 3059 prandeas.
3635 2988 3747 3058 Ne,

2161 3077 2331 3146 inquit
2374 3077 2499 3143 ille,
2543 3077 2736 3133 istliinc
2772 3092 2993 3134 securus
3036 3080 3146 3134 sis:
3180 3094 3300 3132 nam
3328 3088 3383 3133 et
3406 3079 3637 3144 multos,
3680 3088 3746 3133 et

2159 3168 2388 3223 maxime
2434 3176 2637 3236 patrem
2680 3185 2855 3224 meum
2901 3185 3044 3241 saepe
3112 3169 3459 3225 animadverti
3497 3184 3563 3225 eo
3605 3168 3747 3225 eda-

2160 3259 2391 3322 ciorem,
2422 3273 2527 3327 quo
2555 3260 2797 3314 refertior
2821 3259 2965 3314 curis
3003 3268 3161 3315 esset.
3197 3260 3395 3315 Deinde
3438 3269 3491 3314 tu
3530 3275 3750 3331 quoque

2161 3350 2227 3406 de
2248 3352 2363 3406 istis
2386 3354 2568 3407 metris
2589 3354 2905 3424 cogitantem
2926 3370 3031 3409 non
3053 3356 3129 3410 sic
3148 3362 3397 3423 expertus
3422 3370 3507 3422 es,
3533 3362 3589 3409 ut
3610 3370 3749 3409 cura

2162 3460 2282 3501 mea
2319 3462 2499 3501 mensa
2536 3463 2722 3503 secura
2750 3449 2837 3501 sit.
2869 3447 3023 3515 Quod
3058 3447 3272 3518 quidem
3308 3446 3447 3517 apud
3475 3448 3751 3517 meipsum

2161 3540 2343 3595 mirari
2368 3538 2551 3593 soleo:
2581 3539 2707 3609 quid
2731 3539 2874 3594 enim
2898 3540 2999 3595 sibi
3030 3542 3173 3604 vult,
3218 3538 3362 3607 quod
3399 3548 3523 3594 tunc
3562 3540 3749 3594 cibum

2162 3632 2483 3700 pertinacius
2507 3633 2801 3702 appetimus
2839 3647 2961 3686 cum
3001 3633 3057 3687 in
3096 3632 3241 3687 aliud
3280 3633 3603 3689 intendimus
3626 3635 3753 3691 ani-

2162 3724 2347 3777 mum?
2383 3725 2485 3777 Aut
2526 3723 2651 3793 quid
2677 3732 2761 3778 est
2789 3723 2928 3793 quod
2956 3725 2975 3754 ¹
3004 3724 3248 3779 manibus
3274 3732 3327 3780 ει
3352 3724 3599 3780 dentibus
3636 3741 3747 3780 no-

2162 3816 2317 3880 stris,
2344 3816 2614 3885 occupatis
2641 3815 2828 3882 nohis,
2872 3814 3082 3868 animus
3122 3815 3441 3885 imperiosus
3469 3815 3564 3870 fit?
3599 3815 3747 3872 Audi

2163 3906 2356 3976 potius,
2387 3906 2620 3975 inquam,
2651 3905 2717 3960 de
2743 3905 3071 3959 Academicis
3097 3905 3236 3976 quod
3257 3921 3537 3976 rogaveras
3556 3948 3572 3975 ,
3597 3923 3665 3962 ne
3689 3917 3747 3964 te

2162 4007 2331 4053 metra
2362 4000 2460 4052 ista
2492 3999 2827 4065 volventem,
2859 4013 2961 4051 non
2990 3998 3159 4052 solum
3182 3996 3237 4051 in
3258 3996 3428 4068 epulis
3465 3999 3582 4054 sine
3620 4015 3743 4054 mc-

2165 4100 2277 4156 tro,
2308 4089 2400 4145 sed
2437 4090 2595 4143 etiam
2624 4089 2674 4143 in
2700 4089 3077 4158 quaestionibus
3112 4090 3299 4159 patiar.
3327 4090 3382 4145 Si
3411 4091 3536 4161 quid
3562 4101 3745 4147 autem

2162 4197 2259 4251 pro
2285 4198 2402 4237 mea
2438 4194 2586 4253 parte
2623 4184 2900 4238 occultabo
2922 4225 2938 4250 ,
2982 4184 3168 4253 prodet
3196 4184 3432 4255 Alypius.
3464 4185 3603 4239 Bona
3632 4185 3745 4243 fide

2164 4284 2251 4330 tua
2271 4290 2406 4344 opus
2431 4287 2535 4344 est,
2564 4278 2731 4347 inquit
2764 4280 3020 4350 Alypius:
3045 4296 3165 4334 nam
3188 4282 3231 4336 si
3256 4284 3593 4339 metuendum
3621 4294 3739 4350 est,

2161 4382 2231 4422 ne
2266 4368 2465 4437 aliquid
2507 4371 2775 4438 occultes,
2814 4386 2845 4425 a
2876 4387 2961 4426 me
2986 4373 3311 4442 deprehendi
3337 4375 3550 4433 diflicile
3582 4393 3747 4447 posse

2161 4460 2388 4515 arbitror
2420 4476 2571 4526 eum,
2611 4477 2643 4515 a
2671 4478 2779 4531 quo
2805 4477 2891 4517 me
2927 4464 3028 4518 ista
3053 4464 3299 4521 didicisse
3324 4468 3499 4524 nullus
3527 4468 3617 4539 qui
3653 4484 3745 4525 me

2162 4554 2307 4607 novit
2357 4554 2597 4621 ignorat,
2650 4557 2945 4625 praesertim
2991 4572 3113 4612 cum
3166 4558 3223 4612 in
3281 4559 3552 4629 prodendo
3610 4574 3743 4615 vero

2162 4658 2269 4698 non
2292 4644 2463 4713 magis
2488 4645 2718 4699 victoriae
2741 4686 2756 4711 ,
2783 4662 2941 4715 quam
2967 4648 3145 4702 animo
3172 4658 3260 4703 tuo
3279 4651 3619 4707 consulturus
3638 4652 3737 4707 sis.
3755 4658 3775 4694 ·’

2389 4737 2613 4792 CAPUT
2659 4738 2717 4790 V.
2738 4767 2811 4779 -—
2826 4739 3240 4795 Academicorwu
3265 4743 3473 4813 placita.

2234 4830 2318 4885 ll.
2348 4831 2545 4899 Agam,
2579 4831 2793 4900 inquam
2818 4873 2832 4897 ,
2874 4833 3012 4886 bona
3050 4833 3152 4887 fide
3173 4873 3190 4900 ,
3237 4836 3487 4904 quoniam
3527 4835 3593 4891 de
3616 4836 3744 4906 jure

2163 4925 2476 4993 praescribis.
2542 4922 2671 4978 Nam
2720 4934 2774 4979 et
2820 4924 3147 4979 Academicis
3196 4927 3426 4995 placuit,
3486 4941 3585 4982 nec
3632 4930 3735 4983 ho-

2161 5016 2291 5071 mini
2314 5018 2587 5071 scientiam
2612 5029 2771 5088 posse
2797 5018 3109 5087 contingere
3143 5034 3327 5073 earum
3361 5020 3615 5075 duntaxat
3654 5036 3744 5075 re-

2160 5124 2312 5177 rum,
2346 5126 2469 5180 qute
2509 5108 2576 5164 ad
2620 5108 3013 5179 philosophiam
3057 5112 3365 5179 pertinent;
3396 5128 3515 5166 nam
3545 5120 3741 5167 extera

2160 5214 2348 5256 curare
2388 5216 2449 5256 se
2491 5200 2794 5255 Carneades
2837 5201 3099 5270 negabat;
3146 5212 3203 5256 et
3238 5210 3418 5258 talen
3465 5204 3741 5260 hominem

2161 5310 2315 5365 posse
2340 5308 2459 5350 esse
2486 5293 2776 5363 sapientem
2796 5334 2812 5361 ,
2839 5293 3199 5364 sapientisque
3226 5301 3393 5348 totum
3422 5310 3641 5364 munus,
3682 5304 3743 5351 ut

2160 5388 2255 5443 abs
2276 5395 2325 5441 te
2344 5401 2555 5457 quoque
2574 5424 2589 5452 ,
2632 5385 2866 5453 Licenti,
2901 5386 2990 5440 illo
3022 5400 3273 5441 sermone
3304 5387 3588 5443 dissatan
3616 5396 3702 5442 est
3721 5428 3738 5456 ,

2225 5523 2242 5554 ί
2270 5517 2490 5579 metria,
2510 5519 2651 5581 juxta
2672 5526 2775 5569 Par.
2823 5517 3062 5569 meum
3083 5516 3314 5581 studium,
3334 5518 3478 5583 juxta
3517 5524 3593 5570 Er.
3617 5515 3736 5569 ven.

2160 5589 2485 5755 “rhea-“igne
2503 5652 2634 5714 ωε..
2654 5648 2735 5692 aut
2758 5641 2865 5714 quis
2880 5648 2949 5712 est
2971 5642 3053 5705 qui
3336 5649 3435 5715 Mox
3462 5644 3603 5715 exiis
3625 5656 3740 5693 non-

2160 5708 2297 5755 nulli.
2315 5715 2359 5755 et
2417 5706 2600 5755 ciuibus
2620 5713 2794 5755 mstrts
2816 5704 2949 5755 nam
2965 5712 3208 5755 occtwatts
3218 5704 3359 5755 nanis
3376 5718 3653 5755 unnerwsus
3664 5702 3733 5755 fit.

2159 5708 2297 5775 nulli,
2315 5715 2359 5758 et
2383 5702 2600 5756 demittas
2620 5702 2797 5775 matris
2807 5702 2949 5775 nobis
2965 5702 3208 5775 occupatis
3218 5703 3359 5775 nutris
3376 5704 3653 5775 unperiosus
3662 5702 3733 5769 fit.

2159 5772 2246 5843 alii
2268 5783 2410 5841 porro
2433 5777 2561 5893 tﬁ‘es,
2583 5773 2629 5820 et
2667 5767 2885 5819 dentibus
2920 5767 3095 5820 nostris
3116 5767 3359 5832 occupatis
3376 5767 3531 5819 minus
3552 5767 3739 5819 animus

2158 5844 2515 5897 υηρεηοεωιιι.
