4078 6366
280 307 386 366 925

276 422 329 480 in
368 423 758 496 conquisitione
795 423 905 480 veri
947 425 1220 498 explicari.
1267 425 1350 482 Ex
1391 440 1496 498 quo
1533 427 1754 496 confici,
1800 437 1860 483 ut

275 517 410 573 nulli
454 517 614 572 etiam
655 516 732 572 rei
773 515 988 586 sapiens
1026 518 1345 574 assentiatur
1368 535 1381 571 :
1406 526 1548 573 erret
1586 517 1726 574 enim
1758 533 1856 574 ue-

271 625 429 666 cesse
456 620 560 678 est,
589 607 730 682 quod
751 611 975 680 sapienti
999 609 1146 665 nefas
1170 613 1328 677 est,si
1355 613 1672 666 assentiatur
1697 613 1854 668 rebus

269 704 513 760 incertis.
547 701 612 759 Et
639 704 813 758 omnia
854 704 1054 758 incerta
1088 719 1207 761 esse
1231 720 1335 758 non
1364 703 1612 760 dicebant
1639 704 1811 759 solum
1833 747 1850 774 ,

267 808 456 854 verum
511 797 672 860 etiam
714 796 1094 868 copiosissimis
1119 797 1136 828 ί
1163 795 1457 852 rationibus
1497 797 1848 852 alfirmahant.

261 889 376 948 Sed
418 905 604 946 verum
635 905 741 947 non
766 904 923 962 posse
946 888 1346 960 comprehendi,
1373 905 1435 943 ex
1460 889 1542 943 illa
1571 889 1721 943 stoici
1747 888 1850 944 Ze-

267 985 429 1042 nonis
455 981 764 1040 deﬁnitione
791 983 1078 1053 arripuisse
1108 981 1448 1048 videbantur,
1476 981 1563 1054 qui
1585 983 1656 1037 ait
1679 981 1730 1037 id
1760 997 1851 1040 ve-

266 1093 384 1136 rum
409 1077 607 1148 percipi
634 1092 807 1146 posse,
834 1075 975 1148 quod
999 1076 1066 1131 ita
1083 1085 1225 1132 esset
1246 1075 1421 1130 animo
1443 1076 1757 1146 impressum
1783 1089 1848 1129 ex

266 1185 334 1226 eo
363 1169 506 1224 unde
542 1177 719 1235 esset,
763 1178 821 1224 ut
860 1183 981 1223 esse
1025 1184 1131 1225 nou
1175 1176 1353 1237 posset
1392 1183 1458 1221 ex
1490 1181 1554 1222 eo
1579 1165 1718 1220 unde
1742 1181 1848 1222 non

265 1273 428 1319 esset.
469 1262 621 1329 Quod
661 1261 871 1316 brevius
897 1261 1210 1333 planiusque
1234 1261 1310 1314 sic
1330 1258 1548 1324 dicitur,
1578 1258 1659 1313 his
1685 1258 1848 1330 signis

265 1367 452 1410 Verum
501 1369 655 1424 posse
700 1353 1120 1424 comprehendi,
1169 1368 1284 1422 qua:
1329 1351 1476 1422 signa
1519 1366 1623 1405 non
1674 1357 1848 1420 potest

265 1443 465 1501 habere
487 1445 627 1516 quod
656 1444 841 1498 falsum
871 1452 970 1497 est.
1000 1443 1112 1498 lloc
1136 1459 1348 1514 prorsus
1376 1458 1481 1497 non
1511 1457 1666 1512 posse
1696 1442 1846 1497 inve-

262 1539 406 1606 niri,
448 1535 912 1592 vehementissime
950 1544 1008 1590 ut
1051 1535 1424 1590 convincerent
1470 1534 1842 1588 incubuerunt.

261 1621 390 1684 inde
434 1628 789 1684 dissensiones
825 1626 1254 1698 phi1050phorum
1278 1668 1292 1692 ,
1322 1626 1442 1680 inde
1467 1640 1718 1680 sensuum
1746 1623 1847 1677 fal-

260 1714 446 1788 lacite,
478 1721 600 1775 inde
637 1720 840 1773 somnia
873 1719 1182 1790 furoresque
1202 1760 1214 1784 ,
1258 1717 1379 1774 inde
1420 1718 1766 1788 pseudomeni
1794 1724 1848 1773 et

261 1810 442 1869 sorita:
469 1814 520 1868 in
547 1813 688 1867 illius
710 1828 884 1866 causa:
907 1811 1200 1881 patrocinio
1224 1812 1521 1881 viguerunt.
1550 1811 1616 1864 Et
1639 1825 1756 1864 cum
1779 1808 1846 1863 ab

262 1904 452 1961 eodem
493 1905 706 1959 Zenone
751 1904 1115 1974 accepissent,
1160 1903 1291 1957 nihil
1316 1902 1660 1970 essetnrpius
1689 1917 1844 1970 qnam

261 1997 466 2068 Opinari
487 2039 501 2064 ,
548 1996 893 2052 confecerunt
937 1995 1309 2060 callidissime,
1338 1995 1459 2048 utsi
1491 1993 1618 2047 nihil
1649 1992 1846 2062 percipi

259 2096 475 2160 posset,
508 2097 720 2143 etesset
745 2087 976 2158 Opinatio
1002 2086 1300 2156 turpissima
1319 2125 1333 2152 ,
1360 2082 1487 2138 nihil
1510 2098 1737 2153 unquam
1762 2097 1848 2137 sa-

258 2182 414 2256 piens
442 2181 780 2253 approbaret.

332 2275 423 2328 12.
464 2271 598 2328 Hinc
624 2273 699 2328 eis
729 2272 924 2327 invidia
954 2285 1142 2342 magna
1173 2269 1399 2324 conflata
1425 2277 1507 2324 est
1532 2287 1544 2323 :
1571 2269 1845 2325 videbatur

259 2365 401 2422 enim
439 2381 557 2420 esse
593 2378 925 2434 consequens
950 2405 962 2427 ,
997 2373 1053 2417 ut
1082 2361 1210 2416 nihil
1235 2369 1444 2431 ageret,
1477 2361 1565 2430 qui
1593 2361 1721 2414 nihil
1747 2376 1842 2431 ap-

257 2457 528 2527 probaret.
575 2455 727 2510 Unde
763 2455 1113 2508 dormientem
1157 2468 1370 2521 semper
1394 2495 1407 2518 ,
1457 2461 1510 2506 et
1550 2452 1842 2506 officiorum

256 2548 494 2602 omnium
525 2545 849 2601 desertorem
871 2586 884 2610 ,
913 2544 1204 2613 sapientem
1235 2557 1388 2598 suum
1419 2543 1718 2597 Academici
1744 2542 1842 2597 de—

256 2639 494 2694 scribere
515 2637 844 2703 videbantur,
880 2651 1038 2705 quem
1061 2633 1190 2690 nihil
1215 2635 1509 2705 approbare
1532 2634 1839 2690 censebant.

257 2730 357 2786 llic
388 2731 465 2787 illi
497 2731 712 2786 inducto
747 2730 974 2801 quodam
1016 2729 1305 2804 probabili,
1340 2729 1478 2798 quod
1511 2729 1666 2782 etiam
1697 2728 1840 2783 veri-

255 2826 431 2882 simile
474 2824 852 2892 nominabant,
904 2823 1049 2878 nullo
1090 2823 1249 2877 modo
1290 2837 1500 2876 cessare
1548 2823 1840 2891 sapientem

253 2918 324 2974 ab
349 2918 538 2974 officiis
563 2915 874 2973 asserebant
899 2957 914 2982 ,
944 2930 1062 2969 cum
1089 2913 1307 2969 haberet
1336 2911 1458 2984 quid
1493 2921 1836 2982 sequeretur;

252 3011 452 3066 veritas
487 3019 665 3064 autem
708 3009 824 3063 sive
870 3016 1088 3078 propter
1130 3015 1332 3060 natura:
1381 3005 1627 3059 tenebras
1675 3019 1838 3074 quas-

251 3104 377 3159 dam
401 3145 420 3172 ,
465 3104 574 3159 sive
604 3108 818 3173 pr0pter
859 3100 1256 3155 similitudinem
1300 3113 1515 3165 rerum,
1564 3098 1642 3153 vel
1675 3100 1838 3152 obru-

253 3204 342 3262 ta,
393 3195 481 3250 vel
521 3193 737 3249 confusa
783 3194 1033 3247 latitaret.
1087 3189 1336 3258 Quamvis
1377 3199 1431 3246 et
1471 3192 1636 3259 ipsam
1673 3186 1839 3244 refre-

249 3287 522 3343 nationem
553 3293 606 3341 et
633 3284 784 3356 quasi
804 3284 1209 3354 suspensionem
1241 3284 1565 3338 assensionis
1591 3295 1835 3354 magnam

249 3397 470 3454 prorsus
493 3379 753 3434 actionem
775 3378 1028 3447 sapientis
1048 3391 1165 3431 esse
1193 3375 1457 3431 dicebant.
1494 3375 1684 3431 Videor
1707 3373 1836 3429 mihi

244 3469 484 3530 breviter
509 3479 699 3537 totum,
731 3477 791 3524 ut
814 3469 1056 3532 Voluisti,
1100 3467 1408 3537 exposuisse
1432 3510 1446 3534 ,
1480 3467 1716 3536 nihilque
1744 3479 1834 3520 re-

247 3567 478 3623 cessisse
508 3579 536 3619 a
566 3563 997 3634 praescriptione,
1047 3560 1199 3633 Alypi
1227 3602 1242 3628 ,
1278 3569 1403 3620 tua:
1434 3559 1485 3615 id
1516 3569 1597 3614 est
1623 3557 1832 3629 egisse,

249 3669 308 3716 ut
353 3659 578 3726 dicitur,
621 3657 758 3711 bona
791 3654 912 3709 fide.
949 3652 1004 3709 Si
1038 3654 1178 3708 enim
1209 3651 1403 3722 aliquid
1437 3651 1520 3706 vel
1547 3667 1652 3707 non
1679 3651 1749 3705 ita
1777 3659 1833 3706 ut

248 3761 330 3811 est
357 3752 502 3821 dixi,
542 3752 626 3807 vel
652 3750 789 3805 forte
816 3763 921 3803 non
947 3747 1086 3812 dixi;
1128 3745 1257 3801 nihil
1290 3747 1554 3800 voluntate
1581 3759 1610 3798 a
1635 3759 1722 3799 me
1751 3742 1833 3798 fa-

246 3857 389 3904 ctum
430 3854 530 3902 est.
577 3845 722 3900 Bona
761 3857 888 3914 ergo
934 3841 1064 3896 fides
1105 3847 1207 3904 est,
1248 3855 1310 3894 ex
1350 3839 1511 3892 animi
1548 3838 1828 3893 sententia.

243 3940 458 3996 llomini
490 3938 632 3994 enim
656 3939 816 3992 homo
838 3935 1001 3990 falsus
1025 3932 1325 3997 docendus,
1368 3931 1527 3986 fallax
1565 3931 1830 3986 cavendus

243 4033 404 4090 debet
427 4031 594 4086 videri
621 4049 634 4085 :
666 4043 888 4101 quorum
915 4027 1060 4097 prius
1090 4025 1397 4095 magistrum
1423 4024 1642 4090 bonum,
1663 4032 1832 4094 poste-

242 4125 354 4180 rius
379 4122 697 4193 discipulum
725 4129 936 4175 cautum
966 4117 1250 4172 desiderat.
1523 4169 1527 4172 ,

316 4216 406 4270 15.
439 4213 574 4270 Tum
610 4208 831 4283 Alypius
856 4229 868 4265 :
892 4209 1136 4275 Gratum,
1169 4207 1358 4277 inquit,
1393 4204 1560 4261 habeo
1581 4248 1595 4274 ,
1627 4221 1746 4261 cum
1775 4216 1829 4262 et

240 4299 484 4363 Licentio
510 4315 616 4360 ate
645 4303 970 4359 satisfactum
996 4311 1109 4368 est,
1162 4309 1214 4355 et
1253 4315 1337 4354 me
1375 4315 1536 4354 onere
1577 4300 1827 4370 imposito

240 4400 512 4457 relevasti.
554 4398 670 4452 Non
711 4397 852 4452 enim
890 4394 1058 4465 magis
1106 4392 1198 4447 tibi
1235 4392 1525 4447 verendum
1568 4399 1709 4459 erat,
1759 4407 1827 4447 ne

243 4492 369 4566 quid
397 4489 708 4562 explorandi
740 4489 845 4544 mei
875 4503 1030 4544 causa
1055 4487 1231 4541 minus
1255 4499 1285 4538 a
1311 4493 1362 4540 te
1384 4483 1651 4539 diceretur
1681 4484 1824 4555 (nam

244 4585 348 4640 alio
375 4581 537 4638 modo
564 4581 654 4652 qui
690 4580 806 4634 fieri
834 4578 1096 4649 poterat?)
1143 4592 1299 4648 quam
1346 4576 1505 4642 mihi,
1536 4577 1579 4631 si
1608 4577 1658 4630 in
1689 4591 1824 4646 quo-

241 4691 400 4748 quam
426 4685 476 4730 te
504 4673 727 4745 prodere
753 4672 938 4727 fuisset
963 4686 1202 4726 necesse.
1225 4670 1401 4737 Quare
1428 4669 1589 4736 faxis,
1622 4678 1678 4724 ut
1698 4669 1824 4725 illud

243 4769 385 4840 quod
431 4767 614 4835 deest,
658 4781 760 4821 non
793 4774 900 4820 tam
927 4765 1345 4835 percontationi,
1391 4778 1548 4833 quam
1576 4763 1674 4832 ipsi
1706 4778 1825 4832 per-

243 4862 481 4919 contanti
503 4903 515 4925 ,
561 4860 628 4916 de
666 4859 962 4916 differentia
999 4874 1149 4912 nova:
1175 4872 1237 4912 ac
1261 4857 1453 4911 veteris
1489 4855 1819 4922 Academi-.e,

240 4971 306 5011 ne
331 4964 382 5010 te
411 4955 586 5024 pigeat
603 4967 890 5022 exponere.
920 4951 1166 5015 Prorsus,
1191 4949 1426 5018 inquam,
1449 4947 1633 5012 fateor,
1657 4949 1817 5018 piget.

245 5050 426 5116 Quare
465 5043 779 5100 beneficium
807 5042 1018 5098 dederis
1046 5041 1188 5114 (nam
1219 5049 1271 5094 et
1297 5039 1396 5093 hoc
1417 5039 1557 5108 quod
1582 5054 1819 5092 commc-

237 5155 438 5205 moras,
461 5137 527 5192 ad
544 5152 656 5192 rem
681 5137 905 5190 maxime
930 5135 1194 5205 pertinere
1219 5147 1413 5202 negare
1435 5147 1537 5186 non
1557 5131 1816 5204 possum),

239 5235 283 5288 si
315 5248 403 5287 me
435 5230 707 5302 paululum
751 5231 1187 5300 conquiescente,
1226 5224 1361 5294 apud
1388 5240 1472 5278 me
1498 5223 1820 5294 distinguere

239 5325 339 5380 ista
372 5323 589 5378 nomina
611 5364 624 5387 ,
664 5332 716 5376 et
741 5337 953 5377 causam
982 5335 1130 5374 nova:
1158 5317 1459 5372 Academia:
1486 5317 1694 5386 aperire
1723 5329 1819 5369 vo-

237 5415 426 5472 lueris.
473 5413 788 5479 Crederem,
836 5413 1032 5482 inquit,
1080 5425 1166 5464 me
1200 5423 1406 5479 quoque
1443 5423 1473 5461 a
1518 5407 1738 5478 prandio
1767 5414 1820 5462 te

239 5521 468 5561 avocare
514 5505 778 5571 voluisse,
812 5505 864 5557 ni
901 5505 996 5558 te’
1025 5503 1189 5572 magis
1223 5517 1251 5554 a
1295 5499 1530 5554 Licentio
1578 5500 1818 5554 territum

237 5597 443 5654 dudum
468 5607 705 5667 putarem
726 5638 740 5662 ,
767 5605 822 5650 et
846 5595 959 5665 ejus
982 5594 1263 5664 postulatio
1289 5593 1360 5647 ita
1390 5592 1541 5648 nobis
1571 5593 1786 5663 przcscri
1807 5622 1819 5633 -

294 5753 314 5786 ⁸
341 5759 394 5804 ιιι
416 5760 523 5803 Mle.
546 5752 794 5815 quinque,
814 5748 1247 5815 perﬁciosissimis.

287 5824 316 5899 ξ
341 5828 392 5872 tn
409 5828 487 5886 Β...
501 5826 566 5874 et.
590 5829 731 5876 Juxta
751 5833 924 5873 omnes
937 5817 1054 5869 alios
1075 5815 1207 5878 ειη,
1231 5819 1292 5865 te.
1346 5819 1403 5864 II.

1631 315 1833 372 LIBER
1870 315 2241 380 SECUNDUS.

1965 434 2179 504 psisset,
2207 444 2263 492 ut
2288 437 2338 493 ei
2362 446 2486 496 ante
2506 441 2786 512 prandium
2808 443 3063 516 quidquid
3083 445 3239 516 huius
3259 447 3542 508 involutio-

1965 529 2047 582 nis
2074 539 2229 594 esset,
2251 533 2607 603 expediretur.
2629 536 2696 592 Et
2716 553 2837 593 cum
2857 537 3056 608 reliqua
3073 537 3250 596 dicere
3277 542 3538 612 tenderet,

1963 631 2132 676 mater
2165 635 2344 679 nostra
2371 626 2513 698 (nam
2540 629 2682 685 domi
2709 630 2818 700 jam
2842 630 3074 705 eramus)
3106 634 3178 687 ita
3204 648 3301 690 nos
3327 635 3543 693 trudere

1963 710 2016 766 in
2039 713 2313 784 prandium
2335 719 2512 789 coepit,
2539 729 2596 776 ut
2629 721 2789 777 verba
2810 723 3034 782 faciendi
3074 724 3225 782 locus
3250 741 3356 784 non
3375 735 3539 784 esset.

2489 839 2761 876 DISPUTATIO
2779 840 3003 878 SECUNDA.

1999 896 2222 958 CAPUT
2264 901 2350 957 Vl.
2380 935 2452 945 —
2475 905 2760 962 Academiae
2783 925 2923 965 nova:
2942 920 2987 968 et
3007 913 3180 966 veteris
3210 906 3500 971 discidium.

2031 989 2117 1048 14.
2171 993 2401 1062 Deinde,
2447 1011 2565 1051 cum
2630 1008 2832 1054 tantum
2891 999 3265 1058 alimentorum
3297 1004 3537 1074 accepis-

1957 1093 2169 1149 semus,
2202 1095 2452 1153 quantum
2491 1089 2892 1158 compescenda:
2923 1085 3047 1150 fami
3091 1093 3218 1148 satis
3245 1102 3420 1161 esset;
3466 1086 3535 1150 ad

1958 1181 2164 1242 pratum
2204 1177 2461 1246 regressis
2491 1179 2677 1246 nobis,
2719 1180 2976 1254 Alypius,
3025 1183 3278 1249 Paream,
3329 1184 3533 1255 inquit,

1953 1265 2232 1320 sententia:
2263 1275 2382 1331 tuae,
2414 1285 2514 1324 nec
2541 1271 2707 1326 ausim
2743 1288 3009 1329 recusare.
3038 1273 3091 1330 Si
3114 1274 3256 1330 enim
3285 1275 3417 1329 nihil
3443 1288 3535 1334 me

1953 1351 2186 1426 fugerit,
2224 1361 2512 1429 gratabor‘
2563 1378 2684 1418 eum
2731 1363 2988 1420 doctrina:
3036 1377 3172 1436 ture,
3221 1373 3332 1421 tum
3372 1367 3534 1424 etiam

1951 1452 2223 1506 memoria:
2248 1468 2402 1508 mere.
2429 1456 2495 1508 At
2519 1455 2561 1509 si
2588 1457 2637 1510 in
2663 1473 2924 1527 quoquam
2949 1458 3173 1515 fortasse
3193 1459 3529 1528 abcrravero,

1953 1544 2223 1597 recurabis
2262 1544 2348 1611 id,
2398 1553 2454 1600 ut
2503 1546 2754 1618 deinceps
2797 1549 3100 1620 hujusmodi
3146 1551 3534 1622 delcgationem

1955 1649 2059 1686 non
2107 1635 2496 1702 pertimescam.
2549 1638 2711 1693 Novm
2757 1639 3056 1696 Academia:
3103 1639 3379 1698 discidium
3427 1657 3532 1698 non

1955 1733 2060 1778 tam
2090 1734 2274 1780 contra
2298 1737 2530 1783 veterem
2552 1741 2866 1802 conceptum
2884 1774 2900 1799 ,
2931 1747 3088 1802 quam
3117 1742 3299 1788 contra
3325 1732 3534 1790 Stoicos

1953 1816 2183 1870 arbitror
2214 1832 2332 1871 esse
2361 1829 2704 1875 commotum.
2747 1819 2856 1877 Nec
2882 1838 3006 1877 vero
3032 1823 3307 1878 discidium
3332 1834 3414 1880 est
3437 1840 3535 1894 pu-

1953 1908 2170 1962 tandum
2194 1951 2208 1973 ,
2251 1910 2511 1980 siquidem
2542 1927 2572 1966 a
2602 1912 2814 1968 Zenone
2840 1914 3042 1968 illatam
3070 1930 3259 1970 novam
3284 1917 3532 1984 quaestio-

1951 2013 2072 2052 nem
2101 1999 2316 2054 dissolvi
2347 2001 2641 2074 discutique
2667 2005 2962 2075 Oportebat.
2996 2005 3126 2060 Nam
3168 2006 3234 2060 de
3268 2020 3374 2060 non
3407 2020 3531 2075 per-

1950 2089 2216 2159 cipiendo,
2246 2094 2483 2162 quamvis
2516 2095 2676 2150 nullis
2702 2095 3180 2153 conflictationibus
3201 2099 3415 2168 agitata,
3446 2097 3530 2152 in-

1949 2185 2131 2238 colens
2175 2194 2348 2240 tamen
2390 2188 2548 2241 etiam
2589 2199 2824 2266 veterum
2855 2189 3297 2245 Academicorum
3325 2197 3530 2244 mentes

1950 2277 2210 2329 sententia
2241 2293 2346 2330 non
2379 2278 2714 2348 impudenter
2734 2280 3030 2335 existimata
3061 2289 3160 2335 est.
3188 2280 3340 2348 Quod
3370 2280 3530 2334 etiam

1950 2366 2115 2436 ipsius
2159 2365 2393 2426 Socratis
2433 2370 2772 2442 Platonisque
2812 2389 2875 2428 ac
2918 2373 3240 2442 reliquorum
3288 2381 3531 2427 veterum

1948 2457 2262 2516 auctoritate
2291 2463 2514 2531 probatu
2545 2462 2697 2518 facile
2721 2471 2803 2519 est
2826 2507 2839 2532 ,
2870 2465 2961 2536 qui
2988 2478 3046 2520 se
3071 2463 3328 2520 hactenus
3351 2460 3529 2518 credi-

1947 2551 2140 2608 derunt
2169 2554 2233 2608 ab
2262 2568 2445 2610 errore
2473 2569 2628 2624 posse
2660 2553 2871 2610 defendi
2897 2595 2912 2623 ,
2945 2555 2991 2611 si
3017 2570 3076 2611 se
3099 2554 3393 2610 assensioni
3421 2565 3530 2607 non

1949 2652 2152 2700 temere
2194 2647 2586 2700 commisissent
2611 2665 2625 2702 :
2649 2647 2888 2716 quamvis
2933 2647 3200 2717 propriam
3239 2645 3306 2700 de
3344 2645 3442 2699 hac
3469 2657 3529 2698 re

1947 2737 2359 2808 diSpntatioucm
2390 2739 2441 2792 in
2469 2737 2681 2794 scholas
2702 2752 2824 2792 suas
2853 2753 2956 2793 non
2982 2737 3399 2803 introduxerint,
3427 2749 3528 2790 nec

1948 2827 2014 2882 ab
2063 2829 2165 2883 illis
2205 2829 2478 2884 enucleate
2521 2830 2806 2899 aliquando
2854 2831 3133 2900 qumsitum
3161 2828 3260 2894 sit,
3291 2825 3525 2898 percipi,

1948 2935 2116 2974 necne
2137 2921 2330 2975 veritas
2357 2919 2542 2990 possit.
2581 2921 2730 2989 Quod
2765 2937 2884 2975 cum
2914 2920 3058 2976 Zeno
3087 2919 3218 2976 rude
3242 2935 3309 2975 ac
3332 2929 3528 2972 novum

1948 3011 2246 3079 intulisset,
2297 3012 2751 3083 contenderetque
2789 3013 2922 3067 nihil
2960 3012 3161 3083 percipi
3192 3025 3382 3082 posse,
3425 3005 3528 3062 nisi

1948 3105 2086 3176 quod
2121 3119 2305 3160 verum
2346 3106 2415 3159 ita
2451 3115 2628 3172 esset,
2677 3114 2734 3160 ut
2779 3105 3127 3159 dissimilibus
3169 3103 3308 3158 notis
3336 3115 3366 3157 a
3395 3099 3528 3155 falso

1945 3198 2369 3265 discerneretur,
2416 3214 2586 3268 neque
2636 3198 2992 3268 Opinationem
3036 3196 3362 3251 subeundam
3407 3205 3526 3249 esse

1946 3293 2206 3361 sapienti,
2237 3300 2392 3361 atque
2425 3291 2476 3344 id
2505 3289 2806 3344 Archesilas
2835 3289 3068 3356 audiret;
3100 3288 3311 3359 negavit
3340 3286 3524 3356 hujus-

1944 3384 2086 3439 modi
2125 3383 2407 3453 quidquam
2433 3397 2592 3453 posse
2623 3382 2689 3437 ab
2721 3381 2935 3435 homine
2961 3381 3220 3451 reperiri,
3249 3393 3419 3449 neque
3448 3377 3523 3431 illi

1943 3475 2207 3545 Opinionis
2265 3473 2541 3543 naufragio
2601 3472 2853 3542 sapientis
2911 3470 3343 3527 committendam
3405 3477 3524 3525 esse

1939 3568 2124 3622 vitam.
2168 3566 2318 3623 Unde
2347 3567 2509 3622 etiam
2548 3565 2846 3633 conclusit,
2890 3563 3022 3620 nulli
3059 3563 3137 3619 rei
3175 3577 3295 3619 esse
3339 3574 3524 3618 assen-

1939 3661 2197 3718 tieudum.

2010 3755 2098 3811 15.
2141 3753 2338 3809 Verum
2359 3765 2481 3809 eum
2512 3751 2579 3806 ita
2601 3765 2690 3807 res
2718 3766 2775 3807 se
2797 3749 3036 3818 haberet,
3066 3758 3126 3804 ut
3149 3757 3298 3805 vetus
3317 3745 3523 3804 Acade-

1936 3846 2042 3902 mia
2068 3847 2234 3917 magis
2258 3856 2431 3911 aucta,
2471 3859 2628 3916 quam
2659 3852 2957 3914 Oppugnata
2980 3842 3285 3910 videretur;
3316 3842 3519 3897 exstitit

1934 3941 2174 3998 Philonis
2215 3940 2422 3995 auditor
2461 3938 2776 4002 Antiochus,
2805 3937 2894 4008 qui
2918 3978 2934 4003 ,
2987 3945 3044 3991 ut
3083 3936 3348 3991 nonnullis
3373 3933 3519 3991 visus

1935 4043 2047 4102 est,
2093 4033 2275 4105 gloria:
2318 4031 2560 4104 cupidior
2597 4045 2756 4102 quam
2800 4030 3069 4095 veritatis,
3115 4028 3166 4082 in
3193 4025 3514 4082 simultatem

1933 4125 2152 4185 adduxit
2181 4123 2480 4180 Academia:
2501 4124 2773 4193 utriusque
2797 4122 3106 4177 sententias.
3136 4120 3355 4175 Dicebat
3373 4118 3515 4173 enim

1933 4238 2049 4278 rem
2074 4219 2336 4274 insolitam
2354 4260 2369 4287 ,
2395 4225 2448 4271 ct
2474 4216 2539 4271 ab
2563 4216 2813 4286 Opinione
2831 4223 3072 4269 veterum
3104 4211 3515 4268 remOtissimam

1933 4313 2284 4370 Academicos
2322 4324 2490 4365 novos
2529 4317 2748 4364 conatos
2793 4305 3064 4362 inducere.
3114 4305 3172 4360 ln
3213 4319 3371 4374 quam
3398 4311 3512 4357 rem

1931 4415 2172 4461 veterum
2231 4401 2569 4473 physicorum
2611 4397 2943 4468 aliorumque
2985 4410 3302 4467 magnorum
3339 4394 3514 4465 philos

1931 4495 2224 4565 sophorum
2247 4491 2562 4562 implorabat
2588 4489 2780 4554 fidem;
2811 4489 2955 4559 ipsos
2980 4489 3137 4543 etiam
3166 4487 3513 4542 Academicos

1931 4599 2280 4656 oppugnatis,
2332 4582 2420 4653 qui
2468 4594 2527 4635 se
2574 4578 2863 4635 verisimile
2903 4579 3287 4635 contenderent
3326 4577 3510 4649 sequi,

1930 4693 2055 4732 cum
2098 4675 2271 4744 ipsum
2320 4685 2510 4727 verum
2539 4685 2596 4727 se
2623 4672 2875 4742 ignorare
2895 4671 3208 4727 faterentur.
3246 4667 3512 4739 Multaque

1927 4776 2239 4839 argumenta
2288 4764 2610 4834 collegerat,
2661 4763 2852 4835 quibus
2881 4779 3026 4820 nunc
3054 4763 3508 4836 supersedendum
3562 4786 3571 4839 ς

1927 4860 2157 4916 arbitror
2182 4877 2196 4914 :
2224 4857 2353 4913 nihil
2379 4866 2555 4912 tamen
2577 4856 2744 4926 magis
2764 4856 3081 4912 defendebat
3097 4900 3112 4925 ,
3147 4871 3305 4927 quam
3325 4867 3508 4910 verum
3562 4859 3564 4926 Ῐ

1927 4955 2203 5026 percipere
2245 4967 2404 5024 posse
2447 4951 2764 5021 sapientem.
2807 4947 2956 5004 Hanc
2990 4959 3116 5020 puto
3141 4949 3280 5004 inter
3306 4945 3510 5003 Acade~

1927 5047 2097 5103 micos
2122 5059 2288 5099 novos
2320 5058 2382 5098 ac
2413 5051 2626 5098 veteres
2654 5039 3071 5096 controversiam
3103 5038 3285 5094 fuisse.
3305 5037 3437 5105 Qua:
3459 5037 3508 5092 si

1923 5153 2080 5196 secus
2108 5153 2168 5194 se
2194 5137 2376 5203 habet,
2427 5144 2487 5190 ut
2528 5133 2824 5190 Licentium
2867 5132 3175 5204 plenissime
3215 5131 3505 5199 informes,

1925 5249 2025 5307 pro
2051 5240 2281 5302 utroque
2309 5229 2705 5301 postulaverim.
2741 5227 2800 5282 Si
2822 5242 2952 5282 vero
2990 5225 3060 5280 ita
3095 5233 3178 5280 est
3197 5267 3212 5293 ,
3243 5232 3303 5281 ut
3330 5223 3506 5280 dicere

1927 5329 2111 5402 potui,
2144 5334 2445 5395 susceptam
2476 5323 2890 5395 diSputationem
2918 5321 3175 5393 peragite.

2155 5411 2380 5471 CAPUT
2420 5414 2528 5469 Vll.
2550 5443 2622 5456 —
2656 5413 2904 5468 Adversus
2930 5406 3275 5467 Academicos.

1999 5511 2085 5566 l6.
2151 5503 2288 5564 Tum
2337 5522 2480 5578 ego:
2514 5506 2809 5575 Quamdiu,
2858 5506 3110 5578 inquam,
3159 5503 3396 5573 Licenti,
3450 5501 3504 5559 in

1921 5604 2031 5660 isto
2074 5610 2262 5657 nostro
2311 5601 2552 5670 longiore
2595 5615 2750 5670 quam
2798 5600 3047 5670 putabam
3091 5613 3338 5656 sermone
3373 5611 3503 5654 con-

1928 5692 2198 5769 quiescis?
2229 5691 2436 5747 Audisti
2463 5691 2554 5762 qui
2575 5691 2680 5747 sint
2707 5691 3019 5751 Academici
3041 5691 3154 5750 tui?
3193 5693 3264 5751 At
3289 5688 3378 5749 ille
3406 5705 3498 5747 ve-

1994 5810 2011 5842 ι
2037 5807 2111 5857 sic
2138 5813 2242 5857 uss.
2269 5811 2325 5856 At
2345 5802 2788 5870 Edd.,gratulabor.
