4078 6366
565 334 666 400 9ἳ¹1

566 455 799 514 recunde
837 454 1115 523 arridens,
1157 463 1212 510 et
1252 452 1576 524 aliquantum
1615 451 1715 505 hac
1742 448 2150 520 compellatione

566 552 826 608 turbatior
850 571 863 608 :
887 551 1116 607 Paenitet
1152 565 1269 617 me,
1312 546 1514 618 inquit,
1563 555 1837 616 tant0pere
1859 544 2153 599 afﬁrmasse

566 655 750 702 contra
778 647 1088 718 Trygetium
1106 688 1121 713 ,
1148 644 1363 700 beatam
1387 643 1549 697 vitam
1580 641 1632 696 in
1659 640 1896 696 veritatis
1927 637 2150 708 inquisi-

567 741 710 796 tione
735 741 1047 796 consistere.
1077 738 1210 794 Nam
1244 753 1330 793 me
1364 737 1464 791 ista
1492 733 1714 807 quaestio
1741 733 1810 788 ita
1840 732 2146 804 perturbat,
2192 810 2195 813 _

566 844 624 890 ut
648 836 734 890 vix
765 849 870 889 non
892 835 1055 889 miser
1073 834 1193 898 sim,
1227 832 1317 902 qui
1348 837 1493 885 certe
1519 828 1668 883 vobis
1694 869 1708 891 ,
1741 827 1787 881 si
1812 825 1935 896 quid
1962 823 2154 879 huma-

567 927 747 983 nitatis
781 927 998 999 geritis,
1031 926 1216 982 videor
1253 922 1605 980 miserandus.
1638 921 1745 977 Sed
1777 919 1902 990 quid
1929 935 2014 976 me
2040 919 2154 990 ipse

565 1020 777 1090 ineptus
805 1019 1025 1076 crucio?
1051 1027 1143 1074 aut
1184 1018 1310 1089 quid
1335 1017 1598 1072 exhorreo
1629 1021 1774 1069 tanta
1800 1028 1974 1069 causae
1995 1011 2152 1068 boni-

567 1125 678 1170 tate
700 1114 991 1170 suhnixus?
1019 1114 1247 1169 Prorsus
1276 1127 1380 1167 non
1411 1109 1597 1166 cedam
1637 1108 1736 1162 nisi
1769 1105 2002 1162 veritati.
2033 1105 2155 1160 Pla-

565 1217 795 1272 centne,
837 1209 1090 1278 inquam,
1135 1206 1230 1260 tibi
1276 1205 1397 1260 novi
1434 1200 1774 1258 Academici?
1816 1199 2150 1266 Plurimum,

564 1299 750 1370 inquit.
777 1299 918 1371 Ergo
940 1316 1119 1354 verum
1142 1299 1388 1354 videntur
1410 1297 1503 1351 tihi
1523 1293 1740 1350 dicere?
1760 1292 1895 1348 Tum
1923 1292 2010 1346 ille
2029 1305 2150 1346 cum

562 1391 667 1462 jam
695 1401 835 1448 esset
856 1406 1194 1454 assensurus,
1223 1390 1482 1444 arrisione
1510 1387 1682 1460 Alypii
1713 1386 1919 1440 cautior
1945 1383 2114 1437 factus
2134 1424 2150 1450 ,

563 1482 718 1538 hzesit
739 1485 1086 1554 aliquantum.
1128 1479 1194 1537 Et
1230 1482 1421 1537 deinde
1449 1501 1460 1534 :
1487 1481 1687 1549 Repete
1713 1519 1725 1542 ,
1761 1477 1960 1546 inquit,
1993 1490 2151 1544 roga-

566 1578 875 1632 tiunculam.
922 1576 1218 1639 Vcrumne,
1266 1575 1479 1645 inquam
1505 1615 1518 1634 ,
1549 1572 1643 1630 tibi
1672 1570 1922 1625 videntur
1951 1568 2155 1623 Acade-

569 1670 695 1724 mici
729 1669 948 1724 dicere?
980 1669 1046 1723 Et
1082 1683 1294 1722 rursum
1327 1681 1446 1720 cum
1473 1665 1563 1719 diu
1601 1663 1890 1718 tacuisset:
1921 1659 2150 1725 Utrum,

565 1761 658 1824 ait,
690 1776 870 1814 verum
899 1760 968 1814 sit
993 1801 1005 1820 ,
1049 1758 1263 1814 nescio:
1288 1755 1562 1826 probabile
1599 1764 1680 1808 est
1727 1761 1924 1808 tamen.
1971 1750 2153 1819 Neque

567 1869 712 1908 enim
757 1853 875 1922 plus
918 1851 1074 1906 video
1122 1850 1262 1920 quod
1307 1863 1518 1918 sequar.
1561 1845 1877 1911 Probabile,
1905 1844 2149 1913 inquam,

566 1947 742 2000 scisne
765 1945 832 1998 ab
861 1945 989 2013 ipsis
1014 1944 1175 1997 etiam
1199 1940 1488 1996 verisimile
1515 1936 1816 1992 nominari?
1838 1936 1934 1999 Ita,
1961 1934 2150 2005 iuquit,

567 2039 794 2094 videtur.
825 2038 985 2109 Ergo,~
1017 2037 1250 2106 inquam,
1277 2031 1580 2088 verisimilis
1611 2041 1690 2086 est
1714 2030 2152 2085 Academicorum

566 2130 848 2185 sententia.
879 2130 951 2184 Ita
975 2172 987 2192 ,
1029 2128 1215 2198 inquit.
1239 2127 1357 2180 Jam
1395 2140 1578 2195 quarso
1619 2121 1832 2177 attende
1853 2165 1868 2187 ,
1898 2123 2112 2191 inquam
2136 2161 2151 2186 ,

567 2223 888 2293 diligentius.
944 2220 998 2277 Si
1039 2221 1316 2291 quisquam
1372 2218 1589 2272 fratrem
1643 2224 1789 2270 tuum
1838 2215 2009 2269 visum
2065 2230 2156 2284 pa-

568 2317 665 2371 tris
691 2317 761 2370 lui
794 2315 1020 2370 similem
1050 2330 1168 2370 esse
1193 2313 1444 2377 afﬁrmet,
1470 2313 1747 2381 ipsumque
1775 2319 1921 2365 tuum
1949 2318 2152 2380 patrem

569 2424 672 2462 non
703 2407 943 2473 noverit;
975 2422 1150 2462 nonne
1180 2406 1273 2460 tibi
1303 2406 1540 2469 insanus,
1575 2411 1666 2458 aut
1707 2404 1916 2472 ineptus
1955 2402 2159 2457 videbi-

567 2501 686 2554 tur?
717 2499 894 2566 Ethic
927 2499 1018 2555 diu
1049 2499 1230 2554 tacuit.
1260 2497 1394 2553 Tum
1422 2497 1533 2562 ait,
1565 2495 1684 2551 Non
1713 2495 1843 2550 mihi
1879 2497 1978 2550 hoc
2006 2494 2156 2550 vide-

572 2599 658 2647 tur
677 2591 986 2648 absurdum.

640 2686 726 2740 l7.
758 2684 853 2740 Cui
883 2699 981 2754 ego
1006 2699 1126 2739 cum
1151 2682 1476 2753 respondere
1501 2680 1781 2750 coepissem
1808 2697 1822 2745 ;
1853 2680 2114 2748 Exspecta
2136 2720 2151 2746 ,

566 2779 754 2849 inquit,
781 2793 984 2848 qumso,
1017 2776 1306 2846 paululum.
1339 2777 1414 2830 Ac
1431 2759 1558 2844 post
1578 2773 1839 2839 arridens,
1877 2773 1969 2826 Dic
1993 2771 2154 2839 mihi,

566 2872 657 2933 ait,
686 2885 782 2926 oro
812 2882 882 2934 te,
907 2871 1087 2940 jamne
1111 2877 1290 2927 certus
1309 2884 1368 2923 es
1387 2868 1454 2923 dc
1473 2866 1692 2922 victoria
1718 2867 1846 2921 tua?
1875 2865 2009 2921 Tum
2035 2879 2154 2935 ego:

567 2961 674 3017 Fac
700 2977 818 3029 me,
863 2963 1109 3031 inquam,
1157 2969 1361 3016 certum
1393 2976 1512 3016 esse
1545 2977 1559 3014 :
1591 2974 1696 3014 non
1739 2959 1860 3014 ideo
1887 2967 2060 3014 tamen
2103 2966 2157 3014 tu

567 3067 781 3107 causam
814 3063 954 3108 tuam
978 3052 1139 3108 debes
1165 3052 1445 3115 deserere,
1474 3051 1768 3121 praesertim
1789 3067 1909 3106 cum
1939 3050 2157 3106 hzecin-

570 3153 652 3200 ter
677 3160 772 3199 nos
801 3144 1086 3214 disputatio
1108 3152 1350 3214 suscepta
1381 3143 1450 3199 sit
1476 3143 1759 3199 exercendi
1787 3143 1858 3197 tui
1886 3157 2046 3198 causa
2065 3185 2080 3208 ,
2105 3153 2160 3218 et

568 3236 634 3291 ad
687 3235 1006 3291 elimandum
1055 3235 1289 3290 animum
1337 3235 1684 3306 provocandi.
1733 3234 2154 3305 Numquidnam,

568 3329 771 3399 inquit,
811 3337 902 3383 aut
933 3329 1279 3384 Academicos
1312 3329 1446 3399 legi,
1493 3339 1584 3384 aut
1610 3337 1686 3384 tot
1709 3329 2004 3398 disciplinis
2033 3345 2158 3384 eru-

569 3419 709 3475 ditus
734 3437 849 3476 sum
866 3463 880 3486 ,
910 3421 1100 3491 quibus
1127 3430 1181 3476 tu
1202 3420 1269 3474 ad
1294 3437 1378 3475 me
1400 3423 1684 3474 instructus
1707 3419 2003 3475 adventas?
2025 3422 2160 3475 Aca-

569 3512 836 3578 demicos,
885 3513 1128 3583 inquam,
1176 3528 1275 3568 nec
1320 3512 1393 3567 illi
1421 3513 1657 3583 legerant
1688 3528 1717 3566 a
1759 3513 1950 3582 quibus
1987 3514 2160 3584 primo

569 3606 830 3660 sententia
859 3606 955 3660 ista
985 3606 1201 3661 defensa
1229 3615 1331 3661 est.
1365 3605 1610 3660 Eruditio
1636 3614 1816 3660 autem
1847 3606 2159 3677 disciplinan-

570 3712 794 3767 rumque
818 3698 969 3768 copia
991 3699 1035 3754 si
1065 3707 1114 3753 te
1135 3698 1349 3766 deﬁcit,
1379 3713 1484 3752 non
1513 3713 1677 3768 usque
1703 3698 1840 3754 adeo
1868 3707 2041 3754 tamen
2075 3700 2160 3754 in-

568 3791 780 3858 genium
811 3801 958 3844 tuum
1006 3806 1123 3846 esse
1154 3790 1314 3846 debet
1363 3790 1652 3846 invalidum
1679 3833 1694 3859 ,
1743 3800 1800 3845 ut
1849 3793 1994 3849 nullo
2023 3793 2160 3852 facto

569 3883 774 3952 impetu
804 3883 1134 3954 paucissimis
1165 3883 1340 3938 verbis
1369 3885 1505 3938 meis
1540 3885 2008 3958 rogationihusque
2035 3903 2159 3944 suc-

570 3973 810 4028 cumbas.
854 3973 984 4028 Illud
1029 3973 1170 4027 enim
1210 3973 1320 4044 jam
1368 3975 1539 4029 vereri
1570 3975 1745 4044 coepi,
1773 3992 1838 4032 nc
1866 3977 1961 4033 tibi
2007 3980 2161 4036 citius

570 4081 728 4136 quam
762 4066 882 4120 volo
921 4065 1171 4121 succedat
1199 4066 1422 4138 Alypius
1442 4109 1456 4134 ,
1485 4083 1591 4138 quo
1622 4067 1930 4126 adversario
1957 4087 2061 4127 non
2090 4073 2161 4128 ita

570 4174 793 4214 securus
823 4158 1194 4213 deambulabo.
1236 4159 1375 4230 Ergo
1405 4160 1636 4223 minam,
1667 4162 1837 4231 inquit
1881 4163 2000 4228 ille,
2049 4164 2159 4234 jam

569 4253 771 4318 vincar,
803 4260 861 4307 ut
885 4251 1167 4320 aliquando
1195 4267 1290 4307 vos
1316 4252 1525 4307 audiam
1561 4253 1906 4319 disserentes,
1935 4265 1990 4312 et
2017 4259 2159 4326 quod

571 4345 689 4415 plus
715 4353 830 4412 est,
870 4345 1116 4411 videam;
1164 4361 1272 4416 quo
1302 4345 1429 4400 mihi
1470 4348 1777 4416 spectaculo
1808 4349 1939 4403 nihil
1982 4355 2164 4420 potest

573 4438 776 4494 felicius
799 4437 1059 4494 exhiberi.
1090 4437 1220 4493 Nam
1242 4439 1490 4509 quoniam
1521 4439 1718 4509 placuit
1741 4439 1893 4495 vobis
1920 4441 2018 4496 ista
2046 4441 2164 4498 fun-

571 4530 729 4598 dere,
757 4531 928 4600 potius
965 4545 1121 4601 quam
1159 4529 1469 4596 effundere;
1499 4531 1760 4602 siquidem
1787 4547 1880 4587 ore
1910 4548 2159 4602 prorum-

572 4624 750 4692 pentia
789 4623 910 4677 stilo
937 4623 1212 4694 excipitis,
1246 4638 1344 4678 nec
1375 4623 1426 4678 in
1459 4632 1687 4691 terram,
1721 4632 1778 4679 ut
1805 4626 2034 4693 dicitur,
2069 4643 2159 4682 ca-

572 4713 701 4769 dere
727 4714 932 4779 sinitis;
983 4714 1160 4785 legere
1207 4715 1366 4768 etiam
1413 4729 1509 4769 vos
1555 4715 1806 4770 licebit‘:
1840 4716 1932 4772 sed
1981 4719 2162 4775 nescio

573 4805 872 4876 quomodo,
921 4820 1042 4860 cum
1069 4805 1420 4860 admoventur
1447 4806 1617 4860 oculis
1668 4805 1826 4862 iidem
1875 4808 1976 4878 ipsi
2026 4825 2162 4879 quos

574 4897 712 4952 inter
736 4911 915 4953 sermo
942 4896 1198 4951 credituril
1222 4914 1236 4960 ;
1269 4896 1404 4951 bona
1432 4896 1720 4966 diSputatio
1749 4898 1794 4953 si
1824 4913 1931 4955 non
1956 4900 2156 4969 utilius,

574 5000 630 5046 at
653 5000 797 5047 certe
824 4990 995 5045 lact-ius
1025 4989 1293 5060 perfundit
1325 4991 1582 5045 animum.
2003 4991 2013 5003 ‘

647 5085 735 5139 18.
766 5084 983 5140 Gratum
1013 5084 1268 5140 habemus
1289 5127 1302 5152 ,
1337 5086 1551 5156 inquam
1585 5103 1598 5140 :
1631 5084 1726 5141 sed
1755 5087 2030 5156 repentina
2063 5089 2162 5145 ista

575 5175 765 5246 gaudia
791 5185 876 5231 tua
926 5185 1126 5232 temere
1155 5177 1300 5231 illam
1327 5180 1648 5232 sententiam
1695 5177 1925 5235 evadere
1970 5195 2162 5252 coege-

576 5277 732 5334 runt,
763 5284 866 5341 qua
905 5268 1118 5336 dixisti,
1151 5270 1351 5325 nullum
1393 5270 1485 5325 tibi
1527 5273 1888 5340 Spectaculum
1916 5274 2164 5330 exhiberi

577 5375 733 5430 posse
759 5361 982 5418 felicius.
1011 5361 1147 5430 Quid
1175 5363 1220 5417 si
1251 5362 1390 5416 enim
1421 5362 1569 5416 illum
1599 5373 1804 5433 patrem
1832 5373 1982 5420 tuum
2013 5407 2026 5430 ,
2059 5380 2165 5436 quo

579 5455 814 5525 profecto
845 5471 1001 5512 nemo
1027 5455 1411 5526 philosophiam
1459 5465 1542 5512 est
1567 5468 1684 5527 post
1711 5466 1816 5513 tam
1844 5459 2055 5531 longam
2094 5461 2167 5515 si-

643 5573 660 5636 !
686 5570 876 5636 Aliquot
897 5578 1026 5629 Mss,
1052 5569 1190 5636 vobis
1203 5570 1380 5636 licebit.

640 5635 660 5666 ³
685 5635 785 5684 Am;
808 5640 885 5700 Er.
915 5639 966 5682 et
986 5640 1118 5695 Lean,
1132 5635 1306 5700 editur.
1330 5636 1422 5700 sed
1440 5635 1706 5700 Mss.,nullo
1724 5635 1833 5687 fere
1852 5638 2169 5700 excepto,ba-

580 5697 724 5763 bent,
749 5697 973 5749 creditur.
1001 5699 1236 5763 lta‘etiam
1275 5698 1385 5763 B_ad.
1425 5698 1614 5748 Phrasis
1634 5711 1662 5747 a
1684 5701 1911 5748 Terentio
1940 5697 2168 5763 usurpata

579 5767 658 5809 est
681 5761 729 5808 in
752 5767 922 5810 Heaut.
947 5767 1038 5810 act.
1066 5760 1114 5821 2,
1137 5773 1270 5811 scen.
1295 5761 1328 5811 5
1353 5775 1365 5810 :
1397 5778 1420 5809 ι
1442 5769 1617 5812 verum
1639 5763 1828 5813 interea
1849 5763 1964 5812 dum
1985 5760 2169 5815 sermo-

579 5834 672 5879 Ies
691 5823 962 5876 caedimus.»

1289 5921 1356 5931 ~--—
1373 5926 1379 5933 ν

1570 333 1842 393 CONTRA
1883 325 2338 400 ACADEMICOS,
2380 331 2436 388 S.
2475 333 2844 396 AUGUSTINI

3743 337 3852 401 928

2260 446 2358 502 tim
2397 449 2682 506 hausturus
2723 453 3029 521 ardentius,
3063 453 3341 511 nobiscum
3384 455 3486 511 ista
3519 465 3853 528 quaerentem

2257 555 2320 595 ac
2346 541 2697 600 disserentem
2736 546 2977 614 videbis;
3009 563 3133 605 cum
3177 564 3276 621 ego
3319 565 3406 607 me
3444 550 3853 610 fortunatiorem

2259 651 2526 707 nunquam
2566 639 2800 709 putabo,
2846 641 2975 712 quid
3020 651 3072 698 te
3110 643 3325 700 tandem
3355 647 3554 703 sentire
3581 662 3646 703 ac
3674 647 3855 704 dicere

2257 731 2548 786 convenit?
2576 732 2673 788 Hic
2702 749 2825 788 vero
2853 734 2940 790 ille
2968 736 3300 808 aliquantum
3320 738 3655 811 lacrymavit,
3679 750 3735 796 et
3765 740 3854 796 ubi

2258 821 2402 893 loqui
2433 827 2633 894 potuit,
2681 836 2928 896 porrecta
2976 845 3136 884 manu
3180 831 3375 887 caelum
3420 832 3762 903 suspiciens:
3792 833 3859 889 Et

2259 915 2471 985 quando
2500 932 2630 988 ego,
2664 917 2870 989 inquit,
2901 919 3040 975 Deus
3059 960 3077 989 ,
3108 920 3211 977 hoc
3243 921 3471 978 videbo?
3497 923 3590 979 sed
3616 924 3747 979 nihil
3775 935 3859 981 est

2259 1007 2326 1062 de
2367 1015 2417 1063 te
2455 1008 2872 1080 deSperandum.
2927 1013 3026 1068 Hic
3049 1028 3172 1069 cum
3201 1029 3338 1085 pene
3364 1030 3551 1071 omnes
3578 1015 3645 1071 ab
3676 1017 3856 1072 inten-

2262 1101 2404 1156 tione
2438 1100 2810 1171 disputationis
2853 1105 3056 1161 remitti
3084 1106 3136 1160 in
3171 1105 3432 1178 lacrymas
3462 1108 3854 1178 coepissemus,

2259 1194 2536 1252 obluctans
2562 1211 2773 1252 mecum
2794 1238 2810 1263 ,
2841 1206 2895 1253 et
2923 1198 3009 1253 vix
3036 1214 3124 1254 me
3168 1199 3424 1270 colligens
3448 1217 3461 1252 :
3490 1201 3602 1270 Age
3638 1201 3819 1270 potius
3837 1241 3856 1268 ,

2261 1285 2494 1357 inquam,
2523 1298 2576 1344 et
2596 1288 2648 1342 in
2672 1291 2811 1345 vires
2839 1301 2954 1346 tuas
2970 1291 3112 1356 redi;
3137 1306 3268 1363 quas
3293 1300 3351 1346 ut
3369 1307 3690 1363 congereres
3714 1291 3859 1349 unde

2261 1377 2400 1432 unde
2428 1394 2640 1448 posses,
2672 1390 2925 1449 patronus
2952 1381 3258 1437 Academia:
3288 1383 3492 1437 futurus
3510 1425 3525 1449 ,
3553 1382 3711 1454 longe
3731 1390 3859 1438 ante

2259 1485 2568 1526 monueram
2603 1490 2616 1526 :
2650 1488 2756 1528 non
2786 1474 2978 1544 Opinor
3003 1474 3122 1530 ideo
3149 1483 3204 1530 ut
3230 1475 3393 1531 modo
3417 1484 3534 1530 ante
3563 1476 3738 1529 tubam
3757 1485 3860 1529 tre-

2260 1581 2370 1617 mor
2399 1574 2606 1635 occupet
2635 1575 2774 1620 artus
2801 1564 3038 1639 (/Eneid.
3063 1566 3149 1621 lib.
3181 1567 3269 1636 Η,
3307 1582 3362 1621 v.
3392 1567 3556 1640 424);
3586 1577 3679 1622 aut
3706 1576 3764 1622 ut
3787 1565 3862 1622 vi.

2260 1653 2438 1708 sendae
2465 1655 2653 1709 aliena:
2686 1672 2873 1726 pugnae
2902 1657 3192 1725 desiderio,
3221 1668 3327 1714 tam
3349 1659 3453 1714 cito
3481 1668 3532 1715 te
3556 1667 3711 1731 optes
3734 1674 3861 1716 esse

2259 1747 2547 1816 captivum.
2575 1748 2670 1801 Hic
2696 1749 2997 1820 Trygetius,
3025 1750 3114 1806 ubi
3141 1753 3271 1806 satis
3297 1754 3522 1808 attendit
3545 1753 3654 1822 jam
3678 1754 3862 1809 vultus

2259 1849 2473 1895 nostros
2516 1850 2790 1896 serenatos
2820 1862 2833 1898 :
2865 1842 3058 1910 Quidni
3102 1845 3204 1900 iste
3232 1855 3410 1916 optet,
3455 1846 3655 1918 inquit,
3697 1846 3862 1901 homo

2263 1941 2366 1986 tam
2392 1941 2640 2001 sanctus,
2691 1943 2746 1989 ut
2793 1935 2894 1990 hoc
2941 1935 2991 1991 ei
3017 1937 3158 1992 Deus
3183 1948 3307 1993 ante
3331 1946 3453 1992 vota
3498 1939 3862 1994 concesserit?

2259 2021 2429 2078 Crede
2464 2025 2575 2094 jam
2601 2067 2615 2092 ,
2659 2025 2894 2091 Licenti;
2939 2043 3062 2081 nam
3094 2029 3181 2098 qui
3228 2045 3335 2083 non
3363 2029 3566 2084 invenis
3591 2029 3720 2099 quid
3764 2044 3864 2084 re-

2261 2119 2557 2188 spondeas,
2609 2129 2663 2175 et
2713 2119 2886 2176 adhuc
2924 2130 2982 2176 ut
3029 2121 3245 2176 vincare
3271 2131 3458 2192 optas,
3503 2138 3678 2193 parvrc
3734 2121 3865 2175 ﬁdei

2261 2212 2392 2266 mihi
2437 2212 2653 2268 videris.
2701 2213 3015 2270 Arrisimus.
3061 2215 3195 2270 Tum
3245 2215 3517 2271 Licentius
3558 2233 3572 2270 :
3612 2215 3866 2285 Loquere

2262 2302 2479 2367 beatus,
2527 2304 2729 2375 inquit,
2785 2321 2894 2360 non
2938 2306 3257 2362 inveniendo
3285 2286 3503 2373 verum,
3545 2306 3639 2362 sed
3670 2315 3864 2373 certe,

2261 2410 2365 2448 non
2393 2395 2699 2464 quaerendo.

2338 2489 2424 2542 19.
2452 2490 2562 2556 Qua
2596 2489 2863 2546 hilaritate
2902 2491 3423 2548 adolescentulorum
3453 2507 3574 2548 cum
3617 2505 3872 2548 essemus

2263 2577 2526 2644 laztiores;
2556 2581 2788 2637 Attende
2810 2623 2826 2649 ,
2860 2582 3074 2652 inquam
3095 2623 3114 2651 ,
3159 2583 3488 2653 rogationem
3512 2626 3529 2650 ,
3557 2591 3612 2639 et
3638 2585 3690 2638 in
3718 2584 3870 2639 viam

2262 2669 2377 2726 redi
2406 2671 2614 2728 ﬁrmior
2640 2682 2694 2728 et
2721 2673 3009 2738 valentior,
3038 2673 3083 2729 si
3110 2684 3281 2742 potes.
3311 2675 3389 2729 En
3418 2675 3627 2740 adsum,
3658 2675 3864 2745 inquit,

2263 2771 2524 2832 quantum
2554 2779 2794 2835 possum.
2823 2765 2960 2832 Quid
2986 2765 3130 2821 enim
3158 2770 3203 2820 si
3243 2766 3333 2822 ille
3363 2767 3544 2822 fratris
3579 2767 3685 2822 mei
3713 2767 3870 2822 visor

2264 2851 2402 2908 fama
2442 2865 2772 2925 compertum
2820 2856 3012 2912 habeat
3053 2873 3175 2911 eum
3221 2873 3342 2914 esse
3387 2858 3613 2913 similem
3658 2860 3868 2928 patris,

2264 2957 2440 3018 potest
2460 2950 2676 3005 insanus
2702 2958 2794 3005 aut
2814 2949 3026 3021 ineptus
3051 2965 3170 3006 esse
3192 2991 3210 3019 ,
3237 2951 3284 3006 si
3322 2929 3829 3008 creditiStultusne
3849 2993 3872 3021 ,

2265 3042 2515 3112 inquam,
2559 3043 2748 3099 saltem
2791 3043 2894 3098 dici
2935 3045 3151 3114 potest?
3179 3043 3298 3100 Non
3325 3045 3611 3112 continuo,
3644 3043 3822 3114 inquit
3851 3086 3870 3110 ,

2267 3133 2366 3188 nisi
2396 3148 2454 3188 se
2502 3133 2555 3188 id
2583 3134 2722 3190 scire
2748 3134 3104 3191 contenderit.
3149 3135 3282 3191 Nam
3311 3137 3355 3191 si
3387 3145 3444 3191 ut
3472 3135 3745 3208 probabile
3771 3153 3874 3192 se-

2264 3229 2444 3298 quitur
2471 3229 2614 3300 quod
2644 3230 2833 3286 crebra
2860 3231 2995 3286 fama
3039 3232 3289 3302 jactavit,
3325 3233 3521 3288 nullius
3548 3231 3876 3288 temeritatis

2264 3321 2414 3390 argui
2442 3331 2633 3392 potest.
2668 3323 2803 3378 Tum
2830 3339 2930 3395 ego
2963 3342 2977 3379 :
3011 3325 3144 3380 Rem
3189 3326 3357 3396 ipsam
3387 3324 3657 3395 paulisper
3681 3325 3876 3379 consi-

2265 3411 2544 3480 deremus,
2577 3422 2632 3468 et
2655 3416 2944 3486 quasiaute
2969 3416 3154 3471 oculos
3185 3417 3587 3490 constituamus.
3621 3415 3759 3472 Ecce
3781 3415 3875 3471 fac

2267 3503 2416 3560 illum
2447 3507 2630 3562 nescio
2649 3522 2811 3577 quem
2841 3507 3112 3563 hominem
3142 3525 3301 3579 quem
3321 3508 3706 3574 describimus,
3738 3523 3874 3563 esse

2267 3606 2586 3666 praesentem
2621 3616 2636 3653 :
2666 3599 2881 3656 advenit
2924 3600 3170 3658 alicunde
3211 3601 3379 3658 frater
3405 3611 3566 3667 tuus;
3597 3602 3669 3656 ibi
3715 3603 3819 3657 iste
3852 3620 3871 3658 :

2265 3688 2428 3759 Cujus
2456 3689 2546 3747 hic
2583 3707 2713 3762 puer
2756 3691 2932 3750 ﬁlius?
2969 3694 3344 3766 Respondetur
3381 3712 3394 3749 :
3437 3695 3723 3766 Cujusdam
3754 3696 3876 3751 Ro-

2267 3782 2520 3836 maniani.
2545 3785 2614 3838 At
2641 3784 2727 3840 hic
2751 3802 2763 3838 :
2793 3785 2963 3852 Quam
2993 3787 3128 3857 patri
3151 3787 3339 3842 similis
3355 3789 3472 3844 est!
3503 3803 3661 3858 quam
3687 3787 3752 3842 ad
3774 3803 3874 3843 me

2268 3873 2371 3930 hoc
2399 3890 2506 3930 non
2553 3885 2754 3933 temere
2799 3877 2939 3932 fama
2988 3878 3283 3935 detulerat!
3331 3880 3428 3936 Hic
3464 3889 3553 3945 tu,
3609 3881 3694 3936 vel
3741 3882 3874 3950 quis

2267 3967 2403 4021 alius
2433 3985 2446 4021 :
2474 3967 2624 4024 Nosti
2653 3970 2798 4024 enim
2831 3969 3220 4026 Romanianum
3245 4011 3262 4038 ,
3312 3972 3449 4029 boue
3495 3972 3694 4027 homo?
3742 3971 3872 4029 Non

2267 4060 2422 4127 novi,
2452 4060 2622 4131 inquit
2653 4079 2666 4115 :
2701 4071 2885 4118 tamen
2915 4063 3106 4118 similis
3133 4064 3250 4134 ejus
3275 4065 3405 4119 mihi
3435 4064 3668 4120 videtur.
3699 4065 3871 4120 Pote-

2269 4150 2408 4205 ritue
2437 4152 2714 4222 quisquam
2759 4153 2926 4209 risum
2959 4154 3181 4210 tenere?
3223 4154 3383 4211 Nullo
3431 4157 3621 4222 modo,
3669 4155 3869 4227 inquit.

2269 4239 2440 4312 Ergo,
2474 4243 2722 4314 inquam,
2765 4245 2892 4315 quid
2918 4255 3171 4316 sequatur
3196 4247 3365 4304 vides.
3392 4247 3711 4304 Iamdudum
3731 4289 3750 4316 ,
3781 4248 3872 4304 in-

2269 4335 2420 4403 quit,
2462 4335 2636 4392 video.
2683 4337 2790 4393 Sed
2822 4347 2998 4394 tamen
3046 4339 3204 4395 istam
3235 4342 3633 4398 conclusionem
3676 4343 3774 4397 abs
3812 4352 3873 4398 te

2268 4426 2453 4483 audire
2483 4429 2601 4508 volo
2626 4447 2639 4483 :
2669 4439 2882 4500 Oportet
2909 4432 3052 4486 enim
3096 4432 3241 4488 alere
3286 4433 3537 4504 incipias,
3586 4450 3744 4506 quem
3775 4451 3875 4491 ce-

2270 4519 2410 4587 pisti.
2441 4520 2664 4588 Quidni,
2715 4523 2930 4593 inquam
2955 4563 2971 4590 ,
3021 4525 3382 4582 concludam?
3408 4526 3524 4598 ipsa
3553 4543 3639 4584 res
3667 4529 3872 4585 clamat

2269 4611 2516 4666 similiter
2541 4613 2792 4669 ridendos
2809 4629 2930 4670 esse
2954 4615 3306 4673 Academicos
3333 4626 3470 4686 tuos,
3494 4621 3582 4690 qui
3607 4636 3665 4676 se
3680 4622 3733 4675 in
3756 4621 3872 4677 vita

2270 4704 2380 4756 veri
2429 4703 2831 4760 similitudinem
2881 4706 3033 4777 sequi
3079 4707 3290 4778 dicunt,
3323 4725 3444 4767 cum
3475 4712 3647 4782 ipsum
3678 4728 3869 4768 verum

2268 4795 2394 4866 quid
2425 4797 2523 4862 sit,
2556 4797 2818 4868 ignorent.

2449 4934 2676 4994 CAPUT
2716 4938 2853 4994 Vill.
2882 4971 2952 4982 —
2969 4939 3388 4997 Academicorum
3409 4941 3681 4998 cavillatio.

2340 5074 2430 5156 20.
2489 5075 2622 5130 Tum
2693 5075 2976 5148 Trygetius
3018 5096 3031 5132 :
3074 5077 3255 5150 Longe
3324 5077 3489 5147 mihi,
3532 5079 3734 5150 inquit,
3791 5079 3872 5134 vi-

2271 5166 2429 5222 detur
2470 5167 2744 5225 dissimilis
2797 5169 3241 5226 Academicorum
3306 5172 3484 5226 cautio
3566 5171 3633 5225 ab
3707 5170 3871 5240 hujus

2272 5275 2428 5330 quem
2479 5260 2806 5330 descripsisti
2844 5263 3058 5332 ineptia.
3093 5262 3173 5318 llli
3203 5263 3347 5319 enim
3387 5264 3682 5320 ratiOnibus
3712 5279 3870 5319 asse-

2271 5360 2508 5422 quuntur
2526 5351 2669 5422 quod
2693 5352 2876 5408 dicunt
2904 5369 3024 5410 esse
3051 5353 3342 5411 verisimile
3374 5373 3386 5408 :
3420 5356 3520 5410 istc
3543 5365 3720 5410 autem
3752 5355 3873 5410 ine-

2274 5454 2394 5513 ptus
2436 5443 2628 5498 famam
2661 5454 2876 5500 secutus
2902 5455 3023 5514 est,
3068 5446 3220 5516 cujus
3257 5446 3575 5503 auctoritate
3614 5446 3744 5502 nihil
3783 5456 3872 5505 est

2274 5537 2448 5593 vilius.
2477 5538 2640 5606 Quasi
2671 5554 2832 5605 vero,
2882 5539 3126 5611 inquam,
3177 5556 3283 5596 non
3329 5541 3559 5612 ineptior
3585 5551 3765 5609 esset,
3817 5543 3866 5596 si

2275 5633 2503 5697 diceret,
2537 5633 2746 5688 Patrem
2771 5634 2984 5704 quidem
3008 5635 3127 5705 ejus
3154 5636 3376 5691 minime
3407 5636 3564 5703 novi,
3598 5651 3696 5691 nec
3724 5635 3868 5690 fama

2275 5727 2510 5797 comperi
2531 5743 2690 5796 quam
2719 5727 2790 5784 sit
2816 5728 3007 5784 similis
3027 5730 3210 5800 patris,
3233 5741 3288 5786 et
3315 5731 3446 5786 mihi
3469 5739 3646 5786 tamen
3671 5731 3865 5788 similis

2276 5818 2504 5875 videtur.
2543 5815 2777 5892 lneptior
2818 5827 2996 5893 certe,
3037 5821 3226 5896 inquit.
3275 5821 3381 5881 Sed
3419 5838 3674 5897 quorsum
3717 5823 3862 5885 ista?
