4078 6366
281 344 388 404 929
1321 342 1330 383 ί

277 461 413 529 Quia
443 459 599 527 tales,
636 461 873 532 inquam,
910 468 1063 526 sunt,
1091 460 1181 531 qui
1201 459 1405 529 dicunt,
1435 460 1629 515 Verum
1660 459 1873 531 quidem

278 567 386 609 non
414 553 697 619 novimus;
726 552 819 609 sed
842 552 942 609 hoc
983 553 1125 625 quod
1154 553 1396 609 videmus
1414 592 1431 619 ,
1460 553 1575 622 cjus
1600 552 1740 623 quod
1770 567 1874 607 non

278 644 530 700 novimus
556 644 731 699 simile
753 653 858 699 est.
892 644 1191 711 Probabile,
1217 645 1383 715 inquit
1407 684 1420 710 ,
1450 644 1525 700 illi
1552 644 1755 699 dicunt.
1778 641 1873 698 Cui

278 753 377 808 ego
402 755 416 792 :
445 737 723 805 Quomodo
768 737 910 794 istuc
948 737 1125 795 dicis?
1167 739 1249 793 An
1279 752 1442 809 negas
1470 752 1564 794 eos
1587 738 1875 795 verisimile

274 830 500 888 dicere?
535 832 600 886 Et
642 831 729 886 ille
773 832 944 903 inquit
976 851 990 889 :
1033 832 1147 905 Ego
1172 833 1242 889 ob
1276 833 1378 889 hoc
1403 834 1583 890 dicere
1610 834 1787 900 volui,
1818 843 1875 888 ut

276 923 421 978 illam
449 922 851 980 similitudinem
873 924 1230 980 excluderem.
1259 924 1548 981 Videbatur
1568 925 1709 981 enim
1739 925 1871 981 mihi

214 1062 219 1063 κ
272 1015 415 1073 fama
456 1016 695 1087 improbe
724 1018 943 1075 irruisse
970 1018 1024 1073 in
1069 1018 1417 1090 quaestionem
1440 1029 1703 1085 vestram,
1748 1036 1870 1076 cum

271 1110 580 1166 Academici
608 1128 676 1166 ne
697 1112 865 1166 oculis
885 1112 1100 1182 quidem
1124 1112 1349 1170 credant
1376 1112 1641 1180 humanis,
1675 1112 1868 1168 nedum

271 1202 429 1258 fama:
459 1203 604 1260 mille
628 1204 863 1274 quidem,
896 1213 956 1260 ut
977 1213 1151 1278 poetae
1179 1205 1405 1276 ﬁngunt,
1432 1205 1525 1261 sed
1552 1206 1869 1261 monstrosis

272 1303 452 1350 tamen
492 1294 798 1349 luminibus.
832 1295 963 1351 Nam
1001 1296 1119 1367 quis
1140 1311 1238 1367 ego
1270 1296 1483 1351 tandem
1512 1310 1631 1351 sum
1657 1295 1868 1353 Acade-

270 1390 392 1445 miae
419 1388 712 1444 defensor?
739 1391 821 1444 An
852 1390 904 1444 in
935 1391 1231 1461 quaestione
1266 1391 1363 1444 ista
1391 1388 1641 1445 invidetis
1668 1389 1867 1445 securi-

271 1484 365 1537 tati
397 1483 569 1537 meze?
596 1483 671 1537 En
701 1482 867 1539 habes
889 1483 1135 1555 Alypium
1161 1525 1176 1550 ,
1208 1482 1360 1553 cujus
1390 1482 1647 1537 adventus
1676 1483 1829 1539 nobis
1848 1523 1863 1549 ,

270 1588 478 1644 quccso,
503 1573 663 1629 ferias
687 1574 915 1642 dederit,
947 1590 1105 1646 quem
1135 1583 1187 1631 te
1205 1574 1519 1646 jamdudum
1548 1590 1654 1631 non
1671 1573 1865 1631 frustra

270 1664 562 1723 formidare
591 1666 937 1721 arbitramur.

341 1758 431 1812 2i.
464 1758 598 1812 Tum
625 1758 763 1815 facto
810 1760 1019 1814 silentio
1044 1800 1058 1823 ,
1100 1759 1286 1815 oculos
1331 1758 1489 1814 ambo
1520 1759 1572 1814 in
1614 1758 1862 1831 Alypium

268 1852 630 1908 contulerunt.
662 1852 797 1907 Tum
839 1852 927 1908 ille
958 1871 970 1907 :
1005 1852 1211 1908 Vellem
1238 1895 1253 1919 ,
1290 1853 1494 1923 inquit,
1525 1852 1739 1923 quidem
1759 1894 1774 1919 ,
1808 1862 1866 1908 ut

266 1958 405 1999 meae
433 1942 578 1998 vires
607 1946 882 2013 patiuntur
904 1984 920 2011 ,
962 1945 1211 2000 auxiliari
1254 1944 1587 2015 aliquatenus
1627 1944 1865 2015 partibus

266 2036 497 2103 vestris,
550 2036 651 2092 nisi
690 2037 820 2093 mihi
861 2053 1019 2093 omen
1047 2048 1281 2093 vestrum
1315 2039 1504 2093 terrori
1554 2047 1715 2092 esset.
1759 2038 1863 2093 Sed

270 2128 411 2182 hanc
437 2128 796 2197 formidinem,
821 2131 874 2184 ni
897 2146 984 2185 me
1010 2146 1133 2199 spes
1150 2131 1413 2195 fefellerit,
1443 2128 1597 2185 facile
1623 2129 1798 2200 fugem
1823 2131 1861 2182 ³.

272 2220 445 2275 Simul
475 2221 616 2274 enim
663 2221 866 2275 solatur
914 2237 1000 2276 me
1025 2264 1039 2288 ,
1071 2221 1210 2291 quod
1248 2237 1487 2291 prmsens
1516 2221 1864 2276 Academico-

268 2325 388 2365 rum
439 2322 801 2382 oppugnator,
852 2328 987 2368 onus
1015 2313 1251 2383 Trygetii
1283 2314 1405 2368 victi
1436 2329 1572 2383 pene
1600 2314 1864 2381 subierit,

268 2412 322 2457 et
350 2419 493 2457 nunc
522 2418 642 2457 eum
686 2404 939 2458 victorem
981 2415 1157 2459 vestra
1208 2405 1551 2461 confessione
1592 2405 1866 2475 probabile

268 2501 368 2547 est.
404 2493 537 2548 Illud
565 2495 734 2566 magis
759 2510 951 2550 vereor
973 2537 987 2561 ,
1021 2513 1087 2551 ne
1115 2506 1170 2552 et
1189 2496 1387 2553 deserti
1409 2498 1571 2553 officii
1597 2498 1865 2568 negligen-

271 2584 400 2638 tiam
431 2626 444 2648 ,
474 2593 527 2639 et
551 2585 719 2640 invasi
770 2587 1185 2657 impudentiam,
1230 2588 1466 2644 devitarc
1495 2604 1601 2643 non
1642 2590 1862 2659 possim.

270 2676 387 2732 Non
413 2679 555 2733 enim
576 2694 673 2734 vos
697 2681 890 2736 oblitos
910 2682 1092 2750 credo,
1120 2682 1313 2753 judicis
1338 2684 1466 2739 mihi
1492 2699 1687 2739 munus
1702 2686 1867 2743 fuisse

268 2770 528 2825 delatum.
558 2772 654 2827 Hic
681 2772 960 2845 Trygetius
995 2793 1008 2829 :
1041 2775 1194 2843 Illud,
1222 2777 1412 2847 inquit,
1432 2778 1571 2832 aliud
1590 2818 1607 2845 ,
1639 2778 1740 2833 hoc
1766 2795 1866 2834 aue

269 2870 381 2917 tem
404 2862 545 2917 aliud
573 2872 687 2930 est;
720 2881 885 2935 quare
908 2881 1215 2937 quaesumus
1234 2910 1249 2936 ,
1284 2878 1341 2923 ut
1381 2880 1431 2924 te
1458 2870 1743 2940 aliquando
1774 2887 1867 2941 pa-

272 2954 409 3009 tiare
438 2956 723 3025 privatum.
754 2957 831 3013 Ne
860 2960 1129 3014 renuerim
1150 3002 1166 3028 ,
1214 2962 1323 3028 ait;
1361 2962 1555 3017 nedum
1584 2965 1865 3034 impuden-

270 3047 401 3101 tiam
431 3050 509 3103 vel
538 3051 911 3121 negligentiam
939 3053 1106 3108 vitare
1134 3053 1321 3122 cupio,
1363 3054 1416 3110 in
1442 3056 1731 3125 superbiae,
1762 3073 1868 3129 quo

270 3136 403 3191 vitio
432 3139 565 3194 nihil
596 3151 677 3196 est
708 3142 1022 3208 immanius,
1056 3144 1276 3214 laqueos
1319 3144 1581 3213 incidam,
1610 3148 1658 3203 si
1695 3148 1866 3203 hono-

268 3246 385 3286 rem
417 3233 547 3288 mihi
578 3249 607 3287 a
638 3235 788 3290 vobis
814 3251 1163 3305 concessum,
1205 3237 1405 3295 diutius
1442 3254 1603 3310 quam
1648 3242 1868 3311 permit-

268 3324 381 3378 titis
414 3333 641 3380 teneam.

280 3414 516 3473 CAPUT
554 3418 647 3474 IX.
673 3450 749 3462 —-
776 3421 854 3476 De
872 3420 1290 3477 Academicorum
1310 3425 1555 3479 sententia
1576 3426 1705 3481 serio
1726 3426 1868 3481 dein-

251 3524 257 3585 ε
806 3530 923 3585 ceps
947 3514 1330 3585 disputandum.

252 3566 277 3651 ἶ·
347 3607 445 3661 22.
525 3606 754 3661 Proinde
807 3606 966 3660 velim
1018 3607 1148 3661 mihi
1200 3622 1464 3677 exponas,
1518 3609 1657 3665 bone
1711 3626 1870 3667 accu-

272 3708 423 3755 sator
448 3698 890 3754 Academicorum
911 3739 929 3766 ,
961 3698 1193 3754 officium
1221 3707 1368 3755 tuum
1396 3717 1411 3765 ;
1440 3701 1493 3756 id
1513 3712 1624 3769 est,
1652 3703 1704 3758 iu
1731 3718 1867 3774 quo-

270 3808 392 3848 rum
445 3790 809 3847 defensionem
856 3792 955 3848 hos
1008 3807 1301 3864 oppugnes.
1354 3794 1531 3849 Metuo
1567 3796 1743 3864 enim,
1799 3813 1869 3853 ne

272 3884 627 3941 Academicos
663 3883 936 3950 refellens,
970 3885 1347 3941 Academicum
1378 3895 1429 3942 te
1457 3888 1683 3957 probare
1711 3889 1863 3945 velis.

274 3978 666 4033 Aecusatorum
693 4019 707 4044 ,
741 3978 954 4047 inquam
978 4019 992 4043 ,
1040 3989 1099 4031 ut
1122 3977 1345 4048 opinor,
1376 3978 1482 4034 duo
1510 3996 1705 4049 genera
1748 3997 1869 4039 esse

268 4071 413 4127 bene
434 4070 609 4126 nosti:
640 4086 747 4125 non
766 4072 909 4125 enim
931 4072 977 4127 si
1008 4086 1038 4125 a
1069 4070 1329 4127 Cicerone
1363 4073 1758 4130 modestissime
1783 4075 1866 4131 di-

271 4173 419 4219 ctum
445 4173 528 4219 est
552 4204 566 4228 ,
599 4164 671 4218 ita
700 4179 823 4220 eum
843 4163 1027 4220 Verris
1052 4179 1172 4219 esse
1196 4174 1595 4233 accusatorem,
1630 4176 1688 4222 ut
1716 4168 1869 4223 Sicu-

269 4255 447 4311 lorum
478 4253 733 4310 defensor
761 4264 903 4311 esset
929 4254 1126 4327 (Cicero
1169 4256 1223 4310 in
1278 4256 1515 4324 Verrem,
1564 4258 1864 4333 actionel),

269 4359 560 4420 prepterea
581 4364 802 4405 necesse
830 4357 941 4415 est,
971 4365 1092 4405 eum
1119 4351 1207 4419 qui
1246 4350 1473 4420 aliquem
1502 4361 1745 4417 accusat,
1772 4352 1869 4408 ha-

270 4441 405 4496 bere
428 4441 656 4496 alterum
677 4456 835 4511 quem
865 4440 1131 4496 defendat.
1170 4441 1238 4495 Et
1260 4442 1378 4496 ille:
1404 4442 1602 4509 Saltem
1636 4443 1867 4498 habesne

270 4544 333 4590 tu
362 4535 653 4605 quidquam
675 4536 726 4589 in
752 4551 859 4606 quo
888 4537 1153 4591 sententia
1180 4545 1265 4591 tua
1288 4536 1396 4605 jam
1424 4537 1639 4592 fundata
1666 4537 1866 4593 consti-

271 4625 443 4681 terit?
474 4625 655 4681 Facile
676 4635 778 4692 est,
806 4627 1045 4697 inquam,
1078 4627 1202 4682 huic
1228 4628 1491 4699 rogationi
1516 4629 1864 4699 respondere,

270 4720 408 4774 mihi
430 4720 727 4789 przesertim
753 4720 837 4775 cui
854 4720 1130 4791 repentina
1156 4735 1263 4775 non
1285 4729 1369 4777 est
1393 4739 1404 4774 :
1428 4720 1538 4791 jam
1566 4723 1667 4776 hoc
1695 4730 1865 4776 totum

209 4865 216 4871 .
272 4825 490 4867 mecum
507 4811 589 4880 egi
616 4853 631 4878 ,
658 4819 715 4866 et
738 4810 828 4865 diu
848 4811 1179 4881 multumque
1204 4812 1410 4865 versavi
1440 4812 1638 4866 animo.
1671 4810 1868 4879 Quam-

271 4906 463 4960 obrem
498 4904 651 4972 audi,
680 4904 835 4977 Alypi
856 4944 871 4971 ,
918 4904 1059 4974 quod
1082 4946 1097 4971 ,
1129 4912 1185 4959 ut
1219 4904 1476 4968 arbitror,
1520 4904 1630 4971 jam
1667 4906 1867 4974 optime

270 4997 381 5052 scis
413 5014 426 5051 :
459 5012 565 5051 non
592 5012 693 5067 ego
712 4996 888 5063 istam
925 4995 1341 5065 disputationem
1367 4994 1667 5064 disputandi
1695 4997 1865 5066 gratia

270 5097 578 5159 susceptam
608 5088 761 5154 volo;
803 5088 934 5143 satis
953 5088 1024 5142 sit
1051 5087 1191 5159 quod
1231 5103 1352 5143 cum
1374 5088 1488 5143 istis
1513 5089 1867 5143 adolescenti-

269 5180 372 5236 bus
402 5181 774 5250 prazlusimus,
822 5179 910 5235 ubi
950 5180 1181 5236 libenter
1213 5181 1488 5236 nobiscum
1534 5182 1867 5253 philosophia

270 5274 426 5344 quasi
444 5274 621 5344 jocata
645 5282 750 5329 est.
777 5273 955 5342 Quare
976 5272 1287 5328 auferantur
1301 5272 1368 5328 de
1396 5273 1642 5327 manibus
1670 5275 1867 5329 nostris

272 5364 483 5420 fabellae
504 5365 752 5435 pueriles.
776 5365 853 5421 De
870 5364 976 5421 vita
1006 5371 1209 5430 nostra,
1231 5364 1299 5420 de
1320 5363 1577 5429 moribus,
1601 5364 1667 5419 de
1686 5367 1867 5421 animo

273 5470 364 5511 res
410 5454 620 5527 agitur;
648 5456 737 5527 qui
775 5471 837 5512 se
873 5464 1243 5525 superaturum
1287 5456 1593 5511 inimicitias
1628 5459 1865 5513 omnium

271 5548 636 5615 fallaciarum,
666 5560 719 5604 et
740 5550 962 5605 veritate
977 5549 1361 5620 comprehensa
1383 5592 1398 5617 ,
1434 5550 1586 5621 quasi
1612 5552 1663 5605 in
1694 5552 1868 5622 regio-

272 5657 397 5697 nem
431 5657 542 5697 θυαε
572 5642 791 5713 originis
834 5641 1077 5709 rediens,
1106 5642 1557 5713 triumphaturum
1586 5643 1654 5700 de
1688 5644 1865 5700 libidi-

337 5795 359 5833 ⁸
380 5804 433 5850 ω
453 5797 691 5848 hactenus
711 5796 945 5862 vulgatis,
970 5796 1111 5862 facile
1127 5797 1329 5874 fugiam

1635 343 1838 400 LIBER
1873 340 2252 404 SECUNDUS.

3453 361 3560 420 950

1983 461 2138 518 nibus
2163 504 2179 529 ,
2210 474 2367 535 atque
2400 465 2470 521 ita
2507 469 2857 537 temperantia
2886 470 3033 525 velut
3073 472 3298 545 conjuge
3342 486 3556 549 accepta

1980 565 2321 627 regnaturum
2353 573 2473 615 esse
2500 562 2793 631 prmsumit,
2826 564 3066 619 securior
3087 567 3351 623 rediturus
3377 569 3429 624 in
3457 586 3563 628 cm-

1982 646 2091 702 lum
2112 648 2295 720 (Lib.l
2321 649 2572 719 Relract.,
2604 669 2721 726 cap.
2753 655 2805 723 l,
2832 672 2885 710 η.
2913 656 2990 726 5).
3017 656 3175 713 Vides
3198 659 3324 729 quid
3351 660 3566 717 dicam?

1979 739 2249 797 Tollamus
2268 744 2336 799 de
2358 745 2536 800 medio
2552 747 2659 815 jam
2678 756 2866 803 cuncta
2891 749 3021 804 ista:
3045 766 3189 804 arma
3208 753 3315 806 acri
3333 754 3567 825 facienda

1977 834 2083 887 viro
2113 833 2371 905 (aEneid.
2400 836 2486 891 lib.
2516 837 2569 900 8,
2615 853 2668 893 v.
2707 838 2871 911 504);
2906 856 3005 896 nec
3058 843 3345 915 quidquam
3391 845 3567 903 minus

1976 940 2189 997 semper
2217 930 2428 999 optavi,
2476 948 2635 1003 quam
2668 934 2808 988 inter
2831 949 2922 989 eos
2942 975 2957 1000 ,
3002 936 3092 1007 qui
3134 952 3312 991 secum
3341 940 3565 995 multum

1976 1017 2251 1085 vixerunt,
2292 1021 2625 1093 tnultumque
2650 1025 2988 1081 sermocinati
3019 1036 3160 1094 sunt,
3193 1028 3320 1082 oriri
3345 1029 3562 1099 aliquid,

1976 1110 2119 1165 unde
2168 1128 2337 1167 novus
2367 1116 2519 1185 quasi
2568 1117 2849 1172 conflictus
2890 1130 3158 1190 exsurgat.
3213 1120 3316 1175 Sed
3352 1132 3565 1191 propter

1974 1198 2287 1253 memoriam
2306 1242 2321 1267 ,
2354 1217 2474 1270 quae
2504 1202 2663 1256 infida
2689 1214 2869 1258 custos
2893 1216 2973 1260 est
3002 1208 3419 1278 excogitatorum
3441 1250 3456 1275 ,
3489 1225 3567 1264 re-

1972 1286 2100 1343 ferri
2137 1289 2189 1343 in
2215 1289 2420 1345 litteras
2441 1293 2612 1358 volui,
2644 1295 2785 1364 quod
2812 1294 2953 1350 inter
2983 1312 3081 1352 nos
3102 1314 3243 1367 sa-pe
3271 1310 3564 1369 pertracta—

1973 1380 2177 1448 vimus,
2201 1383 2358 1437 simul
2383 1392 2438 1438 ut
2460 1384 2543 1438 isti
2569 1386 2957 1457 adolescentes,
2988 1399 3041 1444 et
3070 1390 3122 1444 in
3153 1390 3266 1446 haec
3287 1393 3564 1450 attendere

1971 1474 2271 1544 discerent,
2301 1486 2354 1531 et
2376 1479 2588 1549 aggredi
2620 1495 2682 1535 ac
2708 1482 2887 1537 subire
2914 1491 3203 1540 tentarent.

1975 1576 1980 1609 τ
2041 1568 2131 1625 25.
2162 1570 2310 1625 Tunc
2343 1587 2471 1642 ergo
2496 1575 2703 1641 nescis,
2750 1575 2880 1629 nihil
2908 1592 2995 1631 me
3017 1588 3219 1633 certum
3252 1580 3425 1636 adhuc
3465 1582 3560 1637 ha-

1970 1660 2098 1717 bere
2126 1662 2265 1733 quod
2296 1666 2519 1721 sentiam
2550 1665 2651 1739 (a),
2682 1667 2774 1722 sed
2796 1668 2861 1723 ab
2890 1684 2954 1724 eo
2978 1671 3262 1739 quaerendo
3282 1673 3564 1729 Academi—

1970 1768 2153 1809 corum
2207 1760 2535 1828 argumentis
2580 1770 2739 1830 atque
2778 1761 3221 1829 disputationibus
3275 1764 3563 1834 impediri?

1969 1845 2162 1901 Nescio
2191 1848 2330 1902 enim
2374 1850 2642 1920 quomodo
2689 1850 2931 1907 fecerunt
2960 1852 3011 1907 in
3062 1853 3241 1909 animo
3281 1857 3564 1925 quamdam

1971 1938 2391 2008 probabilitatem
2422 1940 2500 2011 (ut
2526 1941 2592 1996 ab
2615 1956 2798 1997 eorum
2826 1943 2989 2001 verbo
3016 1945 3249 1999 nondum
3272 1948 3563 2018 recedam),

1970 2030 2108 2100 quod
2141 2030 2302 2086 homo
2322 2049 2506 2088 verum
2537 2035 2776 2091 invenire
2797 2052 2903 2091 non
2930 2040 3094 2107 possit
3124 2056 3136 2091 :
3169 2039 3309 2094 unde
3332 2041 3483 2112 piger
3510 2052 3566 2097 et

1972 2140 2191 2194 prorsus
2219 2128 2399 2195 segnis
2424 2126 2641 2182 effectus
2672 2144 2818 2183 eram
2846 2172 2859 2195 ,
2893 2146 2990 2185 nec
3016 2147 3255 2201 quzererc
3281 2132 3562 2200 audebam,

1971 2214 2109 2283 quod
2139 2216 2459 2271 acutissimis
2486 2233 2549 2273 ac
2577 2218 2901 2273 doctissimis
2930 2222 3058 2276 viris
3086 2222 3326 2277 invenire
3363 2239 3469 2277 non
3498 2224 3565 2276 li-

1970 2306 2098 2361 cuit.
2130 2307 2239 2362 Nisi
2267 2325 2393 2379 ergo
2422 2310 2567 2380 prius
2589 2320 2692 2366 tam
2720 2312 2848 2366 mihi
2866 2328 3183 2382 persuasero
3197 2330 3379 2370 verum
3410 2330 3567 2385 posse

1972 2400 2225 2465 inveniri,
2268 2416 2424 2470 quam
2453 2402 2550 2456 sibi
2580 2403 2650 2457 illi
2684 2418 2789 2457 non
2821 2419 2978 2473 posse
3007 2417 3381 2475 persuaserunt
3410 2423 3424 2473 ;
3458 2422 3563 2461 non

1971 2490 2177 2545 audebo
2221 2508 2492 2561 quaerere,
2537 2509 2635 2547 nec
2666 2494 2835 2550 habeo
2864 2496 3059 2566 aliquid
3091 2497 3233 2567 quod
3262 2497 3562 2554 defendam.

1973 2580 2153 2652 Itaque
2184 2583 2336 2637 istam
2392 2584 2862 2655 interrogationem
2904 2601 3153 2655 remove,
3183 2590 3227 2643 si
3274 2590 3444 2659 placet
3469 2632 3484 2655 ,
3512 2597 3566 2645 et

1972 2674 2151 2743 potius
2177 2674 2525 2730 discutiamus
2554 2676 2697 2731 inter
2724 2693 2854 2746 nos,
2894 2692 3052 2749 quam
3079 2682 3338 2750 sagaciter
3373 2697 3566 2752 possu-

1971 2781 2123 2832 mus,
2156 2777 2461 2822 utrumnam
2489 2768 2660 2840 possit
2687 2783 2872 2824 vcrum
2912 2770 3162 2827 inveniri.
3192 2771 3260 2826 Et
3289 2788 3384 2843 pro
3417 2782 3569 2843 parte

1972 2873 2091 2912 mea
2118 2858 2301 2914 videor
2320 2860 2450 2914 mihi
2483 2861 2677 2916 habere
2695 2862 2805 2931 jam
2841 2863 3024 2927 multa,
3056 2863 3248 2935 quibus
3270 2874 3455 2919 contra
3482 2880 3567 2920 ra-

1973 2950 2173 3005 tionem
2198 2951 2637 3008 Academicorum
2681 2955 2775 3009 niti
2805 2955 2997 3009 molior
3026 2973 3040 3009 :
3072 2956 3211 3012 inter
3238 2972 3372 3027 quos
3400 2966 3454 3012 et
3479 2973 3567 3013 me

1972 3043 2133 3098 modo
2160 3043 2370 3098 interim
2392 3044 2524 3098 nihil
2550 3044 2742 3110 distat,
2773 3044 2872 3099 nisi
2893 3045 3035 3115 quod
3062 3046 3169 3103 illis
3192 3047 3467 3117 probabile
3490 3048 3567 3103 vi-

1973 3148 2091 3189 Sum
2130 3144 2244 3203 est,
2274 3151 2380 3189 non
2408 3150 2564 3205 posse
2594 3136 2817 3191 inveniri
2861 3137 3141 3193 veritatem
3167 3155 3181 3203 ;
3213 3139 3343 3194 mihi
3388 3148 3567 3195 autem

1974 3226 2201 3284 inveniri
2227 3244 2383 3298 posse
2411 3229 2686 3299 probabile
2711 3239 2813 3285 est.
2845 3230 2974 3285 Nam
3002 3231 3265 3301 ignoratio
3304 3234 3446 3295 veri.
3476 3244 3567 3289 aut
3614 3248 3615 3251 ‘

1972 3318 2105 3375 mihi
2126 3361 2141 3387 ,
2175 3320 2217 3374 si
2244 3321 2318 3375 illi
2348 3320 2634 3391 fingebant,
2666 3322 2949 3393 peculiaris
2977 3334 3092 3392 est,
3124 3336 3214 3380 aut
3239 3336 3385 3382 certe
3405 3327 3566 3381 utris-

1972 3428 2078 3484 que
2100 3415 2415 3469 communis.

1974 3503 2199 3561 CAPUT
2238 3505 2307 3560 Χ.
2333 3536 2406 3547 -
2442 3505 2717 3561 Verborum
2745 3510 3082 3564 controuersia
3109 3526 3211 3564 non
3235 3520 3306 3567 est
3330 3528 3443 3583 qua:
3468 3513 3560 3567 Ita-

2260 3599 2400 3653 betur
2421 3616 2536 3653 cum
2564 3600 2880 3656 Academicis
2904 3644 2919 3670 ,
2944 3603 3032 3658 sed
3060 3621 3250 3659 rerum.

2045 3692 2135 3745 24.
2162 3691 2297 3745 Tum
2337 3692 2558 3765 Alypius
2591 3710 2606 3749 :
2634 3693 2773 3762 1am,
2808 3695 2995 3765 inquit,
3029 3712 3251 3754 securus
3278 3700 3518 3756 incedam
3551 3721 3565 3759 :

1974 3782 2133 3839 video
2176 3783 2319 3837 enim
2366 3793 2417 3838 te
2466 3800 2572 3839 non
2614 3796 2721 3841 tam
2767 3797 3151 3857 accusatorem,
3206 3804 3362 3860 quam
3407 3792 3563 3863 adju-

1978 3883 2147 3929 torem
2183 3874 2317 3931 fore.
2370 3876 2552 3948 Itaque
2597 3894 2664 3933 ne
2708 3879 2915 3950 longius
2952 3881 3225 3949 abeamus,
3285 3884 3563 3941 videamus

1976 3982 2161 4036 quaeso
2189 3968 2335 4037 prius
2374 3985 2441 4024 ne
2476 3986 2570 4040 per
2596 3969 2733 4025 hanc
2758 3974 3107 4041 qumstionem
3140 3974 3190 4028 in
3220 3990 3321 4044 qua
3348 3991 3562 4033 succes-

1976 4060 2113 4114 sisse
2159 4059 2350 4115 videor
2395 4060 2460 4115 iis
2487 4062 2577 4131 qui
2626 4063 2719 4117 tibi
2747 4072 3062 4133 cesserunt,
3094 4066 3146 4120 in
3180 4066 3325 4121 verbi
3355 4076 3568 4123 contra.

1975 4150 2204 4206 versiam
2232 4152 2560 4222 decidamus,
2586 4155 2727 4225 quod
2760 4167 2810 4211 te
2836 4158 2952 4226 ipso
2974 4159 3273 4215 insinuante
3297 4176 3362 4217 ex
3387 4171 3567 4218 aucto-

1978 4243 2136 4297 ritate
2162 4244 2247 4297 illa
2288 4245 2524 4300 Tulliana
2555 4248 2918 4317 turpissimum
2954 4266 3092 4318 esse,
3141 4267 3286 4324 stepe
3332 4255 3564 4313 confessi

1978 4349 2180 4391 sumus.
2205 4335 2337 4390 Cum
2365 4339 2528 4401 enim,
2562 4340 2614 4393 ni
2656 4341 2829 4402 fallor,
2858 4342 3128 4398 Licentius
3171 4346 3435 4415 placuisse
3464 4350 3565 4405 sibi

1976 4425 2177 4479 diceret
2220 4426 2286 4481 de
2325 4430 2695 4499 probabilitate
2736 4433 3174 4490 Academicorum
3220 4442 3561 4510 sententiam,

1973 4517 2246 4587 subjecisti
2273 4520 2413 4589 quod
2439 4520 2529 4575 ille
2557 4520 2696 4577 haud
2743 4523 2901 4579 dubie
2944 4527 3293 4596 confirmavit,
3338 4530 3569 4588 sciretne

1978 4610 2119 4665 hanc
2144 4611 2214 4665 ab
2234 4611 2438 4666 eisdem
2466 4614 2627 4667 etiam
2645 4614 3160 4673 verisimilitudiuem
3188 4623 3470 4676 nominari.
3503 4622 3568 4676 Et

1977 4700 2117 4757 bene
2145 4704 2290 4770 novi,
2308 4704 2569 4774 siquidem
2589 4722 2655 4760 ex
2684 4717 2734 4761 te
2760 4706 2889 4761 mihi
2916 4717 3040 4762 nota
3066 4719 3206 4775 sunt,
3238 4727 3342 4766 non
3364 4711 3563 4781 absque

1978 4803 2032 4850 te
2088 4810 2207 4851 esse
2260 4798 2701 4853 Academicorum
2741 4794 2951 4870 placita.
2980 4800 3112 4868 Qua:
3142 4818 3286 4868 cum,
3334 4814 3390 4858 ut
3430 4804 3561 4870 dixi,

1977 4887 2157 4941 animo
2187 4897 2276 4943 tuo
2304 4888 2461 4942 infixa
2489 4890 2626 4956 sint;
2654 4892 2776 4961 quid
2805 4894 2822 4924 ί
2850 4895 3009 4949 verba
3049 4896 3299 4963 secteris,
3351 4896 3559 4965 ignoro.

1978 4978 2093 5034 Non
2120 4990 2201 5035 est
2232 4982 2328 5035 ista
2358 5024 2373 5049 ,
2418 4983 2666 5053 inquam,
2714 4986 2845 5040 mihi
2884 4986 3043 5042 crede
3066 5028 3081 5051 ,
3120 4989 3427 5055 verborum,
3471 4991 3563 5044 sed

1978 5088 2157 5127 rerum
2189 5074 2424 5143 ipsarum
2472 5091 2662 5146 magna
2690 5079 3050 5133 controversia
3082 5097 3095 5134 :
3130 5094 3235 5136 non
3272 5081 3415 5136 enim
3446 5080 3565 5138 illos

2041 5225 2056 5254 ί
2084 5230 2224 5283 Qum,
2247 5224 2389 5285 juxta
2405 5232 2509 5273 Par.
2529 5231 2603 5273 Er.
2630 5232 2749 5274 Ven.
2804 5232 2859 5274 Μ.

2037 5306 2109 5370 (a)
2139 5306 2221 5355 ttic
2232 5304 2387 5369 ﬁgura
2410 5308 2613 5374 quadam
2636 5307 2788 5358 utitur
2811 5307 3103 5374 Angustinus
3125 5306 3565 5374 solemnigdialogo-

1973 5368 2251 5435 rumniore.
2272 5377 2381 5416 Nam
2396 5368 2613 5418 nonnihil
2638 5378 2827 5420 certum
2844 5368 3057 5435 habebat
3075 5371 3203 5435 quod
3218 5372 3448 5435 sentiret,
3478 5368 3562 5435 qui

1968 5430 2249 5497 jamdudum
2272 5440 2446 5497 tuente
2480 5440 2810 5497 «pervenerat
2831 5432 2891 5497 ad
2916 5431 2963 5480 id
2991 5430 3130 5497 quod
3155 5439 3297 5494 est,»
3327 5430 3559 5497 utilibig'l

1972 5491 2163 5557 hante.
2184 5494 2240 5542 l7
2271 5491 2496 5557 legimus.
2516 5491 2567 5543 Et
2595 5495 2851 5557 perspicue
2878 5494 2928 5541 in
2958 5491 3177 5557 ejusdem
3204 5491 3369 5557 operis
3394 5494 3480 5544 lib.
3511 5496 3560 5556 8,

1973 5570 2017 5607 c.
2035 5558 2081 5614 5,
2098 5556 2161 5605 de
2177 5569 2233 5605 se
2249 5555 2618 5604 conversionem
2633 5555 2891 5605 ditl'erente
2907 5555 3161 5606 confitetur
3181 5570 3193 5605 :
3218 5555 3307 5606 (Et
3335 5571 3429 5606 non
3458 5555 3564 5609 erat

1982 5638 2004 5666 ι
2012 5622 2113 5683 jam
2130 5616 2221 5691 “illa
2250 5619 2529 5691 excusatio,
2568 5630 2663 5691 qua
2702 5618 2857 5691 videri
3049 5619 3267 5691 solebam
3303 5628 3563 5691 propterea

1980 5680 2227 5744 t'nondum
2254 5692 2335 5729 me
2362 5686 2638 5744 contempto
2662 5680 2840 5730 seculo
2880 5682 3067 5744 servire
3094 5682 3209 5741 tibi,
3239 5680 3351 5744 quia
3378 5682 3563 5731 incerta

1980 5743 2133 5793 «mihi
2163 5750 2299 5794 esset
2325 5742 2579 5806 perceptio
2606 5744 2827 5797 veritatis
2858 5755 2872 5794 :
2902 5742 2997 5791 iam
3028 5744 3159 5793 enim
3197 5742 3269 5793 et'
3288 5744 3393 5805 ipsa
3426 5750 3562 5793 cem

1980 5824 2004 5854 ι
2019 5813 2141 5859 erat.
2156 5822 2179 5861 η
