4078 6366
510 369 610 431 951

508 514 654 572 viros
679 522 775 568 eos
800 505 964 561 fuisse
992 496 1240 565 arbitror,
1269 493 1358 568 qui
1387 491 1548 549 rebus
1576 486 1850 544 nescirent
1875 475 2091 534 nomina

509 611 821 684 inponere;
853 599 948 660 sed
976 596 1104 656 mihi
1133 595 1247 650 hare
1271 585 1527 645 vocabula
1554 574 2087 684 νὶιιξξιιξυγξιρεῑξεθ,

508 663 688 760 cited
713 663 1084 754 occultandam
1129 681 1466 745 tardioribus,
1498 683 1554 732 et
1598 672 1664 728 ad
1689 663 2091 741 signiﬁcandam

508 788 932 868 vigilantioribus
952 777 1269 838 sententiam
1301 787 1470 830 suam.
1495 764 1647 837 Quod
1677 776 1843 836 quare
1872 767 1926 814 et
1954 769 2089 828 quo-

510 851 672 946 mbdo
696 883 824 940 mihi
851 878 1113 940 videatur,
1138 883 1421 943 exponam,
1446 877 1564 919 cum
1593 859 1740 931 prius
1766 855 1854 910 illa
1882 851 2089 908 discus-

509 991 809 1052 sero,qu:e
834 973 902 1030 ab
945 969 1023 1026 eis
1050 977 1297 1038 tanquam
1336 954 1654 1030 cognitionis
1696 951 1946 1007 humana:
1985 944 2091 1001 ini-

703 1037 843 1130 dicta
892 1062 1136 1119 homines
1164 1037 1382 1129 putant.
1414 1050 1596 1120 Itaque
1627 1042 1952 1118 perlibenter
1993 1037 2091 1092 ha-

505 1168 613 1226 beo
636 1166 908 1231 hucusque
936 1154 1096 1213 hodie
1119 1160 1363 1207 nostrum
1397 1142 1736 1216 processisse
1763 1148 2088 1199 sermonem,

513 1269 565 1316 ut
591 1260 722 1315 satis
767 1250 896 1325 quid
938 1249 1076 1305 inter
1106 1260 1203 1300 nos
1245 1245 1592 1313 quaereretur,
1634 1239 1923 1303 aperteque
1965 1240 2094 1280 con-

505 1361 692 1409 staret.
717 1322 851 1404 Nam
878 1343 953 1400 illi
983 1339 1110 1396 mihi
1133 1335 1378 1391 videntur
1406 1342 1594 1400 graves
1620 1322 1840 1379 omnino
1869 1334 1930 1373 ac
1963 1332 2088 1388 pru-

503 1446 694 1502 dentes
742 1438 842 1494 viri
891 1435 1074 1490 fuisse.
1109 1430 1166 1486 Si
1207 1425 1336 1502 quid.
1380 1432 1463 1478 est
1514 1428 1712 1482 autem,
1767 1412 1907 1486 quod
1952 1425 2092 1465 nunc

503 1531 892 1607 disputabimus
912 1526 1169 1584 adversus
1197 1533 1290 1576 eos
1315 1515 1417 1570 erit
1448 1515 1486 1578 ί,
1515 1511 1604 1584 (ιυί
1634 1504 1985 1564 Academicos
2013 1502 2092 1556 in-

503 1599 744 1687 ventioni
774 1621 1018 1681 veritatis
1039 1618 1294 1674 adversos
1333 1605 1500 1666 fuisse
1526 1603 1882 1662 crediderunt.
1918 1599 1985 1654 Et
2027 1612 2092 1651 ne

502 1738 592 1780 me
619 1720 862 1778 territum
889 1723 1062 1788 putes,
1086 1710 1244 1767 etiam
1267 1713 1454 1760 contra
1480 1714 1571 1756 eos
1597 1697 1741 1768 ipsos
1762 1710 1866 1749 non
1898 1691 2091 1746 invitus

503 1815 775 1879 armabor,
806 1809 854 1864 si
878 1823 986 1864 non
1008 1797 1344 1861 occultandm
1370 1792 1648 1851 sententiae
1677 1803 1785 1844 sum
1813 1799 1992 1848 causa,
2025 1798 2093 1837 ne

504 1909 573 1966 ab
615 1907 696 1962 eis
743 1875 945 1962 temere
982 1896 1196 1971 pollutis
1240 1889 1529 1951 mentibus,
1571 1891 1625 1939 et
1649 1880 1798 1953 quasi
1835 1875 2089 1950 profanis,

506 1999 753 2071 quietiam
787 1969 1025 2050 veritatis
1053 2003 1204 2045 sacra
1243 1981 1632 2056 proderentur;
1673 1972 1764 2029 sed
1803 1986 1869 2027 ex
1915 1969 2094 2024 animo

514 2057 614 2148 illa
640 2103 760 2161 quae
789 2086 846 2141 in
871 2097 1057 2142 eorum
1086 2077 1232 2134 libris
1255 2073 1478 2144 legimus
1504 2111 1516 2134 ,
1551 2063 1922 2123 defenderunt.
1941 2057 2093 2126 Quod

507 2158 673 2243 hodie
713 2182 965 2245 facerem,
1014 2176 1116 2231 nisi
1143 2187 1241 2229 nos
1283 2169 1410 2226 solis
1450 2179 1673 2221 occasus
1717 2160 1826 2232 jam
1876 2158 2094 2212 domum

505 2277 685 2336 redire
707 2271 1071 2344 colopelleret.
1101 2266 1368 2321 llactenus
1403 2261 1491 2315 illo
1521 2258 1606 2314 die
1627 2254 1954 2324 disputatum
1982 2256 2085 2304 est.

1055 2380 1329 2423 DISPUTATIO
1351 2378 1536 2417 TERTIA.

794 2458 1021 2522 CAPUT
1058 2455 1150 2513 XI.
1177 2481 1254 2496 -—
1276 2449 1548 2507 Probabile
1569 2444 1691 2517 quid
1717 2443 1801 2498 sit.

580 2559 669 2616 25.
723 2553 988 2614 Postridie
1029 2556 1208 2608 autem
1261 2541 1501 2613 quamvis
1541 2553 1647 2594 non
1713 2535 1892 2590 minus
1944 2528 2099 2586 blan-

508 2653 610 2711 dus
658 2649 1084 2720 tranquillusque
1135 2641 1249 2698 dies
1296 2636 1598 2700 illuxisset,
1628 2631 1717 2686 vix
1767 2637 1944 2683 tamen
1995 2624 2095 2680 do-

505 2717 744 2803 rusticis
784 2717 1012 2810 negotiis
1055 2732 1257 2794 evoluti
1282 2743 1486 2788 sumus.
1524 2724 1657 2782 Nam
1694 2735 1938 2792 tuagnam
1980 2717 2098 2787 ejus

508 2848 722 2912 partem
746 2836 801 2890 in
826 2831 1178 2904 epistolaruln
1197 2825 1429 2882 maxime
1447 2820 1737 2890 scriptione
1757 2827 2098 2883 consumpse-

510 2905 720 2987 raltus.
758 2927 825 2983 Et
867 2938 989 2980 cum
1028 2921 1141 2992 jam
1188 2919 1308 2974 duae
1335 2916 1485 2973 horae
1526 2913 1612 2967 vix
1653 2909 1868 2980 reliquas
1898 2905 2099 2969 forent,

511 3021 582 3078 ad
632 3028 843 3091 pratum
885 3013 1267 3087 processimus.
1309 3009 1441 3065 Nam
1472 3005 1728 3062 invitabat
1771 3001 1894 3057 coeli
1935 2998 2098 3053 nimia

510 3113 794 3177 serenitas,
823 3108 1142 3180 placuitque,
1188 3113 1248 3160 ut
1284 3116 1354 3158 ne
1382 3101 1554 3170 ipsum
1583 3097 1801 3169 quidem
1841 3091 1984 3164 quod
2012 3106 2099 3146 re-

514 3208 730 3266 stiterat
752 3213 983 3274 tempus,
1005 3200 1185 3271 perire
1213 3205 1540 3270 pateremur.
1569 3192 1752 3260 Itaque
1777 3204 1898 3244 cum
1918 3185 1984 3242 ad
2010 3199 2100 3238 ar-

513 3299 704 3355 borem
748 3295 962 3352 solitam
995 3298 1214 3348 ventum
1235 3296 1402 3355 esset,
1430 3294 1483 3340 et
1525 3282 1908 3340 mansissemus
1936 3277 2055 3332 loco
2084 3292 2098 3330 :

515 3390 687 3446 Velim
716 3401 832 3452 vos,
881 3387 1120 3455 inquam,
1157 3377 1567 3442 adolescentuli,
1595 3373 1847 3444 quoniam
1888 3384 1993 3425 non
2021 3373 2104 3423 est

513 3483 676 3540 hodie
698 3493 891 3551 magna
916 3492 1005 3533 res
1029 3471 1406 3547 aggredienda,
1435 3471 1490 3525 in
1519 3467 1835 3525 memoriam
1863 3463 1996 3518 mihi
2019 3476 2102 3516 re-

513 3577 738 3641 vocetis,
769 3571 1038 3646 quomodo
1063 3569 1318 3626 hesterno
1343 3566 1429 3621 die
1459 3559 1836 3634 rogatiuncula:
1866 3573 1984 3628 quae
2010 3569 2105 3610 vos

511 3669 769 3733 turbavit,
813 3665 1037 3738 Alypius
1075 3659 1430 3733 reSponderit.
1469 3657 1570 3711 llic
1614 3652 1888 3710 Licentius
1928 3648 2102 3704 :Tam

517 3761 680 3822 breve
705 3768 810 3828 est,
851 3757 1045 3829 inquit,
1081 3763 1141 3810 ut
1185 3752 1317 3808 nili-il
1345 3749 1542 3821 negotii
1570 3748 1638 3802 sit
1664 3746 1764 3800 hoc
1793 3740 2103 3806 recordari;

513 3869 682 3926 quam
701 3853 820 3909 leve
853 3851 924 3906 sit
949 3857 1128 3905 autem
1171 3855 1228 3906 tu
1253 3843 1467 3900 videris.
1512 3839 1668 3905 Nam,
1697 3846 1754 3891 ut
1779 3835 1990 3908 opinor,
2016 3849 2107 3888 ve-

520 3925 621 4002 tuit
647 3954 720 4010 te,
753 3958 842 4000 res
869 3957 990 3998 cum
1019 3945 1312 4003 constaret,
1336 3935 1403 3990 de
1421 3931 1600 3989 verbis
1621 3944 1838 3986 movere
1858 3925 2110 3998 quaestio-

520 4053 667 4095 nem.
711 4037 778 4091 Et
804 4049 903 4106 ego
937 4032 1090 4091 :Hoc
1116 4032 1312 4103 ipsum,
1347 4029 1578 4097 inquam,
1610 4023 1736 4096 quid
1765 4023 1853 4089 sit,
1882 4035 2121 4092 quamve.

519 4131 718 4187 habeat
760 4127 891 4191 vim,
944 4125 1076 4182 satis
1117 4117 1606 4178 animadvertistis?
1652 4115 1868 4179 Videor,
1913 4111 2104 4182 inquit,

522 4221 659 4278 mihi
680 4219 864 4275 videre
885 4216 1014 4288 quid
1027 4217 1124 4281 sit;
1149 4213 1245 4270 sed
1270 4226 1472 4281 quaeso,
1497 4218 1550 4264 tu
1574 4207 1628 4264 id
1645 4207 1914 4279 pauliSper
1941 4217 2101 4274 expo-

519 4328 642 4370 nas.
674 4311 807 4368 Nam
825 4325 969 4380 sape
990 4308 1090 4364 abs
1107 4316 1159 4363 te
1182 4305 1382 4372 audivi,
1405 4313 1557 4372 turpe
1578 4315 1697 4357 esse
1717 4295 2109 4368 disputantibus

520 4407 577 4464 in
627 4406 913 4462 verborum
956 4402 1251 4473 quaestione
1313 4397 1607 4464 immorari,
1662 4411 1782 4450 cum
1836 4402 2108 4448 certamen

525 4499 732 4555 nullum
765 4497 836 4553 de
859 4495 1022 4551 rebus
1061 4491 1396 4551 remanserit.
1439 4489 1544 4546 Sed
1588 4488 1691 4543 hoc
1729 4485 1977 4542 subtilius
2004 4490 2104 4547 cst,

518 4603 682 4663 quam
698 4600 760 4647 ut
786 4587 1166 4660 explicandum
1189 4603 1220 4642 a
1250 4602 1336 4644 nte
1361 4585 1556 4642 debeat
1578 4581 1823 4652 ﬂagitari.

591 4682 687 4739 ω.
719 4682 916 4738 Audite
937 4697 1090 4752 ergo,
1119 4680 1358 4750 ineptam,
1393 4677 1520 4748 quid
1549 4677 1639 4742 sit,
1671 4690 1787 4730 vos.
1821 4671 1878 4728 Id
1910 4669 2104 4742 probae

513 4775 625 4856 bile
661 4775 744 4830 vel
783 4773 1074 4830 verisimile
1109 4770 1420 4827 Academici
1461 4776 1681 4834 vocant,
1732 4764 1876 4836 quod
1911 4779 2008 4820 nos
2038 4763 2108 4818 ad

517 4866 792 4939 agam-um
813 4866 930 4921 sine
955 4864 1269 4922 assensione
1291 4871 1468 4932 potest
1500 4859 1745 4915 invitare.
1778 4856 1906 4910 Sine
1931 4870 2109 4910 assen~

514 4959 676 5016 sione
701 4967 882 5014 autem
923 4956 1061 5022 dico,
1092 4955 1165 5012 Ut
1188 4955 1240 5011 id
1283 4953 1424 5022 quod
1459 4952 1664 5023 agimus
1691 4965 1795 5005 non
1827 4949 2111 5018 opinemur

516 5067 705 5108 verum
735 5065 881 5116 esse,
901 5058 994 5106 aut
1018 5064 1128 5105 non
1149 5048 1202 5103 id
1225 5047 1363 5103 seire
1394 5045 1747 5110 arbitremur;
1775 5058 1994 5114 agamus
2021 5051 2106 5097 ta-

518 5159 664 5200 men.
698 5142 769 5199 Ut
793 5142 942 5197 verbi
988 5155 1168 5207 causa,
1214 5149 1392 5194 utrum
1432 5139 1679 5194 hesterna
1722 5145 1879 5191 nocte
1906 5142 2016 5188 tam
2043 5134 2110 5188 li-

514 5237 682 5310 quida
711 5251 776 5292 ae
804 5251 958 5308 pura,
992 5235 1150 5290 hodie
1177 5243 1283 5287 tam
1314 5233 1466 5288 la-tus
1493 5231 1574 5287 sol
1613 5239 1900 5287 exorturus
1931 5236 2100 5295 esset,

513 5327 564 5388 si
593 5346 696 5388 nos
715 5329 979 5401 quispiam
1008 5337 1251 5399 rogaret;
1281 5321 1448 5383 credo
1476 5324 1617 5397 quod
1645 5337 1740 5379 nos
1782 5322 1834 5378 id
1862 5321 2001 5378 scire
2024 5337 2112 5376 ne-

513 5434 784 5496 garemus,
814 5423 1116 5478 diceremus
1160 5429 1338 5476 tamen
1378 5422 1449 5474 ita
1490 5418 1678 5474 videri.
1719 5417 1888 5485 Talia,
1936 5414 2112 5486 inquit

514 5517 893 5582 Academicus,
921 5517 1050 5572 mihi
1077 5513 1326 5572 videntur
1351 5511 1527 5570 omnia
1558 5529 1676 5585 qua:
1707 5511 1998 5584 probabilia
2025 5511 2109 5566 vel

521 5609 830 5668 verisimilia
860 5608 1041 5681 putavi
1070 5607 1423 5673 nominanda;
1451 5621 1570 5676 qtae
1603 5617 1656 5659 tu
1682 5604 1729 5658 si
1756 5604 1863 5658 alio
1889 5602 2107 5660 nomine

512 5704 596 5763 ὼ
622 5717 841 5770 vocare,
868 5700 1002 5756 nihil
1025 5716 1280 5772 repugno.
1311 5700 1451 5756 Satis
1473 5699 1617 5766 enim
1636 5697 1766 5753 mihi
1795 5705 1897 5763 est,
1929 5706 1980 5752 te
1995 5697 2110 5767 jam

570 5826 588 5859 ⁸
615 5833 740 5896 νεῖαι
763 5818 1149 5896 simam
1172 5817 1724 5887 ἀίδρωαυίιξλιιενοοπινα
1745 5829 1824 5869 εοδ
1845 5815 2107 5883 “Wa”
2162 5809 2202 5844 "‘
2237 5809 2303 5896 Vi.
2994 5860 3228 5896 ...,...,..,.-,.-
3249 5809 3346 5896 ,ἷκε

2199 5949 2216 5954 η
2288 5873 2305 5906 ι
2329 5879 2430 5921 Par.
2455 5875 2530 5921 Er.
2557 5869 2972 5930 veu.,swpctenus
2994 5860 3228 5930 probabili
3249 5860 3450 5917 ratione.
3507 5866 3563 5912 tt.

505 5900 630 5954 mus,
655 5894 756 5954 qui.
805 5894 861 5942 ω.

1513 346 1786 408 CONTRA
1826 331 2286 399 ΑΩᾹΒΕΗΙΙῙΟΒ,
2328 331 2384 387 S.
2425 331 2798 390 AUGUSTINI

2201 452 2339 508 bene
2367 454 2636 524 accepisse
2672 452 2799 524 quid
2845 452 3040 518 dicam,
3079 452 3136 512 id
3166 460 3250 507 est
3271 451 3468 523 quibus
3493 451 3654 512 rebus
3687 451 3806 511 hate

2199 549 2418 604 nomina
2460 547 2752 617 imponam.
2785 547 2904 604 Non
2931 548 3074 608 enim
3104 546 3483 603 vocabulorum
3523 545 3799 617 opiﬁcem,

2199 642 2295 698 sed
2323 657 2504 697 rerum
2530 641 2900 712 inquisitorem
2922 640 3077 696 decet
3099 654 3220 696 esse
3244 640 3558 708 sapientein.
3578 637 3795 696 Satisne

2199 734 2558 802 intellexistis,
2599 733 2868 805 quomodo
2911 733 3046 788 mihi
3082 731 3285 790 ludicra
3329 732 3417 788 illa
3451 729 3648 802 quibus
3699 745 3794 786 vos

2198 831 2484 902 agitabam,
2513 829 2582 885 de
2625 828 2878 886 manibus
2918 841 3146 884 excussa
3177 824 3324 884 sint?
3352 824 3448 881 llic
3490 840 3616 880 eunt
3640 824 3810 880 ambo

2199 941 2260 983 se
2304 926 2632 982 intellexisse
2670 923 3096 994 respondissent,
3121 921 3380 990 vultuque
3409 918 3529 988 ipso
3573 933 3804 988 respon-

2198 1021 2404 1076 sionem
2453 1019 2783 1090 postularent
2827 1027 3045 1074 tttnam:
3090 1013 3232 1080 Quid
3261 1013 3494 1083 putatis,
3541 1011 3804 1082 inquam?

2199 1112 2515 1168 CicerOnem
2543 1111 2694 1182 cuius
2733 1110 2849 1166 hac
2877 1109 3040 1167 verba
3065 1117 3211 1176 sunt,
3259 1107 3474 1177 inopem
3520 1105 3686 1162 fuisse
3715 1105 3802 1158 la-

2200 1207 2324 1260 tina:
2354 1206 2567 1275 lingute,
2609 1215 2667 1259 ut
2707 1205 2890 1259 mitius
2931 1211 3062 1273 apta
3103 1200 3272 1264 rebus
3313 1199 3638 1271 imponeret,
3667 1211 3806 1269 quas

2198 1297 2480 1361 sentiebat,
2499 1294 2753 1350 manna?

2268 1387 2495 1444 CAPUT
2537 1386 2648 1442 Xll.
2677 1415 2750 1428 υ·-
2777 1384 3004 1440 Rursum
3027 1383 3090 1442 de
3118 1380 3367 1454 probabili
3386 1389 3430 1435 et
3449 1378 3727 1436 verisimili.

2269 1481 2359 1536 27.
2418 1480 2552 1536 Tum
2609 1480 2892 1550 Trygetius
2922 1495 2936 1532 :
2968 1477 3108 1546 Jam,
3158 1475 3350 1546 inquit,
3405 1474 3579 1544 placet
3618 1470 3800 1538 nobis,

2198 1587 2322 1629 cum
2357 1589 2446 1628 res
2484 1580 2609 1628 nota
2653 1571 2742 1638 sit,
2770 1571 2838 1627 de
2878 1569 3058 1626 verbis
3111 1568 3286 1628 nullas
3335 1565 3627 1624 calumnias
3652 1579 3805 1620 com-

2203 1682 2440 1722 movere.
2509 1666 2686 1732 Quare
2731 1663 2857 1718 vide
2904 1661 3081 1733 potius
3126 1659 3254 1731 quid
3297 1659 3422 1714 huic
3475 1656 3807 1727 respondeas

2199 1759 2287 1832 qui
2340 1773 2440 1814 nos
2493 1757 2760 1823 liberavit,
2794 1757 2849 1810 in
2895 1770 3029 1827 quos
3083 1764 3140 1810 tu
3193 1753 3452 1824 impulsus
3492 1759 3669 1806 tentes
3701 1750 3806 1804 itc-

2198 1867 2316 1906 rum
2348 1852 2568 1905 irruere.
2594 1849 2662 1904 Et
2697 1847 2968 1904 Licentius
3009 1865 3022 1900 :
3052 1847 3208 1902 Mane
3231 1887 3248 1913 ,
3275 1845 3384 1912 ait,
3409 1858 3593 1914 quaeso
3624 1859 3638 1898 :
3670 1857 3804 1897 nam

2199 1942 2330 1998 mihi
2374 1942 2617 1998 sublucet
2661 1940 2840 1996 nescio
2867 1939 3017 2010 quid,
3045 1954 3154 2009 quo
3199 1938 3409 1994 videam
3433 1953 3540 1994 non
3565 1936 3658 1992 tibi
3693 1944 3806 1992 tam

2198 2033 2354 2090 facile
2379 2042 2583 2088 tantum
2614 2041 2987 2103 argumentum
3013 2030 3146 2101 eripi
3170 2029 3443 2086 debuisse.
3469 2029 3537 2084 Et
3554 2043 3682 2084 cunt
3701 2026 3805 2082 de-

2199 2129 2338 2181 tixus
2366 2127 2420 2180 in
2458 2126 2786 2197 cogitatione
2826 2124 3062 2179 siluisset
3104 2123 3437 2192 aliquantum
3467 2138 3481 2176 :
3510 2120 3680 2190 Rogo,
3716 2119 3807 2174 in-

2199 2219 2332 2290 quit,
2362 2217 2495 2272 nihil
2521 2217 2654 2272 mihi
2675 2216 2886 2272 videtur
2913 2230 3033 2271 esse
3067 2213 3374 2278 absurdius,
3402 2228 3561 2284 quam
3600 2211 3806 2278 dicere,

2200 2325 2261 2366 se
2291 2310 2584 2365 verisimile
2615 2309 2787 2380 sequi,
2817 2324 2938 2364 eum
2970 2308 3058 2378 qui
3081 2322 3263 2360 verum
3286 2304 3415 2376 quid
3439 2305 3510 2359 sit
3537 2304 3752 2374 ignoret
3789 2320 3810 2356 :

2202 2421 2302 2462 nec
2333 2406 2422 2460 illa
2449 2420 2537 2461 me
2565 2413 2655 2460 tua
2696 2401 2987 2459 similitudo
3013 2400 3317 2458 conturbat.
3363 2398 3498 2454 Nam
3529 2407 3677 2453 recte
3701 2410 3816 2466 ego

2202 2500 2578 2570 interrogatus,
2621 2506 2800 2553 utrum
2829 2511 2895 2551 ex
2933 2494 3036 2549 ista
3092 2491 3349 2562 temperie
3389 2491 3516 2548 cteli
3555 2489 3704 2545 nulla
3747 2489 3818 2544 in

2203 2595 2493 2660 crastinum
2522 2593 2696 2664 pluria
2722 2599 2966 2662 cogatur,
2996 2585 3294 2656 respondeo
3320 2600 3381 2640 es
3399 2599 3462 2640 se
3490 2582 3814 2650 verisimile,

2203 2689 2292 2759 qui
2322 2705 2409 2744 me
2437 2703 2544 2743 non
2587 2703 2727 2758 nego
2751 2699 2912 2741 nosse
2948 2681 3150 2752 aliquid
3176 2679 3310 2736 veri.
3339 2678 3476 2734 Nam
3504 2676 3617 2732 seio
3639 2676 3814 2732 arbo—

2203 2795 2318 2838 rem
2347 2782 2503 2836 istam
2549 2779 2711 2834 modo
2735 2784 3044 2848 argenteam
3087 2773 3203 2830 ﬁeri
3233 2785 3341 2826 non
3381 2785 3576 2841 posse,
3606 2769 3816 2824 multa—

2207 2889 2314 2946 que
2358 2875 2483 2928 talia
2526 2888 2653 2927 vera
2685 2887 2790 2926 non
2821 2867 3162 2939 impudenter
3202 2879 3290 2920 me
3316 2863 3458 2920 scire
3484 2861 3624 2926 dico,
3667 2875 3819 2930 quo—

2208 2983 2328 3024 rum
2357 2966 2515 3021 video
2549 2979 2670 3020 esse
2690 2962 2883 3019 similia
2900 2976 2962 3018 ea
2979 2974 3100 3030 qum
3127 2955 3436 3014 verisimilia
3461 2954 3700 3009 nomine.
3729 2951 3818 3009 Tu

2205 3075 2356 3130 vero,
2382 3058 2706 3127 Carneades,
2734 3056 2821 3112 vel
2849 3069 2968 3125 qua:
2987 3052 3280 3122 aliagranca
3302 3047 3487 3118 pestis,
3510 3054 3569 3102 ut
3599 3043 3812 3102 nostris

2207 3171 2424 3228 parcam
2474 3150 2636 3228 (quid
2675 3150 2820 3207 enim
2848 3149 3091 3205 dubitem
3137 3145 3194 3200 in
3219 3147 3358 3198 hanc
3385 3148 3594 3212 partem
3625 3147 3814 3194 trans-

2208 3250 2289 3306 ire
2312 3249 2380 3304 ad
2395 3263 2518 3305 eum
2535 3247 2620 3302 cui
2641 3244 2880 3315 captivus
2897 3241 3098 3298 debeat
3117 3238 3239 3309 jure
3254 3233 3489 3292 victoria:
3505 3234 3574 3304 ?):
3604 3240 3659 3287 tu
3678 3243 3818 3299 ergo

2209 3356 2331 3395 cum
2359 3348 2412 3394 te
2439 3338 2571 3394 nihil
2598 3336 2710 3392 veri
2747 3336 2885 3390 scire
2910 3332 3078 3398 dicas,
3107 3328 3250 3384 unde
3278 3327 3382 3382 hoc
3407 3323 3695 3380 verisimile
3718 3336 3810 3378 se-

2209 3428 2428 3502 queris?
2454 3429 2528 3483 At
2554 3429 2702 3483 enim
2731 3439 2926 3480 nomn
2952 3423 3005 3478 ei
3033 3437 3139 3477 non
3166 3418 3316 3490 potui
3338 3415 3485 3474 aliud
3504 3416 3809 3486 imponere.

2211 3523 2348 3590 Quid
2374 3537 2502 3592 ergo
2530 3519 2688 3575 nobis
2714 3514 3094 3589 disputandum
3114 3521 3199 3568 est
3223 3524 3346 3566 cum
3373 3523 3459 3574 eo,
3478 3507 3568 3578 qui
3595 3520 3694 3560 nec
3722 3505 3815 3558 lo-

2211 3615 2303 3687 qui
2331 3612 2550 3685 potest?

2283 3710 2373 3766 28.
2403 3705 2520 3763 Non
2567 3715 2688 3777 ego,
2727 3701 2904 3773 inquit
2945 3697 3192 3770 Alypius,
3240 3691 3491 3768 perfugas
3529 3699 3766 3752 metuam
3801 3706 3821 3743 :

2213 3810 2416 3874 quanto
2438 3800 2618 3854 minus
2652 3795 2743 3850 ille
2769 3791 3094 3857 Carneades,
3142 3789 3197 3844 in
3236 3802 3397 3858 quem
3425 3783 3609 3840 nescio
3635 3790 3825 3838 utrum

2219 3895 2444 3968 juvenili
2475 3908 2542 3947 an
2585 3889 2778 3961 puerili
2807 3886 3028 3942 levitate
3053 3888 3379 3945 commotus,
3409 3875 3694 3932 maledicta
3721 3887 3828 3943 po-

2216 3967 2322 4045 tius
2352 4002 2512 4058 quam
2541 3982 2754 4055 aliquod
2779 3982 2938 4035 telum
2956 3977 3156 4049 putasti
3185 3990 3308 4030 esse
3317 3969 3663 4043 jaciendum?
3681 3967 3825 4023 Nam

2215 4083 2292 4138 illi
2321 4080 2537 4152 quidem
2582 4076 2652 4131 ad
2701 4071 3060 4129 roborandam
3108 4066 3428 4126 sententiam
3475 4078 3648 4130 suam,
3697 4076 3826 4132 quae

2216 4187 2430 4245 semper
2454 4182 2613 4228 tenus
2639 4167 2898 4240 probabili
2919 4167 2936 4197 ι
2961 4163 3178 4220 fundata
3207 4161 3328 4227 fuit,
3346 4158 3450 4218 hoc
3477 4156 3694 4212 interim
3715 4154 3820 4227 ad-

2215 4279 2430 4323 versum
2463 4273 2516 4320 te
2553 4262 2715 4317 facile
2743 4257 3031 4322 sutl‘eeerit,
3073 4256 3144 4309 ita
3170 4267 3270 4307 nos
3297 4267 3328 4305 a
3367 4251 3480 4307 veri
3507 4248 3826 4304 inventione

2215 4359 2407 4431 procul
2435 4369 2557 4412 esse
2585 4354 2811 4424 positos,
2841 4359 2899 4404 ut
2928 4357 2985 4404 tu
3019 4347 3108 4403 tibi
3141 4347 3253 4416 ipse
3278 4358 3474 4413 magno
3497 4347 3825 4412 argumento

2216 4469 2338 4511 esse
2387 4451 2582 4522 possis,
2611 4448 2700 4518 qui
2731 4448 2800 4500 ita
2827 4459 2934 4498 una
2957 4439 3466 4512 interrogatiuncula
3494 4437 3615 4496 loco
3641 4446 3827 4490 motus

2215 4563 2300 4616 es,
2329 4555 2387 4601 ut
2418 4544 2507 4600 ubi
2541 4543 2636 4598 tibi
2662 4540 2912 4595 standum
2935 4545 3102 4603 esset,
3147 4534 3360 4605 penitus
3381 4532 3682 4602 ignorares.
3710 4527 3827 4586 Sed

2215 4641 2353 4707 haec,
2388 4647 2548 4709 angue
2574 4635 2858 4692 scientiam
2884 4641 3053 4696 tuam,
3095 4643 3253 4700 quam
3285 4627 3379 4684 tibi
3406 4626 3724 4695 impressam
3748 4620 3826 4678 de

2215 4732 2318 4787 hac
2361 4731 2556 4784 arbore
2595 4726 2756 4798 paulo
2785 4734 2909 4780 ante
2945 4722 3224 4778 confessus
3245 4735 3329 4787 es,
3355 4718 3414 4776 ia
3437 4715 3584 4774 aliud
3605 4724 3827 4785 tempus

2216 4823 2546 4881 differamus.
2575 4819 2836 4886 Quamvis
2861 4816 3006 4872 enim
3023 4815 3133 4885 jam
3157 4814 3289 4869 alias
3317 4821 3502 4883 partes
3525 4807 3809 4879 delega-is,

2215 4925 2396 4972 tamen
2439 4913 2632 4968 sedulo
2660 4908 2938 4965 docendus
2969 4924 3029 4963 es
3068 4905 3198 4977 quid
3229 4903 3386 4976 paulo
3413 4911 3540 4958 ante
3566 4899 3804 4956 dixerint

2214 5008 2462 5066 Nondum
2492 5005 2671 5068 enim,
2706 5012 2763 5056 ut
2788 5002 2998 5072 opinor,
3029 4974 3102 5054 inv
3127 4974 3247 5053 eam
3293 4996 3666 5066 qmestionem,
3711 4974 3836 5062 qua.

2215 5111 2395 5157 utrum
2426 5096 2653 5154 inveniri
2680 5109 2867 5149 verum
2894 5091 3064 5162 possit
3087 5089 3367 5162 quterilur,
3389 5084 3660 5157 progressi
3685 5082 3807 5142 fua-
3835 5072 3843 5086 ’

2215 5211 2402 5258 ramus
2427 5213 2440 5249 :
2473 5194 2568 5249 sed
2617 5191 2748 5246 illud
2777 5198 2983 5244 tantum
3010 5188 3064 5241 in
3095 5187 3213 5256 ipso
3241 5183 3509 5240 vestibulo
3535 5179 3819 5236 defensio—

2216 5290 2304 5347 nis
2328 5302 2462 5343 meae
2491 5281 2946 5356 pt-mscribendum
2969 5277 3171 5350 putavi,
3196 5278 3248 5332 in
3269 5291 3378 5346 quo
3402 5283 3455 5330 te
3479 5275 3678 5330 lassum
3702 5284 3825 5342 pm-

2217 5392 2554 5450 stratnmque
2581 5387 2992 5446 prospexeram;
3021 5373 3122 5427 hoc
3141 5380 3259 5438 est;
3292 5378 3472 5425 utrum
3500 5365 3818 5433 verisimile,

2219 5487 2287 5529 an
2321 5470 2620 5543 probabile,
2649 5482 2719 5522 an
2748 5468 2853 5521 alio
2877 5467 2922 5520 si
2945 5479 3057 5536 quo
3091 5463 3308 5520 nomine
3332 5460 3587 5532 appellari
3613 5465 3816 5528 potest,

2219 5565 2360 5637 quod
2389 5564 2488 5618 sibi
2513 5561 2815 5618 Academici
2845 5569 2925 5614 sat
2951 5573 3076 5614 esse
3101 5557 3302 5624 dicant,
3330 5552 3684 5624 querendum
3703 5565 3819 5608 non

2220 5677 2362 5719 esse.
2391 5660 2522 5714 Nam
2551 5660 2594 5712 si
2645 5667 2698 5712 tu
2725 5658 2963 5728 opt-intus
3001 5655 3110 5724 jam
3158 5654 3406 5707 inventor
3442 5647 3683 5706 veritatis
3721 5644 3821 5702 tibi

2220 5756 2438 5820 videris,
2473 5753 2599 5807 nihil
2649 5751 2714 5804 ad
2759 5768 2862 5804 me.
2913 5750 3101 5804 l’ostca
3128 5747 3171 5801 si
3221 5746 3453 5815 ingratus
3498 5759 3604 5798 non
3653 5739 3816 5799 lucris
