4078 6366
288 323 397 382 933

290 439 416 502 huic
456 439 752 517 patrocinio
808 422 968 512 meo,
1018 441 1204 500 eadem
1250 438 1478 498 fortasse
1519 457 1605 499 me
1645 441 1884 501 docebis.

292 557 520 618 CAPUT
559 556 696 616 Xlll.
721 585 794 600 --
825 556 906 615 An
942 555 1233 616 Academici
1269 555 1635 612 dissimularint
1669 573 1722 612 se
1757 556 1886 613 scire

1015 665 1207 705 verum.

361 743 454 801 29.
507 742 604 806 llic
653 757 791 814 ego,
826 757 950 800 cum
1024 739 1326 798 verecunde
1386 740 1658 798 Licentius
1709 743 1883 818 Alypii

289 837 549 909 impetum
603 833 948 901 formidaret;
989 832 1178 892 Omnia
1227 834 1402 906 potius
1426 877 1440 904 ,
1472 834 1685 907 inquam
1708 878 1726 904 ,
1758 833 1885 908 Aly-

289 930 366 1001 pi.
393 927 537 1001 loqui
590 925 844 994 maluisti,
867 941 1027 1000 quam
1062 925 1510 998 quemadmodum
1549 927 1704 986 nobis
1757 943 1882 983 cum

286 1023 375 1090 iis,
403 1021 494 1093 qui
515 1019 661 1091 loqui
680 1018 942 1087 nesciant,
967 1016 1344 1091 disputandum
1368 1019 1452 1075 sit.
1485 1017 1552 1074 Et
1572 1019 1659 1076 ille
1691 1038 1704 1074 :
1732 1019 1880 1087 Quo-

286 1113 436 1174 niam
478 1110 607 1168 olim
657 1117 766 1170 tum
806 1109 956 1177 mihi,
991 1118 1102 1164 tum
1156 1109 1406 1166 onmibus
1457 1119 1642 1166 notum
1691 1121 1795 1181 est,
1826 1119 1882 1168 et

285 1219 432 1261 nunc
473 1212 562 1262 tua
593 1201 926 1274 professione
966 1200 1095 1258 satis
1134 1200 1341 1258 indicas
1366 1210 1419 1257 te
1447 1201 1699 1272 loquendi
1731 1203 1879 1272 peri-

285 1307 402 1356 tum.
446 1313 600 1366 esse;
646 1297 804 1354 velim
842 1296 1078 1372 explices
1103 1295 1384 1352 utilitatem
1412 1296 1586 1368 primo
1613 1293 1773 1368 hujus
1792 1294 1877 1352 in-

285 1391 588 1464 quisitionis
606 1405 716 1448 suae
745 1390 786 1458 ¹,
811 1405 928 1462 quze
976 1396 1068 1446 aut
1113 1387 1380 1461 superflua
1422 1395 1526 1458 est,
1553 1397 1612 1444 ut
1657 1389 1874 1462 opinor,

284 1493 343 1540 et
367 1483 422 1540 ei
456 1483 626 1542 multo
650 1482 822 1556 magis
851 1479 1177 1554 respondere
1218 1479 1545 1552 superﬂuum
1573 1487 1685 1546 est;
1713 1490 1805 1535 aut
1832 1477 1878 1535 si

283 1575 564 1634 commoda
593 1574 704 1634 visa
733 1572 914 1642 fuerit,
940 1581 993 1630 et
1019 1589 1049 1627 a
1073 1588 1161 1630 me
1178 1571 1732 1646 cxplicarincquierit,
1753 1586 1875 1643 prc-

283 1668 432 1726 can'o
454 1667 553 1724 abs.
577 1675 630 1723 te
654 1667 959 1738 impetrem,
1007 1673 1064 1720 ut
1113 1665 1356 1736 magistri
1394 1663 1630 1719 oflicium
1661 1680 1728 1720 nc
1757 1680 1875 1734 gra-

283 1774 434 1819 vere.
459 1758 769 1828 Meministi,
811 1758 1046 1830 inquam,
1079 1757 1194 1814 heri
1220 1774 1307 1813 me
1345 1774 1464 1813 esse
1493 1758 1782 1828 pollicitum
1811 1757 1877 1814 de

284 1849 408 1910 istis
434 1847 706 1910 vocabulis
733 1857 852 1922 post
891 1859 1156 1905 acturum.
1190 1851 1255 1904 Et
1284 1866 1425 1905 nunc
1457 1851 1545 1906 ille
1574 1851 1656 1906 so'l
1685 1849 1873 1907 admo-

282 1951 396 2012 net,
428 1951 487 2002 It
512 1958 633 2016 quin
674 1941 878 1999 ludicra
907 1942 1089 2012 pueris
1120 1941 1367 2013 proposui
1391 1984 1406 2009 ,
1439 1941 1677 2013 redigam
1723 1942 1777 1996 in
1805 1941 1879 1996 ci-

282 2042 425 2102 stas;
481 2034 775 2107 praesertim
820 2050 940 2091 cum
991 2049 1053 2090 ea
1098 2033 1320 2089 ornandi
1360 2034 1472 2107 jam
1512 2035 1687 2105 potius
1717 2049 1876 2106 quam

283 2125 549 2188 vendendi
586 2127 755 2198 gratia
796 2143 1112 2200 proponam.
1167 2127 1320 2183 Nunc
1363 2137 1646 2200 antequam
1694 2129 1876 2183 stilum

282 2227 532 2280 nonter
553 2220 788 2277 tenebrae
809 2227 1090 2290 occupent,
1113 2235 1232 2292 qua:
1259 2229 1498 2291 patronm
1523 2219 1875 2276 Academico-

282 2327 406 2372 rum
453 2311 628 2368 solent
671 2326 812 2378 esse,
856 2310 980 2367 volo
1020 2310 1160 2365 inter
1217 2325 1313 2366 nos
1359 2309 1518 2366 hodie
1565 2310 1878 2382 plenissime

282 2411 536 2472 constet,
582 2403 649 2460 ad
693 2419 852 2476 quam
906 2402 1256 2475 quaestionem
1316 2403 1471 2458 nobis
1510 2403 1876 2474 explicandam

280 2513 442 2558 mane
470 2496 796 2570 surgendum
826 2497 918 2553 sit.
944 2495 1132 2570 Itaque
1155 2497 1442 2568 responde,
1471 2512 1674 2570 quaeso,
1702 2505 1877 2552 utrum

285 2587 381 2656 ω
408 2587 690 2648 videantur
723 2588 1029 2646 Academici
1059 2588 1306 2646 habuisse
1332 2599 1532 2645 certam
1567 2589 1634 2646 de
1656 2590 1878 2646 veritate

281 2680 628 2749 sementim},
684 2689 738 2736 et
765 2695 883 2736 eam
921 2690 1123 2738 temere
1160 2681 1354 2754 ignotis
1380 2682 1463 2736 vel
1506 2697 1611 2737 non
1645 2683 1879 2756 purgatis

280 2771 477 2842 animis
523 2770 754 2843 prodere
790 2772 1057 2840 noluisse;
1109 2788 1178 2828 an
1208 2789 1334 2829 vero
1381 2773 1454 2829 ita
1484 2775 1772 2844 senserint,
1822 2781 1880 2830 ut

279 2879 466 2922 eorum
489 2863 872 2938 disputationes
901 2881 961 2922 se
986 2865 1204 2922 habent.

346 2980 364 3011 ⁸
387 2977 501 3030 and.
527 2983 601 3027 Er.
629 2984 681 3043 et
699 2985 834 3041 μοι,
859 2977 1176 3043 inquisitionis
1199 2985 1312 3043 tum.
1345 2979 1438 3032 sed
1480 2978 1659 3032 melius
1701 2986 1802 3031 Am.
1827 2986 1882 3032 et

279 3048 519 3120 ltissim:
529 3052 549 3102 ;
570 3039 786 3091 relertur
810 3039 940 3092 enim
957 3041 1018 3090 ad
1038 3042 1320 3092 Licentium.

1637 326 1844 386 LlBEﬂ
1881 325 2178 387 mnus

3478 339 3586 399 9M

2064 444 2152 500 50.
2184 442 2322 499 Tum
2352 443 2442 501 ille
2473 459 2487 500 :
2517 443 2658 514 Quid
2685 444 2788 501 illis
2815 447 2977 503 animi
3006 447 3199 519 fuerit,
3229 451 3431 524 inquit,
3462 473 3570 518 non

1993 547 2196 594 temere
2220 537 2568 595 confirmabo.
2595 539 2728 595 Nam
2750 551 3008 611 quamam
3035 557 3103 598 ex
3127 543 3278 600 libris
3297 548 3472 621 colligi
3487 551 3586 608 da.

1993 639 2098 697 tur,
2129 639 2185 685 tu
2236 631 2428 687 melius
2469 633 2607 688 nosti
2650 649 2770 703 quae
2795 635 2850 690 in
2877 636 3038 692 verba
3065 639 3382 698 sententiam
3427 657 3583 701 suam

1990 737 2238 794 promere
2279 725 2487 780 soleant
2519 741 2533 778 :
2563 724 2644 780 Mc
2669 735 2847 783 autem
2875 728 2943 783 de
2995 730 3204 800 meipso
3228 731 3276 786 si
3305 736 3544 791 consulis

1989 814 2265 871 inventum
2293 817 2528 873 nondum
2551 831 2734 874 verum
2761 833 2882 876 esse
2904 830 3052 892 puto.
3080 799 3236 879 Addo
3251 825 3415 881 etiam
3436 799 3582 898 quod

1988 907 2056 964 de
2082 908 2416 966 Academicis
2441 909 2714 982 ﬂagitabas
2734 954 2748 978 ,
2777 927 2879 970 nec
2923 929 3084 986 posse
3109 916 3334 973 inveniri
3363 933 3451 976 me
3479 935 3580 990 pu-

1988 1009 2103 1057 tare
2119 1043 2132 1068 ,
2161 1017 2266 1058 non
2297 1003 2473 1058 solum
2502 1004 2685 1060 inclita
2709 1047 2725 1074 ,
2756 1020 2916 1078 quam
2942 1021 3160 1079 semper
3185 1009 3298 1066 fere
3322 1011 3573 1069 animad-

1985 1094 2191 1150 vertisti
2218 1094 2472 1166 Opinione
2499 1113 2617 1154 mea
2639 1140 2653 1166 ,
2686 1099 2783 1155 sed
2823 1099 2984 1156 etiam
3005 1103 3330 1160 auctoritate
3354 1120 3580 1176 magno-

1986 1202 2105 1243 rum
2153 1188 2701 1262 exceilcntiornmque
2751 1193 3223 1265 philosophorum;
3251 1199 3584 1269 quibusnas

1985 1279 2227 1352 praebere
2253 1284 2389 1337 colla
2415 1285 2532 1340 sive
2567 1285 2908 1344 imbecillitas
2932 1297 3114 1347 nostra
3134 1331 3149 1356 ,
3179 1291 3290 1346 sive
3315 1294 3580 1365 sagacitas

1984 1375 2248 1447 ipsorum,
2280 1377 2418 1432 ultra
2459 1395 2620 1449 quam
2663 1380 2794 1436 nihil
2844 1382 2955 1452 jam
3003 1383 3233 1440 ἱεινωὶτὶ
3265 1399 3426 1456 posse
3469 1401 3580 1445 cre-

1985 1470 2218 1526 dendum
2249 1481 2332 1526 est
2362 1515 2374 1536 ,
2407 1473 2589 1527 nescio
2617 1473 2886 1543 quomodo
2911 1475 3200 1546 compellit.
3225 1475 3340 1533 Hoc
3365 1486 3469 1545 est,
3502 1479 3582 1536 in-

1987 1547 2166 1633 quam,
2199 1563 2341 1634 quod
2368 1563 2529 1618 volui.
2556 1563 2688 1619 Nam
2717 1566 2963 1636 verebar,
2993 1581 3062 1623 ne
3087 1581 3214 1622 uim
3243 1568 3344 1624 tibi
3366 1585 3584 1642 quoque

1983 1653 2036 1711 id
2061 1654 2331 1711 videretur
2358 1655 2498 1726 quod
2527 1656 2690 1722 mihi;
2731 1657 3022 1728 disputatio
3061 1669 3247 1716 matrs
3275 1677 3463 1718 manca
3488 1678 3579 1719 re-

1982 1757 2224 1802 maneret
2249 1789 2264 1816 ,
2291 1748 2442 1804 nullo
2465 1748 2728 1804 existente
2751 1751 2841 1820 qui
2875 1765 2940 1805 ex
2967 1750 3134 1808 altera
3161 1764 3315 1822 parte
3341 1769 3455 1810 rem
3481 1771 3578 1812 ve-

1983 1838 2100 1894 nire
2128 1839 2179 1892 in
2206 1855 2394 1894 manus
2424 1850 2676 1910 cogeret,
2710 1849 2766 1896 ut
2793 1841 3076 1913 diligenter
3109 1854 3364 1914 quantum
3392 1861 3581 1917 possu-

1983 1945 2102 1986 mus
2135 1939 2454 1985 versaretur.
2490 1931 2671 2002 ltaque
2699 1933 2743 1988 si
2777 1931 2831 1988 id
2858 1934 3158 2005 evenisset,
3189 1946 3405 2006 paratus
3428 1952 3578 1995 eram

1987 2031 2037 2076 te
2065 2035 2255 2092 rogare
2278 2063 2291 2085 ,
2337 2028 2394 2075 ut
2450 2021 2892 2078 Academicorum
2922 2033 3102 2094 partes
3146 2024 3222 2080 ita
3246 2027 3580 2098 susciperes,

1982 2117 2132 2187 quasi
2163 2115 2257 2170 tibi
2308 2131 2415 2171 non
2461 2117 2634 2172 solum
2663 2116 2966 2189 disputasse
2986 2160 2999 2185 ,
3031 2119 3126 2175 sed
3153 2120 3316 2178 etiam
3343 2121 3584 2179 semisse

1982 2207 2311 2275 viderentur,
2341 2222 2527 2263 verum
2555 2223 2662 2264 non
2691 2223 2852 2280 posse
2883 2209 3284 2280 comprehendi.
3311 2211 3582 2281 Quaeritur

1984 2316 2112 2372 ergo
2150 2301 2292 2358 inter
2319 2317 2417 2359 nos
2439 2344 2452 2368 ,
2481 2311 2658 2357 utrum
2705 2302 2918 2358 illorum
2948 2305 3275 2375 argumentis
3303 2306 3584 2376 probabile

1984 2393 2052 2448 sit
2077 2393 2204 2449 nihil
2235 2395 2433 2466 percipi
2462 2409 2617 2466 posse
2633 2436 2647 2463 ,
2676 2409 2739 2450 ac
2762 2395 2892 2450 nulli
2913 2398 2990 2451 rei
3015 2411 3137 2454 esse
3153 2399 3575 2456 assmtiendum.

1983 2483 2137 2552 Quod
2187 2487 2231 2540 si
2273 2485 2597 2553 obtinneris,
2642 2485 2828 2541 cedam
2882 2486 3155 2544 libenter:
3184 2489 3230 2546 si
3274 2500 3454 2547 autem
3480 2490 3580 2548 de-

1983 2587 2284 2633 monstrare
2331 2588 2557 2648 potuero
2587 2577 2756 2633 multo
2783 2594 2906 2634 esse
2935 2581 3261 2650 probabilius
3280 2623 3295 2649 ,
3323 2590 3384 2638 et
3420 2597 3582 2655 posse

1985 2668 2053 2724 ad
2097 2669 2374 2724 veritatem
2420 2670 2702 2741 pervenire
2755 2672 3081 2741 sapientem,
3128 2682 3183 2728 et
3209 2675 3579 2732 asscnsionem

1985 2776 2093 2817 non
2141 2777 2354 2832 semper
2405 2778 2525 2818 csse
2571 2763 2961 2820 cohibendam:
3017 2763 3154 2819 nihil
3198 2765 3456 2835 habebis,
3515 2775 3579 2824 ua

1986 2854 2197 2924 opinor,
2232 2869 2327 2910 cur
2355 2868 2460 2908 non
2492 2863 2546 2910 te
2583 2855 2636 2910 in
2665 2871 2840 2911 meam
2871 2856 3189 2912 sententiam
3221 2858 3448 2915 transire
3474 2874 3574 2930 pa-

1985 2946 2153 3002 tiaris.
2207 2946 2360 3013 Quod
2399 2962 2520 3002 cum
2561 2947 2638 3002 illi
2668 2947 2954 3018 placuisset
3000 2957 3054 3004 et
3089 2951 3301 3008 cateris
3328 2952 3420 3022 qui
3445 2950 3576 3008 ade-

1984 3048 2133 3106 rant,
2162 3038 2275 3110 jam
2304 3055 2529 3112 vespere
2554 3040 2860 3097 obumbrati
2886 3041 3107 3098 domum
3134 3045 3471 3101 revenimus.

281 3203 3577 3240 WWW

1285 3310 1772 3420 LIBER
1812 3309 1822 3320 ’
1861 3311 2168 3424 TER
2195 3314 2372 3425 TI
2383 3315 2555 3424 US

343 3495 550 3572 exhibet
566 3571 572 3572 ί
583 3494 948 3572 diSputattones
985 3495 1107 3572 duas
1126 3531 1143 3560 ,
1187 3507 1392 3562 quarum
1430 3498 1573 3572 initio
1610 3500 1846 3572 statuitur
1881 3497 2262 3572 fortunam‘nlhil
2285 3501 2693 3572 sive__a(_ljumento
2713 3505 2820 3572 sive
2842 3505 3192 3569 impedimento
3213 3519 3325 3559 esse
3346 3510 3574 3572 sapienti.

285 3563 390 3624 uox
414 3561 713 3624 augnsunus
729 3593 746 3620 ,
768 3571 826 3610 re

829 3567 1079 3635 Βυβηειιιιὲ
1121 3561 1228 3633 PN.
1248 3561 1492 3635 ωξοερςὶξ
1535 3563 1756 3635 venibis
1799 3561 1993 3635 Alypio;
2038 3565 2211 3635 ambat
2251 3561 2623 3635 υοομίιιίιῖεοίτί
2647 3580 2676 3635 9
2718 3561 2943 3635 sapientis
2962 3577 3172 3635 ..αροιθ
3194 3573 3276 3635 qui
3302 3561 3482 3635 saltem
3504 3585 3578 3626 sa-

543 3621 1993 3704 ΒονῗεέἓςηίὲἓξιξάέιΞείίιΡΞίὲ-.⁴ξὲδῖέίιέίξὲξίξ,ἓξὲυέῗῇἓέ
2019 3621 2132 3704 .999
2146 3626 2253 3704 illa.
2271 3627 2526 3704 scelerauit
2547 3621 3132 3704 Aedemiéommiﬂatiiﬁ
3157 3646 3168 3682 =
3202 3621 3366 3704 illis“
3389 3621 3576 3704 βὲῦοῑιῖί

280 3681 459 3749 posse;
484 3701 507 3731 ι
538 3691 591 3735 et
606 3718 622 3747 ,
653 3701 678 3732 tt
691 3681 815 3735 nulli
831 3685 909 3736 rei
929 3683 1122 3736 debere
1144 3685 1389 3737 assentiri.
1411 3698 1435 3731 ι
1464 3686 1586 3736 Dicit
1605 3684 1802 3735 demum
1823 3681 1981 3738 videri
2016 3688 2109 3738 sibi
2134 3681 2450 3741 Academicos
2461 3704 2558 3741 non
2582 3691 2648 3742 ita
2662 3693 2876 3744 sensisse
2899 3681 2978 3745 uti
2993 3681 3141 3758 vulgo
3161 3681 3516 3746 existimantur.

1753 3799 2125 3854 τθζ-ο-ἒθῶηὴϐδ

850 3915 1126 3957 πειστηιο
1147 3917 1312 3956 FW.

353 3999 580 4059 CAPUT
609 3996 897 4058 PRIMUH.
919 4024 989 4042 -ο
1005 3995 1321 4069 Hagnopere
1335 3995 1610 4066 qummda
1636 3994 1818 4051 veritas

750 4101 885 4156 tonde
904 4099 1084 4171 pendet
1111 4099 1216 4155 vita
1250 4097 1413 4152 beata.

353 4197 410 4252 1.
437 4194 572 4252 Cum
615 4199 738 4267 post
782 4192 934 4248 illum
973 4205 1278 4248 sermonem
1318 4203 1479 4260 quem
1517 4187 1784 4244 secundus
1813 4185 1881 4243 li-

281 4289 637 4348 κωπήρει
654 4326 671 4354 ,
696 4283 908 4344 aliodie
930 4281 1360 4342 consedissemus
1395 4280 1451 4334 in
1486 4278 1724 4344 balneis;
1754 4294 1878 4336 nam

277 4384 400 4431 erit
427 4373 630 4430 tristior
651 4387 812 4443 quam
839 4379 896 4426 ut
921 4369 989 4425 ad
1031 4375 1238 4440 pratum
1278 4366 1470 4422 liberet
1513 4365 1876 4431 descendere;

281 4467 368 4522 sic
391 4479 619 4522 exorsus
653 4479 774 4520 sum
801 4480 816 4518 :
843 4462 1090 4518 Arbitror
1118 4474 1215 4515 vos
1242 4459 1354 4530 jam
1381 4457 1512 4514 satis
1536 4456 1876 4514 animadver-

261 4559 416 4615 tisse
443 4572 547 4630 qua
572 4555 642 4614 de
669 4571 729 4611 re
774 4555 915 4612 inter
940 4568 1038 4610 nos
1064 4549 1398 4608 discutienda
1421 4549 1645 4621 quaestio
1673 4546 1876 4604 consti-

283 4658 398 4706 tuta
425 4649 516 4705 ait.
545 4647 653 4705 Sed
681 4654 966 4718 antequam
993 4643 1063 4700 ad
1101 4653 1282 4714 partes
1308 4656 1454 4698 meas
1476 4641 1728 4708 veniam;
1759 4655 1879 4712 quae

277 4743 352 4800 ad
371 4758 496 4799 eam
524 4741 800 4812 pertinent
848 4735 1215 4811 explicandam
1237 4776 1253 4803 ,
1310 4749 1477 4806 pauca
1500 4774 1517 4802 ,
1547 4748 1730 4806 quaeso
1749 4774 1766 4801 ,
1790 4731 1878 4813 .de

277 4849 383 4908 spe
399 4877 419 4904 ,
450 4834 522 4890 de
540 4833 646 4889 vita
663 4873 680 4899 ,
709 4831 782 4888 de
803 4830 1046 4886 instituto
1070 4830 1256 4884 nostro
1277 4841 1384 4883 non
1410 4825 1477 4881 ab
1501 4841 1560 4883 re
1582 4825 1880 4880 abhorren-

283 4929 359 4986 tia
387 4929 622 4985 libenter
647 4923 900 4981 audiatis.
924 4922 1207 4994 Negotium
1243 4928 1485 4977 nostrum
1511 4935 1619 4975 non
1643 4920 1760 4976 leve
1787 4928 1880 4975 aut

281 5022 618 5094 "patinam
640 5061 660 5088 ,
691 5019 790 5075 sed
821 5017 1181 5074 necessarium
1206 5030 1270 5070 ac
1295 5029 1561 5070 summum
1589 5029 1709 5069 esse
1737 5013 1881 5070 arbi-

281 5122 400 5169 tror
421 5155 438 5181 ,
472 5123 798 5182 magnopere
853 5124 1094 5181 quarere
1144 5107 1422 5162 veritatem
1453 5124 1467 5161 :
1497 5109 1599 5160 hoc
1627 5106 1766 5160 inter
1792 5121 1880 5162 me

277 5215 446 5278 atque
493 5205 745 5278 Alypium
789 5202 1058 5261 convenit.
1109 5200 1243 5256 Nam
1273 5207 1328 5256 et
1366 5199 1546 5255 caeteri
1577 5197 1879 5270 philosOphi

279 5298 584 5369 capientem
609 5311 765 5352 suum
793 5311 913 5352 eam
959 5292 1226 5350 invenisse
1273 5300 1622 5364 putaverunt;
1655 5299 1708 5346 et
1737 5292 1878 5346 Aca-

288 5391 492 5448 demici
547 5390 775 5460 sapienti
837 5403 934 5445 suo
993 5400 1203 5442 summo
1255 5393 1449 5439 conatu
1507 5382 1879 5438 inveniendam

212 5494 214 5496 '
285 5498 410 5540 esse
449 5481 682 5553 professi
725 5489 879 5548 sunt,
910 5479 1071 5549 idque
1133 5477 1284 5532 illum
1325 5490 1484 5546 agere
1534 5475 1752 5542 sedulo;
1785 5474 1881 5530 sed

283 5577 541 5648 quoniam
565 5575 653 5631 vel
681 5575 873 5630 lateret
897 5573 1090 5628 obruta
1113 5611 1130 5639 ,
1161 5569 1245 5625 vel
1277 5567 1497 5624 confusa
1529 5585 1635 5623 non
1672 5568 1879 5622 cmine-

282 5679 407 5736 ret,
434 5667 502 5723 ad
529 5667 788 5738 agendam
820 5667 985 5721 vitam
1015 5663 1067 5720 id
1098 5678 1220 5718 eum
1248 5662 1399 5733 sequi
1429 5661 1570 5732 quod
1608 5661 1881 5732 probabile

275 5774 351 5820 lc
377 5761 674 5818 Verisimile
697 5767 1024 5817 occurreret.
1051 5756 1110 5813 ld
1133 5758 1294 5813 etiam
1321 5766 1498 5812 vestra
1526 5755 1752 5828 pristina
1772 5755 1878 5810 dis—

282 5863 594 5938 ceptatione
620 5855 920 5916 confectum
952 5862 1053 5913 est.
1082 5851 1216 5910 Nam
1239 5866 1363 5910 cum
1391 5851 1523 5908 alter
1548 5851 1760 5908 inventa
1791 5866 1898 5936 vc—_

1991 3904 2152 3960 ritate
2187 3905 2406 3960 beatum
2455 3902 2574 3961 fieri
2620 3907 2913 3966 asseruerit
2955 3907 3261 3978 hominem,
3293 3909 3428 3966 alter
3451 3925 3580 3968 vero

1988 4003 2192 4052 tantum
2223 3996 2506 4068 diligenter
2529 4000 2746 4068 quaesita
2770 4016 2784 4065 ;
2807 3999 2940 4054 nulli
2965 4011 3205 4056 nostrum
3232 4000 3452 4058 dubium
3476 4012 3575 4072 est,

1987 4089 2128 4146 nihil
2158 4105 2278 4145 esse
2304 4106 2332 4144 a
2356 4091 2508 4147 nobis
2532 4090 2656 4146 huic
2683 4092 2899 4162 negotio
2921 4091 3355 4166 prmponendum.
3377 4093 3576 4162 Quam-

1986 4181 2171 4238 obrem
2225 4183 2438 4254 qualem
2482 4183 2664 4250 vobis,
2698 4199 2919 4254 quaeso,
2964 4185 3272 4241 hesternum
3312 4184 3452 4242 diem
3500 4185 3580 4242 vi-
3657 4223 3665 4228 μ

1987 4273 2178 4330 demur
2202 4275 2458 4332 duxisse?
2485 4276 2648 4331 Vobis
2694 4276 2911 4346 quidem
2953 4277 3006 4332 in
3047 4277 3236 4332 studiis
3269 4277 3461 4333 vestris
3485 4277 3569 4333 vi-

1986 4383 2118 4424 vere
2144 4367 2314 4422 licuit.
2341 4367 2475 4422 Nam
2500 4376 2554 4424 et
2580 4376 2635 4422 tu
2659 4407 2674 4432 ,
2708 4367 2923 4440 Trygeti
2943 4410 2956 4434 ,
2989 4367 3192 4438 Virgilii
3225 4378 3277 4424 te
3318 4370 3575 4428 carmini-

1985 4460 2087 4516 bus
2106 4459 2405 4525 oblectasti,
2428 4467 2483 4514 et
2508 4458 2778 4516 Licentius
2803 4458 3065 4531 liugendis
3086 4459 3327 4515 versibus
3349 4460 3576 4528 vacavit,

1986 4566 2212 4624 quorum
2256 4565 2440 4605 amore
2491 4549 2564 4604 ita
2603 4550 2880 4620 perculsus
2931 4558 3050 4617 est,
3092 4560 3151 4605 ut
3193 4560 3418 4622 propter
3454 4568 3579 4608 eum

1987 4643 2221 4704 maxime
2247 4643 2379 4702 mihi
2407 4641 2569 4698 istum
2592 4657 2895 4700 sermonem
2932 4641 3265 4702 inferendum
3288 4654 3528 4716 putarem
3558 4684 3576 4713 ,

1987 4753 2094 4810 quo
2135 4737 2191 4792 in
2240 4736 2356 4807 ejus
2401 4736 2582 4792 animo
2625 4735 2963 4808 philosophia
2997 4737 3159 4811 (nunc
3199 4738 3342 4794 enim
3367 4748 3575 4809 tempus

1987 4829 2092 4902 est)
2119 4829 2376 4901 majorem
2405 4839 2611 4900 partem
2629 4869 2645 4895 ,
2677 4844 2786 4886 non
2814 4829 2975 4890 modo
3003 4845 3164 4904 quam
3195 4829 3399 4900 poetica
3417 4871 3434 4898 ,
3481 4829 3576 4885 sed

1985 4922 2188 4995 quaevis
2222 4923 2322 4978 alia
2353 4921 2632 4994 disciplina
2661 4922 2763 4980 sibi
2807 4930 3065 4993 usurpet,
3105 4937 3168 4978 ac
3209 4922 3463 4978 vindicet.

2091 5017 2320 5078 CAPUT
2358 5017 2419 5072 ll.
2443 5047 2514 5057 —
2543 5017 2622 5075 An
2652 5020 2861 5091 fortuna
2904 5015 3122 5086 sapienti
3165 5015 3462 5070 necessaria.

2054 5109 2110 5166 2.
2166 5109 2276 5167 Sed
2328 5124 2510 5181 quaeso
2557 5123 2687 5175 vos,
2731 5121 2910 5163 nonne
2961 5106 3208 5164 miserti‘
3261 5106 3428 5162 nostri
3483 5121 3570 5162 cs-

1985 5203 2086 5269 tis,
2119 5218 2240 5258 cum
2270 5201 2438 5272 pridie
2459 5201 2529 5256 ita
2559 5201 2796 5256 cubitum
2820 5199 3080 5268 issemus,
3128 5207 3186 5254 ut
3231 5198 3299 5253 ad
3349 5197 3570 5252 dilatam

1961 5294 2370 5366 quaestionem,
2415 5300 2468 5349 et
2497 5306 2717 5364 prorsus
2769 5289 2835 5346 ad
2883 5288 3013 5344 nihil
3043 5288 3183 5343 aliud
3229 5296 3572 5359 surgeretur;

1984 5386 2126 5458 quod
2154 5394 2297 5440 tanta
2321 5385 2389 5442 de
2417 5401 2476 5442 re
2499 5383 2744 5440 familiari
2771 5382 3075 5440 necessario
3097 5379 3392 5453 peragenda
3414 5381 3576 5437 exsti-

1987 5488 2167 5536 terunt
2191 5521 2206 5548 ,
2235 5487 2294 5534 ut
2330 5478 2416 5534 his
2455 5479 2668 5549 penitus
2697 5478 2978 5548 occupati,
3019 5477 3106 5532 vix
3141 5477 3272 5532 duas
3299 5485 3573 5532 extremas

1986 5574 2093 5630 dici
2121 5574 2278 5628 horas
2302 5574 2353 5627 in
2385 5573 2741 5642 nosmetipsos
2770 5571 3033 5642 respirare
3057 5570 3372 5642 possemus?
3400 5568 3573 5637 Quare

2051 5731 2067 5763 ι
2097 5737 2147 5779 in
2194 5736 2242 5778 Β.
2267 5726 2498 5790 miserati,
2524 5741 2635 5791 quze
2671 5726 2823 5778 lectio
2843 5739 3009 5791 neque
3043 5715 3366 5791 adoptataest
3399 5723 3463 5774 ab
3489 5728 3571 5776 Er.

1986 5802 2106 5843 ven.
2155 5800 2284 5853 l.0v.,
2308 5787 2491 5857 neque
2516 5787 2809 5855 adoptatum,
2831 5787 3000 5857 utpote
3035 5787 3236 5850 minimc
3277 5787 3454 5852 latina,
3493 5799 3568 5839 80‘

1987 5863 2174 5922 qucute
2197 5869 2312 5908 casu
2334 5855 2564 5919 genitivo.
2592 5863 2645 5905 et.
