2048 3184
256 179 363 207 semper
378 170 428 199 fult
440 171 573 199 sententia
592 177 668 203 mea,
680 168 795 204 sapienti
820 165 878 203 jam
890 166 990 195 homini
1005 166 1048 194 ni-

256 219 295 247 hil
308 226 376 253 opus
390 225 466 250 esse;
490 222 520 245 ut
533 221 622 244 autem
643 216 749 252 sapiens
761 214 817 246 ﬁat,
840 213 985 250 plurimum
1000 220 1047 241 ne-

256 265 399 293 cessariam
412 270 472 292 esse
482 263 615 291 fortunam
625 261 715 297 (ιδιιά
730 260 843 288 Retract.
857 267 915 295 cap.
928 260 955 292 l,
964 267 992 286 n.
1004 258 1048 294 l):

255 310 307 338 nisi
329 309 393 345 quid
405 308 477 337 aliud
492 308 597 336 videtur
615 306 723 342 Alypio.
745 305 813 334 Tum
836 305 881 333 ille
896 305 1048 339 :Quantum

253 357 339 393 juris,
356 356 461 391 inquit,
483 354 598 383 fortunas
624 353 734 385 tribuas,
750 352 869 381 nondum
883 352 951 380 bene
975 351 1048 379 novi.

254 403 322 431 Nam
343 403 366 431 si
388 402 422 430 ad
437 400 660 430 contemnendam
682 399 816 427 fortunam
828 418 836 432 ,
862 397 969 426 fortuna
988 398 1047 433 ipsa

253 456 322 484 opus
334 455 394 477 esse
415 447 570 479 arbitraris,
585 453 629 473 me
653 452 758 480 quoque
779 444 904 472 comitem
928 444 955 471 in
978 443 1049 471 hanc

256 496 416 525 sententiam
430 494 465 522 do
480 493 537 521 tibi.
552 492 599 521 Sin
612 492 724 520 fortuna:
737 491 802 519 nihil
816 490 887 518 aliud
901 489 1027 517 concedis
1038 510 1047 523 ,

254 550 334 578 quam
349 549 379 570 ea
392 548 452 576 quae
465 539 585 575 corporis
600 538 754 567 necessitati
777 545 831 565 non
851 540 981 572 possunt,
997 535 1048 564 nisi

253 589 312 624 ipsa
331 587 450 620 volente,
473 589 633 621 suppetere;
656 591 710 612 non
730 588 765 611 ita
784 583 882 611 sentio.
897 583 950 610 Aut
976 581 1047 610 enim

252 635 317 663 licet
338 633 432 662 eadem
457 636 621 667 repugnante
643 635 723 666 atque
745 630 848 663 invita,
872 628 991 657 nondum
1005 636 1049 657 sa-

252 680 347 717 pienti,
367 678 463 714 cupido
480 682 569 706 tamen
582 676 731 712 sapientia,
743 683 775 704 ea
794 682 900 704 sumere
914 682 974 710 quae
987 674 1048 702 vitae

253 726 406 756 necessaria
427 724 602 756 conﬁtemur;
622 727 668 751 aut
681 721 882 751 concedendum
906 725 949 748 est
967 720 1047 748 etiam

253 774 280 802 in
293 773 365 802 omni
379 771 508 808 sapientis
520 771 573 799 vita
585 777 644 798 eam
658 768 807 802 dominari,
822 775 882 796 cum
895 771 924 795 et
936 767 993 803 ipse
1005 774 1048 794 sa-

253 819 331 855 piens
344 819 377 846 iis
396 825 455 853 quae
468 816 575 852 corpori
600 815 752 843 necessaria
765 818 844 847 sunt,
859 820 913 841 non
929 813 1047 849 indigere

253 866 307 894 non
320 864 414 901 possit.

289 911 315 939 3.
329 911 399 938 Dicis
409 917 484 944 ergo,
495 909 621 944 inquam,
634 908 766 935 fortunam
786 913 846 934 esse
867 905 1045 933 necessariam

256 956 377 985 studioso
400 954 555 989 sapientiae,
570 953 682 988 sapienti
702 958 766 979 vero
789 958 880 986 negas.
896 950 956 977 Non
971 951 1004 978 ab
1017 958 1047 978 re

253 1007 295 1030 est
308 1001 400 1029 eadem
414 1005 552 1036 repetere.
568 999 663 1034 inquit.
678 998 768 1032 Itaque
780 1004 852 1024 nunc
864 996 944 1023 etiam
954 996 1002 1023 abs
1022 1000 1047 1023 te

254 1055 362 1083 quaero,
380 1051 469 1074 utrum
484 1045 616 1073 fortunam
631 1044 665 1071 ad
687 1044 802 1078 seipsam
823 1042 1046 1070 contemnendam

254 1093 355 1129 aliquid
365 1093 459 1129 juvare
474 1092 599 1120 aestimes.
616 1090 692 1124 Quod
718 1090 740 1117 si
754 1089 907 1121 arbitraris.
922 1088 983 1116 dico
1003 1095 1047 1115 sa-

253 1140 361 1175 pientia:
387 1138 511 1174 cupidum
526 1144 689 1172 magnopere
704 1135 824 1171 indigere
839 1135 954 1163 fortuna.
970 1134 1049 1161 Arbi-

253 1190 321 1217 tror,
348 1185 473 1220 inquam.
498 1183 628 1219 siquidem
649 1190 697 1217 per
710 1182 782 1210 illam
796 1182 847 1209 erit
863 1182 940 1215 talis,
962 1181 1049 1216 qualis

253 1238 313 1259 eam
325 1230 410 1265 possit
424 1233 610 1257 contemnere.
626 1228 682 1256 Nec
694 1227 840 1255 absurdum
861 1232 902 1255 est
915 1236 921 1254 :
934 1235 995 1254 nam
1009 1228 1049 1255 sic

253 1276 334 1305 etiam
353 1275 442 1311 parvis
473 1274 551 1302 nobis
574 1274 656 1301 ubera
682 1273 832 1301 necessaria
850 1278 930 1306 sunt,
951 1272 1049 1309 quibus

252 1323 378 1356 efficitur,
389 1326 418 1349 ut
429 1322 488 1350 sine
498 1321 540 1348 his
550 1325 643 1356 postea
653 1320 753 1354 vivere,
764 1327 796 1347 ac
807 1320 894 1347 valere
906 1320 1047 1355 possimus.

254 1369 407 1397 Sententias
419 1388 425 1400 .
441 1368 488 1401 ait,
516 1371 620 1394 nostras
635 1366 656 1393 si
671 1366 751 1396 animi
766 1366 905 1401 conceptio
925 1373 977 1392 non
991 1365 1048 1393 dis-

253 1418 347 1447 sonat,
364 1412 529 1441 concordare
542 1411 607 1439 mihi
622 1411 705 1446 liquet
719 1420 725 1437 :
738 1411 788 1438 nisi
811 1410 879 1439 forte
892 1411 1048 1438 discernen—

254 1459 317 1487 dum
332 1459 455 1494 cuiquam
472 1458 576 1486 videtur
595 1457 665 1492 quod
681 1457 723 1484 vel
739 1457 853 1484 fortuna:
866 1457 908 1483 vel
923 1457 1047 1489 uberum,

254 1512 307 1532 non
323 1505 379 1539 ipsa
399 1504 481 1531 ubera
496 1511 543 1531 seu
559 1503 662 1530 fortuna
671 1523 678 1535 ,
690 1503 736 1530 sed
747 1502 798 1529 alia
809 1510 853 1530 res
865 1502 986 1537 quaedam
1000 1509 1049 1529 nos

255 1551 333 1578 faciat
347 1555 552 1585 contemptores.
569 1549 638 1576 Nihil
652 1556 776 1584 magnum
791 1553 847 1580 est,
862 1548 980 1584 inquam,
996 1548 1049 1576 alio

255 1597 333 1624 simili
353 1596 400 1622 uti.
415 1595 479 1622 Nam
499 1598 529 1622 ut
540 1595 599 1622 sine
617 1594 697 1627 navi,
713 1594 754 1621 vel
773 1594 893 1628 quolibet
909 1593 1047 1628 vehiculo,

255 1647 302 1670 aut
317 1643 427 1669 omnino
438 1662 445 1675 ,
469 1649 503 1669 ne
516 1642 557 1668 vel
584 1641 670 1676 ipsum
687 1640 821 1667 Daadalum
843 1641 968 1674 timeam,
992 1640 1050 1668 sine

255 1689 316 1716 ullis
332 1687 364 1715 ad
390 1688 460 1714 hanc
473 1694 530 1714 rem
555 1685 764 1714 accommodatis
778 1686 980 1718 instrumentis,
1004 1691 1050 1714 aut

255 1734 342 1769 aliqua
354 1733 500 1761 occultiore
513 1733 643 1768 potentia,
654 1731 768 1767 Egeum
783 1739 858 1759 mare
871 1739 950 1759 nemo
961 1736 1049 1760 trans-

254 1781 350 1813 mittit;
374 1779 496 1814 quamvis
519 1779 587 1806 nihil
607 1778 694 1812 aliud,
718 1785 797 1813 quam
818 1779 959 1813 pervenire
989 1787 1050 1813 pro-

254 1831 352 1863 ponat;
367 1825 437 1861 quod
449 1833 510 1852 cum
525 1824 549 1851 ei
574 1824 710 1857 evenerit,
726 1823 770 1850 illa
785 1824 873 1850 omnia
895 1824 991 1858 quibus
1003 1824 1049 1851 ad-

255 1879 348 1902 vectus
368 1877 410 1900 cst
422 1893 429 1905 ,
444 1875 552 1907 paratus
567 1870 601 1897 sit
624 1870 740 1904 abjieere
754 1874 833 1904 atque
854 1874 1025 1898 contemnere
1041 1879 1047 1897 :

255 1921 291 1948 ita
304 1919 423 1955 quisquis
445 1917 477 1944 ad
500 1916 636 1951 sapientia:
652 1921 773 1951 portum,
797 1920 824 1943 et
838 1916 911 1950 quasi
927 1915 1049 1943 ﬁrmissi-

258 1972 332 1994 mum
347 1969 374 1991 et
383 1963 578 2003 quietissimum
593 1962 677 1989 solum
691 1961 830 1997 pervenire
843 1961 973 1995 voluerit;
989 1970 1059 1997 quoa

255 2012 338 2044 niam,
349 2015 379 2038 ut
392 2010 442 2037 alia
458 2010 578 2037 omittam
591 2030 598 2042 ,
613 2009 636 2036 si
649 2016 737 2036 caecus
750 2016 781 2035 ac
791 2008 887 2036 surdus
898 2009 986 2043 fuerit,
997 2018 1049 2038 non

255 2060 360 2094 potest,
377 2055 447 2091 quod
466 2054 582 2090 positum
609 2059 651 2082 est
671 2054 697 2081 in
710 2058 840 2089 potestate
854 2053 976 2088 fortunae,
1000 2064 1049 2083 ne-

253 2103 397 2131 cessariam
413 2100 478 2128 mihi
492 2099 597 2128 videtur
610 2099 644 2127 ad
658 2099 683 2127 id
693 2121 701 2133 ,
723 2099 793 2135 quod
808 2101 980 2135 concupivit,
1002 2101 1051 2129 ha-

254 2149 319 2178 bere
327 2148 471 2175 fortunam.
485 2146 562 2180 Quod
572 2154 632 2174 cum
644 2145 802 2179 obtinuerit,
812 2147 933 2182 quamvis
943 2152 1050 2183 putetur

254 2195 375 2230 indigere
395 2193 553 2229 quibusdam
575 2193 656 2221 rebus
685 2192 718 2220 ad
738 2194 858 2229 corporis
871 2194 1048 2223 valetudinem

254 2239 463 2277 pertinentibus;
489 2239 553 2267 illud
578 2243 666 2266 tamen
696 2243 819 2272 constat,
848 2247 900 2267 non
927 2240 968 2269 his
983 2249 1050 2276 opus

254 2295 314 2315 esse
326 2291 354 2314 ut
368 2286 473 2321 sapiens
485 2285 536 2319 sit,
549 2284 596 2313 sed
616 2290 645 2312 ut
658 2285 729 2312 inter
743 2284 867 2313 homines
879 2286 960 2313 vivat.
975 2286 1047 2322 lmo,

253 2333 291 2361 ait
306 2332 349 2360 ille
361 2352 369 2365 ,
389 2332 412 2359 si
426 2339 515 2360 caecus
527 2338 559 2358 ae
572 2330 669 2358 surdus
694 2330 747 2364 sit;
772 2334 801 2358 et
813 2331 969 2366 sapientiam
989 2333 1048 2361 adi-

254 2377 423 2414 piscendam,
440 2382 467 2405 et
493 2377 577 2411 ipsam
603 2375 685 2403 vitam
699 2380 808 2411 propter
821 2384 900 2411 quam
918 2378 1047 2413 sapientia

254 2425 393 2460 quatritur,
409 2430 469 2451 mea
481 2421 630 2456 sententia,
642 2421 703 2457 jure
715 2427 870 2450 contemnet
884 2424 904 2450 ¹.

289 2470 316 2498 ι.
333 2470 449 2503 Tamen,
464 2469 584 2504 inquam,
603 2476 663 2496 cum
678 2468 737 2503 ipsa
754 2469 808 2496 vita
823 2476 925 2503 nostra,
940 2478 991 2506 qua
1005 2472 1048 2501 hic

254 2515 388 2548 vivimus,
405 2514 440 2541 sit
454 2514 480 2541 in
506 2517 638 2548 potestate
663 2513 792 2548 fonume;
820 2523 871 2544 nec
892 2516 943 2544 nisi
957 2517 1048 2546 vivens

253 2562 366 2598 quisque
380 2561 487 2595 sapiens
500 2560 557 2588 ﬁeri
572 2560 771 2595 possit:nonne
783 2560 920 2590 fatendum
930 2567 972 2591 est
981 2572 1048 2599 opus

254 2615 315 2636 esse
339 2608 398 2641 ejus
419 2607 523 2640 favore,
546 2614 598 2642 quo
619 2606 653 2634 ad
667 2607 824 2642 sapientiam
849 2609 1048 2644 pervehamur?

253 2653 306 2681 Sed
329 2661 390 2680 eum
404 2653 532 2687 sapientia
544 2673 552 2687 ,
567 2653 672 2688 inquit,
701 2661 753 2681 non
774 2654 824 2682 nisi
845 2655 995 2685 viventibus
1013 2659 1050 2686 sit

255 2698 424 2732 necessaria,
447 2704 602 2734 remotaque
623 2699 676 2726 vita
704 2700 777 2729 nulla
799 2700 834 2728 sit
849 2700 992 2738 indigentia
1007 2711 1048 2731 sa—

256 2745 378 2781 pientiae,
395 2745 461 2773 nihil
483 2745 509 2772 in
532 2746 701 2781 propaganda
719 2747 771 2774 vita
792 2748 953 2782 pertimesco
967 2749 1050 2778 fortu—

256 2801 330 2821 nam.
345 2793 450 2821 Etenim
469 2793 530 2829 quia
546 2793 624 2827 vivo,
644 2797 785 2829 propterea
799 2795 860 2823 volo
873 2796 1047 2833 sapientiam,

285 2851 295 2868 ¹
304 2854 356 2877 Pu.
368 2854 406 2877 Er.
420 2854 479 2876 ven.
492 2848 626 2876 eorum.
649 2853 677 2877 Il.

770 109 906 140 CONTRA
926 106 1151 143 ACADEMIGOS,
1170 107 1199 137 S.
1219 107 1405 138 AUGUSTINI

1106 174 1159 194 non
1185 167 1255 203 quod
1275 168 1434 202 sapientiam
1458 167 1601 199 desidero.
1626 166 1688 195 volo
1708 166 1803 195 vitam.
1824 166 1905 196 Unde

1104 212 1209 241 fortuna
1223 213 1246 241 si
1255 213 1321 241 mihi
1331 213 1472 241 abstulerit
1480 213 1561 241 vitam
1571 234 1579 247 ,
1594 212 1697 241 auferet
1705 220 1814 241 causam
1829 221 1909 248 qua:-

1103 260 1194 288 rendae
1208 260 1355 295 sapientiae.
1371 259 1443 288 Nihil
1457 259 1537 296 igitur
1552 260 1649 294 habeo,
1673 267 1723 288 cur
1735 264 1765 287 ut
1779 259 1841 287 fiam
1857 267 1904 287 sa-

1104 306 1179 340 piens
1189 327 1197 340 ,
1212 311 1259 333 aut
1273 306 1391 333 favorem
1402 310 1492 341 optem
1506 305 1620 333 fortuna:
1632 326 1640 338 ,
1651 309 1697 333 aut
1710 305 1904 340 impedimenta

1104 353 1244 380 formidem
1256 374 1263 386 ,
1290 353 1341 380 nisi
1355 353 1406 380 alia
1429 352 1543 380 fortasse
1568 352 1721 387 protuleris.
1738 352 1807 379 Tum
1830 359 1904 387 ego:

1102 399 1160 426 Non
1176 399 1255 434 igitur
1270 405 1365 427 censes
1390 399 1529 433 sapientim
1554 398 1704 425 studiosum
1718 405 1798 433 posse
1816 405 1831 425 a
1845 396 1906 424 for-

1104 451 1167 474 tuna
1180 467 1187 479 ,
1203 454 1237 473 ne
1250 446 1282 473 ad
1302 446 1460 481 sapientiam
1482 444 1629 480 perveniat,
1644 444 1778 479 impediri,
1794 443 1906 472 etiamsi

1104 494 1127 521 ei
1144 502 1196 520 non
1212 493 1315 521 auferat
1328 493 1428 520 vitam?
1441 493 1497 520 Non
1511 493 1636 525 arbitror,
1652 492 1746 527 inquit.

1101 539 1215 567 CAPUT
1229 540 1272 567 lll.
1287 554 1323 560 —
1335 539 1464 572 Di/Terunt
1482 539 1582 575 sapiens
1596 543 1619 566 et
1633 539 1773 566 studiosus.
1789 538 1918 573 Sapiem'

1149 591 1197 613 tem
1213 586 1327 612 nonnihil
1341 586 1404 613 scire
1416 607 1422 619 ,
1446 586 1504 619 quia
1521 586 1610 612 saltem
1632 585 1676 611 scil
1691 585 1852 620 sapientiam.

1137 632 1163 659 5.
1193 632 1269 665 Volo,
1286 632 1411 667 inquam,
1440 631 1504 658 mihi
1529 631 1665 666 paululum
1690 631 1813 665 aperias,
1834 629 1902 665 quid

1101 677 1148 705 tibi
1172 678 1242 705 inter
1275 678 1423 712 sapientem
1452 682 1480 705 et
1505 677 1693 712 philosophum
1726 676 1825 704 distare
1860 675 1902 702 vi-

1101 724 1212 751 deatur?
1225 723 1378 759 Sapientem
1394 732 1408 750 a
1423 723 1544 750 studioso
1555 744 1561 756 ,
1583 723 1638 755 ait,
1655 722 1727 749 nulla
1747 729 1777 749 re
1791 721 1900 749 differre

1101 770 1235 802 arbitror;
1261 770 1311 797 nisi
1334 769 1405 804 quod
1420 777 1531 804 quarum
1548 776 1637 797 rerum
1653 768 1680 795 in
1695 768 1815 803 sapiente
1840 767 1901 802 qui-

1101 816 1161 842 dam
1177 815 1282 842 habitus
1306 816 1391 847 inest,
1411 822 1503 842 earum
1527 821 1567 842 est
1591 815 1617 841 in
1640 813 1760 841 studioso
1774 813 1830 841 sola
1852 812 1902 840 fla-

1101 862 1213 897 grantia.
1230 862 1294 895 Qum
1314 867 1376 888 sunt
1398 861 1504 888 tandem
1533 862 1591 888 ista:
1606 868 1664 892 res,
1681 860 1809 894 inquam?
1832 859 1901 887 Nam

1101 909 1166 935 mihi
1182 909 1246 935 nihil
1269 909 1338 935 aliud
1363 908 1468 935 videtur
1495 908 1644 941 interesse,
1668 906 1719 933 nisi
1739 905 1810 941 quod
1832 906 1902 933 alter

1102 955 1150 982 scit
1163 954 1334 989 sapientiam,
1356 954 1423 981 alter
1437 956 1506 981 scire
1529 953 1674 980 desiderat.
1691 952 1719 980 Si
1740 952 1899 985 scientiam,

1101 1001 1204 1035 inquit,
1218 1001 1339 1028 modesto
1354 1001 1404 1027 ﬁne
1420 1001 1602 1034 determinas,
1620 1000 1704 1035 ipsam
1720 1007 1777 1028 rem
1792 999 1901 1034 planius

1102 1048 1221 1075 elocutus
1236 1056 1274 1075 es.
1291 1048 1404 1082 Quoquo
1420 1047 1500 1074 modo
1512 1068 1519 1080 ,
1547 1047 1672 1081 inquam,
1690 1053 1748 1074 eam
1770 1045 1900 1074 determi-

1102 1103 1178 1125 ncm,
1197 1094 1258 1121 illud
1275 1094 1399 1121 omnibus
1415 1094 1535 1128 placuit,
1558 1092 1696 1120 scientiam
1711 1091 1839 1119 falsarum
1855 1099 1901 1119 re-

1102 1149 1160 1167 rum
1176 1149 1237 1168 0:56
1256 1149 1307 1166 mm
1332 1148 1421 1175 posse.
1445 1140 1473 1166 In
1490 1140 1540 1166 hoc
1555 1139 1619 1166 mihi
1630 1159 1637 1171 ,
1659 1139 1744 1173 inquit
1763 1137 1808 1166 ille
1821 1159 1828 1171 ,
1843 1138 1902 1165 visa

1102 1185 1149 1213 fuit
1164 1186 1311 1220 objicicnda
1329 1186 1494 1220 prmscriptio
1508 1206 1514 1217 ,
1527 1193 1561 1212 ne
1575 1184 1771 1212 inconsiderata
1785 1191 1902 1212 consen-

1103 1232 1178 1259 sione
1194 1240 1251 1259 meu
1269 1233 1345 1259 facile
1362 1232 1387 1258 in
1403 1232 1559 1266 principalis
1573 1231 1644 1258 illius
1659 1231 1814 1266 quaestionis
1826 1238 1902 1258 cam—

1103 1279 1143 1313 pis
1162 1283 1203 1305 tua
1219 1279 1350 1313 equitat-et
1374 1278 1468 1305 oratio.
1486 1277 1568 1304 Plane
1580 1298 1587 1311 ,
1604 1277 1726 1312 inquam,
1753 1276 1819 1304 mihi
1835 1276 1901 1304 nihil

1103 1325 1147 1352 tibi
1161 1325 1279 1359 equitare
1295 1332 1401 1359 possem
1417 1324 1558 1359 reliquisti.
1575 1323 1640 1350 Nam
1664 1324 1714 1350 nisi
1729 1323 1815 1357 fallor,
1829 1323 1900 1358 quod

1101 1372 1256 1407 jamdudum
1283 1372 1394 1402 molior,
1412 1372 1444 1398 ad
1471 1371 1557 1406 ipsum
1573 1371 1652 1398 finem
1677 1371 1857 1405 pervenimus.
1872 1371 1901 1398 Si

1103 1419 1186 1451 enim,
1199 1423 1225 1445 ul
1236 1418 1369 1445 subtiliter
1379 1425 1495 1451 vereque
1510 1417 1616 1448 dixisti,
1632 1416 1698 1443 nihil
1712 1416 1782 1444 inter
1795 1417 1902 1451 sapien-

1103 1467 1146 1493 tim.
1161 1466 1308 1493 studiosum
1325 1469 1350 1491 et
1365 1466 1511 1499 sapientem
1532 1465 1641 1490 interest
1656 1485 1662 1497 ,
1689 1464 1740 1490 nisi
1763 1463 1833 1498 quod
1849 1463 1902 1491 iste

1104 1517 1172 1538 amat
1186 1532 1191 1543 ,
1209 1512 1253 1537 ille
1267 1516 1355 1537 autem
1380 1510 1459 1537 habet
1475 1509 1613 1544 sapientire
1628 1509 1813 1544 disciplinam;
1831 1509 1902 1537 unde

1103 1558 1183 1585 etiam
1201 1565 1296 1583 nomen
1314 1557 1416 1590 ipsum,
1434 1555 1459 1582 id
1474 1560 1512 1582 est
1526 1576 1534 1589 ,
1559 1555 1677 1583 habitum
1692 1555 1835 1590 quemdam
1856 1563 1903 1583 ex-

1104 1605 1219 1637 primere
1233 1611 1285 1629 non
1300 1607 1440 1629 (tutictatus
1456 1609 1500 1634 es;
1513 1610 1591 1628 nemo
1605 1606 1692 1628 autem
1707 1601 1807 1629 habere
1821 1601 1903 1629 disci-

1107 1650 1205 1684 plinam
1221 1654 1309 1683 potest
1331 1649 1355 1674 in
1371 1649 1475 1680 animo,
1494 1648 1538 1682 qui
1559 1647 1622 1674 nihil
1647 1647 1756 1681 didicit;
1771 1648 1839 1676 nihil
1855 1656 1902 1675 au~

1064 1725 1069 1730 .
1104 1699 1157 1721 tem
1184 1695 1291 1727 didicit,
1311 1694 1356 1728 qui
1377 1694 1441 1720 nihil
1462 1694 1555 1725 novit;
1578 1698 1604 1720 et
1619 1701 1697 1721 nosse
1711 1693 1807 1721 falsum
1822 1702 1902 1722 nemo

1106 1746 1193 1776 potest
1210 1750 1216 1767 :
1232 1741 1304 1767 novit
1329 1741 1407 1775 igitur
1423 1740 1530 1774 sapiens
1553 1740 1692 1768 veritatem
1705 1761 1713 1773 ,
1730 1749 1808 1776 quem
1824 1741 1902 1768 disci-

1105 1787 1204 1822 plinam
1230 1787 1367 1821 εειρὶυιιιίω
1392 1786 1489 1813 habere
1504 1786 1530 1813 iu
1554 1786 1660 1818 animo,
1682 1786 1708 1814 id
1726 1792 1768 1814 est
1781 1786 1901 1814 habitum

1102 1833 1157 1868 jam
1173 1834 1229 1867 ipse
1256 1832 1397 1859 confessus
1423 1840 1462 1859 es.
1477 1832 1572 1860 Nescio
1585 1854 1591 1865 ,
1607 1833 1710 1867 inquit,
1727 1833 1802 1867 cujus
1815 1833 1902 1868 impu-

1106 1879 1203 1906 dentia:
1217 1880 1282 1911 sim,
1304 1879 1325 1905 si
1351 1878 1468 1905 habitum
1485 1879 1663 1913 inquisitionis
1683 1878 1833 1905 divinarum
1848 1879 1901 1906 hu-

1108 1933 1302 1959 lttﬂxmrlttllque
1316 1933 1403 1952 rerum
1420 1932 1478 1952 csse
1494 1925 1519 1951 in
1542 1924 1660 1959 sapiente
1681 1925 1834 1952 confessum
1857 1933 1902 1954 me

1110 1979 1208 2006 negare
1230 1971 1349 1998 voluero.
1382 1971 1434 1998 Sed
1459 1971 1501 2006 qui
1517 1971 1565 1998 tibi
1587 1971 1708 1998 videatur
1731 1971 1900 1998 inventorum

1107 2017 1283 2052 probabilium
1301 2017 1406 2045 habitus
1419 2025 1471 2044 non
1488 2024 1563 2049 esse,
1590 2024 1643 2044 non
1666 2016 1753 2044 video.
1768 2017 1900 2045 Concedis

1105 2064 1170 2090 mihi
1182 2085 1188 2096 ,
1206 2064 1312 2098 inquam
1327 2085 1333 2096 ,
1352 2063 1414 2090 falsa
1441 2063 1575 2090 nominent
1588 2063 1680 2090 scire?
1699 2063 1788 2091 Facile
1800 2063 1826 2091 id
1842 2065 1902 2099 qui-

1105 2110 1177 2143 dem,
1194 2110 1287 2144 inquit.
1305 2109 1351 2136 Dic
1374 2110 1426 2143 jam
1452 2109 1472 2135 si
1495 2113 1588 2144 potes,
1613 2109 1734 2144 inquam,
1751 2109 1901 2143 sapientem

1104 2156 1209 2183 nescire
1231 2154 1396 2189 sapientiam.
1414 2154 1481 2188 Quid
1502 2155 1571 2181 enim
1585 2175 1592 2187 ,
1614 2155 1659 2187 ait,
1674 2154 1822 2183 hoclimite
1842 2157 1902 2184 unio

1105 2210 1180 2230 versa
1204 2201 1358 2233 concludis,
1376 2205 1404 2227 ut
1416 2200 1499 2227 videri
1518 2200 1568 2227 sibi
1582 2207 1634 2228 non
1658 2201 1754 2235 possit,
1777 2209 1901 2237 compre-

1103 2248 1228 2275 hendisse
1245 2255 1273 2274 se
1284 2246 1457 2280 sapientiam?
1471 2246 1519 2279 Da,
1534 2246 1653 2281 inquam,
1669 2246 1817 2274 dexteram.
1831 2247 1900 2276 Nam

1103 2295 1125 2321 si
1139 2293 1295 2325 meministi,
1311 2293 1361 2319 hoc
1372 2297 1412 2319 est
1431 2292 1500 2327 quod
1525 2292 1581 2319 hcri
1598 2299 1641 2319 me
1653 2292 1708 2319 dixi
1721 2292 1881 2321 effecturum
1891 2316 1900 2327 ,

1102 2341 1172 2376 quod
1186 2348 1255 2367 nunc
1271 2347 1322 2367 nou
1336 2347 1350 2366 a
1365 2347 1407 2365 me
1427 2339 1580 2365 conclusum
1593 2359 1598 2370 ,
1613 2338 1659 2365 sed
1675 2346 1689 2365 a
1706 2344 1732 2366 te
1749 2339 1819 2367 ultro
1833 2340 1901 2368 mihi

1102 2388 1219 2414 oblatum
1235 2393 1295 2413 esse
1319 2385 1431 2420 gaudeo.
1446 2384 1511 2411 Nam
1534 2392 1594 2411 cum
1620 2384 1688 2411 inter
1702 2392 1745 2412 me
1757 2389 1785 2413 et
1797 2387 1902 2415 Acade-

1103 2434 1186 2460 micos
1199 2432 1248 2459 hoc
1262 2433 1392 2459 interesse
1405 2431 1545 2463 dixissem,
1557 2430 1627 2465 quod
1645 2431 1697 2457 illis
1711 2431 1849 2466 probabile
1862 2434 1904 2461 vi—

1102 2488 1160 2508 sum
1174 2485 1213 2507 cst
1227 2479 1367 2506 veritatem
1383 2486 1435 2505 non
1459 2485 1536 2513 posse
1550 2477 1758 2512 comprehendi;
1773 2479 1840 2506 mihi
1852 2488 1902 2507 au-

1103 2532 1154 2554 tem
1171 2527 1287 2553 nomium
1303 2526 1407 2561 quidem
1419 2533 1433 2552 a
1451 2533 1493 2552 me
1505 2525 1654 2559 inventam,
1670 2526 1783 2554 inveniri
1808 2531 1903 2555 tamen

1103 2581 1182 2609 posse
1196 2581 1209 2599 a
1229 2573 1350 2607 sapiente
1364 2572 1485 2599 videatur
1501 2580 1507 2598 :
1524 2579 1595 2599 nunc
1613 2577 1641 2599 tu
1655 2580 1716 2600 cum
1730 2580 1790 2600 mea
1814 2573 1905 2602 inter-

1103 2619 1239 2653 rogatione
1254 2619 1405 2654 urgercris,
1423 2623 1511 2645 utrum
1538 2618 1644 2652 sapiens
1665 2618 1769 2649 nesciat
1788 2619 1902 2654 sapien-

1103 2665 1177 2695 tiam,
1192 2664 1302 2691 Videtur
1324 2664 1374 2691 sibi
1390 2663 1478 2696 seire,
1504 2663 1603 2692 dixisti.
1630 2663 1698 2697 Quid
1714 2667 1769 2691 tum
1783 2669 1878 2699 postea
1889 2686 1899 2700 ,

1103 2712 1208 2747 inquit?
1222 2712 1288 2745 Quia
1302 2712 1323 2738 si
1339 2711 1444 2738 videtur
1467 2710 1534 2743 sibi,
1558 2710 1682 2746 inquam,
1698 2711 1767 2739 scire
1789 2696 1913 2748 sapiens

1104 2758 1185 2791 tiam,
1203 2766 1255 2785 non
1277 2758 1301 2785 ci
1322 2758 1428 2784 videtur
1447 2757 1513 2784 nihil
1541 2757 1611 2785 scire
1635 2765 1714 2792 posse
1735 2758 1897 2794 sapientem.

1103 2806 1157 2832 Aut
1169 2805 1191 2832 si
1208 2804 1336 2839 sapientia
1349 2803 1414 2831 nihil
1429 2808 1480 2836 est,
1495 2803 1556 2830 volo
1566 2803 1694 2832 affirmes.

1141 2850 1167 2880 6.
1183 2850 1326 2878 Crederem
1341 2857 1403 2877 vere
1415 2869 1423 2883 ,
1448 2849 1551 2884 inquit.
1575 2849 1608 2878 ad
1622 2849 1722 2878 calcem
1741 2857 1790 2879 nos
1805 2848 1903 2878 finem-
