2048 3184
168 170 218 199 957

169 237 221 264 que
237 227 358 260 venisse;
374 226 421 255 sed
432 230 542 261 repente
553 224 613 253 cuni
625 224 749 252 dexteras
765 224 957 259 interposuisti,

169 272 393 308 disjunctissimos
411 277 461 299 nos
475 278 534 299 esse
548 274 575 298 et
588 270 615 297 in
627 270 736 305 longum
752 276 905 305 progressos
916 269 958 296 vi-

170 320 219 347 deo
231 327 238 345 :
250 318 374 346 videlicet
391 316 462 353 quod
487 317 612 344 hesterno
638 315 682 343 die
704 323 719 342 a
734 315 810 342 nobis
823 315 896 342 nulla
908 314 959 341 alia

169 364 282 401 qutestio
295 363 441 392 constituta
454 362 604 396 videbatur,
616 361 667 389 nisi
680 361 752 396 quod
765 361 911 396 sapientem
925 360 959 387 ad

168 410 436 447 comprehensionem
451 409 507 437 veri
523 408 662 444 pervenire
682 405 782 442 posse,
808 406 958 434 affirmante

170 462 196 484 te
207 476 215 489 ,
235 464 284 490 ego
296 463 453 490 negaveram
465 463 471 480 τ
486 461 556 481 nunc
568 460 631 480 vero
647 452 712 479 nihil
727 460 769 479 me
783 453 877 487 opinor
891 460 957 479 con-

169 501 283 529 cessisse
294 501 351 534 tibi,
368 508 447 535 quam
463 500 546 527 videri
558 506 637 534 posse
651 498 764 533 sapienti
783 497 957 533 probabilium

169 555 258 576 rerum
274 555 302 575 se
315 551 488 574 consecutum
503 553 562 573 esse
576 545 732 580 sapientiam
754 553 760 571 ε
775 551 853 579 quam
869 547 957 571 tamen

169 593 326 627 sapientiam
345 592 371 619 in
387 591 587 626 investigatione
609 590 757 617 divinarum
770 589 958 616 humanarum-

169 645 221 671 que
232 644 320 664 rerum
337 644 381 663 me
394 636 562 663 constituisse
577 635 641 662 nulli
654 639 773 662 nostrum
787 633 900 661 arbitror
910 633 958 660 du-

169 682 253 709 bium.
267 682 324 709 Non
338 702 346 714 ,
369 682 475 716 inquam
486 702 492 714 ,
510 681 568 708 ideo
586 681 647 715 quia
661 680 772 707 involvis
784 700 791 713 ,
804 679 933 706 evolvcris
949 688 956 706 :

168 727 267 754 videris
281 727 351 754 enim
364 727 418 761 jam
434 726 498 754 mihi
514 725 655 756 exercendi
667 726 704 752 tui
716 732 794 752 causa
809 724 955 759 disputare.

169 771 203 798 Et
219 772 278 806 quia
303 772 370 799 bene
390 772 459 798 nosti
481 772 545 798 istos
570 771 782 798 adolescentulos
806 771 849 797 vix
866 770 953 797 adhuc

168 824 245 851 posse
260 817 411 844 discernere
427 825 487 852 qua:
502 821 578 843 acute
590 824 621 843 ac
634 816 765 843 subtiliter
779 815 955 848 disseruntur,

169 867 292 897 tanquam
305 863 425 897 judicum
441 862 557 890 abuteris
575 863 722 897 ignorantia
733 883 739 894 ,
760 866 788 889 ut
814 862 860 889 tibi
874 868 957 896 quan-

168 909 290 935 tumlibet
312 908 384 943 loqui
403 909 477 936 nullo
492 909 569 935 liceat
591 909 763 935 reclamante.
788 908 852 934 Nam
876 908 955 941 paulo

168 958 230 980 ante
244 953 332 980 dixisti
346 975 352 985 ,
367 961 426 980 cum
441 961 587 988 qumrerem
602 958 688 980 tttrum
704 954 783 980 sciret
793 954 899 987 sapiens
912 961 956 980 sa—

169 999 310 1033 pientiam,
327 999 395 1026 scire
409 999 458 1026 sibi
477 1000 569 1026 videri.
585 999 632 1026 Cui
651 1007 714 1034 ergo
736 999 841 1026 videtur
853 1000 957 1033 sapien-

168 1048 220 1071 tein
231 1064 238 1076 ,
253 1044 320 1072 scire
333 1045 504 1079 sapientiam.
519 1052 571 1072 non
593 1045 683 1079 utique
694 1044 798 1071 videtur
811 1045 875 1071 nihil
889 1045 958 1072 scire

168 1091 326 1125 sapientem.
345 1091 402 1117 Hoc
421 1092 491 1117 enim
505 1091 628 1118 contendi
643 1098 694 1117 non
707 1095 802 1125 potest,
819 1091 868 1117 nisi
886 1091 958 1125 quis-

169 1142 250 1169 quatn
265 1135 354 1162 dicere
374 1136 483 1167 audeat,
507 1136 573 1162 nihil
590 1143 650 1162 esse
665 1136 831 1170 sapientiam.
853 1136 893 1163 Ex
905 1143 957 1170 quo

168 1180 217 1212 ﬁt,
246 1185 276 1206 ut
293 1180 346 1214 jam
372 1181 422 1208 hoc
443 1180 506 1213 tibi,
523 1181 592 1215 quod
617 1181 695 1208 etiam
721 1181 804 1213 mihi,
820 1181 955 1213 videatur;

167 1233 229 1252 nam
257 1226 320 1252 mihi
340 1226 444 1253 videtur
473 1226 619 1261 sapientem
645 1234 697 1253 non
726 1227 791 1253 nihil
816 1227 906 1261 scire,
932 1232 959 1254 et

167 1271 224 1304 tibi,
239 1271 343 1305 opinor,
370 1272 413 1298 cui
436 1272 540 1306 placet,
565 1271 649 1298 videri
672 1272 783 1306 sapienti
810 1272 957 1307 sapientem

167 1316 236 1343 scire
257 1316 422 1351 sapientiam.
450 1317 517 1344 Tum
540 1317 585 1344 ille
600 1338 608 1350 ,
635 1317 693 1344 Non
712 1318 795 1352 magis
812 1326 855 1345 me
884 1318 959 1353 inge-

167 1362 243 1389 nium
266 1369 392 1390 exercere
424 1363 493 1390 velle
521 1371 599 1398 quam
632 1367 678 1396 te,
708 1364 838 1395 arbitror;
870 1367 897 1390 et
933 1363 958 1390 id

168 1415 260 1440 miror,
275 1416 327 1435 non
349 1408 420 1435 enim
437 1409 481 1436 tibi
498 1409 549 1435 ulla
563 1409 588 1435 in
609 1409 677 1436 hanc
699 1416 756 1436 rem
770 1408 958 1436 exercitatione

169 1460 236 1488 opus
248 1457 298 1480 est.
310 1453 374 1479 Nam
384 1453 447 1480 mihi
461 1453 547 1480 adhuc
559 1454 671 1481 fortasse
679 1461 750 1480 czcco
762 1454 866 1480 videtur
877 1454 959 1480 inter-

167 1505 227 1525 eSse
253 1499 322 1525 inter
345 1498 427 1525 videri
441 1498 490 1525 sibi
513 1499 601 1531 scire,
622 1503 648 1525 et
670 1499 754 1530 scire;
776 1502 803 1525 et
825 1498 893 1525 inter
914 1505 958 1525 sa-

169 1544 296 1577 pientiam
315 1551 375 1578 qutc
394 1543 420 1570 in
435 1544 636 1578 investigatione
651 1544 734 1578 posita
750 1547 799 1576 est,
820 1548 847 1570 et
860 1543 958 1571 verita-

168 1595 221 1617 tem
238 1599 245 1616 :
261 1598 319 1625 qua:
333 1597 348 1616 a
364 1590 439 1617 nobis
451 1597 511 1616 cum
525 1590 649 1617 alterutra
661 1589 792 1622 dicantur,
801 1589 851 1616 sibi
864 1597 958 1624 quem-

168 1635 310 1662 admodum
339 1635 469 1669 quadrent
490 1642 544 1662 non
576 1635 692 1662 invenio.
712 1635 777 1661 Tum
804 1642 852 1670 ego
867 1655 875 1668 ,
897 1642 958 1662 cum

167 1681 221 1715 jam
235 1680 268 1708 ad
284 1680 422 1714 prandium
444 1687 618 1713 vocaremur;
644 1680 719 1713 Non,
744 1680 871 1715 inquam,
893 1680 957 1707 mihi

168 1725 238 1759 qttod
254 1729 353 1751 tantum
370 1725 492 1752 reniteris
506 1725 627 1759 displicet
641 1733 647 1751 :
663 1728 708 1751 aut
721 1725 793 1752 enim
820 1725 899 1752 ambo
912 1732 959 1751 ue-

169 1771 268 1797 scitnus
292 1769 354 1804 quid
370 1769 522 1804 loquamur,
539 1774 566 1796 et
588 1769 674 1796 danda
689 1774 729 1797 est
749 1777 829 1803 opera
846 1778 879 1797 ne
904 1774 957 1796 tam

170 1820 262 1850 turpes
281 1816 381 1847 simus;
396 1820 440 1842 aut
459 1822 527 1842 unus
545 1819 667 1842 nostrum
679 1836 686 1848 ,
710 1816 781 1850 quod
796 1816 858 1843 item
874 1816 956 1843 relin-

168 1869 251 1896 quere
264 1866 344 1895 atque
357 1861 491 1896 negligere
513 1868 566 1888 non
585 1861 672 1888 minus
686 1866 760 1896 turpe
771 1867 811 1888 est
826 1870 832 1888 :
847 1861 893 1888 sed
908 1869 957 1896 po-

167 1906 322 1934 meridianis
334 1907 406 1933 horis
418 1906 550 1933 redietnus
561 1906 594 1933 ad
605 1907 727 1933 iuvicetn.
741 1907 803 1933 Mihi
815 1907 884 1934 enim
896 1914 956 1933 cum

168 1951 304 1979 videretur
323 1951 378 1985 jam
403 1959 451 1978 nos
471 1951 503 1978 ad
528 1952 626 1979 calcem
654 1953 827 1986 pervcniSse,
854 1960 957 1988 pugnos

168 1998 250 2025 etiam
266 1998 405 2025 miscuisti.
421 1998 469 2024 llic
484 2005 543 2024 cum
558 1998 719 2031 arrisissent,
737 1999 920 2026 discessimus.

432 2055 567 2073 DISPUTATIO
584 2056 696 2074 SECUNDA.

166 2089 277 2117 CAPUT
287 2089 371 2116 iV.-—
379 2089 477 2116 Rursus
487 2093 552 2124 quod
563 2091 662 2124 sapiens
671 2099 719 2116 non
731 2095 764 2117 est
776 2091 816 2125 qui
827 2091 890 2118 nihil
900 2091 955 2118 scil.

203 2136 229 2162 7.
246 2136 280 2162 Et
301 2143 361 2162 cum
376 2135 550 2167 redissemus.
568 2135 718 2162 invenimus
733 2136 880 2163 Licentiuut
891 2157 897 2169 ,
913 2138 955 2164 cui

167 2185 300 2215 nunquam
324 2181 422 2208 sitienti
449 2181 557 2207 Iiclicun
572 2181 759 2214 subvenisset,
777 2182 956 2216 eiicogitandis

166 2227 288 2254 versibus
309 2227 466 2254 inhiantem.
483 2226 548 2253 Nam
564 2227 597 2254 de
620 2227 708 2254 medio
735 2235 803 2262 pene
828 2228 954 2262 prandio,

166 2272 287 2306 quamvis
303 2272 386 2299 nostri
401 2272 505 2308 prandii
521 2272 589 2299 idctn
612 2273 714 2299 initium
737 2273 782 2307 qui
808 2273 867 2300 finis
890 2273 955 2308 fuit,

166 2318 234 2344 clam
260 2322 427 2351 surrexerat,
448 2317 566 2352 nihilque
588 2318 699 2345 biberat.
723 2318 771 2346 Cui
798 2327 866 2354 ego,
889 2320 956 2354 Opto

167 2363 275 2397 quidem
286 2384 293 2395 ,
310 2364 417 2398 inquam
427 2384 434 2397 ,
450 2364 497 2391 tibi
512 2368 540 2390 ut
560 2364 636 2391 istam
652 2365 781 2399 poeticam
795 2372 873 2400 quam
890 2372 955 2392 cort-

166 2407 262 2442 cupisti
274 2429 281 2441 ,
296 2408 482 2443 complectaris
495 2409 637 2443 aliquando
652 2417 658 2435 :
671 2417 722 2436 non
736 2409 807 2444 quod
823 2418 864 2437 me
878 2411 955 2437 nimis

166 2453 280 2481 delectet
295 2454 345 2481 ista
368 2454 515 2489 perfectio;
540 2455 587 2482 sed
613 2455 683 2489 quod
710 2455 788 2482 video
804 2459 829 2483 te
853 2460 953 2484 tantum

166 2498 307 2531 exarsisse,
322 2503 352 2526 ut
366 2499 418 2526 nisi
436 2499 540 2527 fastidio
560 2500 672 2527 evadere
685 2501 717 2528 ab
731 2501 780 2527 hoc
794 2509 885 2529 amore
900 2509 951 2528 nou

167 2545 268 2578 possis;
287 2544 357 2580 quod
372 2544 480 2572 evenire
495 2549 553 2579 post
577 2545 765 2580 perfectionem
786 2546 862 2574 facile
876 2547 952 2574 solet.

168 2589 266 2617 Deinde
280 2597 340 2617 cum
356 2590 393 2618 sis
404 2590 473 2617 bene
485 2598 614 2624 canorus,
630 2591 718 2618 malim
734 2592 841 2619 auribus
857 2594 954 2620 nostris

166 2634 282 2662 inculces
297 2639 356 2663 tuos
378 2642 487 2669 versus;
516 2644 594 2671 quam
609 2641 638 2664 ut
657 2637 682 2664 in
707 2637 759 2664 illis
784 2639 877 2672 graecis
902 2643 954 2666 tra-

164 2681 278 2716 goediis,
302 2689 377 2710 more
401 2682 562 2709 avicularum
584 2690 649 2717 quas
672 2682 699 2709 in
722 2684 810 2711 caveis
839 2684 952 2712 inclusas

165 2726 304 2760 videmus,
323 2727 403 2754 verba
416 2735 476 2762 quae
490 2735 543 2755 non
566 2727 690 2762 intelligis
704 2732 804 2755 cantes.
817 2729 954 2757 Admoneo

165 2774 252 2797 tamen
268 2774 297 2797 ut
309 2779 403 2805 pergas
416 2776 506 2807 potum
517 2794 524 2806 ,
540 2773 562 2800 si
576 2774 666 2806 voles,
684 2778 711 2800 et
731 2773 764 2800 ad
777 2774 895 2801 scholam
909 2783 952 2802 re-

165 2817 229 2842 deas
242 2821 362 2843 nostram
376 2837 383 2849 ,
400 2817 422 2843 si
436 2821 522 2846 tamen
533 2820 631 2854 aliquid
642 2820 696 2854 jam
707 2820 741 2848 de
754 2824 779 2848 te
795 2820 953 2849 llortensius

165 2865 191 2887 ct
203 2861 370 2896 philosophia
383 2867 509 2896 meretur,
521 2864 562 2890 cui
581 2865 748 2894 dulcissimas
760 2866 888 2901 primitias
897 2867 950 2902 jam

304 2907 416 2938 Snxc‘r.
441 2909 576 2938 Amcsr.
600 2908 623 2939 ι.

837 161 937 192 LIBER
957 164 1110 193 TERTIUS.

1747 171 1799 200 938

1014 228 1103 252 vestro
1117 224 1162 252 illo
1174 232 1296 253 sermone
1310 225 1407 259 libasti,
1419 226 1463 262 qui
1478 232 1504 254 te
1526 228 1707 257 vehementius
1718 237 1797 264 quam

1013 270 1063 297 ista
1086 271 1190 305 poetica
1213 271 1365 299 incenderat
1389 272 1422 300 ad
1436 280 1591 308 magnarum
1611 278 1640 302 et
1658 282 1720 303 vere
1739 276 1782 302 fru

1012 321 1166 345 cluosarnm
1187 324 1275 346 rerum
1299 319 1448 346 scientiam.
1470 318 1523 347 Sed
1547 320 1610 347 dum
1631 320 1664 348 ad
1683 320 1793 349 istarum

1012 362 1211 398 disciplinarum
1224 383 1231 396 ,
1256 364 1352 398 quibus
1369 365 1526 393 excoluntur
1548 365 1646 399 animi,
1673 366 1773 394 circum

1011 415 1139 436 revocare
1154 415 1201 436 vos
1214 409 1311 445 cupio;
1326 414 1417 437 metuo
1430 416 1464 437 ne
1474 410 1550 438 vobis
1562 410 1727 447 labyrinthus
1740 410 1797 445 flat,

1011 457 1038 481 et
1051 460 1133 489 prope
1156 462 1199 482 me
1213 454 1323 489 paenitet
1336 454 1370 482 ab
1391 454 1436 483 illo
1458 460 1486 483 te
1508 455 1609 491 impetu
1625 456 1795 491 repressisse.

1012 497 1126 526 Erubuit
1138 499 1197 533 ille,
1209 499 1382 535 discessitque
1397 504 1426 527 ut
1439 499 1550 528 biberet.
1565 500 1632 529 Nam
1646 506 1673 529 et
1686 502 1797 529 multum

1011 543 1132 579 sitiebat,
1154 548 1182 572 et
1208 545 1314 573 occasio
1341 546 1454 574 dabatur
1485 547 1601 575 evitandi
1626 555 1690 582 me,
1721 548 1796 583 plura

1011 589 1124 618 fortasse
1134 595 1213 626 atque
1226 592 1361 627 asperiora
1373 592 1517 620 dicturum.

1046 636 1072 664 8.
1087 636 1121 664 Et
1135 644 1195 664 cum
1215 638 1348 672 rediisset,
1369 638 1478 666 intentis
1499 638 1638 672 omnibus,
1654 639 1694 666 sic
1707 639 1775 674 οωρί
1788 648 1796 667 :

1010 680 1082 709 Itane
1105 686 1161 716 est,
1183 683 1272 719 Alypi,
1298 687 1328 711 ut
1348 683 1417 711 inter
1431 691 1480 712 nos
1502 684 1535 712 de
1554 692 1584 713 re
1601 684 1674 720 jam,
1690 689 1720 712 ut
1731 685 1797 712 mihi

1010 727 1124 760 videtur,
1141 729 1356 756 manifestissima
1374 737 1428 757 non
1453 730 1608 758 conveniat?
1621 730 1678 758 Non
1699 730 1795 758 mirum

1010 778 1068 807 est,
1081 774 1174 809 inquit,
1188 775 1211 802 si
1222 775 1293 810 quod
1307 775 1354 803 tibi
1368 775 1395 803 in
1406 780 1528 811 promptu
1537 783 1596 804 esse
1605 776 1703 804 asseris
1711 796 1718 810 ,
1731 776 1796 803 mihi

1010 818 1151 846 obscurum
1166 820 1219 847 sit:
1234 820 1363 855 siquidem
1379 821 1504 856 pleraque
1516 821 1654 849 manifesta
1664 842 1671 855 ,
1695 821 1797 856 possint

1010 865 1068 892 aliis
1081 865 1261 893 manifestiora
1273 885 1282 899 ,
1298 869 1325 894 et
1344 866 1407 893 item
1434 866 1546 894 obscura
1571 866 1690 902 quaedam
1701 887 1709 900 ,
1729 874 1797 894 non-

1010 910 1090 938 nullis
1104 912 1256 939 obscuriora
1270 919 1341 939 esse.
1357 911 1423 939 Nam
1436 912 1459 940 si
1472 917 1498 940 et
1511 912 1562 940 hoc
1576 913 1622 940 tibi
1647 920 1710 940 vere
1736 920 1792 939 ma-

1010 955 1135 983 nifestum
1158 961 1215 989 est,
1237 957 1302 984 mihi
1324 956 1425 991 crede,
1447 964 1507 985 esse
1531 957 1610 984 alium
1635 965 1796 993 quemquam

1009 1001 1051 1027 cui
1065 1005 1093 1028 et
1112 1001 1161 1028 hoc
1173 1002 1341 1029 manifestum
1358 1007 1430 1030 tuum
1450 1002 1618 1030 manifestius
1630 1003 1678 1034 sit;
1693 1007 1719 1030 et
1734 1002 1797 1030 item

1009 1046 1089 1073 alium
1113 1046 1156 1074 cui
1170 1055 1258 1075 meum
1281 1048 1424 1075 obscurum
1451 1049 1590 1076 obscurius
1617 1048 1661 1075 sit.
1682 1048 1734 1076 Sed
1764 1055 1797 1076 ne

1012 1098 1056 1119 me
1071 1098 1264 1128 perpugnacem
1280 1092 1377 1120 diutius
1389 1096 1479 1127 putes,
1495 1093 1690 1120 obsecraverim
1705 1097 1733 1120 ut
1747 1093 1798 1121 hoc

1010 1138 1179 1166 manifestum
1193 1138 1359 1166 manifestius
1372 1139 1515 1166 edisseras.
1528 1139 1653 1172 Attende,
1670 1139 1776 1173 inquam
1789 1159 1797 1170 ,

1010 1191 1101 1219 quaeso
1125 1184 1286 1219 diligenter,
1309 1188 1337 1212 et
1359 1184 1435 1219 quasi
1462 1184 1576 1219 seposita
1599 1184 1733 1219 paululum
1753 1192 1797 1211 re-

1014 1229 1160 1263 spondendi
1179 1237 1252 1257 cura.
1266 1230 1293 1258 Si
1307 1230 1377 1257 enim
1391 1230 1459 1257 bene
1472 1237 1515 1257 me
1530 1234 1609 1265 atque
1623 1235 1649 1257 te
1665 1227 1725 1257 novi
1736 1251 1743 1262 ,
1760 1230 1798 1257 fa-

1010 1274 1060 1302 cile
1074 1274 1135 1302 data
1149 1282 1229 1309 opera
1241 1275 1352 1302 clarebit
1362 1275 1432 1310 quod
1446 1275 1506 1302 dico
1515 1295 1523 1308 ,
1537 1279 1564 1302 et
1577 1275 1644 1302 alter
1656 1275 1731 1302 alteri
1743 1276 1798 1303 cito

1012 1320 1191 1355 persuadebit.
1208 1320 1338 1347 Dixistine
1361 1320 1485 1354 tandem,
1508 1328 1541 1347 an
1566 1320 1679 1348 fortasse
1701 1321 1798 1348 obsur-

1011 1366 1120 1393 dueram
1132 1386 1140 1399 ,
1154 1365 1238 1393 videri
1253 1366 1363 1401 sapienti
1376 1373 1405 1393 se
1418 1365 1487 1393 scire
1501 1365 1655 1400 sapientiam
1666 1365 1678 1392 ‘i
1688 1366 1798 1393 Annuit.

1011 1411 1177 1445 Omittamus,
1195 1411 1302 1446 inquam
1313 1428 1322 1445 ,
1337 1411 1472 1446 paululutn
1487 1412 1565 1438 istum
1587 1411 1743 1446 sapientem.
1758 1412 1799 1439 Tu

1011 1456 1068 1490 ipse
1082 1457 1188 1492 sapiens
1198 1464 1242 1489 es,
1262 1464 1296 1483 an
1311 1463 1363 1483 non
1375 1456 1386 1483 ‘I
1400 1456 1480 1489 Nihil,
1502 1456 1604 1491 inquit,
1619 1456 1715 1484 tttinus.
1732 1456 1799 1484 Volo

1011 1507 1099 1530 tamen
1110 1523 1117 1534 .
1133 1503 1238 1538 inquam
1251 1523 1264 1535 ,_
1274 1502 1436 1537 respondeas
1452 1502 1516 1529 mihi
1540 1502 1602 1538 quid
1627 1502 1683 1537 ipse
1700 1503 1800 1531 sentias

1010 1548 1044 1575 de
1057 1548 1177 1583 sapiente
1189 1548 1347 1576 Academico
1360 1556 1367 1581 ;
1378 1553 1529 1576 utrumnam
1545 1549 1592 1576 tibi
1601 1549 1719 1576 videatur
1730 1550 1799 1577 scire

1011 1594 1185 1629 sapientiam?
1208 1594 1301 1622 Utrum
1323 1593 1388 1626 sibi,
1412 1593 1515 1629 inquit,
1537 1595 1606 1622 scire
1625 1594 1743 1622 videatur
1764 1602 1800 1622 an

1011 1640 1095 1673 sciat,
1109 1647 1227 1667 unumne
1246 1647 1280 1666 an
1301 1639 1435 1666 diversum
1457 1639 1552 1674 putas?
1570 1639 1658 1667 Metuo
1678 1640 1750 1667 enim
1764 1648 1799 1668 ne

1011 1688 1068 1715 haec
1081 1687 1201 1715 confusio
1225 1686 1347 1722 cuiquam
1367 1691 1488 1714 nostrum
1513 1686 1654 1721 suil'ugium
1668 1687 1796 1721 prebeat.

1047 1734 1073 1762 9.
1089 1733 1145 1761 line
1163 1738 1222 1766 est,
1247 1734 1369 1768 inquam,
1395 1732 1511 1760 Tuscum
1525 1732 1587 1759 illud
1600 1732 1714 1767 jurgium
1729 1732 1799 1767 quod

1010 1781 1062 1809 dici
1077 1780 1162 1813 solet,
1177 1787 1236 1807 cum
1250 1779 1390 1814 quaestioni
1402 1779 1537 1806 intentatur:
1550 1786 1604 1806 non
1618 1778 1675 1813 eius
1690 1778 1797 1810 solutio,

1010 1826 1057 1854 sed
1067 1826 1175 1853 alterius
1185 1825 1298 1860 objectio
1309 1824 1414 1852 videtur
1424 1823 1534 1851 mederi.
1546 1823 1621 1857 Quod
1632 1823 1710 1851 etiam
1722 1827 1799 1858 poeta

1011 1876 1102 1899 noster
1111 1870 1151 1908 (ut
1163 1878 1206 1898 me
1216 1870 1377 1905 aliquantum
1391 1869 1501 1896 Licentii
1515 1868 1623 1896 auribus
1633 1868 1740 1904 dedam)
1750 1868 1796 1896 de-

1010 1921 1102 1945 center
1116 1916 1142 1944 in
1158 1916 1281 1944 Bucolico
1295 1914 1414 1943 carmine
1436 1914 1486 1942 ltoc
1499 1914 1661 1942 rusticanum
1674 1918 1701 1941 et
1721 1914 1801 1949 plane

1010 1962 1181 1997 pastoricium
1195 1968 1255 1989 esse
1267 1960 1403 1995 judicavit,
1415 1967 1473 1987 cum
1484 1960 1551 1987 alter
1562 1960 1674 1987 alterum
1689 1960 1801 1987 interro-

1010 2012 1064 2043 gat,
1080 2008 1123 2035 ubi
1138 2007 1199 2035 cmli
1217 2006 1330 2041 spatium
1352 2013 1406 2033 non
1429 2005 1542 2041 amplius
1555 2012 1634 2040 quam
1656 2009 1710 2033 tres
1725 2005 1800 2033 ulnas

1010 2059 1114 2090 pateat:
1126 2054 1170 2082 ille
1182 2058 1269 2081 autem
1279 2072 1287 2087 ,

1101 2099 1141 2123 Die
1151 2099 1239 2130 quibus
1250 2099 1274 2123 in
1286 2098 1358 2123 terris
1369 2097 1476 2129 inscripti
1487 2097 1582 2122 nomina
1591 2100 1680 2130 regum

1100 2142 1229 2165 Nasumur
1239 2139 1321 2164 ﬂores.

1275 2179 1367 2212 (Vir-9.,
1379 2178 1466 2212 Ecloga
1476 2180 1501 2210 5,
1513 2186 1549 2205 vv.
1563 2179 1616 2211 105,
1630 2179 1696 2211 106.)

1012 2223 1088 2257 Quod
1102 2229 1202 2258 qumso,
1221 2222 1299 2258 Alypi
1309 2242 1317 2255 ,
1331 2229 1365 2249 ne
1384 2222 1410 2249 in
1425 2221 1485 2248 villa
1499 2221 1575 2249 nobis
1588 2220 1670 2249 licere
1684 2221 1798 2250 arbitre-

1010 2269 1047 2297 ris
1063 2278 1070 2296 :
1085 2273 1157 2297 certe
1171 2268 1213 2296 vel
1227 2268 1284 2296 istae
1299 2267 1427 2295 balneoltc
1442 2267 1555 2302 aliquam
1568 2267 1671 2296 decoris
1687 2272 1800 2304 gymna-

1009 2314 1109 2342 siorum
1124 2313 1222 2341 faciant
1235 2306 1447 2340 recordationem
1459 2321 1465 2339 :
1478 2307 1511 2339 ad
1525 2312 1562 2346 id,
1576 2307 1600 2339 si
1612 2313 1716 2348 placet,
1728 2310 1799 2347 quod

1009 2367 1093 2395 rogo,
1113 2358 1254 2394 responde.
1275 2352 1422 2386 Videturne
1457 2353 1504 2385 tibi
1533 2358 1639 2393 sapiens
1655 2358 1799 2386 Academi-

1008 2414 1101 2434 corum
1113 2406 1183 2434 scire
1197 2405 1375 2441 sapientiam?
1387 2399 1426 2433 Ne
1437 2404 1517 2432 verba
1534 2405 1621 2433 verbis
1640 2404 1797 2439 referendo,

1008 2452 1102 2487 inquit,
1117 2452 1144 2479 in
1170 2451 1279 2487 longum
1303 2459 1404 2484 eamus,
1419 2450 1524 2478 videtur
1536 2447 1619 2478 videri
1644 2446 1694 2478 sibi
1717 2451 1797 2479 scire.

1008 2497 1118 2525 Videtur
1138 2505 1221 2533 ergo,
1246 2497 1352 2532 inquam
1363 2516 1371 2530 ,
1386 2491 1431 2524 tibi
1451 2492 1575 2524 nescire?
1590 2496 1646 2524 Non
1660 2495 1730 2525 enim
1748 2505 1799 2532 ego

1007 2546 1097 2578 quaero
1114 2542 1178 2578 quid
1197 2537 1243 2570 tibi
1259 2537 1379 2570 videatur
1398 2539 1480 2569 videri
1499 2542 1609 2576 sapienti
1623 2563 1630 2575 ,
1646 2538 1693 2570 sed
1708 2548 1797 2570 utrum

1007 2588 1053 2615 tibi
1085 2588 1205 2616 videatur
1234 2588 1340 2623 sapiens
1365 2583 1434 2615 scire
1456 2587 1620 2623 sapientiam.
1646 2584 1744 2623 Potes,
1768 2594 1798 2617 ut

1007 2634 1110 2670 opinor,
1126 2634 1170 2662 hic
1191 2638 1237 2662 aut
1248 2635 1337 2669 aiere,
1352 2638 1398 2662 aut
1411 2642 1518 2669 negare.
1531 2629 1554 2662 0
1568 2635 1677 2668 utinam,
1692 2635 1794 2671 inquit,

1006 2684 1052 2706 aut
1074 2679 1110 2706 ita
1134 2679 1198 2707 mihi
1226 2679 1302 2708 facile
1324 2683 1396 2707 esset
1412 2681 1441 2707 ut
1466 2679 1529 2713 tibi,
1553 2681 1599 2707 aut
1618 2680 1653 2708 ita
1674 2680 1723 2709 tibi
1747 2682 1798 2710 dif-

1008 2722 1078 2753 ficile
1092 2729 1120 2752 ut
1143 2722 1223 2752 mihi!
1246 2732 1297 2752 nec
1321 2729 1375 2752 tam
1397 2721 1525 2752 molestus
1537 2733 1609 2754 esses
1620 2747 1628 2760 ,
1650 2734 1700 2755 nec
1714 2728 1740 2754 in
1755 2727 1800 2755 his

1007 2771 1149 2807 quidquam
1162 2778 1295 2806 sperares.
1313 2766 1379 2798 Nam
1393 2776 1452 2799 cum
1468 2779 1511 2799 me
1531 2771 1718 2809 interrogares,
1733 2769 1796 2810 quid

1007 2816 1071 2844 mihi
1086 2816 1120 2844 de
1131 2815 1290 2844 Academico
1303 2817 1421 2852 sapiente
1442 2816 1578 2851 videatur;
1598 2818 1733 2854 respondi,
1754 2819 1795 2846 vi-

1038 2872 1046 2889 ι
1059 2871 1117 2897 Editi
1128 2871 1227 2903 habent,
1237 2871 1361 2898 circulum.
1374 2872 1419 2897 Sed
1430 2872 1519 2897 melius
1528 2876 1581 2898 Mss.
1590 2873 1686 2905 decem,
1695 2874 1788 2900 circum

1459 2914 1619 2953 (’Trmre.)
