4096 6368
463 323 562 379 9'59

453 437 574 494 deri
600 433 728 491 mihi
750 428 891 501 quod
917 426 1157 481 videatur
1181 420 1282 477 sibi
1302 418 1439 477 scire
1471 415 1783 486 sapientiam
1803 453 1818 480 ,
1850 418 2035 512 neaut

465 542 666 583 temere
692 538 778 578 me
806 522 944 576 scire
994 515 1309 571 affirmarem
1335 551 1352 579 ,
1390 516 1483 564 aut
1522 507 1670 563 illum
1714 518 1819 558 non
1862 507 2038 557 minus

466 635 667 678 temere
693 618 832 672 scire
853 613 1104 670 dicerem.
1136 608 1243 663 Pro
1263 616 1452 673 magno
1471 640 1485 664 ,
1508 600 1742 669 inquam,
1772 594 2039 650 beneficio

470 713 600 769 mihi
625 710 849 765 obsecro
889 699 1151 760 concedas
1203 695 1396 767 primo,
1427 699 1487 748 ut
1525 689 1592 745 ad
1631 688 1686 785 id
1711 685 1857 785 quod
1899 698 1999 785 ego
2023 724 2039 750 ,

472 818 579 859 non
604 800 669 856 ad
693 798 743 854 id
769 794 908 868 quod
938 803 992 847 tu
1028 799 1080 847 te
1109 789 1407 855 interrogas
1433 778 1760 851 respondere
1784 776 2040 845 digneris.

474 891 673 950 Deinde
701 898 758 943 ut
793 899 943 956 spem
968 895 1139 938 meam
1157 920 1172 945 ,
1202 891 1361 948 quam
1392 872 1489 930 tibi
1514 886 1619 926 non
1646 868 1824 924 minus
1853 878 1998 921 curae
2018 902 2034 929 ,

474 1000 630 1056 quam
658 993 797 1036 tuam
835 990 952 1032 esse
989 981 1139 1030 certo
1162 970 1274 1025 scio
1292 1008 1306 1033 ,
1334 980 1476 1056 nunc
1501 961 1780 1056 paululum
1809 956 2044 1013 omittas.

474 1050 632 1131 Certe
654 1072 698 1126 si
723 1084 808 1125 me
846 1068 945 1122 ista
974 1059 1386 1132 interrogatione
1412 1055 1706 1124 decepere,
1736 1050 1841 1105 cito
1877 1057 2050 1104 trans-

478 1167 566 1221 ibo
610 1163 663 1218 in
708 1172 847 1215 tuam
905 1164 1141 1227 partem,
1188 1147 1713 1215 controversiamque
1782 1142 2048 1197 finiemus.

477 1257 754 1311 Postremo
796 1258 853 1303 ut
899 1247 1048 1319 pulsa
1078 1243 1259 1301 nescio
1295 1255 1398 1311 qua
1431 1236 1785 1294 sollicitudine
1807 1275 1821 1300 ,
1866 1247 1971 1303 qua
2002 1240 2051 1286 te

476 1347 619 1416 tangi
645 1345 821 1406 video,
853 1339 1156 1410 diligentius
1194 1333 1581 1390 animadvertas
1611 1372 1626 1398 ,
1653 1344 1757 1400 quo
1781 1326 1935 1382 facile
1969 1326 2052 1379 in-

473 1438 687 1508 teiiigas
731 1434 855 1505 quid
900 1431 1029 1487 mihi
1075 1430 1171 1484 abs
1214 1436 1265 1482 te
1297 1422 1608 1495 responderi
1638 1421 1817 1476 velim.
1867 1418 2054 1472 Dixisti

485 1530 625 1584 enim
656 1527 776 1583 ideo
821 1537 874 1580 te
914 1539 1022 1579 non
1045 1530 1138 1577 aut
1160 1520 1304 1574 aiere
1328 1526 1418 1571 aut
1458 1528 1674 1585 negare,
1707 1510 1848 1583 quod
1875 1511 2055 1580 utique

472 1617 778 1674 faciendum
807 1623 889 1669 est
930 1614 997 1668 ad
1034 1612 1099 1671 id
1127 1608 1270 1681 quod
1292 1622 1422 1677 rogo
1443 1648 1458 1674 ,
1488 1620 1557 1661 ne
1590 1612 1790 1659 temere
1832 1610 1885 1658 te
1918 1601 2056 1656 scire

466 1712 626 1765 «dicas
654 1708 793 1779 quod
847 1706 1021 1763 nescis
1057 1722 1072 1760 :
1100 1703 1249 1773 quasi
1278 1716 1406 1756 vero
1442 1713 1541 1770 ego
1569 1696 1696 1768 quid
1738 1696 1876 1752 scias
1909 1709 2054 1765 quae-

482 1802 695 1864 sierim,
728 1808 784 1854 et
822 1814 924 1852 non
953 1795 1078 1866 quid
1119 1793 1216 1848 tibi
1239 1791 1499 1847 videatur.
1528 1789 1709 1858 Itaque
1734 1801 1875 1841 nunc
1915 1785 2054 1841 idem

486 1893 694 1963 planius
721 1892 791 1961 (si
822 1901 998 1945 tamen
1026 1887 1238 1959 planius
1263 1884 1366 1941 dici
1400 1882 1598 1954 potest)
1628 1883 1896 1951 interrogo
1924 1898 1937 1935 :
1961 1880 2056 1935 Vi-

485 1986 708 2039 deturne
736 1982 827 2037 tibi
860 1982 997 2037 scire
1022 1977 1335 2049 sapientiam
1376 1975 1588 2045 sapiens
1611 2015 1626 2038 ,
1673 1989 1742 2028 an
1773 1988 1881 2029 non
1909 1971 2057 2027 vide-

481 2073 605 2129 tur?
653 2073 709 2129 Si
760 2071 1015 2135 inveniri,
1059 2067 1248 2139 inquit,
1280 2066 1491 2136 sapiens
1516 2064 1726 2135 qualem
1755 2062 1891 2118 ratio
1927 2078 2059 2133 pro-

485 2165 585 2230 dit,
611 2174 805 2234 queat;
835 2169 1009 2231 potest
1036 2159 1167 2215 mihi
1194 2156 1360 2213 videri
1377 2156 1516 2211 scire
1541 2154 1875 2223 sapientiam.
1907 2152 2062 2207 Ratio

486 2255 664 2325 igitur,
699 2254 936 2323 inquam,
963 2251 1119 2307 talem
1147 2249 1241 2304 tibi
1269 2247 1448 2318 prodit
1470 2260 1592 2303 esse
1615 2245 1930 2315 sapientem,
1970 2245 2061 2313 qui

485 2346 796 2416 sapientiam
829 2360 935 2403 non
981 2344 1306 2413 ignoret:et
1346 2348 1492 2396 recte
1538 2338 1731 2395 isthuc.
1764 2337 1879 2393 Non
1920 2338 2061 2393 enim

485 2439 638 2493 aliter
659 2437 879 2492 decebat
902 2435 1067 2490 videri
1100 2434 1214 2489 tibi.

556 2529 643 2585 10.
683 2528 875 2597 Quer
902 2543 1028 2597 ergo
1065 2526 1173 2596 jam
1195 2568 1208 2589 ,
1252 2531 1429 2579 utrum
1459 2522 1629 2593 possit
1655 2521 1866 2590 sapiens
1904 2522 2055 2578 inve-

487 2623 608 2678 niri.
647 2621 704 2677 Si
737 2621 878 2676 enim
909 2627 1115 2689 potest,
1144 2626 1319 2687 potest
1341 2614 1499 2669 etiam
1537 2614 1675 2668 scire
1713 2613 2024 2681 sapientiam
2045 2653 2060 2678 ,

485 2712 764 2783 omnisque
788 2710 1011 2781 quaestio
1049 2709 1187 2763 inter
1223 2722 1321 2762 nos
1357 2704 1611 2762 dissoluta
1653 2714 1753 2760 est.
1793 2704 1851 2759 Si
1888 2714 2063 2759 autem

487 2820 593 2861 non
621 2818 777 2875 posse
801 2803 954 2866 dicis,
977 2802 1087 2872 jam
1116 2815 1220 2854 non
1248 2806 1515 2869 quaeretur
1537 2806 1713 2853 utrum
1739 2797 1949 2867 sapiens
1969 2797 2067 2851 ali-

485 2895 614 2964 quid
643 2894 808 2960 sciat,
839 2892 932 2948 sed
972 2899 1148 2946 utrum
1178 2890 1390 2959 sapiens
1425 2889 1702 2959 quisquam
1729 2902 1848 2942 esse
1876 2888 2061 2957 possit.

487 2985 603 3052 Quo
628 2983 915 3037 constituto
933 3023 948 3048 ,
976 2980 1085 3050 jam
1111 2978 1465 3034 recedendum
1490 2978 1593 3033 erit
1612 2977 1678 3032 ab
1702 2977 2062 3043 Academicis,

486 3086 541 3130 et
581 3083 755 3130 tecum
800 3074 895 3127 ista
936 3070 1159 3140 quaestio
1204 3077 1457 3139 quantum
1483 3069 1754 3135 valemus,
1786 3068 2067 3139 diligenter

485 3177 744 3237 cauteque
768 3164 1046 3220 versanda.
1071 3163 1202 3219 Nam
1224 3163 1328 3217 illis
1350 3163 1569 3233 placuit,
1592 3163 1675 3219 vel
1701 3162 1878 3233 potius
1892 3162 2063 3216 visum

484 3267 596 3321 est,
627 3265 682 3313 et
704 3270 824 3313 esse
855 3270 1008 3325 posse
1044 3254 1314 3310 hominem
1351 3253 1673 3324 sapientem,
1713 3262 1768 3308 et
1804 3262 1981 3309 tamen
2010 3252 2064 3307 in

485 3350 753 3407 hominem
781 3348 1057 3403 scientiam
1084 3346 1278 3401 cadere
1301 3360 1408 3400 non
1448 3359 1625 3415 posse.
1653 3344 1827 3411 Quare
1867 3343 1939 3399 illi
1980 3358 2065 3398 sa-

486 3443 716 3511 pientem
754 3439 884 3494 nihil
929 3438 1067 3493 scire
1111 3436 1461 3491 affirmarunt.
1497 3434 1615 3490 Tibi
1644 3443 1820 3490 autem
1859 3434 2067 3489 videtur

485 3535 622 3589 scire
656 3531 998 3603 sapientiam,
1025 3528 1166 3600 quod
1193 3543 1300 3583 non
1329 3534 1412 3583 est
1438 3525 1619 3596 utique
1645 3525 1775 3580 nihil
1798 3524 1957 3580 scire.
1983 3524 2066 3579 Sic

488 3626 597 3681 tnul
626 3625 767 3681 enim
798 3622 995 3693 placuit
1024 3623 1160 3676 inter
1188 3635 1284 3675 nos
1304 3660 1321 3687 ,
1354 3617 1496 3689 quod
1525 3617 1684 3673 etiam
1714 3617 1852 3673 inter
1876 3632 2065 3671 omnes

488 3730 711 3783 veteres,
741 3718 980 3786 interque
1007 3715 1150 3784 ipsos
1176 3712 1545 3778 Academicos,
1570 3712 1708 3766 scire
1733 3710 1865 3766 falsa
1892 3711 2063 3765 nemi-

484 3824 605 3865 nem
650 3825 805 3879 posse
829 3827 841 3862 :
870 3806 1011 3862 unde
1056 3804 1181 3859 illud
1211 3804 1321 3873 jam
1349 3812 1550 3869 restat,
1575 3811 1635 3858 ut
1657 3810 1749 3857 aut
1775 3803 2066 3859 contendas

484 3903 615 3958 nihil
639 3917 760 3957 esse
788 3899 1121 3970 sapientiam,
1151 3904 1242 3951 aut
1266 3896 1424 3951 talem
1449 3896 1742 3966 sapientem
1763 3896 1831 3950 ab
1856 3896 2063 3952 Acade-

484 3994 637 4050 micis
663 3991 912 4057 describi,
939 3989 1146 4060 qualem
1172 3988 1309 4043 ratio
1333 4003 1438 4041 non
1466 3986 1647 4055 habet,
1672 3986 1907 4043 fatearis.

602 4103 825 4160 CAPUT
863 4101 929 4156 ν.
952 4131 1023 4141 -
1048 4100 1457 4172 Academicorum
1486 4100 1634 4153 inane
1670 4098 1946 4172 stt/fugiunt

1100 4169 1447 4238 praecluditur.

560 4265 648 4320 ll.
689 4263 757 4319 Et
783 4262 864 4316 his
891 4261 1104 4317 omissis
1128 4259 1433 4316 consentias
1457 4267 1515 4316 ut
1538 4276 1865 4331 quarramus,
1889 4272 2062 4318 utrum

485 4360 651 4427 possit
691 4355 889 4409 homini
913 4353 1034 4409 talis
1069 4353 1351 4423 provenire
1379 4354 1661 4425 sapientia,
1688 4357 1903 4426 qualem
1943 4373 2065 4427 pro-

479 4450 558 4505 dit
604 4450 759 4504 ratio.
796 4446 911 4503 Non
951 4447 1091 4502 enim
1132 4447 1290 4502 aliam
1324 4447 1611 4516 debemus,
1649 4456 1740 4503 aut
1784 4465 2065 4519 possumus

481 4553 629 4599 recte
657 4558 847 4599 vocare
875 4541 1209 4611 sapientiam.
1232 4541 1344 4597 Etsi
1365 4542 1676 4609 concedam,
1702 4543 1893 4614 inquit,
1919 4545 2062 4615 quod

482 4645 532 4690 te
562 4648 884 4705 magnOpere
913 4632 1008 4687 niti
1032 4631 1187 4688 video
1206 4672 1220 4697 ,
1251 4631 1374 4687 sciri
1401 4647 1431 4687 a
1460 4633 1698 4703 sapiente
1725 4635 2060 4703 sapientiam,

479 4720 534 4781 et
556 4725 758 4797 aliquid
788 4725 925 4780 inter
949 4738 1048 4779 nos
1071 4723 1463 4793 deprehensum
1493 4724 1636 4796 quod
1666 4727 1878 4795 sapiens
1898 4730 2066 4797 possit

478 4818 785 4888 percipere;
816 4826 994 4872 tamen
1023 4832 1355 4887 nequaquam
1376 4818 1503 4873 mihi
1534 4820 1765 4874 occurrit
1786 4821 2064 4877 Academi-

476 4924 664 4965 eorum
688 4907 998 4965 labefactata
1028 4908 1200 4963 omnis
1225 4907 1467 4963 intentio.
1492 4909 1765 4980 Prospicio
1796 4912 1936 4966 enim
1965 4913 2063 4968 de-

480 4998 738 5054 fensionis
763 4998 842 5054 eis
870 4998 1047 5054 locum
1092 5014 1199 5053 non
1245 4998 1521 5054 minimum
1561 5011 1920 5070 reservatum,
1965 5020 2063 5060 nec

479 5090 622 5169 illam
652 5092 979 5148 assensionis
1006 5091 1409 5162 suspensionem
1439 5106 1557 5148 esse
1597 5093 1870 5162 prmcisam
1891 5137 1907 5166 ,
1938 5112 2060 5153 cum

480 5182 583 5240 hoc
610 5184 727 5254 ipso
745 5199 917 5240 causae
944 5199 1054 5240 sua:
1079 5184 1264 5240 deesse
1285 5200 1388 5239 non
1411 5184 1633 5255 possint,
1659 5202 1766 5257 quo
1791 5192 2061 5247 convictos

482 5283 654 5343 putas.
698 5275 886 5331 Dicent
928 5273 1071 5331 enim
1120 5274 1424 5346 usqueadeo
1470 5276 1603 5332 nihil
1647 5280 2057 5351 comprehendi,

480 5365 716 5435 nullique
757 5366 837 5422 rei
864 5366 1229 5422 assensionem
1261 5365 1633 5437 prtebendam,
1662 5378 1722 5424 ut
1759 5371 1915 5426 etiam
1960 5372 2061 5430 hoc

479 5455 549 5511 de
576 5454 702 5509 nihil
735 5456 1104 5526 percipiendo,
1138 5456 1279 5527 quod
1320 5465 1426 5512 tota
1465 5458 1564 5515 sibi
1594 5474 1729 5530 pene
1757 5461 1862 5516 vita
1892 5477 2060 5534 usque

480 5545 545 5599 ad
576 5556 627 5601 te
655 5547 996 5617 probabiliter
1016 5558 1408 5619 persuaserant,
1429 5565 1569 5608 nunc
1593 5550 1693 5607 ista
1718 5554 2060 5610 conclusione

480 5636 577 5689 sibi
607 5649 868 5692 extortum
899 5639 969 5694 sit
997 5655 1010 5693 :
1039 5648 1097 5693 ut
1124 5639 1238 5695 sive
1267 5648 1425 5707 tunc,
1467 5640 1579 5698 sive
1616 5658 1756 5699 nunc
1786 5643 1942 5716 hujus
1974 5662 2061 5701 ar-

479 5730 710 5797 gumenti
757 5729 837 5786 vis
881 5730 1124 5787 tarditate
1170 5732 1361 5802 ingenii
1405 5732 1541 5802 mei,
1582 5737 1693 5794 sive
1732 5755 1914 5797 revera
1959 5757 2059 5801 suo

1457 302 1727 357 CONTRA
1768 294 2216 359 ACADEMICOS,
2258 296 2313 353 S.
2366 293 2722 350 AUGUSTINI

3623 305 3729 359 950

2145 410 2333 463 robore
2372 410 2567 466 invicta
2595 412 2696 479 sit,
2725 428 2818 467 cos
2847 414 2961 467 loco
3000 430 3215 473 movere
3239 432 3345 473 non
3376 422 3573 490 possit,
3606 438 3729 476 cum

2144 499 2393 555 audacter
2409 502 2675 558 afﬁrmare
2701 504 2875 558 adhuc
2900 506 3129 573 valeant,
3145 523 3215 563 ne
3238 524 3383 568 nunc
3398 511 3613 582 quidem
3640 513 3730 567 ulli

2148 590 2225 644 rei
2255 592 2693 648 consentiendum
2715 610 2852 651 esse.
2876 596 3037 652 Forte
3065 598 3211 654 enim
3235 601 3523 671 aliquando
3539 613 3729 658 contra

2150 680 2248 736 hoc
2276 698 2486 753 quoque
2516 686 2755 740 nonnihil
2792 688 2873 743 vel
2914 704 2945 742 a
2975 703 3033 745 se
3062 691 3146 746 vel
3176 706 3204 745 a
3231 693 3479 763 quopiam
3510 696 3735 765 reperiri

2149 785 2339 840 posse,
2370 775 2509 844 quod
2538 786 2689 832 acute
2724 778 3178 851 probabiliterque
3202 782 3445 838 dicatur:
3476 800 3736 855 suamque

2152 863 2434 934 imaginem
2462 876 2514 921 et
2539 870 2689 938 quasi
2724 872 3002 938 speculum
3038 873 3302 943 quoddam
3342 874 3393 928 in
3424 875 3615 931 Proteo
3645 877 3737 931 illo

2152 954 2501 1011 animadverti
2526 966 2772 1029 oportere
2789 999 2805 1026 ,
2836 961 2924 1030 qui
2952 962 3173 1016 traditur
3198 978 3262 1019 eo
3289 965 3462 1020 solere
3488 966 3604 1035 capi
3632 982 3739 1036 quo

2153 1045 2386 1120 minime
2412 1060 2711 1120 caperetur,
2760 1053 3269 1126 investigatoresque
3310 1058 3427 1127 ejus
3469 1074 3739 1129 nunquam

2155 1141 2401 1197 eumdem
2424 1143 2675 1211 tenuisse,
2697 1146 2795 1199 nisi
2818 1146 2991 1202 indice
3010 1148 3378 1219 alicujusmodi
3394 1151 3612 1206 numine
3635 1151 3738 1221 (a).

2155 1233 2307 1301 Quod
2333 1236 2377 1291 si
2405 1236 2573 1300 adsit,
2602 1247 2654 1292 et
2682 1237 2822 1293 illam
2864 1240 3016 1295 nobis
3053 1245 3331 1297 veritatem
3366 1258 3487 1313 qua:
3526 1253 3737 1299 tantum

2157 1342 2298 1382 cura:
2322 1336 2407 1383 est
2431 1327 2797 1385 demonstrare
2825 1331 3091 1402 dignetur,
3119 1348 3218 1403 ego
3245 1350 3456 1405 quoque
3480 1337 3564 1392 vel
3608 1337 3743 1407 ipsis

2160 1419 2358 1486 invitis,
2388 1421 2529 1490 quod
2558 1422 2775 1478 minime
2801 1438 2945 1491 reor,
2973 1423 3092 1480 illos
3119 1434 3397 1495 superatos
3423 1440 3542 1483 esse
3569 1429 3742 1482 conti—

2161 1510 2328 1565 tcbor.

2230 1602 2318 1656 12.
2359 1603 2500 1659 Bene
2546 1605 2735 1670 habet,
2786 1608 3034 1677 inquam;
3078 1622 3296 1678 prorsus
3338 1609 3467 1664 nihil
3514 1611 3745 1681 amplius

2160 1694 2356 1761 optavi.
2384 1693 2514 1748 Nam
2545 1695 2740 1759 videte,
2764 1712 2966 1767 quaeso,
2999 1698 3134 1753 bona
3158 1700 3286 1753 mihi
3311 1710 3439 1770 quot
3468 1710 3522 1756 et
3545 1713 3743 1772 quanta

2161 1785 2520 1854 provenerint.
2567 1787 2801 1842 Priorum
2844 1799 2957 1853 est,
3002 1790 3145 1858 quod
3189 1791 3491 1847 Academici
3525 1793 3634 1862 jam
3664 1796 3745 1849 sic

2161 1874 2385 1930 convicti
2413 1890 2533 1930 esse
2559 1876 2823 1945 dicuntur,
2857 1886 2913 1932 ut
2941 1879 3071 1933 nihil
3096 1879 3174 1935 eis
3197 1889 3361 1937 restet
3383 1882 3461 1936 ad.
3479 1880 3745 1938 defensio-

2163 1982 2305 2035 nem,
2335 1968 2435 2023 nisi
2465 1970 2605 2039 quod
2647 1971 2757 2027 fieri
2800 1987 2902 2026 non
2936 1981 3129 2041 potest.
3158 1973 3286 2040 Quis
3328 1976 3468 2029 enim
3512 1975 3615 2031 hoc
3652 1988 3747 2030 aut

2163 2060 2457 2130 intelligere
2500 2062 2611 2117 ullo
2652 2064 2843 2130 modo,
2889 2073 2981 2119 aut
3023 2067 3243 2122 credere
3276 2068 3480 2133 valeat,
3506 2085 3628 2125 eum
3654 2072 3745 2141 qui

2163 2151 2332 2206 victus
2360 2153 2454 2216 sit,
2487 2169 2552 2207 eo
2595 2155 2711 2223 ipso
2752 2170 2858 2225 quo
2898 2157 3072 2212 victus
3109 2168 3219 2225 est,
3261 2161 3515 2216 victorem
3542 2176 3601 2217 se
3626 2179 3748 2217 esse

2162 2244 2416 2313 gloriari?
2448 2246 2646 2302 Deinde
2672 2248 2715 2301 si
2743 2249 2867 2319 quid
2892 2249 3001 2319 jam
3032 2260 3272 2306 remanet
3296 2268 3414 2307 cum
3450 2253 3530 2309 his
3555 2254 3746 2309 confli-

2164 2336 2375 2403 ctionis,
2404 2353 2510 2393 non
2542 2355 2606 2394 ex
2636 2356 2701 2396 eo
2727 2350 2809 2396 est
2834 2343 2973 2412 quod
3000 2343 3217 2412 dicunt,
3247 2345 3376 2399 nihil
3402 2347 3524 2401 sciri
3551 2362 3745 2416 posse,

2166 2430 2257 2485 sed
2299 2446 2363 2485 ex
2398 2446 2463 2486 eo
2490 2433 2630 2502 quod
2665 2434 2795 2489 nulli
2821 2436 2897 2490 rei
2926 2438 3324 2492 assentiendum
3368 2453 3487 2494 esse
3520 2448 3747 2495 conten—

2166 2520 2317 2576 dunt.
2341 2522 2492 2578 Nunc
2521 2524 2694 2595 itaque
2717 2527 3009 2583 concordes
3032 2544 3234 2584 sumus.
3262 2529 3393 2584 Nam
3418 2539 3473 2585 ut
3500 2532 3650 2595 mihi,
3674 2533 3745 2586 ita

2166 2614 2325 2668 etiam
2357 2615 2459 2669 illis
2487 2616 2714 2684 videtur,
2754 2620 3045 2689 sapientem
3089 2622 3227 2677 scire
3273 2622 3606 2693 sapientiam.
3641 2625 3747 2679 Sed

2168 2710 2346 2758 tamen
2365 2705 2431 2760 ab
2452 2708 2761 2763 assensione
2790 2709 2863 2763 illi
2888 2712 3287 2781 temperandum
3309 2723 3546 2769 monent.
3568 2715 3748 2769 Videri

2168 2796 2309 2850 enim
2351 2796 2452 2850 sibi
2494 2806 2696 2853 tantum
2740 2800 2953 2867 dicunt;
2983 2803 3121 2858 scire
3150 2814 3326 2860 autem
3370 2807 3514 2861 nullo
3540 2807 3699 2861 modo
3731 2826 3745 2860 :

2168 2887 2315 2955 quasi
2342 2902 2441 2957 ego
2465 2903 2552 2943 me
2576 2889 2711 2945 scire
2739 2894 3005 2960 profitear.
3033 2893 3158 2948 Mihi
3185 2911 3397 2967 quoque
3417 2897 3581 2952 videri
3608 2898 3749 2952 istud

2168 2976 2287 3031 dico
2313 2995 2325 3030 :
2356 2993 2474 3033 sum
2501 2981 2642 3034 enim
2670 2983 2879 3047 stultus,
2902 2991 2960 3038 ut
2984 2985 3144 3039 etiam
3175 2987 3294 3056 ipsi,
3324 2988 3367 3041 si
3397 2989 3636 3042 nesciunt
3663 3003 3752 3042 sa-

2169 3066 2442 3135 pientiam.
2475 3070 2786 3139 Approbare
2814 3082 2989 3128 autem
3018 3090 3117 3130 nos
3143 3076 3337 3131 debere
3361 3078 3555 3148 aliquid
3586 3089 3749 3148 puto,

2170 3156 2221 3211 id
2251 3166 2333 3212 est
2351 3200 2366 3226 ,
2394 3161 2690 3217 veritatem.
2716 3163 2791 3219 De
2814 3180 2921 3235 quo
2948 3181 3042 3221 eos
3068 3168 3290 3223 consulo
3320 3180 3497 3223 utrum
3525 3181 3749 3240 negent,

2173 3246 2224 3301 id
2254 3257 2357 3315 est,
2388 3259 2563 3304 utrum
2594 3253 2672 3308 eis
2713 3255 2916 3324 placeat
2957 3257 3168 3314 veritati
3208 3261 3602 3315 assentiendum
3641 3277 3749 3316 non

2169 3352 2307 3393 esse.
2332 3339 2612 3411 Nunquam
2650 3344 2753 3400 hoc
2777 3344 2984 3414 dicent,
3013 3348 3106 3404 sed
3130 3364 3247 3404 eam
3273 3367 3379 3405 non
3408 3352 3629 3407 inveniri
3658 3366 3749 3405 as-

2168 3430 2507 3484 severabunt.
2537 3432 2678 3503 Ergo
2704 3446 2756 3488 et
2779 3435 2863 3490 hic
2885 3452 2950 3492 ex
2981 3440 3230 3493 nonnulla
3259 3450 3409 3510 parte
3432 3442 3633 3495 socium
3662 3456 3752 3497 me

2169 3527 2369 3593 tenent,
2392 3525 2531 3589 quod
2555 3527 2789 3598 utrisque
2809 3545 2913 3584 non
2939 3531 3204 3602 displicet,
3231 3544 3389 3605 atque
3413 3536 3549 3591 adeo
3570 3552 3753 3592 neces-

2169 3612 2310 3666 sario
2348 3614 2555 3682 placet,
2602 3620 3041 3675 consentiendum
3079 3638 3199 3678 esse
3235 3626 3463 3679 veritati.
3496 3625 3601 3681 Sed
3631 3629 3753 3697 quis

2170 3719 2287 3759 eam
2323 3705 2736 3776 demonstrabit,
2784 3712 3062 3782 inquiunt?
3100 3713 3199 3769 Ubi
3233 3731 3332 3786 ego
3364 3732 3486 3771 cum
3517 3718 3619 3772 illis
3643 3733 3751 3772 non

2168 3797 2365 3852 curabo
2385 3808 2627 3868 certare;
2653 3803 2784 3857 satis
2808 3803 2936 3858 mihi
2959 3816 3041 3862 est
3059 3808 3199 3877 quod
3220 3808 3329 3878 jam
3352 3810 3623 3879 probabile
3644 3828 3752 3865 non

2172 3896 2276 3954 est,
2305 3889 2436 3943 nihil
2464 3891 2601 3947 scire
2628 3895 2943 3963 sapientem,
2977 3912 3044 3952 ne
3070 3913 3181 3953 rem
3210 3900 3643 3956 absurdissimam
3670 3901 3752 3957 di-

2178 3994 2303 4035 cere
2320 3990 2593 4052 cogantur,
2621 3995 2710 4040 aut
2735 3986 2866 4041 nihil
2893 4003 3012 4044 esse
3036 3991 3346 4059 sapientiam
3365 4032 3379 4058 ,
3410 4002 3501 4047 aut
3535 3993 3750 4064 sapien-

2173 4074 2296 4129 tiam
2327 4076 2532 4134 nescire
2556 4079 2873 4149 sapientem.

2171 4186 2395 4244 CAPUT
2436 4189 2523 4243 Vl.
2544 4222 2615 4234 ——
2644 4190 2912 4247 Veritatem
2953 4195 3050 4249 nisi
3079 4196 3247 4249 divina
3278 4213 3371 4268 ope
3398 4214 3497 4274 non
3538 4198 3747 4269 percipi.

2246 4300 2331 4354 15.
2363 4299 2495 4367 Quis
2536 4311 2710 4357 autem
2762 4319 2944 4360 verum
2995 4307 3163 4376 possit
3200 4308 3512 4375 ostendere,
3551 4309 3645 4364 abs
3676 4317 3749 4365 te.

2172 4391 2347 4463 Alypi,
2376 4392 2573 4448 dictum
2601 4404 2715 4462 est,
2757 4411 2786 4450 a
2820 4414 2926 4465 quo
2972 4414 3039 4455 ne
3080 4400 3390 4457 dissentiam
3431 4418 3751 4472 magnopere

2170 4482 2297 4537 mihi
2325 4483 2668 4541 laborandum
2700 4496 2799 4542 est.
2824 4487 3032 4544 Etenim
3065 4507 3256 4546 nomen
3284 4492 3493 4563 aliquod
3522 4494 3640 4547 aisti
3667 4510 3754 4548 so-

2171 4576 2279 4632 lum
2307 4592 2465 4649 posse
2489 4580 2771 4636 ostendere
2796 4581 2995 4636 homini
3017 4584 3142 4652 quid
3169 4584 3237 4638 sit
3259 4600 3463 4649 verum,
3487 4600 3605 4640 cum
3633 4586 3754 4639 bre-

2170 4673 2325 4741 viter,
2360 4682 2470 4729 tum
2511 4675 2669 4730 etiam
2716 4692 2821 4745 pte.
2859 4676 3000 4731 Nihil
3048 4679 3223 4749 itaque
3262 4680 3313 4733 in
3363 4679 3465 4734 hoc
3506 4693 3752 4733 sermone

2171 4775 2352 4823 nostro
2382 4768 2626 4823 libentius
2654 4769 2862 4837 audivi,
2893 4771 3019 4825 nihil
3045 4772 3290 4841 gravius,
3332 4772 3461 4826 nihil
3500 4770 3749 4839 probabi-

2171 4858 2271 4913 lius
2295 4898 2311 4925 ,
2344 4867 2432 4927 et,
2459 4860 2503 4914 si
2532 4859 2582 4914 id
2612 4876 2802 4915 numen
2845 4871 2902 4916 ut
2943 4863 3154 4917 confido
3181 4862 3358 4931 adsit,
3392 4863 3521 4919 nihil
3551 4864 3747 4918 verius.

2170 4950 2298 5004 Nam
2329 4960 2383 5004 et
2412 4951 2633 5006 Proteus
2671 4951 2755 5006 ille
2799 4963 2991 5022 quanta
3035 4953 3129 5008 abs
3170 4964 3222 5009 te
3255 4956 3447 5009 mentis
3475 4954 3749 5009 altitudine

2170 5054 2615 5099 commemoratus
2634 5086 2651 5111 ,
2675 5054 2869 5115 quanta
2898 5045 3187 5101 intentione
3212 5046 3263 5100 in
3291 5048 3547 5116 Optimum
3577 5046 3748 5117 philo-

2172 5134 2373 5202 sophia:
2399 5135 2600 5204 genus?
2628 5136 2849 5190 Proteus
2878 5137 3017 5191 enim
3047 5136 3153 5202 ille,
3185 5145 3243 5191 ut
3266 5152 3360 5191 vos
3382 5136 3750 5191 adolescentes

2170 5240 2274 5279 non
2306 5230 2517 5296 penitus
2551 5236 2733 5296 poetas
2761 5242 2788 5279 a
2818 5227 3149 5297 philosophia
3189 5227 3608 5283 contemnendos
3630 5241 3752 5281 esse

2167 5317 2389 5373 videatis
2413 5360 2427 5383 ,
2476 5319 2531 5372 in
2578 5318 2859 5390 imaginem
2888 5320 3128 5375 veritatis
3152 5320 3437 5375 inducitur.
3465 5319 3713 5374 Veritatis
3732 5358 3751 5384 ,

2170 5409 2382 5480 inquam
2408 5451 2423 5477 ,
2461 5410 2683 5465 Proteus
2725 5411 2777 5465 in
2815 5410 3137 5467 carminibus
3165 5420 3396 5467 ostentat
3423 5410 3751 5475 sustinetque

2170 5517 2480 5574 personam,
2507 5518 2664 5573 quam
2694 5503 2936 5558 obtinere
2960 5518 3117 5558 nemo
3142 5511 3347 5571 potest,
3376 5503 3419 5557 si
3438 5500 3586 5555 falsis
3614 5496 3750 5551 ima-

2166 5597 2375 5668 ginibus
2400 5597 2655 5668 deceptus
2680 5594 3364 5667 comprehensionismodos
3391 5591 3473 5646 vel
3496 5586 3751 5645 laxaverit

2228 5751 2301 5814 (a)
2313 5750 2564 5814 ttujusloci
2581 5751 2762 5800 mentio
2775 5747 2824 5798 ﬁt
2840 5747 2924 5797 lib.
2942 5746 2972 5795 9.
2985 5745 3045 5796 de
3064 5745 3240 5797 Ordine
3258 5781 3275 5809 ,
3289 5758 3332 5795 c.
3356 5745 3430 5807 l5,
3444 5758 3492 5795 u.
3514 5750 3587 5797 45.
