4096 6368
368 389 461 446 961
1756 390 1957 446 LIBER
1983 389 2294 447 TERTIUS.

366 504 449 559 vel
473 501 756 558 dimiserit.
784 501 921 559 Sunt
946 503 1093 560 enim
1126 503 1243 559 ista:
1270 503 1529 575 imagines
1548 547 1562 569 ,
1585 520 1704 574 qua:
1728 519 1951 560 consue-

365 595 549 661 tudine
578 612 757 652 rerum
784 596 1143 668 corporalium
1170 612 1268 669 per
1295 598 1427 654 istos
1454 599 1645 668 quibus
1663 598 1735 654 ad
1760 612 1950 655 neces-

363 690 502 747 saria
532 688 690 759 hujus
709 690 831 744 vita:
852 690 1051 745 utimur
1074 705 1284 759 sensus,
1309 706 1405 746 nos
1429 692 1588 747 etiam
1611 704 1733 746 cum
1754 691 1951 747 veritas

364 790 597 845 tenetur,
620 789 673 836 et
692 781 843 852 quasi
869 780 1097 836 habetur
1126 782 1177 836 in
1206 783 1449 839 manibus
1469 827 1483 845 ,
1509 783 1757 853 decipere
1793 793 1951 855 atquc

363 871 589 928 illudere
615 873 922 928 moliuntur.
953 860 1065 927 Hoc
1088 888 1214 943 ergo
1244 873 1457 928 tertium
1486 874 1681 928 bonum
1704 873 1832 929 mihi
1863 890 1950 929 ac-

360 963 507 1029 cidit,
538 963 680 1034 quod
703 978 806 1018 non
830 964 1041 1019 invenio
1062 965 1245 1035 quanti
1269 966 1547 1021 aestimem.
1574 963 1781 1022 Mecum
1806 968 1947 1022 enim

363 1054 809 1111 familiarissimus
829 1057 1032 1113 amicus
1054 1072 1224 1122 meus,
1249 1074 1355 1113 non
1374 1059 1545 1114 solum
1571 1059 1638 1116 dc
1657 1060 1949 1131 probabili-

362 1156 471 1201 tate
498 1147 746 1202 humana:
769 1146 907 1214 vitre,
937 1164 1121 1202 verum
1143 1147 1303 1203 etiam
1325 1148 1391 1205 de
1412 1150 1524 1220 ipsa
1546 1148 1801 1221 religione
1822 1167 1949 1207 cons

358 1239 566 1303 cordat,
585 1238 725 1310 quod
747 1248 829 1294 est
851 1239 958 1294 veri
980 1239 1137 1295 amici
1162 1239 1648 1295 manifestissimum
1671 1241 1945 1298 indicium.

356 1329 633 1402 Siquidem
650 1331 879 1385 amicitia
898 1331 1195 1387 rectissime
1211 1341 1367 1402 atque
1382 1334 1712 1388 sanctissime
1731 1334 1947 1391 definita

358 1430 461 1486 est,
492 1436 668 1475 rerum
698 1419 1050 1475 humanarum
1076 1430 1131 1476 et
1155 1421 1452 1478 divinarum
1483 1437 1604 1478 cum
1628 1422 1948 1480 benevolen-

358 1511 430 1564 tia
459 1520 513 1566 et
537 1511 795 1567 charitate
823 1514 1124 1568 consensio.

356 1601 584 1658 CAPUT
623 1602 733 1666 VII.
753 1633 824 1643 —
845 1604 1153 1675 Augustinus
1182 1604 1355 1676 Διῃρὶί
1386 1606 1586 1660 hortatu
1615 1606 1760 1661 habet
1798 1607 1945 1661 dein-

428 1709 546 1764 ceps
581 1694 859 1747 orationem
896 1704 1072 1749 contra
1109 1695 1457 1752 Academicos.
1489 1695 1710 1769 Lepidus
1742 1699 1946 1769 quidam

428 1784 569 1839 locus
592 1785 845 1841 Ciceronis
872 1787 1106 1856 refertur.

430 1879 519 1933 14.
550 1877 751 1933 Tamen
780 1894 846 1933 ne
873 1888 964 1933 aut
986 1878 1424 1935 Academicorum
1453 1888 1761 1952 argumenta
1785 1895 1944 1952 quas-

355 1968 481 2024 dam
521 1969 744 2024 nebulas
790 1969 1071 2025 videantur
1116 1971 1426 2038 offundere,
1476 1983 1568 2027 aut
1620 1961 1946 2028 dectissimo-

357 2071 477 2115 rum
502 2059 741 2115 virorum
772 2060 1100 2127 auctoritati,
1146 2062 1285 2117 inter
1322 2079 1455 2134 quos
1481 2064 1711 2120 maxime
1739 2064 1946 2121 Tullius

355 2165 465 2206 non
492 2166 710 2207 movere
740 2167 837 2207 nos
865 2169 969 2207 non
1000 2162 1206 2224 potest,
1239 2156 1465 2225 superbe
1506 2158 1772 2211 nonnullis
1813 2160 1948 2214 resi-

355 2250 500 2300 stere
529 2244 836 2313 videamur;
866 2245 912 2301 si
946 2246 1098 2301 vobis
1130 2247 1328 2317 placet,
1367 2248 1511 2318 prius
1551 2265 1718 2319 pauca
1759 2259 1945 2307 contra

354 2349 451 2391 eos
474 2335 732 2392 disseram
757 2374 772 2402 ,
803 2337 993 2407 quibus
1021 2337 1264 2392 videntur
1294 2337 1676 2408 disputationes
1712 2340 1815 2395 illa:
1853 2342 1947 2396 ad~

352 2426 557 2480 versari
601 2428 829 2482 veritati.
873 2428 1074 2483 Deinde
1116 2437 1173 2482 ut
1218 2429 1345 2483 mihi
1396 2429 1625 2498 videtur,
1666 2432 1945 2487 ostendam

354 2530 477 2587 quae
518 2532 675 2572 causa
714 2516 879 2573 fuerit
920 2518 1256 2574 Academicis
1299 2520 1624 2576 occultandas
1666 2524 1945 2579 sententia:

354 2623 488 2663 suae.
519 2607 720 2679 Itaque,
746 2610 919 2681 Alypi,
944 2611 1185 2680 quamvis
1208 2618 1258 2667 te
1283 2621 1451 2666 totum
1477 2613 1530 2668 in
1556 2614 1688 2668 meis
1710 2615 1946 2684 partibus

353 2697 587 2767 videam,
616 2708 793 2755 tamen
823 2702 1032 2770 suscipe
1057 2716 1152 2771 pro
1182 2700 1265 2757 his
1290 2703 1579 2772 paululum,
1603 2703 1840 2776 mihique
1862 2719 1948 2759 re.

355 2791 583 2861 sponde.
607 2792 865 2860 Quoniam
897 2792 1086 2861 hodie,
1115 2794 1317 2865 inquit,
1347 2796 1620 2866 auspicato
1639 2838 1655 2865 ,
1688 2805 1746 2850 ut
1772 2797 1944 2865 aiunt,

355 2885 697 2954 processisti,
748 2900 855 2941 non
913 2886 1195 2956 impediam
1260 2888 1621 2958 plenissimam
1671 2890 1945 2945 victoriam

360 2978 507 3029 tuam
529 3017 543 3041 ,
570 2985 623 3030 et
650 2985 828 3046 partes
856 2976 973 3030 illas
998 2978 1108 3047 jam
1140 2978 1379 3033 securius
1399 3020 1414 3047 ,
1445 2994 1550 3049 quo
1575 2980 1672 3036 abs
1698 2990 1748 3035 te
1775 2981 1947 3050 impo-

354 3074 575 3131 nuntur,
610 3068 828 3123 tentabo
857 3068 1161 3139 suscipere;
1192 3070 1237 3124 si
1270 3080 1445 3124 tamen
1476 3070 1580 3126 hoc
1616 3070 1756 3141 quod
1781 3070 1948 3126 inter-

356 3156 720 3227 rogationibus
752 3167 803 3212 te
827 3163 1069 3213 acturum
1092 3175 1211 3214 esse
1240 3158 1505 3230 significas
1526 3202 1540 3227 ,
1568 3161 1620 3215 in
1652 3161 1946 3217 orationem

357 3259 667 3318 perpetuam
698 3247 765 3319 (si
797 3250 890 3305 tibi
920 3252 1264 3306 commodum
1287 3250 1398 3322 est)
1429 3252 1585 3307 malis
1604 3264 1945 3320 convertere;

357 3355 427 3394 ne
456 3355 581 3395 vere
608 3349 666 3396 ut
692 3343 930 3411 pertinax
961 3341 1295 3396 adversarius
1317 3384 1331 3408 ,
1358 3342 1500 3413 quod
1528 3357 1559 3396 a
1587 3353 1671 3398 tua
1705 3343 1950 3399 humani-

360 3438 471 3486 tate
514 3431 877 3502 longissimum
921 3443 1036 3501 est,
1079 3432 1298 3487 minutis
1336 3433 1441 3488 illis
1483 3433 1599 3489 telis
1641 3435 1737 3490 abs
1766 3444 1815 3490 te
1840 3434 1951 3506 jam

357 3521 609 3592 captivus
630 3523 925 3577 excrucier.

433 3615 519 3669 15.
551 3615 727 3685 Atque
747 3630 846 3685 ego
873 3630 997 3670 cum
1024 3624 1079 3671 et
1105 3615 1221 3671 illos
1247 3617 1348 3672 hoc
1377 3626 1687 3687 exspectare
1709 3613 1951 3671 animad-

360 3716 658 3773 verteram,
691 3706 841 3777 quasi
876 3706 1021 3761 aliud
1065 3707 1331 3779 ingressus
1374 3709 1688 3764 exordium:
1719 3710 1948 3775 Morem,

360 3799 597 3869 inquam,
630 3799 781 3854 vobis
805 3815 1006 3870 geram.
1032 3800 1100 3854 Et
1128 3801 1367 3870 quamvis
1399 3811 1517 3871 post
1543 3801 1692 3856 illum
1714 3802 1949 3856 laborem

359 3892 556 3947 scholae
598 3891 881 3946 rhetoricm
923 3892 975 3946 in
1020 3890 1121 3946 hac
1159 3907 1244 3945 me
1275 3892 1375 3947 levi
1400 3902 1668 3947 armatura
1710 3891 1952 3947 nonnihil

361 3985 723 4054 requieturum
770 3999 890 4039 esse
938 3998 1380 4054 praesumpserant
1407 4024 1421 4048 ,
1469 3994 1526 4038 ut
1574 3983 1953 4053 interrogando

361 4075 460 4129 ista
490 4073 668 4145 potius
696 4088 909 4145 agerem
930 4090 1088 4144 quam
1110 4074 1366 4139 dicendo;
1393 4083 1567 4129 tamen
1594 4075 1716 4144 quia
1744 4084 1798 4128 et
1823 4090 1951 4143 pau-

360 4168 562 4224 cissimi
592 4183 810 4235 sumus,
840 4176 900 4223 ut
926 4168 1158 4223 clamare
1200 4167 1331 4220 mihi
1374 4175 1558 4221 contra
1594 4166 1947 4221 valetudinem

360 4276 535 4315 meam
562 4276 666 4315 non
693 4262 763 4316 sit
788 4276 1036 4327 necesse;
1060 4268 1114 4316 et
1132 4260 1289 4314 istum
1318 4260 1494 4314 stilum
1524 4273 1684 4314 causa
1711 4259 1950 4329 ejusdem

361 4350 547 4407 salutis
572 4353 722 4422 quasi
760 4353 998 4423 aurigam
1029 4351 1531 4421 moderatoremque
1560 4353 1824 4406 sermonis
1848 4353 1952 4405 mei

360 4459 481 4502 esse
525 4446 704 4515 volui,
748 4462 815 4502 ne
858 4446 1171 4502 concitatius
1213 4448 1389 4517 rapiar
1420 4448 1599 4501 animo
1636 4462 1794 4517 quam
1825 4463 1953 4503 cura

361 4538 603 4607 corporis
629 4539 797 4608 poscit
827 4548 1113 4609 :perpetua
1132 4581 1147 4606 ,
1188 4547 1246 4592 ut
1275 4539 1464 4605 vultis,
1498 4540 1738 4594 oratione
1774 4539 1954 4596 audite

363 4629 491 4699 quid
535 4632 782 4686 sentiam.
814 4631 919 4688 Sed
964 4633 1136 4703 primo
1181 4631 1311 4687 illud
1352 4632 1628 4688 videamus
1659 4633 1815 4704 quale
1852 4633 1949 4698 sit,

361 4720 503 4776 unde
518 4730 784 4777 amatores
803 4722 1242 4778 Academicorum
1265 4722 1481 4795 gloriari
1509 4723 1729 4777 nimiUm
1755 4723 1948 4778 solent.

360 4810 495 4866 Nam
524 4820 607 4867 est
629 4811 681 4866 in
709 4812 859 4866 libris
883 4811 1185 4880 Ciceronis,
1216 4830 1348 4884 quos
1375 4814 1427 4868 in
1463 4813 1619 4884 hujus
1652 4828 1825 4868 causa:
1857 4830 1951 4884 pa-

359 4901 645 4956 trocinium
689 4902 933 4972 scripsit,
976 4903 1125 4957 locus
1166 4904 1414 4973 quidam,
1460 4912 1517 4958 ut
1562 4904 1693 4959 mihi
1723 4904 1949 4968 videtur,

360 4994 497 5047 mira
528 4992 829 5048 urbanitate
869 4993 1145 5060 conditus,
1174 5003 1230 5048 ut
1257 4994 1523 5049 nonnullis
1556 5005 1763 5063 autem,
1793 4996 1951 5050 etiam

362 5083 613 5138 firmitate
635 5081 937 5137 roboratus.
958 5083 1179 5137 Difficile
1199 5091 1278 5137 est
1296 5098 1531 5152 prorsus,
1556 5091 1615 5136 ut
1637 5098 1951 5152 quemquam

360 5190 470 5230 non
495 5183 730 5241 moveat,
762 5173 901 5246 quod
930 5175 1000 5230 ibi
1029 5174 1226 5229 dictum
1252 5183 1352 5240 est,
1377 5173 1697 5228 Academico
1724 5176 1950 5244 sapienti

362 5268 430 5324 ab
456 5269 705 5323 omnibus
749 5278 1062 5323 exterarum
1104 5276 1368 5321 sectarum
1413 5265 1503 5336 qui
1542 5266 1643 5321 sibi
1684 5267 1952 5336 sapientes

362 5360 623 5425 videntur,
644 5359 904 5415 secundas
924 5369 1100 5430 partes
1126 5359 1263 5426 dari,
1286 5374 1405 5414 cum
1431 5359 1627 5428 primas
1647 5359 1745 5416 sibi
1768 5376 1952 5430 quem-

361 5466 467 5520 que
505 5453 776 5508 vindicare
804 5467 1027 5508 necesse
1068 5453 1154 5506 sit.
1186 5451 1265 5505 Ex
1293 5466 1397 5521 quo
1425 5465 1580 5521 posse
1611 5452 1953 5521 probabiliter

361 5538 580 5605 confici,
631 5558 751 5596 eum
805 5554 953 5599 recte
998 5543 1225 5613 primum
1278 5544 1397 5597 csSe
1435 5541 1636 5611 judicio
1688 5557 1815 5613 suo,
1863 5544 1951 5615 qui

363 5631 601 5685 omnium
631 5618 946 5687 cacteroru'm
974 5633 1175 5702 judicio
1202 5634 1271 5687 sit
1296 5632 1577 5689 secundus.

434 5723 524 5778 16.
556 5722 662 5779 Fac
687 5726 848 5791 enim,
879 5726 1027 5781 verbi
1057 5741 1233 5791 causa,
1257 5726 1491 5781 Stoicum
1522 5727 1709 5782 adesse
1739 5728 1948 5798 sapien-

365 5816 508 5882 tem;
534 5830 655 5871 nam
675 5828 857 5874 contra
879 5833 972 5873 eos
993 5818 1326 5889 potissimum
1347 5819 1785 5876 Academicorum
1812 5837 1951 5874 exar-

3537 410 3644 466 949

2055 505 2124 559 sit
2161 506 2465 577 ingenium:
2506 524 2631 581 ergo
2661 511 2807 568 Zeno
2844 514 2923 569 vel
2967 511 3294 588 Chrysippus
3332 521 3375 574 si
3416 520 3633 576 interro

2053 606 2264 666 gentur,
2292 600 2411 669 quis
2438 600 2507 655 sit
2531 603 2770 671 sapiens;
2802 606 3144 676 respondebit
3182 624 3303 663 eum
3335 625 3453 665 esse
3481 628 3638 681 quem

2055 686 2167 756 ipse
2206 688 2565 759 descripserit.
2595 691 2788 749 Contra
2818 696 3075 766 Epicurus
3105 699 3186 753 vel
3227 700 3343 770 quis
3384 702 3520 756 alius
3546 702 3639 757 ad-

2054 781 2409 836 versariorum
2456 785 2699 855 negabit,
2745 802 3005 859 suumque
3045 792 3218 860 potius
3266 792 3639 861 peritissimum

2052 870 2381 940 voluptatum
2410 889 2669 944 aucupem
2696 879 2987 947 sapientem
3018 895 3137 934 esse
3175 881 3480 936 contendet.
3513 881 3641 936 inde

2052 962 2119 1017 ad
2140 963 2371 1034 jurgium
2403 984 2414 1019 :
2446 966 2638 1021 clamat
2665 967 2830 1037 Zeno,
2859 979 2911 1024 et
2939 978 3045 1026 tota
3072 972 3157 1026 illa
3186 974 3418 1042 porticus
3447 976 3641 1029 tumul-

2055 1062 2250 1119 tuatur,
2298 1056 2567 1114 hominem
2617 1069 2797 1116 natum
2846 1062 2912 1117 ad
2954 1063 3081 1117 nihil
3127 1079 3247 1120 esse
3290 1066 3431 1120 aliud
3478 1080 3637 1138 quam

2054 1145 2414 1215 honestatem;
2448 1149 2615 1219 ipsam
2645 1166 2741 1207 suo
2783 1152 3068 1223 splendore
3111 1154 3164 1208 in
3206 1169 3265 1209 se
3306 1158 3513 1212 animos
3541 1158 3637 1212 du-

2050 1252 2175 1293 cere
2198 1282 2213 1305 ,
2258 1241 2402 1296 nullo
2441 1258 2658 1312 prorsus
2700 1245 2979 1300 commodo
3019 1247 3348 1302 extrinsecus
3392 1251 3562 1318 posito
3586 1260 3641 1306 et

2050 1331 2200 1399 quasi
2225 1332 2559 1389 lenocinante
2586 1335 2833 1391 mercede
2859 1353 2872 1390 :
2897 1336 3325 1408 voluptatemque
3347 1335 3488 1394 illam
3512 1340 3637 1411 Epi-

2050 1420 2163 1474 curi
2211 1422 2337 1476 solis
2380 1424 2515 1478 inter
2555 1439 2613 1479 se
2670 1427 2948 1495 pecoribus
2998 1442 3118 1483 esse
3164 1442 3530 1496 communem;
3584 1432 3636 1487 in

2049 1524 2275 1580 quorum
2306 1515 2615 1570 societatem
2654 1525 2708 1571 et
2734 1516 3002 1571 hominem
3031 1528 3081 1573 et
3108 1519 3397 1589 sapientem
3426 1521 3639 1577 trudere

2051 1601 2200 1657 nefas
2226 1619 2363 1658 esse.
2394 1604 2586 1660 Contra
2619 1607 2706 1661 ille
2732 1619 3020 1663 convocata
3051 1609 3117 1663 de
3154 1609 3375 1664 hortulis
3406 1611 3456 1665 in
3483 1612 3637 1666 auxi-

2049 1695 2177 1749 lium
2222 1696 2371 1765 quasi
2416 1697 2579 1752 libera
2624 1699 2772 1754 turba
2806 1701 3246 1768 temulentorum,
3289 1704 3637 1773 quaerentium

2049 1791 2224 1838 tamen
2252 1799 2411 1855 quem
2431 1789 2709 1858 incomptis
2727 1791 2987 1860 unguibus
3007 1791 3323 1848 bacchantes
3343 1804 3638 1866 asperoque

2048 1887 2143 1930 ore
2172 1874 2475 1946 discerpant
2493 1920 2507 1942 ,
2536 1880 2823 1949 volUptatis
2849 1896 3041 1936 nomen
3060 1922 3074 1947 ,
3106 1883 3455 1953 suavitatem,
3483 1887 3635 1956 quie-

2050 1973 2180 2035 tem,
2211 1976 2346 2024 teste
2374 1971 2593 2040 populo,
2622 1987 2983 2042 exaggerans,
3018 1973 3177 2028 instat
3204 1974 3417 2040 acriter,
3449 1983 3505 2030 ut
3533 1977 3634 2031 nisi

2048 2071 2111 2111 ea
2140 2057 2324 2114 beatus
2346 2076 2503 2115 nemo
2531 2076 2650 2117 esse
2678 2078 2835 2133 posse
2855 2062 3115 2118 videatur.
3139 2063 3192 2117 ln
3214 2080 3439 2134 quorum
3468 2066 3634 2121 rixam

2048 2150 2095 2205 si
2120 2151 2465 2208 Academicus
2505 2154 2820 2220 incurrerit,
2859 2163 3111 2225 utrosque
3149 2155 3328 2210 audiet
3367 2156 3636 2213 trahentes

2049 2254 2107 2296 se
2135 2242 2199 2297 ad
2230 2257 2352 2297 suas
2381 2254 2559 2314 partes
2589 2262 2601 2298 :
2632 2243 2725 2299 sed
2753 2244 2798 2299 si
2829 2244 2880 2299 in
2908 2245 3025 2299 illos
3050 2254 3141 2299 aut
3180 2246 3231 2299 in
3261 2247 3389 2301 istos
3412 2261 3633 2303 conces-

2048 2332 2195 2398 serit,
2224 2332 2292 2388 ab
2318 2333 2396 2388 eis
2421 2350 2555 2404 quos
2580 2334 2799 2401 deserit,
2830 2335 3065 2401 insanus,
3096 2335 3386 2406 imperitus,
3420 2345 3637 2391 temera-

2050 2422 2262 2493 riusque
2287 2425 2620 2480 clamabitur.
2644 2426 2827 2495 Itaque
2853 2441 2974 2481 cum
3014 2435 3068 2481 et
3095 2426 3190 2481 hac
3229 2436 3283 2481 et
3309 2428 3427 2482 illac
3451 2443 3633 2484 aurem

2049 2514 2331 2584 diligenter
2357 2517 2680 2585 admoverit,
2724 2519 3080 2590 interrogatus
3116 2520 3240 2590 quid
3281 2522 3327 2576 ei
3367 2521 3629 2587 videatur,

2048 2605 2288 2662 dubitare
2313 2622 2371 2662 se
2397 2608 2556 2664 dicet.
2583 2609 2727 2680 ltoga
2751 2626 2891 2666 nunc
2910 2612 3158 2677 stoicum,
3183 2613 3300 2682 quis
3325 2614 3395 2667 sit
3413 2614 3630 2680 melior;

2048 2698 2376 2767 Epicurusne
2402 2700 2489 2771 qui
2518 2701 2748 2757 delirare
2776 2703 2923 2757 illum
2954 2704 3166 2767 clamat,
3192 2720 3257 2758 an
3288 2705 3634 2761 Academicus

2048 2790 2139 2860 qui
2177 2789 2277 2845 sibi
2320 2791 2492 2847 adhuc
2520 2792 2587 2848 de
2624 2808 2683 2848 re
2723 2801 2867 2849 tanta
2908 2794 3315 2850 deliberandum
3344 2811 3460 2851 esse
3505 2812 3634 2868 pro.

2050 2880 2274 2935 nuntiat.
2320 2881 2486 2936 Nemo
2532 2883 2735 2939 dubitat
2781 2884 3156 2940 Academicum
3212 2886 3486 2955 praelatum
3544 2888 3632 2941 iri.

2050 2971 2254 3026 Rursus
2283 2985 2332 3029 te
2360 2974 2427 3029 ad
2468 2975 2613 3029 illum
2640 2984 2924 3042 converte,
2968 2986 3022 3031 et
3061 2992 3241 3047 quaere
3282 2992 3438 3048 quem
3469 2977 3636 3048 magis

2049 3072 2220 3129 amet;
2250 3064 2518 3120 Zenonem
2539 3107 2553 3131 ,
2584 3082 2612 3120 a
2640 3083 2743 3137 quo
2769 3067 2934 3122 bestia
2965 3069 3303 3134 nominatur;
3333 3083 3400 3122 an
3435 3068 3638 3123 Arche-

2050 3156 2237 3223 silam,
2283 3173 2313 3211 a
2355 3173 2461 3228 quo
2502 3158 2686 3213 audit:
2713 3158 2790 3213 Tu
2826 3158 3051 3214 fortasse
3090 3175 3273 3214 verum
3327 3159 3491 3225 dicis,
3542 3159 3637 3215 sed

2051 3248 2317 3317 requiram
2356 3248 2679 3319 diligentius.
2707 3249 2892 3304 Nonne
2916 3259 3155 3320 apertum
3191 3258 3275 3306 est
3304 3260 3465 3304 totam
3493 3251 3634 3304 illam

2052 3337 2310 3408 porticum
2342 3339 2580 3394 insanam
2606 3378 2620 3408 ,
2650 3340 2998 3395 Academicos
3036 3350 3212 3395 autem
3251 3355 3360 3410 pne
3388 3342 3491 3396 illis
3517 3357 3635 3395 mo-

2053 3428 2232 3485 destos
2248 3440 2537 3502 cautosque
2553 3431 2796 3487 homines
2816 3432 2982 3486 videri
3003 3432 3269 3503 Epicuro?
3288 3432 3361 3487 Ita
3387 3447 3636 3503 peraeque

2054 3538 2217 3593 prope
2248 3524 2314 3578 de
2340 3523 2585 3578 omnibus
2626 3524 2786 3579 sectis
2827 3523 3194 3595 copiosissime
3222 3525 3408 3579 Cicero
3448 3524 3638 3594 jucun-

2052 3614 2331 3669 dissimum
2359 3614 2653 3685 legentibus
2682 3614 2828 3685 quasi
2855 3615 3215 3685 Spectaculum
3241 3616 3469 3684 prmbet,
3497 3616 3640 3669 velut

2057 3707 2344 3763 ostendens
2370 3708 2571 3762 nullum
2601 3707 2810 3762 illorum
2839 3722 2957 3762 esse
2992 3709 3079 3778 qui
3110 3723 3212 3762 non
3241 3722 3360 3763 cum
3397 3707 3498 3761 sibi
3526 3692 3635 3778 pri-

2040 3792 2169 3857 mas
2199 3810 2377 3872 partes
2405 3802 2643 3869 dederit,
2690 3802 2831 3872 quod
2879 3817 3099 3857 necesse
3144 3811 3259 3869 est,
3302 3803 3563 3858 secundas
3587 3804 3640 3858 ei

2056 3892 2196 3947 dicat
2223 3893 2351 3948 dare
2376 3935 2390 3960 ,
2423 3909 2579 3963 quem
2608 3908 2712 3947 non
2743 3908 3038 3964 repugnare
3060 3934 3076 3959 ,
3108 3893 3202 3948 sed
3229 3893 3475 3949 dubitare
3512 3908 3642 3949 con-

2057 3986 2309 4055 spexerit.
2342 3985 2399 4040 In
2430 4001 2534 4055 quo
2560 4001 2658 4055 ego
2688 3985 2819 4040 nihil
2848 3985 3189 4050 adversabor,
3213 4000 3314 4041 nec
3333 3986 3412 4041 eis
3441 3985 3599 4039 ullam
3621 3986 3637 4016 ¹

2056 4078 2286 4133 auferam
2308 4079 2552 4148 gloriam.
2578 4078 2831 4132 Videatur
2852 4093 2981 4134 sane
3001 4079 3320 4149 quibuslibet
3344 4077 3531 4135 Cicero
3555 4078 3641 4132 hic

2056 4186 2160 4225 non
2186 4170 2415 4240 jocatus,
2449 4169 2543 4225 sed
2574 4170 2748 4224 inania
2775 4179 2827 4225 et
2850 4180 3070 4225 ventosa
3102 4171 3375 4240 quaedam,
3403 4169 3543 4240 quod
3573 4170 3640 4223 ab

2056 4261 2289 4331 ipsorum
2316 4261 2679 4317 Graeculorum
2710 4262 2924 4317 levitate
2952 4261 3204 4317 abhorret
3223 4263 3265 4329 ‘,
3289 4262 3437 4331 sequi
3457 4268 3511 4316 et
3530 4260 3642 4316 col-

2058 4355 2222 4426 ligere
2250 4355 2502 4410 voluisse.

2159 4444 2383 4501 CAPUT
2427 4445 2558 4500 Vlll.
2590 4476 2661 4487 -—
2687 4440 3027 4517 Redarguitur
3056 4444 3194 4500 locus
3230 4462 3259 4500 ε
3299 4444 3537 4501 Cicerone

2723 4536 2928 4591 allatus.

2128 4627 2214 4683 l7.
2256 4625 2390 4694 Quid
2437 4628 2577 4683 enim
2618 4642 2703 4681 me
2746 4626 2987 4695 impedit,
3038 4627 3165 4698 quin
3214 4626 3261 4683 si
3314 4626 3440 4683 huic
3484 4628 3640 4683 vani-

2058 4722 2154 4776 tati
2206 4720 2453 4776 resistere
2495 4720 2673 4787 velim,
2716 4718 2872 4775 facile
2914 4719 3191 4774 ostendam
3227 4727 3427 4789 quanto
3461 4718 3639 4773 minus

2056 4813 2255 4868 malum
2283 4812 2351 4866 sit
2377 4812 2641 4866 indoctum
2665 4826 2783 4866 esse
2803 4826 2959 4880 quam
2989 4810 3308 4865 indocilem?
3332 4809 3483 4865 Unde
3506 4809 3563 4863 fit
3584 4819 3642 4863 ut

2055 4917 2175 4956 cum
2198 4918 2257 4957 se
2278 4902 2366 4956 ille
2386 4902 2733 4957 Academicus
2755 4901 3128 4971 jactantieulus
3151 4900 3301 4969 quasi
3322 4900 3639 4970 discipulum

2055 4993 2274 5063 singulis
2290 4992 2518 5058 dederit,
2543 5008 2805 5064 nemoque
2825 4993 2900 5046 illi
2920 4991 3061 5062 quod
3082 5007 3140 5046 se
3166 4992 3302 5046 scire
3327 5000 3492 5061 putat,
3513 5006 3637 5062 per-

2056 5084 2279 5139 suadere
2308 5085 2567 5154 potuerit;
2609 5100 2797 5155 magna
2835 5084 3043 5137 illorum
3072 5091 3253 5153 postea
3283 5084 3638 5140 consensione

2056 5176 2308 5230 rideatur.
2340 5175 2456 5231 Jam
2488 5177 2628 5231 enim
2656 5178 2889 5246 quisque
2918 5175 3081 5229 alium
3115 5175 3403 5245 quemlibet
3441 5176 3635 5232 adver-

2055 5272 2313 5324 sariorum
2337 5285 2555 5326 suorum
2574 5271 2705 5325 nihil
2726 5272 2995 5340 didicisse,
3024 5271 3167 5329 hunc
3184 5288 3309 5328 vero
3333 5274 3462 5329 nihil
3479 5289 3637 5347 posse

2055 5361 2259 5417 discere
2280 5362 2556 5432 judicabit.
2586 5364 2661 5418 Ex
2684 5380 2790 5433 quo
2816 5364 3068 5437 deinceps
3087 5365 3154 5421 de
3175 5365 3411 5421 omnium
3440 5368 3637 5424 scholis

2056 5469 2158 5508 non
2200 5451 2405 5520 ferulis,
2453 5454 2593 5524 quod
2639 5463 2782 5509 esset
2828 5455 3117 5511 deformius
3144 5472 3303 5527 quam
3335 5459 3633 5526 molestius,

2056 5547 2147 5600 sed
2180 5546 2389 5601 illorum
2417 5546 2751 5616 palliatorum
2782 5546 2945 5603 clavis
2973 5556 3028 5603 et
3054 5548 3278 5606 fustibus
3307 5551 3632 5622 projicietur.

2120 5706 2133 5774 ξ
2162 5712 2259 5753 Am.
2288 5711 2338 5774 et
2354 5711 2429 5754 Er.
2453 5705 2655 5774 habent,
2679 5718 2765 5757 nec
2781 5705 2829 5774 ei
2847 5707 2991 5771 Sylla:
3006 5709 3221 5774 mlfertmt
3240 5708 3459 5774 gloriam.

2116 5770 2136 5832 ξ
2162 5774 2209 5816 tn
2234 5770 2366 5829 prius
2390 5770 2608 5829 excusis,
2633 5782 2726 5818 non
2747 5769 3043 5832 abhorreret.
3069 5769 3161 5821 Sed
3183 5769 3292 5822 ot-io
3317 5781 3420 5823 Mss.
3443 5774 3631 5832 ferunt.

2056 5827 2294 5890 abhorret,
2319 5843 2409 5879 nec
2430 5827 2753 5881 t’ninns'bcne.
2782 5830 3122 5894 [abhorreret].
