4096 6368
439 310 544 368 943

438 424 553 479 Non
583 420 722 478 enim
758 434 1004 490 magnum
1035 421 1301 490 negotium
1325 418 1444 484 erit,
1468 427 1651 473 contra
1676 431 2011 472 communem

438 525 642 587 pestem
674 512 1102 570 velutilerculea
1130 512 1370 584 quredam
1397 511 1662 580 postulare
1684 509 1876 564 auxilia
1906 508 2013 580 Cy-

441 610 704 662 nicorum.
735 604 787 661 Si
815 611 991 659 autem
1022 604 1118 657 ista
1157 601 1408 656 vilissima
1450 600 1615 670 gloria
1643 616 1763 654 cum
1790 599 1874 653 his
1899 615 2015 654 cer-

439 710 553 755 tare
574 699 753 763 libeat,
785 695 925 767 quod
951 693 1344 766 phiIOSOpbanti
1372 692 1501 747 mihi
1521 692 1631 762 jam
1660 691 1895 762 quidem,
1920 691 2012 746 sed

434 793 671 848 nondum
716 789 938 859 sapienti
982 787 1218 842 faciliore
1255 785 1408 841 venia
1451 783 1851 841 concedendum
1894 793 2008 849 est;

434 882 560 952 quid
588 880 857 935 habebunt
880 877 1019 948 quod
1043 877 1259 948 possint
1288 875 1562 931 refellere?
1588 876 1725 930 Ecce
1761 874 1905 930 enim
1932 874 2011 929 fa-

433 974 634 1027 ciamus
671 986 757 1025 me
794 980 954 1039 atque
991 967 1363 1024 Academicum
1393 967 1446 1022 in
1475 968 1593 1023 illas
1621 966 1744 1022 lites
1771 966 2010 1037 philoso-

421 1064 657 1132 phorum
676 1062 898 1117 irruisse
917 1075 1136 1117 aomnes
1153 1075 1367 1131 prorsus
1386 1059 1580 1125 adsint,
1600 1069 1876 1130 exponant
1891 1060 2011 1115 bre-

432 1155 568 1209 viter
592 1168 687 1223 pro
718 1162 957 1222 tempore
989 1152 1279 1208 sententias
1313 1165 1455 1206 suas.
1484 1150 1763 1219 Quzeratur
1791 1149 1857 1205 de
1882 1149 2011 1205 Car-

434 1244 602 1300 neade
626 1244 749 1313 quid
779 1242 993 1299 sentiat.
1040 1242 1291 1298 Dubitare
1336 1257 1395 1297 se
1435 1242 1593 1297 dicet.
1639 1241 1820 1311 Itaque
1862 1242 2009 1296 illum

426 1336 620 1406 singuli
645 1336 926 1406 praeferent
946 1336 1172 1390 caeteris.
1197 1334 1341 1404 Ergo
1371 1348 1559 1389 omnes
1585 1334 1862 1397 omnibus:
1892 1348 2029 1409 ma-I

426 1442 530 1497 gna
558 1426 807 1481 nimirum
837 1434 994 1495 atque
1018 1424 1275 1479 altissima
1300 1425 1490 1495 gloria.
1517 1424 1647 1492 Quis
1677 1425 1834 1479 istum
1878 1424 2010 1478 nolit

428 1518 661 1572 imitari?
684 1527 737 1573 et
764 1532 863 1587 ego
890 1518 1065 1587 itaque
1093 1518 1464 1587 interrogatus,
1487 1516 1625 1572 idem
1648 1516 2005 1587 respondebo;

426 1623 524 1678 par
550 1608 654 1663 erit
679 1608 820 1662 laus.
851 1608 924 1662 Ea
956 1609 1113 1678 igitur
1137 1608 1301 1678 gloria
1328 1607 1522 1677 gaudet
1564 1608 1797 1677 sapiens,
1826 1608 1880 1661 in
1906 1623 2008 1678 qua

426 1700 499 1753 illi
522 1698 715 1753 stultus
736 1699 1007 1769 :equalur?
1028 1698 1162 1765 Quid
1184 1699 1228 1753 si
1248 1714 1369 1753 eum
1400 1699 1557 1753 etiam
1580 1697 1732 1753 facile
1758 1699 2008 1768 superat?

423 1789 636 1845 Nihilne
664 1790 772 1859 agit
800 1788 1005 1859 pudor?
1040 1788 1169 1843 Nam
1204 1789 1361 1843 istum
1403 1787 1775 1843 Academicum
1800 1788 1912 1858 jam
1941 1788 2008 1843 de

423 1881 622 1950 judicio
651 1879 1013 1935 discedentem
1035 1879 1245 1934 tenebo.
1269 1878 1470 1947 Quippe
1486 1877 1690 1932 avidior
1706 1877 2008 1947 hujusmodi

428 1975 662 2031 victoria:
687 1973 905 2028 stultitia
936 1980 1037 2028 est.
1066 1974 1205 2041 Ergo
1242 1985 1307 2027 eo
1332 1981 1541 2027 retento
1568 1970 1788 2040 prodam
1813 1970 2006 2040 judici-

425 2066 525 2121 hus
551 2065 693 2136 quod
738 2067 998 2135 ignorant,
1032 2072 1085 2118 et
1112 2063 1319 2117 dicam:
1355 2062 1487 2131 Ego,
1523 2062 1621 2115 viri
1651 2062 1857 2131 optimi,
1904 2061 2006 2117 hoc

427 2172 547 2211 cum
575 2157 678 2211 isto
702 2169 981 2210 commune
1008 2153 1197 2220 habeo,
1227 2153 1369 2222 quod
1395 2152 1600 2207 dubitat
1630 2152 1748 2223 quis
1772 2161 2007 2207 vestrum

428 2264 614 2304 verum
639 2257 908 2318 sequatur.
937 2246 1041 2302 Sed
1064 2244 1321 2301 habemus
1346 2245 1503 2300 etiam
1532 2244 1773 2315 preprias
1794 2254 2009 2299 senten-

428 2341 549 2407 tias,
575 2341 643 2395 de
671 2341 860 2411 quibus
885 2347 1007 2409 peto
1030 2338 1301 2409 judicetis.
1330 2338 1464 2393 Nam
1492 2338 1623 2392 mihi
1644 2337 1905 2393 incertum
1927 2345 2009 2393 est

426 2430 660 2500 quidem,
687 2430 928 2500 quamvis
950 2430 1205 2485 audierim
1226 2429 1440 2485 decreta
1466 2437 1665 2495 vestra,
1694 2428 1783 2484 ubi
1817 2428 1886 2483 sit
1914 2444 2007 2481 ve-

426 2538 579 2577 rum:
607 2520 701 2577 sed
724 2520 844 2577 ideo
864 2520 1004 2591 quod
1039 2520 1129 2589 qui
1167 2520 1233 2574 sit
1277 2519 1329 2573 in
1363 2519 1514 2574 vobis
1539 2518 1772 2590 sapiens,
1800 2518 2004 2587 ignoro.

426 2612 532 2668 iste
553 2620 735 2667 autem
749 2611 907 2667 etiam
926 2611 1096 2682 ipsum
1125 2609 1416 2679 sapientem
1443 2616 1604 2679 negat
1626 2607 1823 2678 aliquid
1846 2608 2004 2675 scire,

427 2719 494 2758 ne
518 2703 687 2773 ipsam
714 2701 950 2772 quidem,
980 2701 1122 2756 unde
1164 2698 1377 2769 sapiens
1414 2698 1627 2765 dicitur,
1669 2698 2003 2769 sapientiam.

426 2792 555 2860 Quis
576 2808 686 2847 non
714 2792 892 2848 videat
926 2791 1097 2862 palma
1122 2790 1213 2845 illa
1235 2789 1385 2860 cujus
1413 2789 1513 2845 sit?
1535 2788 1668 2844 Nam
1704 2789 1750 2844 si
1784 2788 1886 2844 hoc
1910 2788 2005 2843 ad-

427 2885 695 2940 versarius
714 2899 868 2939 meus
901 2882 1112 2948 dixerit,
1146 2881 1356 2937 vineam
1385 2881 1582 2952 gloria;
1610 2880 1656 2935 si
1681 2888 1857 2935 autem
1886 2895 2007 2935 eruo

426 2978 654 3032 bescens
686 2977 964 3033 confessus
992 2977 1148 3033 fuerit
1174 2976 1467 3047 sapientem
1502 2979 1640 3031 scire
1668 2974 2004 3047 sapientiam,

427 3069 633 3123 vincam
660 3068 944 3124 sententia.
1428 3070 1439 3079 ’

588 3160 815 3217 CAPUT
855 3159 946 3215 IX.
987 3189 1056 3200 —
1084 3158 1301 3214 Zenonis
1323 3157 1552 3228 deﬁnitio
1582 3157 1862 3213 discutitur.

495 3253 584 3309 58.
642 3253 749 3309 Sed
803 3254 869 3308 ah
924 3254 1024 3309 hoc
1076 3252 1187 3323 jam
1229 3252 1457 3322 litigioso
1499 3251 1745 3307 tribunali
1783 3252 2002 3308 seceda-

428 3359 546 3400 mus
587 3345 641 3399 in
680 3345 909 3415 aliquem
948 3345 1142 3409 locum,
1176 3343 1264 3398 ubi
1306 3344 1458 3400 nobis
1487 3343 1631 3398 nulla
1663 3344 1813 3398 turba
1839 3345 2006 3401 mole-

426 3446 505 3490 sta
529 3435 628 3500 sit;
664 3444 823 3506 atque
845 3436 1045 3490 utinam
1071 3436 1124 3490 in
1150 3436 1315 3505 ipsam
1345 3434 1579 3490 scholam
1605 3435 1860 3501 Platonis,
1887 3450 2007 3506 quae

424 3542 620 3583 nomen
646 3543 716 3584 ex
738 3542 803 3582 eo
840 3528 1032 3582 dicitur
1058 3526 1345 3596 accepisse,
1373 3526 1513 3596 quod
1550 3541 1579 3579 a
1608 3527 1801 3597 populo
1828 3526 1898 3580 sit
1922 3541 2007 3581 se-

425 3628 604 3674 creta:
632 3619 719 3673 hic
737 3618 847 3687 jam
878 3633 984 3673 non
1005 3617 1071 3671 de
1096 3617 1284 3687 gloria,
1310 3615 1451 3685 quod
1473 3616 1588 3670 leve
1600 3631 1665 3670 ac
1682 3604 1882 3685 puerile
1902 3624 2003 3681 est,

424 3710 519 3765 sed
548 3710 616 3766 de
639 3710 751 3781 ipsa
776 3710 903 3776 vita,
931 3720 984 3765 et
1009 3710 1074 3765 de
1100 3709 1273 3779 aliqua
1311 3723 1405 3778 spe
1444 3708 1606 3762 animi
1634 3707 1796 3773 beati,
1835 3724 2004 3777 quan-

425 3816 538 3867 tum
563 3804 699 3857 inter
733 3818 831 3857 nos
860 3814 1161 3871 possumus,
1191 3800 1532 3854 disseramus.
1573 3798 1776 3869 Negant
1800 3799 2004 3854 Acade-

425 3893 547 3948 mici
576 3893 700 3949 sciri
725 3892 920 3963 aliquid
961 3905 1137 3960 posse.
1162 3890 1311 3945 Unde
1339 3890 1439 3945 hoc
1464 3889 1613 3944 vobis
1642 3889 1856 3959 placuit,
1888 3899 2004 3944 stu-

423 3986 711 4041 dinsissimi
745 3985 986 4039 homines
1024 3992 1182 4053 atque
1218 3982 1547 4038 doctissimi?
1585 3982 1746 4037 Movit
1774 3997 1890 4048 nos,
1923 3983 2005 4037 in-

422 4079 629 4149 quiunt,
671 4076 910 4131 deﬁnitio
951 4075 1201 4129 Zenonis.
1241 4073 1350 4129 Cur
1377 4073 1591 4143 quaeso?
1619 4072 1749 4127 Nam
1788 4074 1831 4128 si
1878 4088 2003 4129 vera

423 4178 525 4233 est,
556 4164 797 4221 nonnihil
823 4165 931 4220 veri
959 4165 1124 4231 novit,
1150 4164 1239 4235 qui
1266 4164 1345 4218 vel
1370 4164 1539 4233 ipsam
1555 4164 1727 4227 novit;
1751 4164 1830 4218 sin
1850 4162 2000 4231 falsa,

424 4273 530 4313 non
556 4257 739 4311 debuit
758 4255 1213 4310 constantissimos
1235 4269 1587 4310 commovere.
1611 4254 1715 4310 Sed
1734 4254 2004 4310 videamus

422 4348 548 4417 quid
570 4348 642 4401 ait
661 4346 826 4402 Zeno.
851 4346 977 4402 Tale
996 4346 1196 4401 scilicet
1214 4346 1379 4400 visum
1405 4343 1783 4415 comprehendi
1808 4352 1861 4400 et
1884 4360 2003 4416 per-

421 4441 522 4511 cipi
543 4456 718 4511 posse,
741 4440 893 4511 quale
912 4455 1031 4495 cum
1057 4438 1190 4494 falso
1216 4454 1320 4507 non
1350 4439 1569 4494 haberet
1593 4442 1741 4510 signa
1764 4454 2005 4494 commu-

422 4534 527 4587 nia.
561 4534 792 4589 Hoecine
822 4542 872 4588 te
898 4532 1083 4599 movit,
1120 4531 1281 4586 homo
1323 4530 1612 4597 Platonico,
1658 4541 1715 4587 ut
1756 4530 2002 4586 omnibus

419 4626 623 4681 viribus
648 4624 715 4680 ab
740 4640 835 4695 spe
863 4623 1099 4680 discendi
1126 4623 1391 4679 studiosos
1418 4622 1737 4688 retraheres,
1757 4630 1814 4675 ut
1834 4630 2000 4676 totum

424 4720 691 4790 negotium
709 4716 1110 4788 philosophandi
1130 4715 1410 4786 adjuvante
1426 4714 1653 4785 quodam
1671 4716 1827 4770 etiam
1852 4730 2001 4769 men-

423 4814 489 4866 tis
515 4810 907 4882 ingemiscendo
933 4819 1142 4878 torpore
1161 4806 1506 4863 desererent?

388 4954 391 4957 λ
493 4903 580 4958 19.
621 4901 724 4958 Sed
740 4900 1172 4972 quomodoillum
1196 4912 1299 4953 non
1328 4906 1681 4968 permoveret,
1714 4897 1757 4952 si
1788 4906 1839 4951 et
1869 4896 1999 4952 nihil

422 4997 527 5052 tale
554 4995 777 5053 inveniri
802 5002 996 5068 potest,
1038 5000 1092 5047 et
1128 4992 1227 5046 nisi
1252 4991 1378 5061 quid
1406 4991 1508 5045 tale
1532 5000 1631 5055 est,
1665 4990 1863 5060 percipi
1892 5006 1998 5046 non

422 5088 627 5157 potest?
656 5086 758 5142 hoc
783 5085 829 5140 si
859 5085 927 5139 ita
955 5092 1056 5150 est,
1074 5081 1353 5138 dicendum
1377 5081 1549 5152 potius
1563 5090 1695 5146 erat,
1720 5096 1823 5135 non
1843 5096 1998 5152 posse

424 5180 474 5233 in
502 5179 770 5234 hominem
799 5176 991 5233 cadere
1018 5175 1353 5247 sapientiam,
1387 5189 1544 5244 quam
1574 5174 1862 5245 sapientem
1902 5189 1997 5229 ne-

419 5270 556 5325 scire
577 5284 673 5324 cur
704 5270 861 5336 vivat,
892 5268 1099 5324 nescire
1134 5264 1578 5336 quemadmodum
1607 5266 1764 5328 vivat,
1796 5265 1998 5320 nescire

419 5367 596 5414 utrum
624 5358 792 5424 vivat;
832 5367 1121 5429 postremo,
1151 5372 1256 5426 quo
1283 5354 1582 5425 perversius
1606 5356 1877 5426 magisque
1900 5356 1996 5410 de-

420 5452 576 5506 lirum
606 5458 660 5506 et
682 5450 923 5505 insanum
950 5449 1053 5505 dici
1083 5448 1211 5503 nihil
1235 5456 1428 5519 potest,
1451 5446 1605 5503 simul
1626 5456 1680 5502 et
1705 5448 1995 5517 sapientem

418 5558 558 5608 esse,
589 5553 642 5598 et
668 5544 910 5613 ignorare
948 5541 1281 5612 sapientiam.
1321 5539 1454 5607 Quid
1485 5540 1625 5597 enim
1666 5550 1747 5595 est
1790 5539 1992 5607 durius,

419 5634 687 5690 hominem
735 5649 839 5689 non
880 5648 1038 5705 posse
1082 5647 1202 5687 esse
1243 5631 1558 5702 sapientem,
1601 5647 1668 5687 an
1708 5632 1995 5702 sapientem

418 5726 624 5782 nescire
650 5724 997 5797 sapientiam?
1026 5722 1167 5779 Nihil
1195 5722 1318 5779 hinc
1335 5721 1704 5793 disputandum
1722 5736 1821 5794 est,
1843 5728 1886 5780 si
1910 5738 1994 5780 res

1459 304 1728 362 CONTRA
1771 304 2225 375 ACADEMICOS,
2265 305 2321 362 S.
2363 306 2731 365 AUGUSTINI

3605 324 3707 379 θιι

2126 416 2238 486 ipsa
2271 418 2340 472 ita
2369 418 2537 488 posita
2565 422 2693 477 satis
2721 437 2827 478 non
2852 424 3023 479 estad
3058 424 3474 495 diiudicandum.
3510 433 3613 489 Sed
3647 438 3706 490 il-

2120 509 2207 563 lud
2253 509 2385 565 forte
2428 512 2473 566 si
2521 513 2815 581 diceretur,
2862 516 3071 585 penitus
3112 517 3356 576 homines
3395 537 3425 576 a
3467 524 3704 593 philoso-

2121 602 2331 670 phando
2356 615 2721 660 averterentur
2745 626 2758 661 :
2786 623 2925 661 nunc
2964 624 3092 663 vero
3132 609 3415 667 inducendi
3458 624 3582 669 sunt
3616 618 3705 670 sa-'

2118 692 2328 760 pientis:
2376 694 2680 751 dulcissimo
2718 712 2780 752 ac
2824 697 3159 753 sanctissimo
3199 702 3436 768 nomine,
3482 714 3539 758 ut
3581 721 3703 760 cum

2117 785 2343 840 contrita
2365 796 2518 842 artato
2542 786 2672 842 nihil
2694 790 2995 856 didicerint,
3020 801 3202 861 postea
3227 802 3277 848 te
3299 797 3517 852 summis
3545 814 3701 853 exse-

2115 877 2437 933 crationibus
2466 890 2873 950 prosequantur,
2905 897 3061 952 quem
3090 885 3287 940 relictis
3316 887 3507 943 saltem
3546 891 3701 943 voln-

2118 967 2346 1035 ptatibus
2374 970 2632 1040 corporis,
2664 970 2728 1025 ad
2760 972 2923 1026 animi
2958 981 3218 1028 tormenta
3246 985 3370 1030 sunt
3405 980 3595 1031 secuti.

2185 1057 2274 1113 ‘20.
2316 1057 2421 1113 Sed
2464 1059 2736 1115 videamus
2781 1076 2877 1130 per
2913 1078 3071 1132 quem
3101 1064 3277 1133 potius
3305 1080 3334 1118 a
3366 1066 3699 1139 pliilOSOphia

2114 1147 2500 1203 deterreantur.
2543 1150 2644 1205 Per
2681 1167 2873 1207 eumne
2916 1153 3004 1221 qui
3052 1153 3276 1208 dixerit:
3303 1155 3459 1222 Audi,
3496 1159 3700 1222 amice;

2117 1237 2443 1307 phil050phia
2474 1255 2577 1293 non
2606 1240 2717 1310 ipsa
2744 1241 3021 1311 sapientia,
3050 1243 3144 1298 sed
3173 1244 3403 1300 studium
3427 1248 3703 1316 sapienti-.0

2117 1338 2351 1407 vocatur,
2379 1329 2446 1383 ad
2481 1346 2635 1400 quam
2668 1338 2719 1385 te
2758 1331 2800 1385 si
2832 1333 3139 1399 contuleris,
3183 1349 3290 1388 non
3330 1334 3541 1404 quidem
3571 1336 3699 1391 dum

2117 1419 2203 1475 hic
2227 1419 2360 1474 vivis
2389 1421 2598 1490 sapiens
2624 1422 2729 1476 eris
2756 1421 2862 1492 (est
2890 1423 3031 1477 enim
3052 1424 3193 1493 apud
3218 1425 3381 1479 Deum
3410 1427 3697 1496 sapientia,

2114 1524 2213 1565 nec
2242 1510 2520 1580 provenire
2549 1510 2749 1566 homini
2777 1510 2995 1584 potest),
3037 1513 3133 1569 sed
3172 1530 3291 1570 cum
3320 1522 3371 1571 te
3409 1515 3499 1571 tali
3524 1516 3702 1573 studio

2113 1600 2242 1655 satis
2283 1602 2584 1658 exercueris
2622 1610 2779 1674 atque
2821 1605 3189 1673 mundaveris,
3234 1607 3443 1663 animus
3486 1618 3607 1665 tuus
3634 1626 3699 1665 ea

2114 1702 2233 1763 post
2258 1693 2395 1749 hanc
2422 1695 2604 1760 vitam,
2646 1696 2697 1750 id
2725 1703 2825 1762 est,
2862 1712 2981 1752 cum
3010 1697 3171 1753 homo
3197 1714 3315 1755 esse
3342 1699 3583 1766 desieris,
3617 1702 3699 1755 fa-

2113 1786 2213 1839 cile
2242 1785 2576 1855 perfruetur?
2603 1788 2682 1841 An
2705 1802 2799 1857 per
2819 1803 2939 1843 eum
2957 1789 3044 1859 qui
3071 1789 3296 1844 dixerit:
3326 1787 3536 1859 Venite,
3554 1808 3700 1846 mor-

2116 1877 2266 1942 tales,
2298 1876 2364 1931 ad
2391 1877 2809 1948 phiIOSOphiam;
2843 1896 3066 1951 magnus
3089 1882 3177 1936 hic
3205 1881 3409 1938 fructus
3438 1885 3699 1954 estzquid

2113 1968 2253 2023 enim
2282 1967 2482 2024 homini
2499 1971 2755 2040 sapientia
2771 1970 3018 2026 charius?
3043 1972 3219 2027 venite
3241 1973 3398 2043 igitur
3419 1985 3475 2028 ut
3495 1972 3695 2044 sapien~

2115 2068 2194 2115 tes
2219 2060 2356 2126 sitis,
2397 2068 2451 2115 et
2492 2062 2805 2131 sapientiam
2854 2061 3136 2117 nesciatis?
3163 2060 3300 2125 Non,
3333 2062 3519 2133 inquit,
3552 2079 3581 2118 a
3609 2080 3699 2120 me

2112 2152 2186 2207 ita
2211 2152 2433 2207 dicetur.
2463 2151 2575 2208 Hoc
2596 2162 2678 2208 est
2702 2152 2967 2223 decipere,
2999 2169 3119 2208 nam
3150 2152 3284 2208 nihil
3309 2152 3452 2209 aliud
3479 2154 3620 2226 apud
3643 2167 3697 2211 te

2113 2244 2431 2300 invenietur.
2460 2245 2534 2300 ita
2565 2245 2621 2299 ﬁt
2649 2254 2706 2300 ut
2741 2246 2787 2302 si
2830 2245 2933 2301 hoc
2970 2245 3187 2314 dixeris,
3217 2246 3415 2317 fugiant
3444 2257 3696 2318 tanquam

2115 2339 2387 2405 insanum;
2411 2338 2456 2393 si
2486 2338 2590 2394 alio
2614 2338 2774 2394 modo
2794 2339 2858 2393 ad
2879 2337 2981 2394 hoc
3001 2339 3309 2409 adduxexis,
3346 2340 3507 2395 facias
3549 2342 3697 2397 insa-

2113 2443 2230 2483 nos.
2253 2427 2359 2484 Sed
2375 2429 2673 2497 credamus,
2694 2439 2908 2501 propter
2922 2441 3198 2502 utramque
3214 2434 3527 2489 sententiam
3542 2450 3699 2505 atque

2114 2519 2359 2576 homines
2401 2521 2542 2576 nolle
2584 2521 2968 2592 philosophari.
3010 2522 3067 2578 Si
3106 2523 3304 2592 aliquid
3346 2524 3700 2594 philosophia:

2112 2612 2469 2683 perniciosum
2514 2612 2740 2669 Zenonis
2790 2612 3027 2669 definitio
3084 2612 3262 2669 dicere
3318 2615 3575 2685 cogebat,
3624 2633 3697 2670 nu

2113 2706 2293 2769 homo,
2322 2703 2444 2758 idne
2474 2703 2673 2757 homini
2697 2703 2977 2759 dicendum
3022 2704 3140 2771 fuit,
3173 2705 3311 2761 unde
3352 2720 3411 2761 se
3452 2706 3697 2772 doleret;

2111 2811 2177 2850 an
2200 2796 2274 2863 id,
2305 2796 2445 2852 unde
2472 2804 2523 2851 te
2547 2796 2846 2852 derideret?

2181 2886 2270 2940 2|.
2313 2887 2511 2941 Tamen
2533 2886 2674 2958 quod
2700 2886 2848 2942 Zeno
2864 2886 3121 2954 definivit,
3149 2897 3399 2958 quantum
3416 2888 3561 2944 stulti
3582 2904 3684 2960 pos

2111 2993 2313 3045 sumus,
2346 2979 2709 3033 discutiamus.
2741 2977 2799 3034 ld
2825 2979 2996 3033 visum
3022 2979 3096 3032 ait
3117 2994 3271 3049 posse
3292 2980 3696 3049 comprehendi.

2112 3068 2254 3139 quod
2295 3068 2373 3123 sic
2402 3077 2700 3138 appareret,
2730 3076 2788 3122 ut
2816 3067 3006 3122 falsum
3041 3082 3297 3137 apparere
3342 3085 3445 3121 non
3492 3079 3693 3137 posset.

2112 3158 2445 3214 Manifestum
2476 3168 2576 3226 est,
2608 3159 2737 3215 nihil
2766 3158 2908 3213 aliud
2954 3160 3006 3213 in
3051 3160 3447 3229 perceptionem
3482 3162 3691 3215 venire.

2113 3249 2225 3304 Hoc
2252 3258 2307 3304 et
2331 3264 2454 3320 ego,
2483 3249 2651 3320 inquit
2675 3249 2998 3315 Archesilas,
3028 3248 3202 3316 video,
3232 3257 3285 3305 et
3316 3249 3417 3306 hoc
3454 3250 3568 3319 ipso
3598 3250 3699 3305 do-

2111 3355 2207 3396 ceo
2232 3340 2359 3395 nihil
2390 3340 2613 3411 percipi.
2641 3339 2755 3395 Non
2783 3341 2924 3396 enim
2967 3340 3071 3395 tale
3098 3340 3295 3411 aliquid
3336 3340 3561 3395 inveniri
3600 3356 3699 3411 po-

2113 3440 2234 3487 test.
2266 3432 2511 3488 Fortasse
2549 3434 2644 3489 abs
2677 3442 2750 3499 te,
2790 3442 2947 3504 atque
2984 3433 3052 3488 ab
3086 3433 3208 3488 aliis
3235 3434 3440 3488 stultis:
3467 3442 3521 3488 at
3544 3450 3573 3488 a
3604 3450 3693 3489 sa-

2114 3526 2291 3596 piente
2318 3540 2411 3580 cur
2438 3542 2543 3580 non
2576 3526 2780 3595 potest?
2823 3527 3133 3596 Quanquam
3162 3536 3216 3581 et
3245 3526 3343 3596 ipsi
3372 3526 3536 3581 stulto
3562 3527 3695 3582 nihil

2091 3618 2426 3703 ‘responderi
2456 3634 2609 3687 posse
2634 3618 2880 3684 arbitror,
2924 3622 2969 3673 si
3009 3618 3098 3673 tibi
3125 3618 3266 3673 dicat
3292 3626 3349 3673 ut
3373 3619 3466 3673 illo
3492 3635 3700 3675 memo-

2112 3710 2267 3767 rabili
2295 3712 2538 3766 acumine
2567 3722 2656 3766 luo
2682 3712 2819 3765 hanc
2849 3712 3014 3782 ipsam
3058 3711 3288 3767 Zenonis
3326 3710 3698 3766 deﬁnitionem

2111 3802 2339 3868 refellas,
2371 3812 2426 3858 et
2453 3802 2705 3857 ostendas
2743 3818 2862 3857 eam
2904 3802 3061 3857 etiam
3107 3801 3295 3856 falsam
3337 3816 3457 3856 esse
3496 3816 3694 3872 posse:

2109 3894 2249 3964 quod
2275 3895 2319 3948 si
2352 3909 2459 3949 non
2489 3894 2745 3963 potueris,
2774 3894 2911 3949 hanc
2939 3895 3104 3965 ipsam
3133 3909 3289 3965 quam
3320 3893 3578 3964 percipias
3599 3893 3699 3947 ha-

2110 3987 2236 4053 bes;
2264 3987 2308 4041 si
2337 3996 2516 4041 autem
2545 3986 2825 4053 refelleris,
2858 3988 2998 4043 unde
3023 4003 3050 4041 a
3078 3986 3419 4057 percipiendo
3440 3986 3698 4056 impedia-

2109 4079 2182 4134 ris
2208 4095 2312 4135 non
2344 4080 2529 4135 habes.
2563 4080 2673 4150 Ego
2709 4096 2827 4135 eam
2869 4079 3043 4135 refelli
3088 4094 3244 4150 posse
3282 4094 3390 4133 non
3434 4078 3609 4143 video,
3640 4087 3698 4134 et

2108 4172 2329 4226 omnino
2373 4171 2702 4226 verissimam
2740 4171 2941 4241 judico.
2996 4170 3176 4241 Itaque
3223 4185 3343 4225 cum
3396 4184 3513 4226 eam
3556 4169 3692 4226 scio.

2112 4264 2355 4333 quamvis
2382 4264 2481 4317 sim
2513 4264 2725 4330 stultus,
2756 4263 2996 4319 nonnihil
3023 4266 3153 4318 scio.
3184 4262 3289 4318 Sed
3326 4260 3409 4316 fac
3446 4262 3587 4317 illam
3614 4276 3698 4314 ce-

2106 4351 2237 4406 dere
2257 4353 2502 4407 versntite
2528 4362 2649 4407 tuas.
2669 4352 3171 4422 Ularcomplexione
3199 4351 3556 4405 securissima.
3589 4351 3695 4402 Aut

2109 4443 2253 4498 enim
2276 4458 2400 4498 vera
2416 4451 2519 4511 est,
2548 4451 2637 4497 aut
2660 4442 2790 4497 falsa
2814 4461 2826 4497 :
2859 4444 2901 4496 si
2924 4458 3069 4509 vera,
3092 4443 3226 4497 bene
3245 4451 3429 4504 teneo;
3459 4440 3504 4494 si
3532 4439 3688 4502 falsa,

2111 4543 2286 4606 potest
2305 4534 2499 4604 aliquid
2525 4535 2746 4604 percipi,
2774 4535 2981 4589 etiamsi
3009 4533 3519 4589 habentcommunia
3542 4533 3691 4601 signa

2107 4643 2229 4682 cum
2253 4626 2407 4683 falso.
2424 4626 2597 4695 Unde,
2619 4627 2806 4698 inquit,
2829 4628 3031 4697 potest?
3060 4626 3344 4682 Verissime
3372 4627 3529 4696 igitur
3545 4625 3693 4678 Zeno

2108 4720 2366 4787 deﬁnivit,
2390 4734 2488 4775 nec
2512 4719 2560 4774 ei
2588 4719 2825 4789 quisquis
2847 4720 2927 4773 vel
2960 4719 3011 4772 in
3039 4718 3139 4771 hoc
3160 4717 3447 4783 consensit,
3471 4716 3689 4770 erravit.

2111 4812 2190 4865 An
2216 4826 2393 4882 parva:
2430 4808 2600 4865 laudis
2639 4817 2693 4865 et
2733 4809 3050 4863 sinceritatis
3093 4807 3453 4862 deﬁnitionem
3483 4804 3694 4875 putabi-

2109 4918 2248 4969 mus,
2280 4918 2397 4972 quae
2425 4910 2605 4956 contra
2641 4916 2734 4956 eos
2772 4901 2857 4971 qui
2889 4908 3040 4955 erant
3074 4899 3355 4954 adversum
3384 4896 3691 4967 perceptio-

2109 5007 2229 5047 nem
2255 4992 2419 5046 multa
2444 4991 2651 5057 dicturi,
2680 5007 2800 5046 cum
2830 4990 3131 5061 designaret
3171 4990 3327 5059 quale
3369 4996 3512 5044 esset
3540 4987 3686 5056 quod

2107 5082 2306 5152 percipi
2331 5090 2529 5152 posset,
2554 5082 2782 5151 seipsam
2807 5081 2963 5136 talem
2988 5095 3106 5135 esse
3132 5078 3486 5134 monstravit?
3506 5076 3692 5145 Itaque

2106 5172 2672 5242 comprehensibilihus
2716 5172 2873 5226 rebus
2914 5179 2969 5227 et
3010 5169 3247 5225 deﬁnitio
3276 5177 3378 5235 est,
3410 5180 3466 5224 et
3502 5182 3656 5223 excm

2107 5262 2275 5333 plum.
2298 5262 2507 5330 Utrum,
2539 5263 2632 5327 ait,
2662 5262 2818 5317 etiam
2844 5263 2956 5333 ipsa
2972 5276 3094 5317 vera
3122 5262 3190 5315 sit
3218 5262 3397 5315 nescio
3419 5279 3431 5313 :
3450 5258 3541 5312 sed
3564 5259 3689 5326 quia

2103 5362 2185 5408 est
2225 5353 2534 5423 probabilis,
2578 5354 2699 5409 ideo
2743 5369 2973 5424 sequens
3011 5368 3127 5409 eam
3157 5350 3380 5407 ostendo
3407 5349 3536 5405 nihil
3567 5363 3691 5402 es-e

2104 5445 2230 5511 tale,
2253 5446 2406 5515 quale
2433 5446 2521 5500 illa
2542 5443 2803 5516 expressit
2833 5460 2989 5516 posse
3014 5441 3415 5514 comprehendi.
3440 5438 3689 5495 Ostendis

2102 5534 2328 5591 fortasse
2355 5546 2547 5607 praeter
2574 5537 2763 5607 ipsam,
2795 5544 2849 5591 et
2870 5535 3039 5599 vides,
3072 5543 3137 5599 ιιι
3157 5533 3405 5595 arbitror,
3442 5526 3566 5598 quid
3594 5542 3683 5580 se-

2102 5637 2312 5698 quatur.
2336 5627 2487 5694 Quod
2513 5628 2556 5684 si
2588 5630 2744 5683 etiam
2775 5627 2890 5697 ejus
2920 5625 3105 5681 incerti
3131 5637 3338 5690 sumus,
3367 5635 3464 5676 nec
3485 5618 3555 5675 ita
3584 5632 3683 5672 nos

2104 5719 2301 5775 deserit
2327 5720 2572 5788 scicntia;
2604 5721 2796 5775 scimus
2824 5719 2963 5777 enim
2990 5727 3274 5775 autveram
3297 5729 3435 5780 esse,
3463 5719 3549 5766 aut
3578 5709 3683 5761 fat-
