4096 6368
396 283 498 339 945

394 412 541 451 sam:
576 409 680 449 non
725 393 882 465 igitur
912 390 1041 446 nihil
1085 390 1302 447 scimus.
1349 389 1659 458 Quanquam
1704 398 1972 455 nunquam

398 488 592 544 efficiet
618 495 676 542 ut
701 486 939 555 ingratus
966 483 1089 551 sim,
1136 498 1353 553 prorsus
1396 496 1494 551 ego
1533 480 1677 535 illam
1708 477 1976 532 definitio-

398 596 523 635 nem
552 579 886 635 verissimam
908 575 1107 647 judico.
1143 575 1246 630 Aut
1274 575 1414 629 enim
1447 580 1668 644 possunt
1700 570 1897 641 percipi
1924 577 1979 622 et

397 671 550 736 falsa,
582 668 725 739 quod
751 668 1119 723 vehementius
1144 665 1444 722 Academici
1480 666 1686 727 timent,
1718 670 1773 717 et
1795 675 1979 716 revera

398 760 686 816 absurdum
708 768 817 823 est;
847 766 939 814 aut
962 771 1061 812 nec
1079 771 1141 811 ea
1170 764 1411 827 possunt,
1439 750 1557 825 quin
1587 760 1710 808 sunt
1734 752 1880 807 falsis
1904 751 1978 805 si-

403 849 741 905 miliamnrle
776 850 864 905 illa
892 847 1129 904 definitio
1175 862 1301 902 vera
1342 853 1445 902 est.
1488 844 1593 900 Sed
1635 843 1746 914 jam
1789 851 1979 899 caetera

402 942 695 999 videamus.

586 1030 816 1088 CAPUT
861 1030 933 1087 X.
971 1062 1044 1073 —
1070 1030 1187 1086 Duo
1215 1029 1631 1085 Academicorum
1659 1026 1833 1095 effata.

470 1125 560 1179 ἓξ.
602 1124 854 1192 Quamvis
890 1124 1025 1191 haec,
1071 1123 1172 1178 nisi
1222 1123 1409 1186 fallor,
1453 1121 1659 1191 possint
1708 1118 1774 1173 ad
1814 1118 1984 1173 victo-

401 1218 534 1272 riam
578 1216 709 1271 satis
746 1231 887 1279 esse,
927 1230 1033 1270 non
1078 1225 1253 1270 tamen
1283 1214 1504 1269 fortasse
1540 1212 1607 1267 ad
1633 1211 1867 1266 victoria:
1894 1225 1982 1265 sa-

403 1308 660 1363 tietatem.
685 1308 799 1362 Duo
819 1315 942 1362 sunt
962 1322 1079 1377 quae
1105 1306 1173 1361 ab
1201 1304 1535 1361 Academicis
1558 1304 1824 1369 dicuntur,
1853 1318 1984 1357 con-

402 1407 483 1451 tra
512 1413 650 1468 qute,
695 1404 756 1452 ut
781 1398 1039 1461 valemus,
1070 1397 1255 1452 venire
1284 1396 1639 1451 instituimus:
1665 1393 1813 1449 Nihil
1843 1410 1988 1465 posse

405 1489 627 1560 percipi;
651 1497 725 1555 et,
769 1487 921 1542 Nulli
946 1488 1021 1542 rei
1044 1486 1220 1542 debere
1244 1474 1492 1541 assentiri.
1535 1486 1612 1540 De
1648 1483 1987 1539 assentiendo

405 1595 526 1634 mox
544 1579 695 1645 alias,
712 1594 853 1634 nunc
869 1593 1032 1649 pauca
1053 1578 1118 1634 de
1134 1578 1472 1649 perceptione
1497 1576 1754 1632 dicemus.
1777 1576 1987 1631 Nihilne

404 1684 623 1740 prorsus
647 1669 822 1725 dicitis
839 1684 994 1740 posse
1010 1668 1424 1740 comprehendi?
1449 1667 1546 1723 Hic
1569 1667 1837 1737 evigilavit
1859 1665 1989 1721 Car-

406 1760 640 1817 neades:
667 1777 788 1817 nam
819 1776 976 1817 nemo
1004 1762 1224 1817 istorum
1251 1761 1426 1815 minus
1453 1761 1559 1816 alte
1578 1775 1738 1831 quam
1766 1758 1854 1814 ille
1874 1759 1988 1813 dor-

406 1851 577 1918 mivit,
595 1859 649 1907 et
663 1851 1041 1921 circumSpexit
1054 1866 1231 1906 rerum
1248 1849 1589 1905 evidentiam.
1608 1850 1788 1920 Itaque
1806 1848 1985 1914 credo,

406 1957 588 1997 secum
614 1942 748 2011 ipse,
778 1950 835 1997 ut
864 1942 941 2008 ﬁt,
976 1942 1199 2012 loquens
1228 1958 1243 1996 :
1270 1941 1499 2011 Ergone,
1534 1941 1625 2007 ait,
1664 1941 1984 2007 Carneades,

406 2033 645 2089 dicturus
674 2050 731 2089 es
758 2034 967 2089 nescire
1012 2042 1065 2089 te
1109 2043 1283 2089 utrum
1323 2033 1485 2088 homo
1512 2034 1608 2097 sis,
1639 2048 1705 2087 an
1734 2032 1990 2087 formica?

412 2125 515 2179 Aut
541 2125 612 2180 de
656 2133 706 2181 te
734 2124 1062 2197 Chrysippus
1091 2125 1471 2196 triumphabit?
1512 2126 1755 2180 Dicamus
1785 2140 1847 2181 ea
1893 2140 1991 2180 nos

409 2214 621 2270 nescire
648 2230 766 2284 qua:
798 2216 938 2271 inter
962 2215 1303 2286 philosophos
1323 2214 1689 2285 inquiruntur;
1716 2226 1909 2271 caetera
1925 2215 1991 2270 ad

413 2318 512 2357 nos
540 2319 645 2358 non
671 2304 957 2374 pertinere,
987 2313 1046 2359 ut
1074 2305 1117 2359 si
1139 2305 1193 2358 in
1223 2304 1342 2360 luce
1372 2305 1664 2360 titubavero
1684 2306 1992 2375 quotidiana

407 2401 463 2447 et
488 2393 713 2463 vulgari,
759 2394 827 2449 ad
855 2394 974 2449 illas
1016 2395 1378 2464 imperitorum
1410 2396 1657 2450 tenebras
1684 2411 1989 2465 provocem,

412 2481 503 2538 ubi
544 2483 645 2537 soli
687 2483 898 2553 quidam
928 2483 1093 2540 divini
1123 2485 1262 2539 oculi
1291 2485 1502 2540 vident:
1529 2486 1617 2555 qui
1644 2502 1728 2541 me
1758 2486 1917 2541 etiam
1946 2487 1991 2541 si

409 2575 754 2646 palpitantem
774 2588 935 2646 atque
949 2576 1226 2632 cadentem
1249 2578 1571 2647 aspexerint,
1592 2578 1747 2633 caecis
1766 2577 1991 2649 prodere

408 2677 698 2735 nequeant,
726 2668 1020 2737 praesertim
1041 2667 1431 2737 arrogantibus,
1461 2677 1516 2723 et
1534 2684 1667 2739 quos
1693 2668 1871 2723 doceri
1896 2670 1995 2724 ali-

405 2757 534 2825 quid
562 2757 774 2827 pudeat.
806 2758 971 2814 Laute
1011 2758 1245 2829 quidem,
1275 2773 1307 2813 o
1336 2773 1507 2829 graeca
1545 2758 1825 2825 industria,
1869 2775 1995 2815 suc-

409 2848 583 2904 cincta
610 2858 662 2904 et
691 2858 875 2918 parata
919 2849 1191 2918 procedis;
1223 2849 1315 2904 sed
1342 2862 1447 2903 non
1478 2850 1697 2921 respicis
1725 2851 1866 2905 illam
1896 2850 1992 2906 de-

412 2939 705 2994 finitionem
724 2948 779 2995 et
802 2940 1069 2994 inventum
1090 2954 1212 2995 esse
1228 2939 1553 3010 philosOphi,
1575 2951 1628 2995 et
1655 2942 1710 2995 in
1732 2942 1995 2998 vestibulo

411 3030 761 3102 philosophiae
789 3030 942 3085 lixam
964 3039 1123 3101 atque
1142 3031 1430 3087 fundatam.
1453 3032 1622 3099 Quam
1646 3033 1690 3087 si
1716 3034 1996 3090 succidere

412 3121 661 3187 tentabis,
692 3121 863 3177 rediet
887 3122 1131 3192 bipennis
1161 3122 1212 3175 in
1254 3137 1447 3177 crura:
1475 3121 1566 3177 illa
1612 3123 1752 3177 enim
1794 3122 1995 3179 labefa-

410 3218 575 3278 ctata,
607 3225 714 3266 non
741 3212 914 3265 solum
943 3218 1116 3279 potest
1140 3210 1342 3279 aliquid
1378 3212 1599 3282 percipi,
1631 3211 1725 3266 sed
1754 3213 1912 3267 etiam
1944 3211 1997 3268 id

413 3310 587 3371 potest
608 3301 749 3372 quod
775 3302 1103 3357 simillimum
1132 3301 1267 3357 falso
1287 3311 1391 3369 est,
1422 3303 1467 3358 si
1491 3318 1606 3357 eam
1640 3318 1743 3357 non
1774 3304 1996 3361 audebis

410 3402 672 3449 evertere.
714 3394 809 3449 Est
848 3394 990 3449 enim
1021 3394 1295 3450 latibulum
1326 3404 1471 3449 tuum
1511 3394 1649 3451 unde
1678 3396 1731 3450 in
1758 3396 1997 3452 incautos

412 3486 641 3541 transire
678 3486 951 3555 cupientes
978 3486 1266 3540 vehemens
1294 3487 1531 3556 erumpis
1571 3498 1730 3556 atque
1774 3487 1994 3541 exsilis:

412 3576 601 3647 aliquis
634 3586 683 3632 te
722 3576 976 3632 Hercules
1001 3577 1055 3631 in
1086 3585 1171 3631 tua
1198 3577 1450 3646 spelunca
1485 3586 1731 3647 tanquam
1762 3577 1996 3632 semiho-

413 3668 613 3723 minem
634 3666 829 3722 Cacum
854 3668 871 3699 ⁸
895 3666 1192 3732 sull‘ocabit,
1224 3676 1278 3722 et
1298 3667 1534 3736 ejusdem
1563 3668 1789 3723 molibus
1816 3669 1999 3739 oppri-

413 3766 549 3826 met,
580 3759 780 3814 docens
805 3758 1001 3828 aliquid
1023 3772 1142 3813 esse
1168 3759 1220 3813 in
1240 3757 1572 3828 philosophia
1591 3758 1732 3829 quod
1751 3768 1998 3828 tanquam

412 3851 588 3906 simile
619 3850 751 3905 falso
777 3850 1035 3906 incertum
1064 3849 1158 3905 abs
1183 3857 1234 3904 te
1266 3850 1378 3903 fleri
1406 3863 1510 3903 non
1538 3849 1722 3919 possit.
1749 3849 1906 3904 Certe
1933 3849 2002 3904 ad

414 3943 518 3997 alia
546 3941 931 4012 properabam;
963 3940 1065 3995 hoc
1103 3940 1341 4011 quisquis
1364 3947 1537 4010 urget,
1589 3940 1835 4010 teipsum,
1866 3940 2000 3994 Car-

414 4034 632 4101 neades,
663 4047 853 4103 magna
892 4031 1055 4086 afficit
1095 4032 1434 4097 contumelia,
1466 4046 1622 4101 quem
1649 4046 1679 4086 a
1709 4046 1796 4087 me
1837 4032 2002 4087 veluti

416 4132 683 4179 mortuum
712 4130 863 4194 putat
881 4122 1197 4193 ubicumque
1220 4132 1312 4176 aut
1334 4121 1706 4192 undecumque
1730 4136 1887 4191 posse
1913 4138 2004 4179 su-

417 4216 610 4285 perari.
637 4215 699 4272 Si
717 4223 891 4271 autem
919 4230 1025 4270 non
1057 4224 1225 4285 putat,
1257 4215 1636 4270 immisericors
1660 4224 1767 4283 est,
1790 4217 1878 4288 qui
1917 4232 2005 4274 me

418 4306 614 4376 possim
640 4306 887 4361 deserere
916 4306 1157 4375 praesidia
1188 4314 1241 4360 et
1279 4313 1452 4360 tecum
1494 4305 1547 4359 in
1577 4320 1767 4376 campo
1796 4316 2001 4364 certare

418 4397 591 4467 cogit:
616 4399 668 4452 in
697 4413 854 4468 quem
896 4397 1223 4454 descendere
1260 4413 1382 4453 cum
1422 4399 1725 4469 coepissem,
1758 4400 1875 4455 solo
1913 4408 2004 4456 tuo

419 4492 633 4546 nomine
651 4491 865 4546 territus
876 4491 1066 4563 pedem
1090 4491 1268 4560 retuli,
1291 4501 1345 4547 et
1370 4491 1437 4547 de
1465 4492 1739 4562 superiore
1764 4492 1882 4548 loco
1908 4509 2005 4549 ne-

419 4583 531 4637 scio
551 4582 676 4652 quid
697 4583 961 4652 jaculatus
981 4597 1120 4649 sum,
1148 4583 1288 4653 quod
1311 4592 1486 4637 utrum
1508 4583 1574 4637 ad
1603 4592 1655 4639 te
1680 4585 2002 4653 pervenerit,

418 4673 503 4727 vel
531 4673 656 4743 quid
681 4675 868 4744 egerit,
896 4673 1237 4729 viderintsub
1267 4690 1491 4744 quorum
1514 4676 1756 4730 examine
1781 4676 2004 4732 dimica-

421 4780 561 4819 mus.
593 4765 699 4821 Sed
721 4765 844 4835 quid
866 4775 1044 4821 metuo
1073 4766 1317 4835 ineptus?
1344 4766 1398 4821 Si
1430 4768 1562 4821 bene
1593 4768 1832 4833 memini,
1865 4785 2007 4823 mor-

421 4866 541 4910 tuus
571 4871 651 4923 es,
697 4872 796 4912 nec
819 4857 927 4927 jam
966 4872 1063 4928 pro
1105 4858 1348 4926 sepulcro
1383 4865 1471 4911 tuo
1495 4858 1618 4927 jure
1659 4868 1855 4929 pugnat
1881 4859 2008 4930 Aly-

422 4950 574 5019 pius:
601 4949 753 5004 facile
782 4965 868 5005 me
894 4960 1076 5005 contra
1110 4949 1352 5004 umbram
1376 4959 1517 5004 tuam
1550 4952 1689 5005 Deus
1714 4953 2002 5022 adjuvabit.

490 5041 580 5097 25.
622 5040 765 5095 Nihil
788 5041 866 5096 ais
896 5041 949 5096 in
992 5040 1320 5111 phiIOSOphia
1368 5055 1526 5109 posse
1577 5043 1797 5111 percipi.
1850 5043 1919 5097 Et
1951 5052 2008 5099 ut

420 5131 722 5187 orationem
748 5140 890 5187 tuam
920 5132 1065 5203 large
1090 5132 1297 5202 lateque
1325 5130 1818 5202 dill‘undas,arripis
1843 5134 2004 5200 rixas,

421 5222 889 5293 dissensionesque
912 5221 1344 5293 philosophorum
1366 5263 1387 5287 ,
1412 5230 1467 5277 et
1495 5237 1586 5277 eas
1616 5222 1707 5277 tibi
1736 5231 1916 5277 contra
1941 5223 2006 5276 il-

423 5313 505 5369 los
534 5329 680 5370 arma
722 5316 1026 5371 ministrare
1069 5315 1362 5370 arbitraris.
1387 5314 1665 5383 Quomodo
1695 5316 1836 5369 cnim
1869 5315 2009 5370 inter

425 5407 783 5463 Democritum
825 5418 880 5464 et
926 5408 1225 5478 superiores
1271 5408 1516 5479 physicos
1553 5407 1621 5463 de
1646 5423 1751 5462 uno
1777 5407 2004 5473 mundo,

422 5506 480 5552 et
523 5497 996 5555 innumerabilibus
1036 5499 1182 5554 litem
1229 5497 1669 5569 dijudicabimus,
1709 5513 1828 5554 cum
1870 5499 2007 5554 inter

422 5630 756 5744 (az'fgdecim
779 5641 905 5697 Mss,
930 5632 1284 5687 semiliomincm
1316 5632 1587 5699 δυσπαθῆ,
1614 5634 1792 5686 omisso
1813 5635 2005 5685 nomine

1732 271 1931 327 LIBER
1968 266 2280 326 TERTIUS.

3553 264 3657 322 9&6

2082 383 2257 453 ipsum
2282 382 2656 453 hzeredemque
2678 383 2791 452 ejus
2824 383 3106 453 Epicurum
3133 382 3666 438 concordia-manere
3694 412 3703 419 -

2083 474 2414 544 nequiverit?
2455 473 2589 529 Nam
2633 474 2733 529 iste
2777 474 3076 529 luxuriosus
3120 489 3239 527 cum
3285 483 3489 528 atomos
3513 473 3659 543 quasi

2084 566 2359 621 ancillulas
2386 582 2507 621 suas
2527 607 2543 633 ,
2572 566 2621 621 id
2647 574 2729 621 est
2753 566 3060 637 corpuscula
3088 581 3205 636 qua:
3236 566 3287 618 in
3313 564 3545 619 tenebris
3567 565 3663 617 ιω-

2086 665 2169 712 tus
2206 657 2541 727 amplectitur
2562 698 2577 722 ,
2608 672 2713 711 non
2744 666 2926 712 tenere
2950 657 3087 710 viam
3114 671 3262 711 suam
3283 697 3296 719 ,
3326 655 3420 709 sed
3458 655 3509 709 in
3539 656 3681 709 alie-7

2086 762 2183 803 nos
2212 748 2406 803 limites
2432 748 2627 820 passim
2662 759 2852 818 sponte
2887 747 3153 803 declinare
3180 746 3469 817 permittit;
3498 755 3683 803 totum—

2086 840 2455 910 patrimonium
2484 840 2642 894 etiam
2664 854 2761 910 per
2779 838 2950 910 jurgia
2980 837 3271 907 dissipavit.
3303 836 3414 891 Hoc
3434 850 3561 890 vero
3590 837 3669 890 ni-

2086 928 2161 983 hil
2188 930 2254 996 ad
2282 945 2368 986 me
2393 932 2596 985 attinet.
2628 930 2683 987 Si
2714 930 2855 985 enim
2884 929 2949 983 ad
2977 928 3287 997 sapientiam
3314 928 3541 997 pertinet
3565 926 3666 981 ho-

2085 1039 2201 1078 rum
2231 1024 2427 1094 aliquid
2452 1025 2589 1080 scire
2611 1066 2626 1089 ,
2675 1024 2745 1087 id,
2776 1039 2880 1077 non
2924 1030 3099 1092 potest
3144 1022 3307 1076 latere
3352 1021 3665 1091 sapientem.

2086 1114 2142 1171 Si
2169 1124 2344 1170 autem
2369 1114 2510 1170 aliud
2537 1114 2784 1185 quiddam
2807 1124 2889 1169 est
2915 1114 3169 1182 sapientia
3199 1113 3215 1143 ¹
3242 1129 3256 1177 ;
3284 1112 3425 1165 illam
3455 1111 3555 1165 scit
3578 1126 3667 1165 sa-

2087 1204 2271 1274 piens,
2302 1205 2401 1260 ista
2449 1205 2760 1260 contemnit.
2804 1204 3001 1259 Tamen
3036 1219 3134 1273 ego
3174 1203 3262 1272 qui
3304 1203 3457 1271 longe
3498 1201 3669 1255 adhuc

2087 1296 2273 1350 absum
2295 1296 2375 1351 vel
2405 1312 2436 1352 a
2456 1297 2722 1352 vicinitate
2748 1297 3034 1366 sapientis,
3060 1297 3110 1349 in
3144 1296 3271 1350 istis:
3286 1295 3516 1366 physicis
3539 1309 3669 1348 non~

2090 1387 2218 1441 nihil
2242 1388 2374 1442 scio.
2402 1386 2614 1443 Certum
2645 1390 2784 1443 enim
2811 1388 2981 1442 habeo
3003 1427 3019 1453 ,
3050 1396 3140 1441 aut
3164 1402 3322 1441 unum
3355 1401 3473 1440 esse
3515 1400 3668 1438 mun-

2090 1478 2213 1533 dum
2234 1520 2249 1545 ,
2282 1486 2372 1533 aut
2410 1493 2514 1533 non
2554 1495 2745 1544 unum;
2775 1479 2899 1534 etsi
2930 1495 3031 1533 non
3070 1494 3234 1533 unum
3259 1519 3273 1543 ,
3303 1486 3390 1532 aut
3418 1477 3548 1531 finiti
3577 1492 3671 1530 nu-

2092 1568 2224 1622 meri
2249 1605 2264 1633 ,
2295 1576 2385 1622 aut
2414 1566 2621 1621 inﬁniti.
2652 1567 2811 1623 Istam
2837 1569 3151 1623 sententiam
3189 1566 3491 1622 Carneades
3528 1565 3673 1621 falsa:

2090 1675 2210 1716 esse
2253 1660 2485 1715 similem
2529 1660 2737 1715 doceat.
2786 1660 2915 1715 Item
2964 1661 3075 1715 scio
3111 1659 3367 1714 mundum
3394 1659 3550 1712 istum
3578 1673 3674 1711 no-

2091 1762 2257 1807 strum
2279 1795 2294 1819 ,
2336 1758 2428 1808 aut
2460 1761 2647 1809 natura
2680 1770 2961 1825 corporum
2983 1796 2998 1821 ,
3028 1762 3119 1808 aut
3145 1754 3317 1823 aliqua
3343 1752 3672 1823 providentia

2091 1845 2169 1900 sic
2213 1859 2333 1902 esse
2377 1845 2727 1916 dispositum;
2773 1862 3001 1917 eumque
3042 1855 3134 1901 aut
3168 1861 3380 1915 semper
3416 1845 3579 1900 fuisse
3621 1853 3676 1899 et

2094 1937 2206 1992 fore
2224 1979 2239 2004 ,
2268 1945 2360 1992 aut
2386 1939 2613 2008 coepisse
2645 1952 2764 1993 esse
2787 1938 3005 1992 minime
3030 1937 3353 2001 desiturum;
3383 1943 3475 1988 aut
3499 1944 3673 1988 ortum

2092 2044 2158 2084 ex
2187 2038 2425 2099 tempore
2453 2044 2558 2084 non
2586 2029 2816 2095 habere,
2849 2028 2942 2083 sed
2985 2028 3285 2082 habiturum
3325 2040 3443 2081 esse
3478 2026 3673 2087 linem;

2093 2129 2185 2175 aut
2212 2128 2267 2176 et
2292 2135 2509 2176 manere
2536 2121 2760 2191 cwpisse
2782 2162 2797 2188 ,
2827 2130 2883 2176 et
2904 2135 3008 2174 non
3040 2128 3293 2190 perpetuo
3320 2133 3440 2173 esse
3457 2130 3675 2172 mansu-

2095 2228 2212 2268 rum
2239 2231 2252 2267 :
2281 2222 2341 2268 et
2359 2213 2760 2269 innumerabilia
2798 2212 3015 2283 physica
3052 2212 3152 2268 hoc
3185 2211 3353 2265 modo
3370 2211 3511 2265 novi.
3540 2209 3676 2265 Vera

2096 2305 2365 2360 cnimgista
2395 2314 2518 2361 sunt
2541 2305 2831 2375 dlsjuncta,
2863 2320 2964 2361 nec
2989 2302 3333 2358 similitudine
3355 2303 3529 2372 aliqua
3561 2301 3678 2356 falsi

2095 2411 2156 2451 ea
2192 2405 2363 2466 potest
2398 2397 2675 2466 quisquam
2704 2395 3048 2451 confundere.
3078 2394 3184 2449 Sed
3210 2408 3422 2447 assume
3450 2391 3674 2461 aliquid.

2095 2487 2169 2541 ait
2192 2486 2561 2541 Academicus.
2590 2486 2723 2541 Nolo
2755 2502 2770 2541 :
2798 2501 2920 2541 nam
2952 2486 3052 2540 hoc
3075 2483 3388 2549 estdicere,
3422 2482 3681 2551 Relinque

2096 2578 2235 2648 quod
2256 2579 2359 2633 scis
2381 2618 2396 2641 ,
2431 2578 2517 2633 dic
2543 2578 2903 2647 quod'nescis.
2926 2576 3252 2647 Sed'pendet
3271 2576 3552 2630 sententia.
3572 2574 3681 2628 Me-

2098 2670 2199 2724 lius
2238 2678 2383 2724 certe
2431 2668 2625 2739 pendet
2666 2683 2825 2740 quam
2863 2667 3041 2723 cadit:
3074 2682 3264 2735 nempe
3305 2666 3458 2735 plana
3498 2673 3581 2720 est
3619 2666 3679 2728 ';

2098 2776 2288 2832 nempe
2309 2761 2417 2831 jam
2447 2769 2622 2831 potest
2646 2768 2741 2815 aut
2770 2760 2928 2826 falsa,
2959 2768 3050 2814 aut
3073 2774 3195 2814 vera
3222 2759 3502 2813 nominari.
3536 2757 3684 2811 Hane

2098 2868 2223 2923 ergo
2249 2868 2332 2907 me
2358 2853 2495 2907 scire
2520 2851 2658 2906 dico.
2685 2849 2765 2906 Tu
2784 2852 2875 2921 qui
2899 2865 2997 2905 nec
3016 2849 3088 2904 ad’
3109 2847 3501 2918 philosophiam
3519 2847 3685 2916 perti~

2098 2962 2227 3002 nere
2266 2946 2364 3001 ista
2398 2959 2557 3014 negas
2578 2985 2592 3009 ,
2622 2952 2676 2998 et
2703 2958 2889 2998 eorum
2929 2942 3050 2997 sciri
3090 2940 3222 2995 nihil
3270 2954 3425 3009 posse
3452 2938 3645 2993 asseris
3665 2978 3682 3003 ,

2097 3035 2319 3091 ostende
2362 3050 2449 3090 me
2491 3035 2591 3089 ista
2632 3032 2987 3088 nescire:dic
3028 3032 3155 3085 istas
3190 3030 3572 3099 disjunctioncs
3595 3037 3685 3082 aut

2098 3128 2257 3183 falsas
2281 3143 2431 3193 esse,
2472 3135 2563 3182 aut
2597 3125 2797 3197 aliquid
2837 3141 3118 3181 commune
3144 3125 3342 3180 habere
3364 3140 3485 3180 cum
3511 3122 3644 3179 falso
3667 3164 3682 3188 ,

2098 3232 2194 3287 per
2217 3216 2357 3287 quod
2382 3216 2608 3272 discerni
2632 3217 2848 3270 omnino
2876 3231 2982 3269 non
3010 3214 3234 3284 possint.

2099 3309 2323 3366 CAPUT
2360 3308 2452 3363 XI.
2479 3339 2551 3350 —
2575 3308 2659 3363 Ea:
2701 3324 2935 3361 sensuum
2972 3306 3309 3360 imbecillitate
3343 3322 3443 3359 non
3471 3304 3597 3375 efﬁci
3630 3312 3684 3357 ut

2170 3399 2298 3453 nihil
2325 3400 2424 3453 veri
2460 3397 2783 3469 percipiatur.
2818 3395 2995 3464 Neque
3027 3412 3089 3449 ex
3125 3412 3300 3448 somno
3326 3404 3371 3448 et
3398 3394 3587 3464 furore.

2168 3489 2258 3544 24.
2315 3488 2495 3555 Unde,
2564 3488 2765 3557 inquit,
2823 3487 2927 3542 scis
2987 3500 3108 3540 esse
3168 3485 3325 3539 istum
3383 3484 3685 3551 mundum,

2101 3584 2145 3637 si
2176 3596 2364 3637 sensus
2395 3579 2682 3635 falluntur?
2702 3578 2978 3647 Nunquam
3008 3577 3246 3631 rationes
3266 3585 3457 3630 vestra:
3489 3576 3560 3630 ita
3580 3576 3685 3629 vim

2103 3686 2357 3730 sensuum
2380 3671 2629 3728 refellere
2660 3679 2978 3742 potuerunt,
3013 3680 3068 3724 ut
3106 3668 3493 3725 convinceretis
3536 3667 3688 3722 nobis

2104 3765 2234 3821 nihil
2258 3765 2424 3821 videri
2450 3781 2464 3819 :
2493 3780 2593 3820 nec
2612 3765 2834 3819 omnino
2850 3763 2963 3817 ausi
2987 3763 3115 3817 estis
3140 3760 3422 3832 aliquando
3448 3762 3544 3815 ista
3576 3771 3689 3815 ten-

2106 3868 2248 3924 tare;
2293 3858 2386 3913 sed
2433 3871 2590 3928 posse
2633 3855 2773 3911 aliud
2816 3870 2937 3910 esse
2976 3870 3039 3909 ac
3062 3854 3305 3921 videtur,
3347 3853 3691 3908 vehementer

2105 3952 2427 4022 persuadere
2469 3950 2800 4006 incubuistis.
2834 3950 2946 4020 Ego
2979 3949 3153 4019 itaque
3180 3948 3282 4003 hoc
3321 3956 3489 4002 totum
3510 3987 3526 4013 ,
3556 3960 3693 4016 qua—

2104 4043 2382 4112 lecumque
2411 4049 2493 4096 est
2520 4039 2660 4111 quod
2690 4055 2787 4094 nos
2810 4040 3078 4101 continet,
3106 4046 3266 4109 atque
3294 4037 3419 4103 alit;
3451 4036 3551 4091 hoc
3574 4078 3589 4101 ,
3620 4036 3691 4089 in-

2104 4146 2260 4202 quam
2283 4173 2297 4197 ,
2329 4130 2471 4201 quod
2505 4130 2674 4185 oculis
2702 4124 2832 4185 meis
2860 4136 3111 4200 apparet,
3154 4142 3183 4181 a
3233 4141 3424 4197 meque
3468 4126 3691 4180 sentitur

2108 4222 2305 4278 habere
2332 4230 2527 4276 terram
2557 4229 2611 4277 et
2639 4220 2862 4287 ctelum,
2895 4228 2985 4274 aut
3016 4219 3166 4290 quasi
3205 4228 3432 4283 terram,
3462 4224 3516 4272 et
3543 4217 3692 4287 quasi

2105 4315 2321 4380 cmlum,
2351 4313 2607 4367 mundum
2636 4327 2789 4367 voco.
2806 4312 2863 4367 Si
2888 4312 3020 4367 dicis
3042 4312 3172 4366 nihil
3199 4312 3325 4365 mihi
3351 4310 3534 4375 videri,
3560 4326 3694 4364 nun-

2106 4422 2261 4478 quam
2289 4406 2497 4462 errabo.
2530 4404 2579 4460 Is
2618 4406 2759 4461 enim
2799 4414 2974 4469 errat,
3018 4406 3106 4475 qui
3144 4405 3286 4477 quod
3324 4406 3423 4460 sibi
3461 4405 3690 4467 videtur,

2110 4509 2310 4555 temere
2340 4497 2548 4569 probat.
2580 4498 2745 4552 Posse
2787 4497 2928 4552 enim
2957 4496 3145 4552 falsum
3175 4496 3340 4552 videri
3363 4513 3390 4550 a
3416 4496 3691 4552 sentienti-

2108 4591 2206 4645 bus
2223 4589 2419 4656 dicitis,
2440 4588 2571 4642 nihil
2593 4587 2759 4642 videri
2782 4602 2885 4642 non
2906 4587 3101 4643 dicitis.
3123 4588 3343 4643 Prorsus
3360 4588 3500 4642 enim
3521 4585 3693 4641 omnis

2109 4679 2485 4749 disputationis
2537 4693 2695 4732 causa
2740 4678 2973 4743 tolletur,
3004 4678 3093 4732 ubi
3140 4693 3362 4747 regnare
3401 4691 3495 4730 vos
3540 4675 3689 4738 libet,

2108 4772 2154 4827 si
2175 4787 2279 4827 non
2300 4771 2471 4827 solum
2500 4770 2631 4825 nihil
2657 4770 2854 4825 scimus
2873 4812 2888 4835 ,
2911 4769 3004 4823 sed
3026 4770 3181 4824 etiam
3209 4768 3337 4829 nihil
3364 4768 3516 4821 nobis
3543 4765 3694 4823 vide-

2110 4871 2214 4917 tur.
2246 4861 2305 4918 Si
2329 4870 2506 4917 autem
2538 4861 2639 4916 hoc
2675 4858 2817 4931 quod
2852 4859 2983 4913 mihi
3009 4857 3214 4913 videtur
3240 4871 3401 4926 negas
3436 4854 3691 4911 mundum

2109 4968 2258 5019 esse,
2291 4953 2358 5008 de
2387 4953 2604 5007 nomine
2631 4951 3047 5007 controversiam
3090 4948 3217 5004 facis
3237 4990 3252 5016 ,
3284 4965 3407 5005 cum
3440 4948 3493 5004 id
3530 4964 3560 5003 a
3607 4965 3694 5005 me

2109 5044 2331 5100 dixerim
2359 5043 2612 5098 mundum
2642 5042 2840 5099 vocari.

2179 5134 2268 5190 25.
2302 5134 2543 5189 Etiamne
2563 5176 2593 5201 ,η
2611 5134 2818 5205 inquies
2839 5173 2853 5199 ,
2885 5132 2930 5187 si
2958 5131 3190 5196 dormis,
3234 5130 3460 5186 mundus
3486 5142 3566 5187 est
3595 5133 3694 5187 iste

2111 5242 2270 5296 quem
2298 5226 2491 5281 vides?
2510 5225 2627 5280 Jam
2657 5224 2859 5279 dictum
2884 5231 2992 5288 est,
3024 5222 3273 5295 quidquid
3303 5223 3406 5280 tale
3447 5223 3585 5281 mihi
3613 5224 3695 5277 vi-

2111 5317 2283 5382 detur,
2310 5317 2562 5371 mundum
2584 5315 2813 5385 appello.
2835 5314 2939 5371 Sed
2956 5314 2998 5370 si
3018 5330 3139 5369 eum
3161 5315 3329 5370 solum
3346 5314 3513 5385 placet
3541 5331 3695 5369 mun-

2112 5408 2238 5464 dum
2264 5422 2455 5462 vocare
2479 5449 2492 5472 ,
2522 5406 2612 5477 qui
2651 5406 2862 5461 videtur
2898 5420 2929 5460 a
2966 5406 3300 5479 vigilantibus
3343 5408 3425 5461 vel
3464 5408 3620 5463 etiam
3662 5422 3691 5462 a
3789 5422 3791 5425 ‘

2113 5499 2285 5563 sanis;
2320 5496 2444 5551 illud
2486 5496 2784 5564 contende,
2811 5498 2853 5552 si
2886 5506 3036 5568 potes
3055 5539 3070 5564 ,
3103 5514 3191 5553 eos
3219 5499 3308 5577 qui
3336 5498 3605 5554 dormiunt
3631 5512 3693 5555 ac

2177 5633 2193 5663 ι
2222 5638 2284 5680 Ita
2311 5637 2412 5678 Mss.
2442 5636 2493 5677 At
2516 5628 2648 5691 Edd._,
2674 5627 2955 5691 sapientiam
2978 5627 3126 5682 iHam.

2180 5696 2197 5724 ³
2222 5700 2416 5757 septem
2439 5699 2567 5755 3255.,
2586 5688 2830 5755 plcna‘cst.
