2048 3184
212 134 264 162 941

212 191 329 222 furiunt,
344 197 397 217 non
413 189 441 217 in
451 187 549 216 mundo
568 186 654 214 furere
667 188 747 219 atque
760 182 886 211 dormire.
904 179 1002 213 Quam-

212 238 305 266 obrem
322 236 374 263 hoc
386 235 461 268 dico,
486 234 563 261 istam
589 236 670 259 totam
687 236 827 264 corporum
843 226 942 254 molem
960 228 1000 252 at-

212 290 264 317 que
276 281 425 309 machinam
438 280 464 307 in
478 286 529 314 qua
540 284 631 306 sumus
642 297 649 310 ,
674 275 730 302 sive
749 272 926 304 dormientes,
947 270 1003 298 sive

213 329 352 359 furentes.
385 326 442 354 sive
468 324 624 359 vigilantes,
657 320 713 348 sive
739 319 815 351 sani,
845 321 891 345 aut
923 324 1003 344 unam

214 382 275 403 esse
286 394 293 407 ,
313 377 360 402 aut
373 380 426 400 non
439 378 500 399 esse
521 376 612 397 unam.
627 366 766 397 Edissere,
790 363 924 399 quomodo
942 369 1004 397 pos-

213 421 250 448 sit
274 420 323 448 ista
346 426 405 447 esse
428 417 493 445 falsa
516 414 655 444 sententia.
671 413 699 441 Si
719 413 791 440 enim
812 411 929 442 dormio,
946 409 1003 437 fieri

215 471 304 502 potest
327 470 356 493 ut
375 464 440 492 nihil
461 462 647 495 dixerim;aut
664 460 688 487 si
708 459 786 487 etiam
807 465 854 485 ore
869 456 1003 485 dormien-

216 515 251 541 tis
272 512 352 540 verba
364 531 371 544 ,
394 515 422 538 ut
440 510 526 542 solet,
546 510 707 540 evaserunt,
722 508 811 541 potest
823 503 881 532 ﬁeri
904 507 933 530 ut
951 509 1003 529 non

216 559 279 591 hic,
308 565 361 585 non
385 556 421 584 ita
446 555 558 588 sedens,
586 561 639 581 non
663 552 721 580 istis
742 550 909 578 audientibus
928 548 1004 576 dixe-

217 604 267 632 rim
280 612 287 630 :
300 607 330 630 ut
341 606 428 629 autem
441 601 493 628 hoc
508 600 602 627 falsum
616 599 666 631 sit,
687 604 740 624 non
760 599 857 631 potest.
880 594 934 622 Nec
955 600 1005 628 ego

218 649 280 677 illud
294 655 338 676 me
359 647 510 682 percepisse
529 645 605 678 dico,
621 643 691 679 quod
711 642 828 678 vigilem.
843 641 922 669 Potes
934 640 1005 668 enim

218 696 323 728 dicere,
345 694 398 721 hoc
416 693 480 721 mihi
500 692 580 720 etiam
602 690 743 719 dormienti
765 688 850 717 videri
870 688 1004 723 potuisse;

217 741 330 776 ideoque
349 739 401 767 hoc
424 742 511 774 potest
530 744 590 766 esse
605 737 671 764 falso
689 735 861 763 simillimum.
875 733 903 761 Si
917 737 1005 760 autem

217 794 285 815 unus
294 791 322 814 et
331 793 377 814 sex
391 785 481 812 mundi
491 788 568 817 Sunt;
580 786 682 818 septem
694 780 807 809 mundos
815 787 875 808 esse
882 799 889 812 ,
900 785 1006 814 quoquo

217 832 298 861 modo
319 831 428 860 affectus
448 831 514 863 sim,
528 829 698 857 manifestum
717 831 774 860 est,
790 829 818 854 et
831 825 858 853 id
876 833 920 853 mc
937 825 1006 853 scire

217 886 271 906 non
293 877 459 912 impudenter
481 876 596 904 affirmo.
621 875 709 909 Quare
721 873 763 901 vel
777 872 846 900 hanc
860 871 1005 899 connexio-

217 930 294 956 nem,
317 923 358 951 vel
380 922 439 950 illas
452 922 575 956 superius
595 919 803 955 disjunctiones,
822 917 889 945 doce
911 924 1006 944 somno

217 975 264 998 aut
277 970 366 998 furore
379 974 424 997 aut
436 969 552 997 vanitate
563 975 687 995 sensuum
700 973 779 1001 posse
800 972 860 993 esse
872 963 966 997 falsas;
979 967 1007 991 et

218 1023 280 1048 me,
301 1015 324 1043 si
345 1014 543 1049 expergefactus
564 1013 613 1040 ista
639 1012 802 1043 meminero,
826 1009 924 1038 victum
947 1016 1007 1036 esse

217 1061 373 1089 concedam.
395 1060 481 1088 Credo
502 1059 572 1087 enim
598 1058 652 1093 jam
677 1057 741 1085 satis
764 1056 866 1091 liquere
885 1062 944 1090 qua:
959 1061 1008 1089 per

217 1107 350 1135 somnium
370 1109 398 1133 et
415 1104 575 1133 dementiam
598 1103 662 1130 falsa
684 1102 835 1134 videantur,
855 1108 886 1129 ea
907 1100 1008 1128 scilicet

218 1159 277 1187 qua:
294 1151 327 1179 ad
340 1150 459 1186 corporis
470 1156 565 1177 sensus
578 1147 711 1183 pertinent
724 1156 731 1174 :
742 1154 802 1174 nam
816 1150 857 1173 ter
870 1149 943 1173 terna
957 1151 1006 1171 no-

217 1203 277 1224 vem
289 1203 365 1229 esse,
385 1199 412 1222 et
431 1194 587 1230 quadratum
600 1191 803 1227 intelligibilium
816 1196 987 1218 numerorum
997 1209 1006 1223 ,

218 1248 328 1270 necesse
347 1245 388 1268 est
402 1240 443 1267 vel
465 1246 562 1274 genere
577 1238 692 1266 humano
705 1240 832 1264 stertente
851 1235 886 1262 sit
903 1242 1005 1262 verum.

219 1286 374 1320 Quanquam
387 1285 466 1312 etiam
481 1291 530 1319 pro
547 1283 611 1318 ipsis
631 1281 754 1309 sensibus
771 1280 852 1308 multa
866 1287 944 1314 posse
956 1279 1007 1306 dici

217 1330 305 1363 video,
319 1338 378 1366 quae
389 1330 422 1357 ab
430 1328 596 1356 Academicis
608 1326 770 1362 reprehensa
782 1333 835 1353 non
849 1325 1006 1352 invenimus.

217 1375 306 1403 Credo
319 1375 389 1403 enim
403 1381 498 1401 sensus
511 1381 564 1400 non
582 1371 716 1404 accusari,
732 1370 772 1398 vel
792 1369 863 1405 quod
880 1369 1007 1404 imagina-

218 1422 304 1449 tiones
324 1420 405 1448 falsas
422 1420 538 1448 furentes
559 1418 703 1454 patiuntur,
715 1417 756 1445 vel
767 1416 838 1452 quod
849 1415 915 1443 falsa
929 1415 954 1442 in
965 1422 1009 1442 so-

219 1467 289 1494 mnis
298 1466 427 1494 videmus.
437 1465 467 1493 Si
475 1465 545 1492 enim
557 1462 792 1497 veravigilantibus
799 1466 878 1496 atque
885 1460 956 1488 sanis
967 1468 1009 1487 re-

219 1513 389 1545 nuntiarunt;
402 1511 468 1539 nihil
479 1510 512 1538 ad
525 1517 586 1542 eos,
600 1508 663 1544 quid
675 1507 725 1536 sibi
739 1507 842 1535 animus
852 1506 1008 1535 dormientis

220 1558 428 1593 insanientisque
440 1556 573 1590 conlingat
586 1555 606 1582 ‘.

253 1604 299 1633 26.
313 1603 406 1632 Restat
419 1606 448 1630 ut
459 1604 600 1637 qnmratur,
613 1604 700 1627 utrum
710 1606 770 1626 cum
784 1598 834 1634 ipsi
846 1598 1007 1630 renuntiant,

220 1657 313 1677 verum
327 1648 489 1676 renuntient.
504 1647 574 1682 Age,
588 1646 610 1674 si
623 1646 693 1673 dicat
707 1645 852 1680 Epicureus
866 1645 1006 1679 quispiam,

219 1695 289 1723 Nihil
304 1694 391 1724 habeo
404 1693 475 1729 quod
496 1692 531 1720 de
549 1691 671 1720 sensibus
691 1698 839 1725 conquerar
859 1699 865 1717 :
883 1690 1010 1724 injustum

219 1745 261 1768 est
272 1740 343 1769 enim
356 1740 390 1768 ab
403 1739 441 1767 eis
454 1739 559 1773 exigere
579 1737 716 1772 plusquam
735 1740 861 1771 possunt;
883 1734 1010 1770 quidquid

219 1791 308 1814 autem
330 1789 441 1820 pomum
454 1784 542 1811 videre
563 1782 650 1816 oeuli,
673 1789 765 1809 verum
787 1780 886 1808 vident.
905 1780 1011 1815 Ergone

221 1839 315 1860 verum
328 1835 369 1857 est
381 1828 451 1865 quod
465 1829 498 1859 de
512 1835 586 1856 remo
597 1828 623 1854 in
636 1834 703 1862 aqua
719 1826 825 1853 vident?
838 1825 950 1853 Prorsus
964 1832 1011 1852 ve—

221 1884 291 1905 rum.
302 1876 368 1904 Nam
382 1882 461 1903 causa
471 1873 614 1901 accedente
627 1880 709 1908 quare
722 1872 757 1899 ita
769 1872 913 1905 videretur,
929 1871 951 1898 si
966 1871 1012 1899 de-_

221 1928 326 1950 mersus
345 1920 414 1948 unda
437 1927 527 1947 remus
548 1922 637 1947 rectus
657 1922 806 1953 appareret,
816 1917 900 1953 magis
920 1917 1012 1945 oculos

221 1974 296 1994 meos
311 1966 384 1994 falsa:
405 1964 609 1994 renuntiationis
619 1970 767 1999 arguerem.
783 1963 841 1990 Non
854 1962 926 1990 enim
940 1962 1013 1990 vide-

221 2016 282 2040 rent
298 2011 369 2047 quod
388 2011 484 2038 talibus
501 2009 676 2037 existentibus
690 2009 778 2037 causis
792 2008 935 2039 videndum
951 2009 1011 2037 fuit.

221 2058 290 2092 Quid
311 2057 402 2084 multis
414 2063 479 2091 opus
494 2056 550 2083 est?
564 2055 620 2083 Hoc
634 2055 668 2082 de
683 2054 793 2083 turrium
812 2059 901 2088 motu,
917 2055 968 2082 hoc
979 2055 1013 2082 de

223 2102 340 2138 pinnulis
358 2101 446 2129 avium
456 2121 464 2134 ,
478 2100 528 2127 hoc
550 2100 584 2128 de
598 2100 703 2129 caeteris
715 2100 950 2129 innumerabilibus
961 2100 1013 2128 diei

223 2151 320 2182 potest.
336 2147 392 2182 Ego
407 2151 494 2174 tamen
509 2146 595 2179 fallor,
610 2146 633 2173 si
654 2146 794 2180 assentiar,
815 2146 852 2173 ait
871 2146 1011 2182 quispiam.

222 2193 282 2221 Noli
298 2192 356 2227 plus
367 2192 508 2226 assentiri,
521 2199 600 2227 quam
614 2195 643 2219 ut
657 2192 693 2219 ita
706 2191 752 2219 tibi
766 2199 893 2227 apparere
902 2199 1013 2227 persua-

223 2239 305 2272 deas;
321 2243 347 2266 et
363 2238 432 2266 nulla
455 2237 576 2273 deceptio
591 2241 642 2265 est.
662 2237 721 2265 Non
744 2238 815 2265 enim
836 2237 930 2270 video,
946 2245 1013 2272 quo-

223 2284 303 2312 modo
325 2284 425 2311 refellat
444 2283 619 2311 Academicus
633 2290 694 2311 eum
715 2283 760 2318 qui
779 2282 864 2311 dicit:
880 2282 936 2310 Hoc
949 2283 1014 2310 mihi

225 2329 366 2357 candidum
390 2328 474 2356 videri
495 2329 566 2361 scio;
582 2327 634 2356 hoc
645 2328 763 2356 auditum
786 2336 874 2355 meum
889 2328 1014 2356 delectari

224 2375 297 2408 scio;
322 2374 372 2402 hoc
391 2374 455 2401 mihi
469 2374 585 2410 jucunde
598 2374 671 2402 olere
685 2374 756 2407 scio;
771 2373 823 2402 hoc
836 2374 902 2401 mihi
922 2381 1015 2409 sapere

224 2420 337 2447 dulciter
348 2419 421 2452 scio;
438 2419 489 2447 hoc
499 2418 563 2446 mihi
575 2426 635 2446 esse
648 2418 771 2455 frigidum
782 2419 847 2447 scio.
859 2419 906 2447 Dic
915 2418 1014 2455 potius,

225 2469 313 2492 utrum
326 2472 373 2500 per
386 2472 415 2492 se
425 2472 522 2492 amara:
534 2464 588 2492 sint
600 2464 709 2492 oleastri
724 2464 846 2498 frondes,
862 2472 927 2500 quas
937 2471 1017 2500 caper

225 2515 279 2537 tam
304 2510 472 2545 pertinaciter
494 2509 604 2544 appetit.
638 2510 660 2536 0
686 2511 819 2538 hominem
850 2510 1014 2545 improbum!

226 2563 315 2584 ncnne
327 2560 368 2583 est
382 2563 461 2590 caper
471 2555 528 2590 ipse
543 2554 706 2583 modestior?
718 2555 813 2583 Nescio
824 2556 914 2591 quales
928 2556 1016 2591 pecori

227 2602 296 2634 sint,
311 2601 376 2628 mihi
391 2605 477 2628 tamen
492 2608 590 2628 amarae
603 2605 664 2628 sunt
680 2610 686 2628 :
702 2601 764 2636 quid
779 2602 875 2636 quaeris
887 2602 1017 2637 amplius?

225 2646 278 2674 Sed
293 2650 333 2673 est
346 2645 457 2674 fortasse
469 2646 564 2682 aliquis
574 2647 653 2675 etiam
666 2646 819 2680 hominum,
834 2647 877 2675 cui
891 2655 945 2675 non
964 2648 1018 2676 sint

227 2699 334 2723 amare.
350 2692 482 2721 Tendisne
506 2694 532 2720 in
557 2693 726 2721 molestiam?
749 2693 943 2729 Numquidnam
968 2702 1017 2730 ego

228 2744 333 2766 amaras
350 2744 410 2765 esse
423 2738 547 2765 omnibus
565 2737 639 2768 dixi?
657 2738 723 2769 mihi
744 2738 816 2774 dixi,
841 2743 868 2767 et
890 2738 941 2768 hoc
964 2747 1017 2768 non

261 2826 268 2843 ι
282 2828 342 2855 Pan,
355 2825 396 2856 qui
407 2824 453 2850 sibi
461 2825 595 2851 auinam...
608 2824 750 2857 conﬁat/mu.
764 2830 792 2853 Μ.

708 125 844 155 CONTRA
865 120 1089 154 ACADEMICOS,
1109 120 1139 149 S.
1158 120 1342 150 AUGUSTINI

1796 126 1849 154 948

1056 185 1162 213 semper
1173 177 1288 206 affirmo.
1301 177 1370 212 Quid
1388 178 1410 206 si
1426 178 1497 207 enim
1516 178 1582 208 alios
1595 179 1647 207 alia
1666 187 1761 214 causa,
1778 182 1850 214 nunc

1056 224 1132 253 dulce
1142 225 1290 260 quidpiam,
1307 232 1378 253 nunc
1392 233 1512 253 amarum
1523 226 1550 254 in
1562 216 1609 254 ore
1622 227 1769 255 sentiatur?
1782 226 1849 256 Illud

1055 269 1115 297 dico
1126 291 1133 303 ,
1149 278 1227 305 posse
1247 271 1381 298 hominem
1396 279 1457 299 cum
1476 272 1575 306 aliquid
1589 276 1691 307 gustat,
1711 272 1780 300 bona
1796 273 1851 302 ﬁde

1052 315 1143 349 jurare
1152 337 1160 349 ,
1175 324 1205 343 se
1219 316 1287 344 scire
1300 316 1387 351 palato
1406 324 1455 344 suo
1469 317 1533 345 illud
1546 325 1627 345 suave
1640 324 1714 352 esse,
1727 319 1770 346 vel
1782 326 1850 347 con-

1057 366 1111 395 tra,
1127 370 1176 390 nec
1189 362 1242 390 ulla
1254 363 1384 391 calumnia
1399 371 1484 400 graeca
1508 365 1542 392 ab
1564 365 1615 392 ista
1638 366 1749 393 scientia
1770 373 1851 401 posse

1055 407 1160 435 deduci.
1172 408 1237 443 Quis
1250 409 1321 436 enim
1343 413 1395 437 tam
1419 410 1559 447 impudens
1571 411 1620 445 sit,
1638 412 1683 446 qui
1704 411 1768 439 mihi
1787 419 1851 440 cum

1055 453 1230 481 delectatione
1251 454 1350 489 aliquid
1373 454 1506 489 ligurienti
1527 455 1599 483 dicat
1623 465 1630 482 :
1651 456 1776 484 Fortasse
1795 464 1851 484 non

1056 503 1160 534 gustas,
1175 500 1221 526 scd
1238 501 1287 527 hoc
1301 501 1433 527 somnium
1454 502 1514 528 est?
1527 501 1721 537 Numquidnam
1737 503 1852 530 resisto?
1871 528 1876 534 ,

1056 545 1108 573 Sed
1119 554 1161 572 me
1175 551 1260 573 tamen
1275 547 1338 573 illud
1352 548 1377 573 in
1391 547 1491 574 somnis
1501 547 1581 574 etiam
1595 548 1750 575 delectaret.
1761 548 1852 582 Quare

1057 591 1122 619 illud
1138 593 1207 626 quod
1227 601 1270 620 me
1289 593 1358 620 scire
1371 593 1442 626 dixi,
1464 594 1533 621 nulla
1549 594 1686 621 confundit
1707 594 1852 622 similitudo

1056 637 1194 665 falsorum.
1217 639 1250 665 Et
1272 640 1417 674 Epicureus
1428 661 1435 672 ,
1450 640 1490 667 vel
1505 640 1644 676 Cyrenaici
1660 645 1686 668 et
1701 641 1751 668 alia
1767 641 1852 668 multa

1057 683 1168 711 fortasse
1191 692 1238 719 pro
1260 686 1382 712 sensibus
1407 685 1512 718 dicant,
1536 691 1628 712 contra
1649 694 1710 720 qua:
1731 686 1796 713 nihil
1811 686 1853 713 di-

1057 733 1128 758 ctum
1141 737 1201 756 esse
1215 730 1249 757 ab
1260 730 1427 757 Academicis
1442 731 1541 765 accepi.
1562 730 1614 758 Sed
1626 731 1689 765 quid
1704 731 1736 757 ad
1751 731 1813 758 me?
1823 732 1852 758 Si

1056 775 1148 808 volunt
1162 776 1225 808 ista,
1242 781 1267 803 et
1287 777 1308 802 si
1326 781 1449 811 possunt,
1466 777 1545 804 ctiam
1568 785 1611 804 me
1633 778 1735 804 favente
1749 777 1853 804 rescin-

1057 820 1129 847 dant.
1151 821 1282 856 Quidquid
1296 822 1366 849 enim
1380 827 1471 848 contra
1485 830 1579 849 sensus
1592 822 1625 850 ab
1640 823 1679 849 eis
1691 822 1852 857 disputatur,

1057 873 1109 893 non
1124 870 1216 893 contra
1237 874 1330 894 omnes
1350 867 1523 901 philosophos
1540 867 1620 894 valet.
1642 867 1710 894 Sunt
1724 868 1794 894 enim
1807 867 1854 902 qui

1057 911 1108 939 ista
1121 913 1223 944 omnia,
1240 921 1298 948 qua:
1313 913 1433 948 corporis
1448 921 1526 941 sensu
1543 914 1639 948 accipit
1657 914 1761 941 animus
1771 935 1779 948 ,
1795 914 1854 949 opi-

1057 958 1164 985 nionem
1176 967 1253 993 posse
1266 960 1374 994 gignere
1386 959 1556 993 conﬁtentur,
1575 960 1712 987 scientiam
1725 967 1789 986 vero
1804 967 1853 987 ne-

1058 1008 1131 1037 gant.
1149 1004 1232 1037 Quam
1253 1009 1341 1032 tamen
1357 1005 1446 1032 volunt
1466 1005 1635 1039 intelligentia
1649 1005 1794 1037 contineri,
1810 1012 1855 1032 rc-

1059 1053 1211 1084 molamque
1225 1057 1239 1076 a
1252 1050 1375 1077 sensibus
1389 1050 1414 1077 in
1428 1054 1516 1077 mente
1529 1050 1627 1077 vivere.
1643 1051 1677 1077 Et
1687 1050 1754 1078 forte
1767 1051 1793 1077 in
1808 1058 1855 1078 eo-

1058 1101 1117 1121 rum
1133 1103 1244 1122 numero
1256 1100 1297 1122 est
1313 1095 1417 1130 sapiens
1430 1096 1475 1122 ille
1489 1103 1568 1130 quem
1583 1096 1737 1130 quaerimus.
1752 1095 1806 1122 Sed
1820 1095 1855 1123 de

1058 1139 1109 1167 hoc
1125 1140 1199 1166 alias.
1213 1139 1286 1167 Nunc
1297 1140 1329 1167 ad
1344 1141 1442 1175 reliqua
1454 1148 1595 1175 pergamus
1610 1148 1669 1175 qua:
1680 1145 1787 1176 propter
1801 1141 1853 1168 ista

1058 1192 1117 1219 qua:
1125 1185 1178 1218 jam
1195 1185 1264 1212 dicta
1277 1190 1347 1218 sunt,
1363 1186 1453 1220 paucis
1463 1206 1469 1217 ,
1484 1186 1532 1212 nisi
1548 1185 1635 1218 fallor,
1650 1185 1853 1220 explicabimus.

1059 1229 1170 1258 CAPUT
1189 1229 1245 1257 ΧΠ.
1257 1246 1292 1250 -
1304 1230 1381 1265 Urget
1393 1231 1554 1257 Academicos
1572 1239 1677 1257 causam
1688 1232 1783 1266 frustra
1796 1238 1854 1258 seu-

1190 1284 1262 1303 suum
1273 1277 1310 1303 vel
1321 1277 1401 1303 somni
1412 1280 1434 1303 el
1447 1277 1540 1312 furoris
1553 1276 1721 1311 deceptiones.

1093 1322 1138 1349 27.
1154 1322 1222 1354 Quid
1233 1323 1303 1349 enim
1314 1322 1346 1349 de
1356 1323 1473 1349 moribus
1482 1322 1659 1357 inquirentem
1672 1322 1713 1349 vel
1726 1322 1802 1356 juvat
1812 1321 1855 1350 vel
1868 1348 1870 1350 .

1059 1366 1170 1401 impedit
1196 1368 1315 1402 corporis
1346 1368 1458 1395 sensus?
1475 1368 1530 1395 Nisi
1550 1376 1614 1395 vero
1634 1368 1693 1395 illos
1717 1367 1789 1402 ipsos
1809 1367 1855 1402 qui

1059 1419 1192 1439 summum
1208 1413 1323 1440 hominis
1338 1414 1435 1441 bonum
1452 1414 1477 1440 in
1497 1414 1632 1447 voluptate
1645 1420 1772 1448 posuere,
1788 1412 1855 1440 nihil

1059 1457 1168 1493 impedit
1190 1463 1235 1485 aut
1254 1459 1383 1486 columba:
1397 1459 1511 1491 collum,
1536 1464 1581 1485 aut
1602 1467 1654 1486 vox
1679 1459 1794 1490 incerta,
1808 1462 1856 1487 aut

1060 1510 1139 1538 grave
1153 1503 1255 1538 pondus
1273 1504 1373 1531 homini
1391 1504 1461 1539 quod
1476 1505 1585 1532 camelis
1600 1504 1658 1532 leve
1670 1508 1711 1532 est
1722 1525 1729 1538 ,
1746 1508 1792 1531 aut
1803 1504 1855 1532 alia

1060 1553 1183 1576 sexcenta
1196 1570 1203 1581 ,
1219 1550 1361 1584 quominus
1382 1550 1471 1577 dicant
1484 1557 1515 1578 eo
1530 1558 1582 1585 quo
1599 1550 1764 1578 delectantur
1783 1550 1856 1578 dele-

1060 1594 1124 1621 ctari
1139 1601 1167 1621 se
1181 1595 1248 1621 scire
1259 1616 1266 1628 ,
1283 1595 1324 1622 vel
1343 1603 1376 1622 eo
1394 1603 1446 1630 quo
1467 1595 1636 1623 offenduntur
1649 1596 1746 1623 oll'endi
1767 1596 1856 1631 (quod

1061 1638 1148 1667 refelli
1165 1647 1243 1673 posse
1267 1648 1318 1667 non
1343 1640 1446 1675 video);
1462 1648 1522 1667 eum
1542 1642 1746 1669 commovebunt
1759 1641 1803 1676 qui
1823 1641 1856 1668 [i-

1062 1692 1121 1711 nem
1134 1685 1196 1711 boni
1211 1690 1299 1712 mente
1314 1686 1509 1720 complectitur.
1524 1686 1592 1720 Quid
1612 1687 1707 1714 horum
1721 1691 1748 1714 tu
1762 1687 1857 1721 eligis?

1062 1729 1088 1756 Si
1108 1730 1171 1764 quid
1196 1731 1260 1757 mihi
1285 1731 1414 1764 videatur,
1447 1732 1557 1766 quaeris;
1581 1732 1607 1758 in
1630 1737 1718 1760 mente
1741 1732 1856 1760 arbitror

1062 1781 1120 1801 esse
1134 1782 1265 1802 summum
1278 1776 1392 1802 hominis
1405 1776 1503 1803 bonum
1518 1776 1607 1811 (LibJ
1621 1777 1745 1810 Butram,
1760 1786 1818 1812 cap.
1828 1778 1855 1810 Ι,

1062 1828 1089 1846 η.
1104 1819 1143 1854 Δ).
1155 1820 1207 1847 Sed
1221 1828 1291 1847 nunc
1303 1820 1336 1848 de
1347 1820 1456 1848 scientia
1471 1822 1625 1855 quaerimus.
1641 1822 1711 1857 Ergo
1724 1822 1857 1857 interroga

1063 1864 1208 1899 sapientem
1219 1885 1226 1898 ,
1241 1866 1286 1900 qui
1297 1873 1349 1892 non
1364 1870 1451 1900 potest
1464 1866 1585 1900 ignorare
1596 1867 1753 1901 sapientiam
1770 1876 1776 1893 :
1791 1867 1857 1894 mihi

1063 1915 1150 1937 tamen
1168 1910 1242 1938 tardo
1256 1911 1292 1938 illi
1307 1915 1386 1946 atque
1398 1912 1478 1938 stulto
1492 1912 1555 1939 licet
1567 1913 1672 1940 interim
1694 1914 1762 1941 scire
1772 1934 1779 1947 ,
1793 1914 1857 1942 boni

1064 1955 1171 1984 humani
1186 1956 1280 1990 finem,
1298 1957 1324 1984 in
1344 1965 1396 1992 quo
1412 1958 1540 1986 inhabitet
1557 1959 1632 1986 beata
1646 1959 1700 1986 vita
1711 1979 1720 1992 ,
1735 1964 1781 1986 aut
1794 1960 1857 1987 nul-

1063 2002 1118 2032 lum
1133 2010 1208 2035 esse,
1224 2007 1269 2030 aut
1283 2003 1309 2030 in
1330 2004 1419 2030 animo
1431 2011 1490 2031 esse
1500 2025 1507 2037 ,
1522 2008 1567 2031 aut
1586 2004 1612 2031 in
1625 2012 1753 2039 corpore,
1769 2010 1815 2032 aut
1830 2004 1857 2032 in

1065 2051 1185 2082 utroque.
1207 2047 1263 2075 Hoc
1282 2056 1342 2081 me,
1358 2048 1380 2075 si
1395 2053 1481 2083 potes,
1497 2050 1600 2076 nescire
1613 2050 1758 2082 convince;
1783 2050 1854 2085 quod

1066 2093 1210 2120 notissima:
1234 2094 1286 2120 illa:
1301 2099 1396 2121 vestra:
1418 2095 1534 2122 rationes
1554 2095 1627 2123 nullo
1647 2095 1726 2122 modo
1747 2095 1856 2123 faciunt.

1065 2138 1140 2175 Quod
1164 2139 1184 2166 si
1209 2147 1259 2166 non
1283 2145 1372 2175 potes,
1389 2148 1441 2168 non
1461 2141 1531 2167 enim
1551 2141 1668 2176 reperies
1683 2141 1724 2168 cui
1739 2141 1805 2168 falso
1818 2142 1857 2169 si-

1066 2184 1128 2211 mile
1144 2185 1193 2217 sit,
1210 2192 1294 2219 egone
1308 2185 1467 2213 concludere
1481 2178 1607 2213 dubitabo
1617 2207 1625 2219 ,
1640 2190 1714 2213 recte
1733 2186 1798 2213 mihi
1819 2187 1857 2213 vi.

1066 2229 1121 2257 deri
1135 2231 1202 2257 scire
1225 2231 1371 2265 sapientem
1386 2231 1513 2266 quidquid
1529 2232 1554 2258 in
1576 2232 1745 2267 philosophia
1764 2239 1858 2260 verum

1066 2280 1120 2308 est,
1133 2284 1192 2303 cum
1208 2284 1257 2311 ego
1270 2277 1330 2304 inde
1344 2282 1395 2304 tam
1408 2278 1489 2304 multa
1503 2285 1567 2306 vera
1580 2278 1769 2313 cognoverim?

1101 2320 1146 2349 28.
1162 2322 1213 2348 Sed
1227 2323 1318 2349 metuit
1331 2322 1443 2350 fortasse
1461 2331 1493 2350 ne
1512 2331 1644 2350 summum
1663 2324 1762 2351 boutun
1778 2323 1859 2358 eligat

1067 2366 1210 2394 dormiens.
1231 2367 1299 2394 Nihil
1322 2368 1430 2403 periculi
1446 2373 1574 2396 est:cum
1589 2369 1764 2403 evigilaverit,
1780 2376 1859 2403 repu-

1067 2412 1149 2440 diabit
1161 2413 1183 2440 si
1198 2412 1332 2448 displicet,
1356 2415 1456 2442 tenebit
1474 2415 1496 2441 si
1516 2415 1611 2449 placet.
1625 2415 1688 2449 Quis
1708 2416 1778 2442 enim
1797 2423 1858 2444 eum

1067 2463 1139 2487 recte
1176 2459 1334 2494 vituperabit
1361 2460 1431 2494 quod
1463 2460 1557 2488 falsum
1589 2460 1653 2488 vidit
1684 2460 1711 2488 in
1739 2461 1860 2489 somnis?

1069 2505 1120 2531 Aut
1135 2503 1245 2532 fortasse
1265 2505 1330 2532 illud
1350 2505 1518 2538 formidabit,
1540 2514 1575 2533 ne
1595 2506 1730 2534 dormiens
1756 2507 1860 2534 amittat

1069 2551 1236 2585 sapientiam,
1259 2551 1280 2578 si
1305 2559 1351 2585 pro
1365 2552 1435 2578 veris
1454 2551 1518 2579 falsa
1540 2552 1706 2586 probaverit?
1731 2552 1786 2579 Hoc
1805 2552 1860 2587 jam

1069 2603 1104 2623 ne
1129 2596 1265 2623 dormiens
1291 2596 1398 2630 quidem
1416 2596 1496 2624 audet
1522 2597 1671 2631 somniare,
1701 2601 1729 2624 ut
1753 2597 1861 2631 sapien~

1070 2645 1123 2669 tem
1142 2641 1293 2675 vigilantem
1313 2645 1406 2674 vocet,
1422 2645 1500 2676 neget
1519 2642 1540 2669 si
1562 2641 1686 2670 dormiat.
1700 2642 1762 2669 Hzcc
1781 2642 1861 2670 etiam

1070 2687 1103 2714 de
1114 2686 1202 2715 furore
1216 2687 1266 2714 dici
1281 2691 1392 2721 possunt
1403 2696 1409 2714 :
1421 2687 1467 2714 sed
1479 2688 1504 2714 in
1516 2688 1567 2715 alia
1577 2687 1684 2715 festinat
1693 2688 1788 2716 oratio.
1800 2687 1862 2715 Haec

1072 2738 1160 2760 tamen
1184 2732 1241 2759 sine
1265 2733 1437 2760 conclusione
1458 2734 1628 2761 securissima
1653 2741 1706 2761 non
1730 2734 1861 2768 relinquo.

1072 2779 1123 2806 Aut
1136 2778 1206 2805 enim
1227 2778 1355 2805 amittitur
1374 2779 1463 2806 furore
1480 2779 1608 2814 sapientia
1619 2799 1626 2809 .
1642 2784 1669 2806 et
1678 2779 1732 2813 jam
1746 2787 1798 2807 non
1811 2779 1861 2807 erit

1073 2824 1197 2859 sapiens,
1214 2832 1290 2859 quem
1304 2832 1393 2852 verum
1408 2824 1528 2859 ignorare
1542 2824 1661 2853 clamatis
1673 2833 1679 2851 :
1691 2828 1736 2852 aut
1749 2824 1860 2853 scientia
