2048 3184
177 151 228 180 949

178 208 235 241 ejus
248 208 337 233 manet
355 204 382 231 in
400 202 544 235 intellectu,
557 200 658 228 etiamsi
667 207 727 235 pars
734 197 817 226 animi
832 202 926 225 caetera
937 196 963 224 id

177 252 248 288 quod
267 251 368 285 accepit
378 257 392 276 a
405 248 527 276 sensibus
543 247 614 274 velut
632 246 658 272 in
680 245 780 272 somnis
796 243 962 277 imaginetur.

254 295 367 324 CAPUT
385 294 453 322 XIII.
463 293 589 320 —-Multa
602 292 694 327 percipi
707 291 733 317 iu
748 289 885 316 dialectica.

213 342 258 369 29.
285 342 382 369 Restat
396 339 551 370 dialectica,
574 344 652 371 quam
676 340 749 363 certe
769 334 876 369 sapiens
898 333 965 360 bene

179 388 270 420 novit,
292 394 342 414 nec
360 385 455 413 falsum
476 384 546 411 scire
574 383 711 417 quisquam
735 383 831 415 potest.
851 379 879 406 Si
901 384 965 405 vero

178 441 238 462 eam
252 433 349 465 nescit,
359 439 411 458 non
425 430 539 465 pertinet
552 427 586 455 ad
599 426 754 461 sapientiam
768 425 826 460 ejus
838 423 964 459 cognitio,

179 480 237 506 sine
252 486 302 513 qua
315 485 374 505 esse
388 477 493 510 sapiens
508 475 605 509 potuit;
620 478 645 499 et
659 472 791 506 superﬂuo
807 476 892 497 tttrmn
904 477 965 496 vera

180 525 229 557 sit,
245 524 361 558 possitve
373 521 485 556 percipi,
499 519 652 554 qurerimus.
672 518 719 544 llic
739 517 851 543 fortasse
873 515 966 549 aliquis

182 569 245 596 tnihi
260 568 346 595 dicat:
358 568 433 594 Soles
448 566 559 600 prodere
577 568 603 591 tu
616 563 710 595 stulte,
722 562 783 596 quid
798 561 902 588 noveris
915 568 921 585 ί
932 568 965 586 an

180 614 214 641 de
227 613 364 641 dialectica
378 610 442 638 nihil
457 610 524 637 scire
536 608 658 643 potuisti?
668 608 723 641 Ego
731 614 793 634 vero
805 607 877 640 plura
887 612 966 639 quam

181 659 215 686 de
227 658 319 693 quavis
334 661 407 691 parte
421 654 602 690 philosophim.
617 653 680 679 Nam
699 652 783 686 primo
801 658 892 677 omnes
909 650 967 676 illas

183 703 385 739 propositiones,
400 701 493 736 quibus
505 707 583 734 supra
595 706 657 725 usus
669 705 726 724 sum
735 718 742 730 ,
759 705 833 723 veras
847 703 905 722 esse
918 696 967 721 ista

182 757 225 777 me
244 749 343 775 docuit.
364 746 463 774 Deinde
482 753 529 780 per
550 745 626 771 istam
648 743 709 770 ttovi
726 743 777 769 alia
800 742 880 768 multa
894 748 965 767 vera.

183 795 236 822 Sed
249 801 329 829 quam
343 792 424 819 multa
439 792 491 819 sint
501 812 507 823 ,
519 794 655 817 numerate
665 810 672 821 ,
688 789 709 815 si
724 788 841 822 potestis.
859 787 886 813 Si
904 794 969 820 qua—

183 846 243 868 tuor
256 841 280 867 in
296 839 394 866 mundo
406 838 536 865 elementa
550 839 627 867 sunt,
649 842 701 861 non
722 838 783 860 sunt
802 833 925 867 quinque.
941 831 967 858 Si

183 885 225 912 sol
240 892 307 911 unus
320 887 371 916 est,
385 889 439 909 non
454 885 515 908 sunt
528 881 590 907 duo.
605 879 660 906 NOII
678 882 764 912 potest
778 885 828 903 una
842 876 927 902 anima
942 880 969 902 et

184 930 251 957 mori
271 933 299 956 et
316 935 375 955 esse
390 926 553 954 immortalis.
570 925 626 952 Non
642 929 728 958 potest
748 923 827 949 homo
846 921 922 948 simul
942 925 970 947 et

184 976 284 1006 beatus,
299 978 325 1001 et
336 974 415 1000 miser
428 979 496 999 esse.
511 971 568 998 Non
580 971 621 996 hic
632 974 657 996 et
671 969 710 996 sol
723 969 802 999 lucet,
815 972 841 994 et
856 975 907 993 nox
917 971 968 993 est.

185 1022 236 1047 Aut
250 1019 387 1054 vigilamus
406 1025 487 1048 nunc,
503 1020 548 1043 aut
567 1015 721 1042 dormimus.
739 1014 790 1039 Aut
803 1019 898 1046 corpus
911 1016 967 1043 est,

184 1066 255 1100 quod
268 1065 333 1091 mihi
345 1064 435 1091 videre
449 1062 550 1094 videor,
563 1065 607 1086 aut
624 1067 676 1086 non
689 1063 730 1086 est
746 1065 850 1091 corpus.
868 1056 929 1083 Il:ec
942 1061 969 1083 et

184 1113 234 1139 alia
248 1111 340 1143 multa,
356 1118 414 1145 quae
430 1114 638 1136 commemorare
659 1104 839 1139 longissimum
853 1107 907 1134 est,
923 1109 970 1136 per

185 1157 261 1184 istam
282 1156 360 1183 didici
377 1162 437 1181 vera
456 1160 533 1185 eSse,
552 1158 656 1186 quoquo
679 1149 757 1176 modo
777 1155 835 1175 Sese
857 1147 971 1173 habeant

184 1208 278 1228 sensus
292 1200 392 1230 nostri,
408 1199 434 1225 in
447 1205 475 1224 se
495 1198 551 1231 ipsa
570 1203 641 1222 vera.
659 1194 752 1221 Docuit
769 1200 811 1220 tne
826 1193 845 1225 ¹,
861 1192 882 1219 si
895 1191 970 1225 cujus

184 1253 275 1273 eorum
289 1252 346 1279 quae
360 1252 407 1279 per
417 1242 612 1270 connexioncm
625 1239 704 1266 tnodo
717 1237 839 1273 proposui
852 1244 911 1271 pars
924 1244 970 1262 an-

185 1291 310 1318 tecedens
329 1293 461 1322 assumpta
478 1287 568 1318 fuerit,
584 1286 688 1312 trahere
706 1283 853 1310 necessario
865 1282 889 1308 id
901 1280 971 1315 quod

184 1342 317 1362 annexum
327 1338 376 1361 est.
394 1333 432 1360 Ea
447 1340 510 1359 vero
523 1339 580 1366 qum
596 1338 642 1365 per
655 1329 854 1363 repugnantiam
868 1327 909 1353 vel
922 1327 971 1353 dis-

183 1381 345 1415 junctionem
366 1386 381 1405 a
398 1386 440 1405 me
459 1381 520 1405 sunt
534 1376 668 1404 enuntiata
678 1395 686 1408 ,
701 1375 769 1401 hanc
783 1374 879 1400 habere
894 1377 970 1399 natu-

184 1434 252 1459 ram,
268 1431 295 1453 ut
307 1433 366 1452 cum
381 1424 535 1451 auferuntur
549 1427 652 1454 caetera,
663 1423 718 1448 sive
732 1428 822 1452 unum,
832 1420 885 1446 sive
897 1419 970 1453 plura

184 1473 255 1505 sint,
275 1476 356 1498 restet
376 1470 472 1504 aliquid
490 1469 559 1503 quod
580 1476 670 1495 cormn
690 1466 821 1492 ablatione
842 1466 969 1491 iirmetur.

185 1518 280 1545 Docuit
296 1518 375 1544 etiam
394 1524 453 1548 tne,
468 1524 527 1542 cum
543 1515 575 1541 dc
590 1523 617 1541 re
632 1518 749 1544 constat,
767 1516 872 1546 propter
893 1518 971 1544 quam

185 1563 266 1590 verba
289 1563 421 1595 dicuntur,
439 1562 472 1589 de
494 1561 581 1588 verbis
600 1568 651 1586 non
674 1559 771 1586 debere
789 1557 913 1585 contendi
926 1566 932 1583 :
946 1561 973 1583 et

184 1608 303 1642 quisquis
313 1608 338 1635 id
347 1608 432 1639 faciat,
442 1608 464 1633 si
472 1605 601 1641 imperitia
612 1605 698 1636 faciat,
708 1603 855 1630 docendum
866 1610 939 1634 esse;
950 1602 972 1629 si

186 1653 295 1685 malitia,
304 1652 495 1680 deserendum:
506 1652 527 1678 si
537 1651 625 1677 doceri
637 1658 689 1677 non
705 1654 801 1683 potest,
812 1648 971 1675 monendum

186 1703 214 1725 ut
228 1698 326 1733 aliquid
336 1697 405 1724 aliud
417 1698 502 1732 potius
512 1701 582 1731 agat,
593 1703 670 1730 quam
683 1700 784 1728 tempus
799 1695 824 1720 in
835 1693 973 1727 superﬂuis

185 1752 345 1779 operamque
353 1748 499 1775 consumat;
509 1743 529 1769 si
537 1751 588 1769 non
597 1742 770 1775 obtemperat,
778 1739 971 1774 negligendum.

186 1790 223 1817 De
237 1790 363 1824 captiosis
377 1794 465 1815 autent
485 1793 563 1822 atque
583 1787 718 1814 l'allaeibus
729 1786 882 1812 ratiunculis
894 1785 973 1811 breve

186 1840 346 1870 prmceptum
360 1839 401 1861 est
413 1843 419 1860 :
431 1835 452 1861 si
467 1834 533 1860 tnale
549 1831 718 1860 concedendo
732 1831 887 1861 inferuntur,
899 1830 932 1856 ad
943 1838 972 1856 ea

186 1889 243 1915 qua:
250 1888 374 1907 concessa
383 1885 443 1907 sunt
451 1887 509 1906 esse
515 1878 687 1905 redeundutn.
697 1878 724 1904 Si
732 1884 820 1903 verum
829 1876 974 1910 falsumque

187 1926 212 1951 in
227 1932 276 1951 una
291 1924 458 1951 conclusione
472 1922 815 1958 conﬂigunt,accipiendum
836 1922 896 1948 inde
905 1921 973 1955 quod

186 1970 350 2004 intelligitur,
358 1969 427 2004 quod
438 1969 562 2002 explicari
570 1976 621 1994 non
631 1971 716 2001 potest
727 1966 935 2001 relinquendum.
946 1966 973 1993 Si

187 2020 273 2042 autem
281 2015 376 2041 modus
386 2015 412 2041 in
420 2015 550 2048 aliquibus
561 2014 638 2039 rebus
648 2014 709 2038 latet
718 2013 820 2046 penitus
828 2011 972 2045 hominem,

187 2062 323 2088 scientiam
339 2061 396 2095 ejus
409 2069 460 2088 non
476 2068 535 2087 csse
549 2059 728 2094 qumrendam.
740 2059 799 2084 IILDC
812 2058 917 2092 quidem
928 2058 974 2084 ha-

187 2107 237 2134 beo
250 2115 264 2133 a
278 2107 426 2138 dialectica,
440 2111 466 2133 et
479 2106 528 2132 alia
539 2105 620 2132 tnulta
633 2112 690 2139 qua:
704 2111 912 2130 connuemorare
923 2111 974 2130 non

187 2158 229 2180 est
241 2160 361 2180 necesse.
377 2152 467 2186 Neque
479 2152 549 2178 enim
563 2151 646 2177 debeo
657 2150 773 2184 ingratus
785 2149 908 2175 existere.
925 2149 975 2176 Vc-

188 2205 248 2224 rum
262 2198 304 2224 ille
318 2197 424 2232 sapiens
434 2202 479 2223 aut
494 2197 550 2223 haec
562 2196 679 2230 negligit,
694 2200 739 2221 aut
754 2195 775 2221 si
790 2194 905 2228 profecto
918 2194 974 2221 dia-

189 2243 282 2270 lectica
297 2243 353 2277 ipsa
372 2243 481 2269 scientia
496 2241 614 2269 veritatis
635 2245 692 2273 est,
711 2241 748 2267 sic
768 2240 838 2266 illam
860 2240 930 2266 novit
950 2244 977 2266 ut

190 2291 300 2316 istorum
323 2290 550 2316 mendacissimum
570 2287 747 2315 calumniam:
766 2286 795 2313 Si
818 2294 902 2312 rerum
925 2291 975 2319 est,

191 2336 283 2371 falsum
297 2340 350 2367 est;
365 2335 386 2361 si
407 2335 498 2370 falsum
521 2339 554 2361 est
565 2355 571 2366 ,
586 2342 670 2360 verum
684 2337 719 2359 est
737 2340 745 2358 :
763 2332 956 2359 contemnendo
969 2352 975 2363 ,

190 2385 218 2407 et
243 2388 296 2407 non
325 2379 475 2407 miserando
499 2378 569 2406 fame
592 2378 718 2405 cnecet’.
744 2377 803 2403 Ilaec
825 2376 857 2403 de
892 2383 977 2410 perce-

191 2425 280 2459 ptione
305 2425 369 2451 satis
398 2432 457 2451 esse
487 2427 626 2457 propterea
647 2427 727 2456 puto,
748 2422 807 2456 quia
830 2421 976 2456 deessen-

192 2471 281 2498 tiendo
295 2479 355 2498 eum
370 2470 458 2497 dicere
471 2477 586 2504 erepere,
599 2473 651 2496 tota
666 2468 700 2495 ibi
715 2475 818 2494 rursum
832 2474 909 2494 causa
923 2474 980 2493 ver-

191 2517 303 2544 sabitur.

192 2563 304 2590 CAPUT
324 2562 392 2589 XIV.
406 2576 441 2582 -—
455 2562 616 2620 Sapientemr
627 2564 723 2601 oportet
748 2559 876 2593 sapientia:
894 2558 981 2585 saltem

526 2605 597 2620 [155811
609 2604 648 2620 ιιί.

526 2604 648 2623 assentiri.

229 2644 275 2672 50.
298 2643 356 2671 Iam
371 2651 434 2678 ergo
455 2642 488 2670 ad
509 2650 568 2670 eam
589 2646 690 2676 partem
710 2640 860 2672 veniamus,
882 2638 907 2665 in
931 2646 981 2673 qua

195 2689 316 2717 dubitare
339 2689 426 2716 adhuc
444 2688 547 2715 videtur
566 2686 683 2721 Alypius.
703 2685 737 2712 Et
761 2685 846 2720 primo
869 2684 982 2719 idipsum

228 2746 236 2761 ι
249 2748 315 2773 t.ov.,
326 2744 353 2769 in
362 2751 397 2769 se.
411 2748 465 2775 Ipsa
475 2748 531 2768 vero
541 2742 621 2775 docuit
631 2748 677 2766 me.

227 2776 238 2791 ι
250 2780 300 2799 Am.
309 2769 350 2799 Ἐν.
360 2779 387 2800 et
397 2769 450 2799 m'v.
461 2775 573 2799 omittunt
584 2773 654 2803 fatue.
668 2776 719 2797 Mss.
729 2776 839 2803 quatuor,
850 2774 930 2803 etnon
941 2769 984 2803 mi-

197 2806 301 2830 seranda
320 2806 391 2836 fana.
414 2806 459 2829 sed
481 2805 564 2836 verius
584 2800 624 2836 alii
647 2800 747 2832 n0vem,
759 2805 837 2827 etnon
850 2800 985 2826 miserando

198 2837 261 2866 {ante
270 2835 365 2862 nictet:
376 2837 461 2867 quibus.
473 2835 565 2860 accedit
577 2835 631 2858 uad.

843 139 946 169 LIBER
965 138 1121 166 TERTIUS.

1749 141 1812 169 950..

1016 195 1205 231 perspiciamus
1219 195 1298 230 quale
1311 196 1356 229 sit,
1370 197 1633 232 quod'teaeutissitne
1645 202 1724 233 atque
1736 205 1800 226 caua

1016 241 1117 269 tissime
1135 245 1231 268 movet.
1249 240 1315 269 Nam
1330 242 1352 269 si
1366 246 1404 270 tot
1418 242 1546 277 tantisque
1561 244 1707 272 rationibus
1719 245 1800 277 robo-

1016 290 1099 313 ratam
1113 287 1121 302 ¹
1132 285 1195 321 (hoc
1208 286 1279 314 enim
1290 287 1391 321 dixisti)
1401 287 1618 315 Academicorum
1631 290 1815 322 sententiam,.

1015 338 1067 365 qua
1077 330 1115 358 eis
1127 331 1225 365 placuit
1237 331 1304 359 nihil
1318 333 1387 360 scire
1397 333 1558 367 sapientem,
1575 334 1625 361 hoc
1640 338 1713 362 tuum
1726 336 1799 364 labe-

1016 375 1095 404 factat
1117 376 1270 411 inventum,
1288 386 1341 414 quo
1362 379 1481 414 cogimur
1500 379 1620 407 conﬁteri
1639 371 1723 409 multo
1741 388 1802 410 esse

1017 421 1193 456 probabilius,
1209 423 1357 458 sapientem
1376 425 1446 452 scire
1464 425 1638 459 sapientiam;
1660 426 1743 461 magis
1760 432 1803 454 est

1017 468 1136 495 assensio
1153 468 1311 499 cohibenda.
1328 469 1384 498 Hoc
1403 471 1473 498 enim
1493 470 1552 505 ipso
1571 471 1718 499 ostenditur
1736 472 1802 499 nihil

1017 511 1161 546 quamlibet
1182 513 1371 548 copiosissimis
1391 514 1621 551 subtilissimisque
1642 517 1804 551 argumentis

1018 566 1096 609 posse
1106 558 1221 593 suaderi,
1232 560 1275 587 cui
1290 568 1342 588 non
1350 568 1384 588 ex
1394 565 1468 595 parte
1476 561 1615 595 contraria,
1624 562 1646 588 si
1654 562 1724 589 adsit
1730 563 1806 597 inge,-

1018 605 1107 637 nium,
1121 612 1173 632 non
1186 605 1273 633 minus
1286 606 1391 640 acriter,
1407 607 1449 634 vel
1462 607 1572 635 fortasse
1586 608 1673 635 acrius
1694 608 1803 637 resista-

1019 652 1071 675 tur.
1088 649 1125 676 Eo
1138 649 1183 682 ﬁt,
1199 653 1228 677 ut
1241 658 1302 677 cum
1316 650 1351 678 sit
1368 651 1452 678 victus
1464 651 1646 685 Academicus,
1660 652 1762 680 vicerit.
1782 652 1818 680 0“

1019 695 1119 722 utinam
1127 695 1261 724 vincaturl
1272 704 1404 731 nunquam
1414 696 1510 725 elﬁciet
1519 698 1610 732 quavis
1617 702 1674 725 arte
1684 698 1804 733 Pelasga,

1020 744 1049 767 ut
1065 741 1171 768 simula
1183 749 1227 769 me
1245 742 1328 771 victus
1347 742 1482 778 victorque
1501 743 1628 770 discedat.
1642 743 1720 770 Certe
1738 743 1817 770 nihil.

1020 786 1090 814 aliud
1110 786 1257 815 inveniatur
1275 788 1344 823 quod
1364 788 1504 816 adversum
1525 789 1574 816 ista
1593 789 1645 817 dici
1664 788 1765 824 possit,
1778 794 1817 817 et-

1021 832 1090 861 ultro
1110 840 1153 859 me
1173 833 1271 860 victum
1289 841 1350 861 esse
1372 833 1507 869 proﬁteor.
1522 834 1580 862 Non
1592 834 1662 862 enirn
1674 836 1708 861 de
1720 834 1804 869 gloria

1020 878 1214 912 comparanda,
1229 878 1275 906 sed
1299 878 1334 906 de
1353 879 1508 907 invenienda
1521 880 1633 907 veritate
1652 884 1803 909 tractamus.

1020 924 1083 951 Mihi
1096 924 1158 952 satis
1174 928 1230 957 est,
1244 933 1350 960 quoquo
1363 925 1442 954 modo
1461 926 1558 953 molem
1572 926 1650 953 istam
1670 930 1806 953 transcen-

1021 970 1094 1004 dere,
1108 978 1167 1005 qute
1179 971 1337 999 intrantibus
1350 971 1383 999 ad
1397 971 1588 1006 philosophiam
1603 979 1666 1000 sese
1678 972 1804 1006 opponit,

1021 1019 1048 1042 et
1070 1015 1161 1043 nescio
1180 1015 1275 1050 quibus
1297 1017 1468 1051 receptaculis
1489 1017 1674 1044 tenebrascens
1695 1017 1705 1032 ⁸
1726 1017 1815 1044 talem.

1021 1068 1080 1087 esse
1091 1060 1284 1095 philosophiam
1298 1066 1380 1089 totam
1392 1062 1516 1094 minatur,
1527 1062 1646 1097 nihilque
1656 1062 1683 1089 in
1694 1069 1724 1089 ea
1738 1062 1804 1089 lucis

1022 1104 1159 1132 inventum
1173 1105 1205 1132 iri
1219 1113 1327 1141 sperare
1346 1107 1484 1142 permittit.
1499 1106 1568 1141 Quid
1588 1112 1675 1134 autem
1695 1107 1807 1141 amplius

1022 1150 1180 1184 desiderem,
1191 1151 1257 1178 nihil
1271 1151 1366 1185 habeo,
1377 1152 1400 1179 si
1409 1152 1463 1186 jam
1479 1152 1613 1187 probabile
1627 1156 1677 1186 est,
1687 1152 1808 1179 nonnihil

1022 1196 1090 1223 scire
1099 1197 1255 1231 sapientem.
1271 1196 1329 1224 Non
1339 1197 1408 1225 enim
1418 1197 1468 1224 alia
1480 1205 1559 1225 causa
1569 1197 1623 1224 veri
1636 1197 1721 1225 simile
1732 1196 1808 1225 vide~

1022 1241 1099 1268 batur
1119 1248 1179 1268 eum
1199 1242 1381 1269 assensionem
1400 1241 1531 1269 sustinere
1550 1242 1667 1275 debere,
1680 1241 1730 1268 nisi
1747 1241 1808 1276 quia

1023 1291 1081 1314 erat
1094 1287 1148 1315 veri
1158 1287 1244 1315 simile
1254 1287 1318 1314 nihil
1329 1295 1406 1323 posse
1417 1287 1614 1322 comprehendi.
1624 1287 1681 1321 Quo
1691 1287 1806 1320 sublato,

1023 1333 1134 1368 percipit
1152 1333 1223 1360 enim
1245 1333 1349 1368 sapiens
1365 1333 1406 1360 vel
1420 1334 1515 1368 ipsam,
1532 1337 1560 1360 ut
1576 1333 1630 1368 jam
1644 1332 1817 1366 concediturk

1023 1380 1190 1415 sapientiam,
1199 1379 1268 1407 nulla
1280 1378 1334 1414 jam
1346 1386 1424 1407 causa
1436 1379 1582 1406 remanebit
1593 1370 1640 1406 cur
1652 1386 1704 1406 non
1718 1386 1809 1406 assen-

1024 1425 1104 1452 tiatur
1117 1425 1223 1460 sapiens
1235 1424 1277 1452 vel
1291 1425 1342 1460 ipsi
1355 1424 1500 1459 sapientiae.
1518 1424 1565 1451 Est
1577 1424 1648 1451 enim
1661 1424 1719 1451 sine
1730 1423 1808 1451 dubi-

1024 1472 1122 1500 tatione
1131 1471 1304 1500 monstrosius
1317 1471 1463 1506 sapientem
1481 1477 1536 1497 non
1546 1469 1693 1504 approbare
1705 1469 1815 1505 sapiam

1025 1519 1098 1551 tiam,
1112 1526 1191 1554 quam
1204 1518 1350 1553 sapientem
1363 1517 1466 1545 nescire
1480 1507 1646 1552 sapientiam.

1060 1565 1104 1592 51.
1127 1564 1192 1591 Nam
1212 1571 1313 1599 qumso,
1326 1562 1461 1597 paululum
1474 1562 1550 1597 quasi
1569 1566 1631 1589 ante
1647 1561 1740 1589 oculos
1758 1560 1811 1588 tale

1025 1610 1203 1645 spectaculum
1213 1610 1413 1642 constituamus,
1426 1609 1448 1636 si
1459 1610 1610 1644 passumus',
1621 1608 1706 1635 rixam
1718 1615 1810 1643 quam-

1024 1657 1085 1685 dam
1100 1656 1226 1691 sapientis
1240 1660 1268 1683 et
1278 1655 1422 1691 sapientiae.
1436 1654 1503 1688 Quid
1514 1654 1585 1681 aliud
1595 1654 1659 1681 dicit
1671 1654 1809 1689 sapientia,

1025 1712 1103 1739 quam
1116 1711 1145 1731 se
1158 1710 1218 1731 esse
1234 1702 1406 1737 sapientiam?
1420 1702 1455 1729 At
1472 1706 1563 1729 contra
1578 1701 1638 1734 iste,
1651 1700 1708 1727 Non
1719 1699 1809 1731 credo,

1026 1749 1121 1785 inquit.
1136 1749 1200 1782 Quis
1220 1748 1258 1775 ait
1278 1748 1414 1782 sapientiae
1428 1747 1502 1775 :Nou
1524 1746 1603 1774 credo
1625 1753 1684 1774 esse
1706 1745 1810 1780 sapien<

1026 1797 1108 1824 tiam?
1127 1796 1202 1830 quis,
1222 1794 1273 1822 nisi
1293 1795 1316 1822 is
1333 1801 1392 1822 cum
1410 1801 1462 1829 quo
1480 1793 1523 1820 illa
1542 1792 1612 1827 loqui
1631 1791 1729 1826 potuit,
1744 1794 1771 1818 et
1785 1790 1811 1817 in

1026 1850 1078 1877 quo
1089 1842 1207 1869 habitare
1218 1841 1324 1876 dignata
1336 1843 1394 1872 est,
1412 1839 1515 1866 scilicet
1535 1836 1658 1872 sapiens?
1674 1836 1710 1864 lto
1729 1842 1809 1868 nunc,

1025 1894 1053 1916 et
1065 1895 1108 1915 nte
1120 1887 1240 1923 quieritc,
1256 1886 1299 1921 qui
1314 1893 1373 1913 cum
1387 1884 1553 1912 Academicis
1566 1890 1679 1918 pugnem
1691 1890 1697 1907 :
1711 1880 1820 1909 habetis'

1024 1935 1079 1970 jam
1104 1940 1201 1961 novum
1219 1937 1370 1964 certamen,
1390 1930 1494 1965 sapiens
1518 1933 1546 1957 et
1569 1928 1698 1963 sapientia
1721 1934 1813 1954 secum

1027 1983 1151 2015 pugnant.
1158 1978 1268 2013 Sapiens
1278 1985 1331 2004 non
1337 1976 1392 2003 vult
1400 1975 1550 2003 consentire
1557 1973 1701 2009 sapientiaa,
1708 1980 1757 2007 ego
1766 1979 1813 1999 vo-

1027 2025 1129 2053 hiscum
1143 2031 1253 2052 securus
1266 2026 1402 2058 exspecto.
1414 2021 1479 2055 Quis
1493 2021 1562 2048 enim
1578 2027 1631 2047 non
1642 2018 1733 2046 credat
1745 2017 1813 2044 invi-

1026 2076 1097 2099 ctam
1104 2078 1164 2099 esse
1178 2069 1349 2105 sapientiam?
1358 2068 1456 2095 Tamen
1469 2074 1517 2094 nos
1527 2066 1614 2101 aliqua
1632 2063 1814 2098 complexione

1027 2119 1186 2146 muniamus.
1194 2117 1246 2144 Aut
1251 2116 1322 2144 enim
1331 2115 1360 2142 in
1368 2115 1418 2142 hoc
1424 2113 1569 2142 certamine
1575 2111 1749 2139 Academicus
1758 2110 1816 2136 vin:

1028 2170 1070 2193 cet
1080 2163 1236 2199 sapientiam
1245 2171 1251 2189 :
1263 2166 1290 2189 et
1297 2169 1310 2188 a
1320 2168 1363 2188 me
1371 2160 1498 2191 vincetur,
1505 2159 1564 2193 quia
1570 2165 1623 2185 non
1631 2156 1683 2184 erit
1690 2155 1795 2190 sapiens
1807 2162 1813 2180 :

1028 2215 1072 2238 aut
1084 2210 1118 2237 ab
1129 2216 1160 2236 ea
1174 2207 1355 2243 superabitur;
1367 2210 1393 2233 et
1400 2204 1545 2239 sapientem
1557 2202 1693 2237 sapientia:
1702 2207 1815 2228 conseu-
1827 2218 1830 2219 ν

1030 2256 1078 2283 tire
1089 2254 1251 2283 docebimus.
1259 2251 1395 2286 Autigitur
1404 2246 1686 2284 sapiensAcademicus
1698 2253 1750 2273 non
1764 2248 1816 2277 est,

1028 2305 1074 2329 aut
1084 2299 1203 2328 nonnulli
1216 2298 1256 2326 rei
1265 2297 1370 2332 sapiens
1389 2295 1548 2323 assentietur
1560 2302 1566 2320 :
1578 2293 1629 2321 nisi
1648 2292 1715 2320 forte
1738 2298 1828 2326 quem.

1029 2344 1118 2375 dicere
1131 2344 1223 2381 puduit
1231 2334 1377 2378 sapientein
1385 2341 1489 2369 nescire
1499 2337 1816 2375 sapientiam,sapientem

1030 2399 1084 2420 non
1109 2379 1259 2418 consentire
1285 2385 1422 2422 sapientia:
1450 2385 1538 2412 dicere
1561 2391 1612 2411 non
1637 2381 1753 2417 pudebit.
1784 2379 1820 2406 At

1030 2439 1053 2465 si
1071 2437 1126 2472 jam
1147 2436 1201 2463 veri
1221 2433 1307 2462 simile
1320 2437 1362 2461 est
1377 2431 1473 2460 cadere
1486 2431 1511 2458 in
1526 2429 1672 2465 sapientem
1685 2427 1725 2454 vel
1737 2425 1819 2460 ipsius

1032 2482 1170 2518 sapientite
1183 2479 1396 2516 perceptionem,
1410 2482 1437 2505 et
1449 2477 1520 2504 nulla
1534 2481 1614 2502 causa
1631 2476 1690 2505 est,
1704 2479 1751 2499 cur
1765 2478 1818 2498 non

1032 2530 1057 2557 ei
1064 2516 1137 2564 quod
1147 2531 1235 2562 potest
1244 2525 1343 2561 percipi
1352 2523 1511 2551 assentiatur
1520 2529 1527 2554 ;
1539 2520 1615 2548 video
1622 2517 1692 2554 quod
1699 2516 1819 2545 volebam

1033 2581 1094 2602 esse
1105 2573 1161 2600 veri
1174 2571 1276 2604 simile,
1292 2570 1437 2604 sapientem
1455 2567 1555 2594 scilicet
1572 2569 1740 2592 assensurum
1761 2567 1820 2588 esse

1035 2619 1180 2654 sapientiae.
1194 2617 1223 2645 Si
1237 2624 1340 2651 quaeres
1357 2615 1402 2642 ubi
1418 2612 1534 2641 inveniat
1552 2612 1636 2646 ipsam
1648 2607 1819 2644 sapientiam;

1035 2652 1211 2699 respondebo,
1225 2663 1255 2690 In
1272 2661 1426 2695 semetipso.
1439 2659 1468 2687 Si
1482 2658 1548 2686 dicis
1563 2665 1622 2685 eum
1637 2654 1740 2684 nescire
1752 2652 1820 2699 quod

1037 2698 1234 2742 habeat,.redis
1252 2707 1285 2734 ad
1301 2706 1366 2734 illud
1380 2704 1539 2737 absurdum,
1556 2702 1701 2737 sapientem
1720 2698 1823 2727 nescire

1070 2799 1077 2814 ι
1091 2801 1155 2826 ιλονη
1165 2795 1310 2821 roboratam.
1324 2798 1350 2819 At
1361 2794 1401 2819 alii
1412 2793 1478 2822 σιω..
1491 2791 1632 2817 roboratam.

1071 2830 1080 2844 ³
1096 2825 1209 2854 tenebras
1221 2830 1308 2859 tegens,
1319 2826 1388 2858 juxta
1400 2830 1449 2850 Par.
1463 2827 1497 2852 er.
1512 2827 1570 2847 Ven.
1584 2825 1610 2845 .u.
