4096 6368
489 273 586 328 951
1483 267 1750 324 CONTRA
1792 263 2240 328 ACADEMICOS,
2286 264 2343 320 S.
2386 263 2758 322 AUGUSTINI

489 381 820 453 sapientiam.
842 381 898 438 Si
925 381 1215 451 sapientem
1243 381 1413 452 ipsum
1436 394 1598 450 negas
1626 393 1781 448 posse
1807 375 2065 441 inveniri;

490 487 598 531 non
637 475 747 543 jam
789 489 910 529 cum
953 473 1284 528 Academicis
1303 515 1317 538 ,
1343 471 1436 526 sed
1467 481 1636 524 tecum
1659 510 1674 535 ,
1703 467 1940 539 quisquis
1966 466 2069 521 hoc

488 565 688 630 sentis,
720 577 969 618 sermone
993 563 1098 617 alio
1125 563 1464 616 disseremus.
1499 561 1577 614 Illi
1615 559 1756 613 enim
1795 573 1915 612 cum
1955 557 2070 612 haec

487 654 777 724 disputant,
811 654 878 708 de
905 655 1145 722 sapiente
1173 651 1409 722 profecto
1432 650 1722 720 disputant.
1751 648 2066 704 ClamatCi-

487 761 633 810 cero,
666 747 897 814 seipsum
937 759 1180 814 magnum
1221 757 1340 798 esse
1382 742 1739 812 opinatorem,
1771 741 1863 795 sed
1887 740 1954 794 de
1977 754 2066 794 sa-

490 838 667 906 piente
693 851 752 890 se
779 851 1034 906 qumrere.
1065 834 1214 902 Quod
1248 834 1292 886 si
1327 833 1500 887 adhuc
1525 847 1620 886 vos
1640 874 1652 895 ,
1679 832 2063 898 adolescentes,

490 929 724 996 ignotum
757 926 983 989 habetis,
1007 933 1148 979 certe
1179 923 1233 977 in
1261 923 1538 977 Hortensio
1563 922 1761 991 legistis
1785 937 1798 973 :
1826 922 1886 975 Si
1913 921 2069 991 igitur

489 1035 577 1072 nec
603 1018 724 1072 certi
749 1027 819 1070 est
848 1017 1147 1085 quidquam,
1178 1031 1264 1068 nec
1300 1015 1498 1082 opinari
1534 1015 1772 1082 sapientis
1803 1023 1910 1077 est;
1939 1010 2069 1066 nihil

488 1124 705 1178 unquam
730 1107 928 1176 sapiens
949 1105 1260 1175 approbabit.
1289 1104 1440 1159 Unde
1475 1104 1810 1158 manifestum
1855 1112 1938 1158 est
1973 1117 2066 1157 eos

486 1200 554 1254 dc
580 1199 816 1268 sapiente
843 1197 947 1252 illis
977 1197 1087 1252 suis
1113 1194 1555 1265 disputationibus
1576 1235 1590 1260 ,
1621 1202 1804 1249 contra
1824 1208 1954 1265 quas
1980 1193 2065 1247 ni-

487 1291 661 1355 timur,
695 1303 951 1358 quievere.

555 1381 644 1436 52.
674 1381 812 1451 Ergo
840 1381 1073 1435 arbitror
1100 1395 1197 1450 ego
1225 1379 1450 1450 sapienti
1477 1387 1678 1434 certam
1701 1393 1819 1434 esse
1847 1379 2062 1449 sapien-

485 1477 611 1530 tiam
632 1517 646 1541 ,
681 1476 729 1530 id
759 1485 840 1530 est
868 1476 1160 1545 sapientem
1201 1475 1502 1544 percepisse
1546 1474 1889 1543 sapientiam;
1918 1482 1970 1528 et
1996 1474 2065 1528 ob

487 1567 589 1622 hoc
615 1583 736 1622 eum
766 1582 869 1620 non
897 1567 1100 1636 Opinari
1123 1607 1137 1630 ,
1169 1581 1288 1620 cum
1319 1565 1607 1619 asscntitur
1643 1565 1911 1634 sapientia:
1936 1581 1948 1616 :
1973 1578 2063 1619 as-

483 1658 710 1711 scntitur
735 1658 874 1711 enim
899 1658 944 1711 ei
973 1657 1083 1721 rei,
1104 1672 1259 1726 quam
1283 1656 1325 1710 si
1354 1671 1457 1709 non
1485 1657 1828 1725 percepisset,
1857 1656 2064 1724 sapiens

486 1763 589 1801 non
613 1756 772 1802 esset.
802 1748 910 1803 Nec
936 1748 1022 1802 isti
1052 1762 1370 1817 quemquam
1407 1762 1512 1800 non
1553 1746 1749 1800 debere
1782 1745 2060 1812 assentiri,

487 1840 586 1892 nisi
616 1839 773 1892 rebus
802 1855 920 1908 quae
951 1854 1054 1892 non
1086 1847 1308 1906 possunt
1353 1837 1581 1907 percipi,
1622 1836 1904 1890 affirmant.
1948 1836 2061 1891 Non

483 1939 662 1984 autem
703 1931 960 1999 sapientia
1001 1928 1132 1983 nihil
1169 1937 1269 1983 est.
1307 1927 1439 1982 Cum
1470 1928 1628 1997 igitur
1654 1935 1707 1980 et
1732 1927 1830 1980 scit
1858 1926 2066 1995 sapien-

486 2021 633 2085 tiam,
659 2030 712 2074 et
736 2020 1020 2074 asscntitur
1047 2019 1346 2089 sapientia};
1379 2032 1549 2086 neque
1574 2017 1706 2070 nihil
1733 2017 1864 2080 scit,
1894 2031 2065 2086 neque

485 2113 614 2166 nulli
656 2114 730 2166 rei
771 2114 980 2182 sapiens
1002 2112 1308 2167 asscntitur.
1341 2109 1475 2177 Quid
1502 2110 1728 2179 amplius
1757 2109 1955 2163 vultis?
1982 2110 2062 2163 An

484 2205 552 2260 de
585 2206 674 2258 illo
699 2220 880 2258 errore
907 2204 1100 2274 aliquid
1126 2203 1432 2272 qumrimus,
1464 2218 1621 2272 quem
1643 2202 1825 2257 dicunt
1855 2203 2065 2272 penitus

484 2299 703 2364 evitari,
733 2300 776 2353 si
808 2300 859 2352 in
888 2299 1083 2353 nullam
1113 2313 1224 2353 rem
1259 2299 1492 2353 animum
1521 2297 1752 2352 declinet
1790 2295 2065 2350 assensio?

487 2391 639 2444 Errat
667 2391 808 2444 enim
829 2432 844 2456 ,
877 2391 1154 2460 inquiunt,
1199 2390 1436 2459 quisquis
1480 2405 1584 2444 non
1627 2388 1796 2442 solum
1826 2402 1936 2442 rem
1963 2386 2064 2440 fal-

485 2497 619 2547 sam,
646 2482 739 2536 scd
769 2483 926 2536 etiam
953 2481 1164 2536 dubiam
1184 2523 1199 2546 ,
1229 2481 1469 2550 quamvis
1496 2494 1622 2534 vera
1651 2480 1739 2541 sit,
1762 2478 2018 2547 approbat
2048 2495 2062 2532 :

485 2575 612 2627 nihil
649 2584 825 2627 autem
851 2573 991 2642 quod
1017 2572 1234 2627 dubium
1266 2587 1370 2626 non
1397 2571 1466 2625 sit
1495 2571 1724 2625 invenio.
1768 2572 1838 2625 At
1865 2570 2066 2624 invenit

485 2666 694 2732 sapiens
721 2667 908 2732 ipsam,
937 2672 997 2718 ut
1022 2664 1348 2729 dicebamus,
1372 2663 1705 2733 sapientiam.

484 2756 709 2812 CAPUT
755 2757 869 2811 XV.
894 2755 1058 2809 -Αη
1098 2756 1183 2826 qui
1225 2755 1445 2825 sequitur
1482 2755 1534 2807 in
1576 2754 1770 2825 agendo
1813 2752 2066 2824 probabile

838 2849 965 2901 citra
989 2863 1269 2912 assensum,
1300 2847 1414 2900 vitet
1442 2861 1680 2899 errorem.

557 2940 645 2994 53.
675 2939 778 2994 Sed
806 2938 927 2992 hinc
946 2937 1055 3007 jam
1081 2937 1241 2991 vultis
1261 2937 1485 2990 fortasse
1515 2950 1600 2990 me
1626 2935 1920 2991 discedere.
1947 2935 2061 2991 Non

485 3041 608 3087 sunt
652 3032 802 3086 facile
848 3031 1179 3085 securissima
1205 3027 1580 3098 relinquenda;
1607 3042 1728 3082 cum
1762 3029 2066 3084 versutissi-

485 3123 586 3177 mis
626 3122 923 3176 hominibus
963 3122 1166 3191 agimus
1193 3139 1204 3174 :
1228 3135 1430 3175 morem
1458 3129 1636 3174 tamen
1673 3119 1824 3174 vobis
1860 3134 2060 3189 geram.

483 3213 586 3268 Sed
614 3213 737 3282 quid
766 3213 849 3266 hic
878 3211 1081 3266 dicam?
1109 3210 1270 3281 quid?
1313 3209 1600 3279 quidnam?
1641 3208 1771 3263 illud
1813 3210 2062 3263 nimirum

485 3314 636 3358 vetus
665 3302 946 3356 dicendum
975 3311 1085 3368 est,
1115 3302 1204 3356 ubi
1245 3310 1298 3356 et
1339 3301 1437 3371 ipsi
1469 3301 1665 3355 habent
1692 3300 1832 3370 quod
1862 3301 2060 3355 dicant.

482 3393 616 3462 Quid
643 3394 784 3448 enim
815 3392 1002 3447 faciam
1024 3435 1038 3460 ,
1069 3407 1226 3462 quem
1257 3391 1322 3447 de
1349 3393 1536 3446 castris
1565 3393 1697 3447 meis
1725 3390 1868 3447 foras
1893 3393 2064 3447 trudi-

485 3485 583 3539 tis?
613 3500 736 3537 num
764 3483 1058 3553 implorabo
1087 3483 1278 3537 auxilia
1304 3482 1621 3547 doctiorum,
1654 3497 1774 3537 cum
1805 3483 1996 3553 quibus
2018 3485 2062 3538 si

483 3590 737 3645 superare
774 3590 1006 3644 nequeo,
1047 3575 1223 3628 minus
1263 3573 1480 3643 pudebit
1522 3572 1749 3628 fortasse
1786 3575 2064 3642 superari?

485 3667 682 3721 Jacium
709 3667 866 3736 igitur
888 3667 1074 3736 quibus
1102 3666 1302 3720 viribus
1328 3680 1541 3735 possum
1561 3664 1827 3721 fumosum
1848 3666 2063 3735 quidem

478 3758 587 3826 jam
615 3767 668 3811 et
692 3757 965 3820 scabrum,
994 3756 1087 3811 sed
1117 3757 1217 3809 nisi
1257 3755 1428 3818 fallor,
1469 3755 1848 3810 validissimum
1879 3756 2060 3811 telum.

480 3850 581 3916 Qui
609 3850 743 3903 nihil
769 3849 1057 3920 approbat,
1089 3848 1220 3902 nihil
1243 3848 1367 3917 agit.
1396 3847 1440 3902 Ο
1470 3847 1738 3902 hominem
1769 3848 2060 3902 rusticum!

487 3942 553 3996 Et
579 3942 664 3996 ubi
695 3950 776 3995 est
801 3941 1106 4010 probabile?
1137 3940 1223 3994 ubi
1255 3949 1336 3994 est
1363 3941 1688 3994 verisimile?
1717 3940 1830 3994 Hoc
1851 3941 2066 3996 voleba-

483 4036 568 4089 tis.
599 4035 875 4088 Auditisne
903 4043 960 4087 ut
1002 4041 1191 4087 sonent
1232 4042 1378 4087 scuta
1414 4033 1742 4103 graecanica?
1768 4033 2063 4103 Exceptum

487 4126 731 4195 estquod
761 4124 1189 4180 robustissimum
1216 4125 1426 4194 quidem
1461 4127 1477 4156 ί
1503 4141 1516 4176 :
1542 4125 1634 4180 sed
1671 4141 1773 4194 qua
1802 4141 1960 4181 manu
1983 4127 2064 4196 ja-

482 4217 639 4272 culati
671 4217 891 4270 sumus?
917 4214 984 4270 Et
1017 4215 1144 4270 nihil
1172 4216 1300 4270 mihi
1329 4217 1592 4286 potentius
1619 4217 1706 4272 isti
1729 4219 1834 4272 mei
1872 4234 2062 4289 sugge-

481 4315 638 4371 runt;
667 4320 764 4360 ucc
790 4306 1022 4376 aliquid,
1054 4315 1110 4360 ut
1134 4307 1320 4374 video,
1362 4307 1596 4363 vulneris
1635 4308 1873 4364 fecimus.
1919 4310 2062 4364 Con-

482 4407 686 4452 vertam
717 4413 802 4452 me
827 4399 891 4454 ad
915 4413 974 4454 ea
997 4414 1115 4469 qua:
1141 4399 1266 4454 villa
1293 4408 1345 4454 et
1369 4415 1496 4470 ager
1520 4399 1784 4456 ministrat
1807 4418 1820 4453 :
1843 4411 2065 4457 onerant

483 4503 570 4543 me
599 4489 772 4558 potius
799 4489 998 4559 majora
1028 4505 1184 4560 quam
1215 4498 1531 4560 praeparant.

553 4580 644 4633 54.
686 4579 816 4633 Nam
845 4595 964 4634 cum
991 4581 1191 4635 otiosus
1219 4580 1309 4634 diu
1341 4581 1654 4651 cogitassem
1686 4581 1738 4636 in
1779 4582 1880 4637 isto
1909 4597 2060 4649 rure,

482 4685 713 4751 quonam
740 4670 899 4726 modo
925 4672 1093 4741 possit
1126 4671 1297 4726 isthnc
1334 4672 1608 4740 probabile
1643 4687 1706 4727 ac
1737 4674 1847 4728 veri
1890 4674 2064 4728 simile

479 4773 631 4819 actus
668 4773 877 4819 nostros
911 4765 978 4818 ab
1016 4780 1200 4820 errore
1228 4764 1551 4831 defendere;
1576 4768 1748 4836 primo
1781 4766 1952 4820 visum
1983 4776 2065 4822 est

481 4855 610 4908 mihi
625 4897 642 4920 ,
657 4865 712 4908 ut
735 4855 869 4909 solet
884 4854 1050 4909 videri
1072 4870 1191 4909 cum
1212 4857 1308 4909 ista
1325 4854 1637 4921 vendebam,
1652 4856 1788 4912 belle
1802 4864 1994 4911 tectum
2011 4867 2065 4913 et

480 4945 762 4998 munitum.
787 4945 987 5000 Deinde
1008 4944 1095 4999 ubi
1119 4953 1286 4999 totum
1303 4945 1504 4998 cautius
1529 4945 1900 5015 circumspexi,
1921 4947 2064 5001 visus

478 5050 597 5090 sum
623 5035 752 5088 mihi
776 5034 969 5089 vidisse
996 5049 1158 5089 unum
1197 5033 1427 5102 aditum,
1452 5050 1553 5105 qua
1581 5036 1634 5090 in
1669 5050 1886 5092 securos
1915 5052 2065 5092 error

479 5129 722 5182 irrueret.
753 5125 870 5181 Non
890 5126 1030 5181 enim
1050 5127 1221 5182 solum
1244 5135 1370 5196 puto
1389 5143 1512 5182 cum
1541 5142 1744 5194 errare,
1767 5129 1854 5197 qui
1877 5127 2063 5183 falsam

480 5220 622 5272 viam
653 5219 926 5288 sequitur;
958 5218 1052 5273 sed
1079 5219 1240 5273 etiam
1268 5233 1388 5271 eum
1416 5219 1505 5288 qui
1530 5233 1710 5273 veram
1749 5233 1855 5273 non
1885 5220 2063 5288 sequi-

481 5319 588 5367 tur.
619 5309 896 5366 Faciamus
917 5312 1059 5365 enim
1082 5310 1214 5365 duos
1237 5311 1464 5366 viatores
1487 5311 1552 5365 ad
1571 5327 1729 5366 unum
1752 5312 1924 5367 locum
1949 5322 2065 5368 ten-

483 5401 691 5466 dentes,
712 5416 938 5471 quorum
959 5402 1091 5457 alter
1116 5401 1402 5457 instituerit
1422 5403 1549 5457 nulli
1574 5403 1812 5471 credere,
1835 5405 1969 5462 alter
1988 5407 2066 5460 ni-

427 5475 438 5492 ’
490 5492 587 5552 nis
621 5493 871 5549 credulus
899 5494 987 5549 sit.
1034 5493 1256 5548 Ventum
1282 5503 1365 5550 est
1392 5494 1457 5549 ad
1486 5495 1697 5566 aliquod
1727 5495 1957 5554 bivium:
1982 5497 2068 5554 hic

547 5655 562 5685 ί
591 5653 670 5702 Ed.
696 5660 819 5715 Par.,
844 5652 969 5718 quod
989 5650 1360 5704 robustissimtmt
1378 5653 1568 5715 quidem
1589 5660 1674 5705 est.
1703 5662 1753 5704 η.

3659 270 3762 326 959

2177 375 2265 429 ille
2286 375 2530 430 credulus
2553 377 2751 446 pastori
2771 375 2859 446 qui
2882 374 3084 444 aderat,
3104 376 3189 433 vel
3209 379 3433 450 cuipiam
3456 382 3722 438 rusticano
3744 399 3759 435 ι

2175 466 2352 532 Salve,
2387 467 2522 536 frugi
2551 468 2745 532 homo;
2777 467 2863 522 dic
2890 482 3093 536 quaeso,
3124 485 3226 538 qua
3254 470 3390 526 bene
3419 471 3471 525 in
3504 471 3653 526 illum
3686 473 3763 527 lo-

2174 572 2294 611 cum
2323 570 2588 626 pergatur.
2620 558 3023 628 Respondetur:
3043 557 3098 613 Si
3122 559 3222 614 hac
3243 561 3362 624 ibis,
3382 561 3512 615 nihil
3533 563 3758 617 errabis.

2176 647 2243 701 Et
2263 649 2349 702 ille
2369 650 2432 702 ad
2457 650 2732 703 comitem:
2765 648 2960 704 Verum
2986 649 3133 714 dicit,
3153 649 3252 705 hac
3272 666 3474 707 eamus.
3509 652 3668 708 Ridet
3683 654 3762 706 vir

2173 740 2528 806 cautissimus,
2555 749 2608 794 et
2638 750 2742 794 tam
2771 743 2876 794 cito
2915 755 3190 796 assensum
3221 741 3540 800 facetissime
3567 745 3758 812 illudit,

2175 839 2335 900 atque
2373 833 2574 886 interea
2617 832 2707 885 illo
2733 831 3039 886 discedente
3069 833 3120 886 in
3161 833 3302 887 bivio
3329 835 3540 904 figitur:
3569 845 3625 890 et
3649 836 3762 906 jam

2173 919 2355 990 incipit
2379 922 2546 976 videri
2570 930 2721 992 turpe
2737 937 2970 982 cessare,
2985 937 3103 977 cum
3125 938 3248 978 ecce
3269 938 3334 978 ex
3355 925 3459 979 alio
3478 925 3576 979 via:
3595 941 3764 982 cornu

2173 1009 2346 1065 lautus
2380 1011 2593 1081 quidam
2633 1021 2686 1067 et
2725 1013 2960 1066 urbanus
3003 1026 3140 1080 equo
3179 1012 3414 1067 insidens
3451 1015 3682 1079 eminet,
3711 1025 3766 1070 ct

2173 1101 2526 1170 propinquare
2551 1102 2743 1171 occipit
2771 1101 3094 1172 :gratulatur
3120 1103 3240 1157 iste.
3276 1103 3410 1157 Tum
3437 1104 3763 1172 advenienti,

2173 1200 2223 1246 et
2241 1192 2468 1246 salutato
2487 1192 2683 1247 indicat
2705 1193 3051 1263 propositum,
3066 1193 3254 1262 quterit
3270 1194 3406 1247 viam
3426 1212 3440 1258 ;
3459 1195 3584 1249 dicit
3603 1197 3766 1249 etiam

2172 1281 2525 1336 remansionis
2565 1296 2678 1336 suae
2703 1296 2938 1347 causam,
2969 1296 3074 1351 quo
3116 1282 3601 1340 benevolentiorem
3634 1285 3765 1339 red-

2173 1371 2282 1434 dat,
2299 1371 2494 1440 pastori
2514 1386 2637 1426 eum
2661 1373 2965 1440 praeferens.
2984 1372 3075 1426 Ille
3096 1381 3273 1428 autem
3293 1387 3418 1426 casu
3441 1373 3626 1441 planus
3648 1385 3767 1428 erat

2173 1461 2240 1517 de
2277 1463 2341 1517 iis
2383 1477 2519 1532 quos
2563 1462 2909 1517 Samardacos
2941 1463 2958 1494 ¹
2992 1463 3103 1532 jam
3144 1463 3329 1533 vulgus
3362 1473 3530 1523 vocat.
3572 1464 3770 1520 Tenuit

2173 1566 2328 1606 suum
2350 1567 2553 1608 morem
2580 1553 2742 1606 homo
2764 1552 3024 1621 pessimus
3049 1553 3208 1607 etiam
3232 1553 3416 1623 gratis.
3447 1555 3553 1607 llae
3577 1569 3766 1624 perge,

2172 1642 2246 1696 ait
2275 1661 2286 1696 :
2311 1657 2433 1696 nam
2475 1658 2574 1712 ego
2615 1642 2736 1696 inde
2775 1642 2947 1696 venio.
2982 1642 3234 1712 Decepit,
3263 1652 3420 1712 atque
3462 1644 3611 1698 abiit.
3657 1642 3768 1697 Sed

2171 1734 2382 1804 quando
2431 1735 2532 1790 iste
2573 1734 2946 1804 deciperetur?
2980 1734 3094 1788 Non
3135 1735 3276 1788 enim
3319 1735 3766 1790 monstrationem

2173 1823 2328 1878 istam
2369 1836 2616 1895 tanquam
2648 1840 2859 1890 veram,
2888 1825 3072 1894 inquit,
3102 1825 3372 1895 approbo;
3406 1825 3498 1880 sed
3526 1827 3648 1895 quia
3679 1835 3768 1880 est

2171 1917 2283 1970 veri
2313 1917 2521 1971 similis.
2564 1917 2631 1971 Et
2655 1917 2738 1970 hic
2776 1917 3003 1969 otiosum
3032 1931 3151 1970 esse
3192 1931 3292 1971 nec
3326 1916 3629 1981 honestum,
3663 1931 3771 1971 nec

2173 2007 2305 2062 utile
2329 2017 2446 2072 est;
2480 2007 2577 2062 hac
2601 2023 2740 2062 eam.
2783 2007 2986 2062 Interea
3016 2008 3105 2062 ille
3133 2008 3221 2076 qui
3250 2008 3590 2063 assentiendo
3616 2024 3773 2067 erra-

2174 2099 2268 2162 vit,
2299 2107 2406 2151 tam
2447 2099 2553 2152 cito
2591 2100 2900 2153 existimans
2933 2113 3059 2153 vera
3093 2112 3213 2152 esse
3238 2098 3399 2153 verba
3429 2100 3676 2168 pastoris,
3709 2099 3769 2154 in

2173 2189 2292 2243 loco
2321 2189 2412 2244 illo
2437 2204 2542 2259 quo
2568 2189 2870 2254 tendebant,
2886 2189 2996 2258 jam
3020 2203 3080 2244 se
3108 2188 3377 2244 reﬁciebat
3411 2207 3422 2241 :
3456 2189 3558 2244 iste
3585 2196 3772 2244 autem

2173 2295 2278 2334 non
2305 2296 2509 2348 errans,
2534 2282 2797 2352 siquidem
2821 2281 3093 2352 probabile
3117 2281 3376 2350 sequitur,
3399 2282 3643 2335 circumit
3667 2281 3775 2335 sil-

2176 2386 2272 2425 vas
2315 2373 2497 2427 nescio
2535 2388 2664 2443 quas
2685 2415 2700 2439 ,
2729 2387 2828 2427 nec
2847 2373 2956 2441 jam
2983 2372 3067 2426 cui
3095 2373 3244 2426 locus
3279 2372 3368 2425 ille
3393 2381 3548 2436 notus
3573 2372 3666 2437 sit,
3697 2370 3775 2426 ad

2175 2479 2334 2534 quem
2364 2466 2544 2520 venire
2573 2472 2942 2534 pr0posuerat,
2969 2463 3190 2518 invenit.
3225 2462 3361 2518 Vere
3388 2463 3536 2518 vobis
3561 2462 3769 2527 dicam,

2173 2571 2293 2611 cum
2323 2559 2422 2612 ista
2450 2559 2757 2628 cogitarem,
2788 2558 2955 2611 risum
2982 2566 3165 2612 tenere
3197 2570 3301 2609 non
3331 2556 3495 2625 potui,
3532 2555 3644 2610 fieri
3673 2569 3779 2624 per

2173 2651 2606 2706 Academicorum
2634 2650 2791 2705 verba
2814 2650 2995 2704 nescio
3025 2648 3314 2718 quomodo,
3334 2657 3389 2702 ut
3408 2656 3550 2703 erret
3570 2646 3661 2702 ille
3673 2647 3776 2716 qui

2174 2757 2353 2797 veram
2378 2744 2516 2796 viam
2547 2742 2628 2797 vel
2657 2756 2781 2796 casu
2826 2748 2997 2805 tenet;
3030 2740 3120 2793 ille
3144 2747 3323 2792 autem
3358 2738 3448 2807 qui
3481 2753 3576 2807 per
3613 2737 3777 2791 avios

2173 2842 2380 2888 montes
2408 2831 2754 2904 probabiliter
2779 2831 2970 2886 ductus
2994 2839 3093 2893 est,
3120 2844 3217 2883 nec
3248 2830 3464 2898 petitam
3493 2829 3773 2897 regionem

2173 2925 2392 2991 invenit,
2416 2939 2520 2978 non
2538 2922 2777 2978 videatur
2795 2935 2994 2976 errare.
3029 2920 3093 2975 Ut
3116 2921 3256 2973 enim
3281 2917 3612 2973 temerariam
3635 2933 3776 2972 con-

2173 3015 2599 3085 sensionemjure
2614 3013 2985 3078 condemnem,
3003 3012 3206 3065 facilius
3223 3011 3379 3065 ambo
3396 3018 3594 3074 errant,
3607 3025 3777 3079 quam

2174 3105 2273 3161 iste
2290 3121 2392 3159 non
2414 3113 2575 3160 errat.
2591 3103 2844 3173 llincjam
2863 3103 3142 3157 adversum
3158 3103 3253 3155 ista
3271 3100 3434 3156 verba
3444 3100 3774 3170 vigilantior,

2174 3197 2288 3266 ipsa
2319 3195 2453 3250 facta
2489 3196 2760 3250 hominum
2787 3203 2840 3249 et
2874 3208 3052 3248 mores
3077 3193 3414 3247 considerare
3443 3191 3600 3260 coepi.
3631 3191 3777 3245 Tum

2179 3303 2308 3341 vero
2331 3295 2436 3340 tam
2467 3286 2630 3340 multa
2655 3284 2784 3339 mihi
2805 3292 2859 3338 et
2884 3293 2987 3337 tam
3012 3283 3254 3352 capitalia
3282 3282 3333 3336 in
3362 3282 3488 3336 istos
3506 3289 3778 3336 venerunt

2178 3380 2229 3433 in
2254 3388 2507 3444 mentem,
2523 3387 2582 3432 ut
2604 3377 2710 3447 jam
2737 3392 2840 3431 non
2866 3377 3115 3440 riderem,
3139 3375 3232 3430 sed
3253 3376 3445 3444 partim
3467 3375 3777 3429 stomacha-

2173 3485 2263 3525 rer
2282 3511 2296 3534 ,
2325 3469 2512 3538 partim
2542 3468 2778 3522 dolerem
2812 3467 3052 3522 homines
3079 3466 3418 3521 doctissimos
3443 3474 3496 3520 et
3519 3464 3777 3518 acutissi-

2177 3575 2294 3616 mos
2316 3561 2366 3614 in
2390 3567 2534 3614 tanta
2553 3558 2753 3614 scelera
2778 3557 3159 3612 sententiarum
3182 3565 3236 3611 et
3252 3556 3444 3626 flagitia
3464 3555 3771 3610 devolutos.

2208 3671 2432 3728 CAPUT
2456 3669 2673 3725 XVI.—
2697 3669 2886 3722 Facere
2909 3668 3042 3739 quod
3069 3667 3262 3721 videtur
3291 3666 3548 3738 probabile
3579 3667 3734 3721 etiam

2545 3742 2672 3793 citra
2697 3755 2954 3794 assensum
2979 3779 2992 3803 ,
3021 3739 3272 3806 nefarium
3302 3748 3396 3792 est.

2243 3833 2330 3887 35.
2372 3831 2528 3886 Certe
2557 3831 2728 3894 enim,
2757 3845 2861 3882 non
2895 3827 3123 3882 fortasse
3153 3828 3327 3882 omnis
3346 3828 3435 3896 qui
3456 3835 3620 3892 errat,
3642 3840 3777 3896 pec-

2172 3933 2288 3991 cat;
2326 3924 2501 3978 omnis
2550 3932 2728 3976 tamen
2767 3922 2856 3992 qui
2905 3930 3125 3990 peccat,
3157 3928 3248 3974 aut
3292 3935 3478 3975 errare
3519 3919 3777 3974 concedi-

2174 4025 2278 4083 tur,
2308 4025 2397 4070 aut
2423 4013 2620 4085 aliquid
2649 4015 2816 4085 pejus.
2849 4013 2987 4080 Quid
3014 4014 3058 4067 si
3088 4027 3216 4082 ergo
3239 4012 3430 4082 aliquis
3455 4011 3774 4067 adolescen-

2173 4111 2303 4164 tium
2330 4123 2450 4162 cum
2482 4108 2579 4161 hos
2617 4105 2844 4161 audierit
2866 4105 3141 4161 dicentes:
3171 4104 3348 4174 Turpe
3373 4113 3456 4160 est
3480 4119 3680 4171 errare,
3712 4113 3776 4160 et

2173 4201 2292 4255 ideo
2316 4199 2444 4253 nulli
2465 4199 2540 4252 rei
2558 4197 2862 4252 consentire
2886 4195 3178 4261 debemus;
3203 4195 3295 4251 sed
3322 4205 3496 4250 tamen
3516 4211 3636 4250 cum
3657 4195 3775 4265 agit

2172 4293 2395 4363 quisque
2434 4289 2574 4360 quod
2602 4290 2650 4344 ei
2676 4289 2883 4344 videtur
2907 4289 3197 4358 probabile,
3228 4303 3328 4343 nec
3353 4295 3540 4358 peccat
3565 4289 3586 4318 ²
3618 4327 3633 4352 ,
3664 4302 3775 4342 nec

2173 4392 2355 4438 errat:
2384 4381 2510 4436 illud
2539 4389 2741 4434 tantum
2771 4380 3098 4444 meminerit,
3132 4379 3387 4450 quidquid
3413 4378 3648 4435 occurrit
3673 4379 3770 4433 vel

2171 4477 2350 4530 animo
2370 4475 2455 4530 vel
2481 4475 2747 4540 sensibus,
2781 4488 2886 4527 non
2917 4489 3011 4543 pro
3041 4489 3170 4528 vero
3190 4488 3310 4528 esse
3337 4472 3767 4544 approbandum.

2173 4567 2229 4622 ld
2271 4568 2430 4637 igitur
2475 4567 2697 4621 audiens
2743 4565 3088 4633 adolescens,
3121 4565 3459 4620 insidiabitur
3494 4565 3772 4637 pudicitiae

2173 4660 2352 4714 uxoris
2373 4659 2579 4724 alienae,
2603 4657 2700 4725 Te,
2727 4666 2776 4712 te
2803 4659 3045 4723 consulo,
3073 4658 3141 4712 M.
3169 4658 3336 4724 Tulli;
3366 4658 3434 4714 de
3455 4657 3772 4713 adolescen-

2173 4752 2303 4806 tium
2331 4751 2567 4804 moribus
2595 4750 2807 4819 vitaque
2832 4757 3141 4809 tractamus.
3168 4750 3254 4803 cui
3291 4749 3580 4804 educandze
3608 4757 3772 4818 atque

2174 4840 2509 4896 instituenda:
2535 4854 2722 4893 omnes
2752 4839 2854 4892 illa:
2882 4839 3070 4893 littera:
3097 4849 3200 4893 tute
3223 4839 3594 4909 vigilaverunt.
3620 4837 3764 4905 Quid

2172 4931 2312 4986 aliud
2342 4930 2578 4985 dicturus
2607 4944 2695 4996 es,
2727 4944 2883 4998 quam
2915 4945 3018 4983 non
3047 4929 3140 4984 tibi
3166 4945 3287 4985 esse
3317 4931 3590 5001 probabile
3623 4939 3680 4982 ut
3712 4928 3768 4984 id

2235 5043 2252 5074 ι
2281 5047 2346 5090 tta
2367 5040 2592 5089 scribitur
2618 5040 2665 5087 in
2689 5038 2903 5102 editione
2927 5039 3034 5088 Bad.
3062 5047 3115 5088 ct
3136 5041 3184 5088 in
3223 5038 3441 5102 pluribus
3462 5047 3568 5089 Mss.
3610 5045 3658 5086 lu
3683 5050 3770 5088 an-

2172 5104 2320 5165 tiquis
2343 5104 2489 5165 etiam
2509 5101 3135 5165 editionibuspln'ysostomi
3153 5135 3169 5160 ,
3193 5101 3343 5165 [{0ij
3370 5103 3446 5160 17,
3472 5103 3521 5165 in
3541 5102 3684 5165 Epist.
3706 5102 3768 5150 ad

2173 5161 2345 5225 Ephes.
2371 5161 2941 5234 legitur'santarquous,
2958 5164 3125 5234 ibique
3167 5161 3402 5234 significat
3416 5161 3768 5234 gelatopoious;

2175 5223 2268 5274 nec
2291 5223 2492 5295 multum
2513 5223 2656 5295 aliter
2679 5224 2805 5295 apud
2851 5233 2950 5295 ᾼιιι.
3000 5223 3057 5295 ες
3089 5233 3193 5274 tres
3215 5223 3318 5295 Stss.
3344 5223 3653 5295 quihabent,
3686 5231 3767 5272 Sa-

2173 5287 2442 5336 mardocos.
2470 5294 2526 5334 At
2547 5292 2618 5334 Er.
2647 5293 2698 5333 et
2715 5293 2823 5332 ων.
2844 5286 3190 5346 Sarmadacos;
3211 5287 3280 5334 uti
3315 5285 3460 5335 etiam
3491 5285 3658 5346 scribit
3681 5297 3768 5333 ve-

2174 5357 2254 5397 tus
2275 5354 2623 5396 commentator
2647 5347 2840 5406 Horatii,
2859 5349 2918 5394 ad
2942 5346 3055 5396 illud
3080 5345 3177 5396 lib.
3192 5350 3238 5407 1,
3261 5349 3396 5396 satir.
3417 5347 3466 5405 6,
3493 5366 3516 5392 ι
3532 5345 3762 5396 fallacem

2183 5412 2401 5458 «circum
2429 5424 2441 5457 :
2465 5426 2486 5454 ii
2517 5409 2598 5456 ubi
2623 5421 2709 5456 eos
2747 5407 2863 5456 dicit
2896 5426 2917 5452 ι
2940 5410 3241 5458 sarmadacos
3279 5416 3330 5457 et
3372 5409 3628 5469 sortilegos
3668 5419 3767 5454 ma-

2182 5489 2204 5516 α
2221 5471 2519 5542 thematicos,
2533 5472 2619 5542 qui
2635 5469 2712 5542 _ad_
2723 5476 2882 5542 metas
2902 5478 3204 5532 spectatores
3218 5471 3589 5521 circumstabant
3611 5476 3663 5517 et
3679 5481 3766 5515 nn-

2498 5546 2571 5568 (τις
2589 5544 2698 5568 11⁵1111ὶ

2316 5533 2326 5542 .
2498 5530 2568 5568 0.,
2601 5532 2609 5540 .
2683 5544 2698 5562 δ
2821 5567 2831 5577 .
2930 5530 2944 5532 -

2181 5551 2205 5580 ⁸
2224 5539 2407 5703 Ιὲεὲξῗῗ
2416 5530 2985 5704 quod
3002 5593 3048 5647 ei
3066 5593 3250 5646 ridetur
3266 5591 3524 5658 probabile,
3549 5603 3635 5642 nec
3656 5601 3760 5641 casn

2181 5669 2232 5704 sa
2253 5692 2269 5704 .
2295 5667 2381 5702 nec
2403 5668 2515 5704 erm
2540 5692 2550 5702 .

2178 5667 2269 5717 sat,
2295 5667 2381 5702 nec
2403 5667 2550 5704 errat.
