2048 3184
155 148 209 176 955

155 209 236 237 faciat
252 206 430 246 adolescens?
449 205 483 233 At
500 204 537 232 illi
559 202 697 239 probabile
713 205 764 230 est.
783 200 850 228 Nam
869 199 892 227 si
914 205 947 224 ex

155 256 244 283 alieno
254 252 385 289 probabili
397 251 521 284 vivimus,
531 257 582 278 nec
595 253 624 277 tu
634 248 749 276 debuisti
761 245 947 274 administrare

155 299 363 334 rempublicam;
372 297 433 333 quia
443 296 559 331 Epicuro
569 295 654 322 visum
665 298 705 322 est
714 300 768 321 non
778 299 838 320 esse
850 291 948 319 facien-

155 345 231 372 dum.
241 342 410 372 Adulterabit
418 342 497 377 igitur
506 340 551 367 ille
556 340 660 375 juvenis
667 338 806 374 coniugem
816 337 930 365 alienam
939 345 945 363 :

155 391 202 426 qui
214 389 396 424 deprehensus
405 388 428 415 si
441 387 530 419 fuerit,
539 385 584 413 ubi
597 389 623 413 te
636 385 753 413 inveniet
763 391 778 411 a
791 390 844 419 quo
853 382 947 411 defen-

155 436 236 463 datur
245 435 258 462 ‘i
267 435 422 468 Quanquam
433 433 512 460 etiam
524 432 547 459 si
558 431 684 464 inveniat,
693 429 755 465 quid
766 429 886 457 dicturus
897 435 927 455 es
935 428 948 455 ?

157 481 270 516 Negabis
286 478 413 514 profecto.
433 478 502 511 Quid
517 477 539 504 si
560 481 613 504 tam
628 477 728 504 clarum
742 478 798 508 est,
810 480 840 516 ut
851 474 948 501 frustra

158 515 295 554 iniiciere?
311 523 487 551 Persuadebis
500 522 635 554 nimirum,
652 525 775 555 tauquam
790 521 815 547 in
828 515 948 547 Cumano

156 571 293 607 gymnasio
304 576 383 605 atque
393 569 459 597 adeo
467 569 649 603 Neapolitano,
661 567 726 594 nihil
737 574 797 593 eum
810 572 944 600 peccasse,

156 619 211 645 imo
223 618 302 645 etiam
318 624 367 643 nec
379 623 483 643 errasse
496 614 611 649 quidem.
634 614 691 641 Non
711 613 781 640 enim
800 612 947 639 faciendum

157 671 217 691 esse
229 662 388 689 adulterium
403 669 452 696 pro
465 668 528 688 vero
539 661 587 687 sibi
600 659 744 694 persuasit;
758 658 892 693 probabile
903 664 947 684 oc-

157 708 257 740 currit,
272 712 376 735 secutus
390 711 446 739 est,
463 706 525 733 fecit
540 715 546 732 :
562 710 606 732 aut
622 706 732 732 fortasse
747 711 799 730 non
815 703 886 733 fecit,
901 702 948 729 sed

158 754 252 782 fecisse
262 753 313 780 sibi
324 753 396 779 visus
406 757 456 779 est.
472 752 522 778 lste
531 756 618 778 autem
632 750 752 783 maritus,
761 750 841 777 homo
849 749 949 779 fatuus,

159 799 292 834 perturbat
314 798 401 825 omnia
422 797 511 824 litibus
533 804 582 831 pro
602 796 692 823 uxoris
711 796 831 822 castitate
847 795 949 830 procla-
976 798 979 801 ‘

158 851 244 876 mans,
258 851 316 871 cum
330 851 380 878 qua
400 843 467 869 forte
487 849 556 869 nunc
568 841 676 873 dormit,
693 845 719 868 et
732 841 825 868 nescit.
843 840 898 866 lloc
912 839 949 866 illi

156 890 260 925 judiees
274 890 295 916 si
311 888 503 919 intellexerint,
519 892 564 914 aut
577 887 710 922 negligent
725 885 908 917 Academicos,
923 890 949 912 et

159 942 285 971 tanquam
311 935 412 962 crimen
435 934 602 961 verissimum
629 933 756 967 punicnt;
781 936 826 959 aut
848 932 947 959 eisdem

158 980 570 1017 obtemperantes,verisimiliter
582 979 713 1006 hominem
727 978 949 1013 probabiliterque

158 1028 331 1059 damnabunt,
347 1031 375 1054 ut
393 1027 447 1061 jam
468 1026 529 1060 quid
551 1030 610 1060 agat
629 1026 678 1052 istc
696 1029 823 1059 patronus
843 1031 950 1059 prorsus

160 1076 272 1110 ignoret.
290 1074 336 1101 Cui
348 1074 419 1100 enim
432 1076 586 1099 succenseat
598 1079 650 1098 non
662 1071 777 1103 habebit,
789 1078 848 1097 cum
858 1078 950 1097 omnes

160 1129 188 1149 se
203 1121 269 1147 nihil
283 1127 386 1147 errasse
400 1119 503 1150 dicant;
520 1118 626 1152 quando
641 1126 692 1144 non
715 1118 890 1144 assentienles
901 1137 907 1149 ,
923 1116 950 1143 id

160 1166 230 1201 quod
243 1166 327 1193 visum
344 1169 393 1197 est,
407 1164 543 1198 probabile
558 1163 677 1190 fecerint.
698 1162 782 1190 Ponet
796 1162 874 1197 igitur
888 1169 950 1196 per-

160 1220 253 1239 sonam
272 1211 393 1246 patroni,
408 1214 435 1237 et
449 1209 597 1244 philosophi
618 1208 792 1236 consolatoris
807 1208 949 1242 suscipiet:

162 1258 196 1285 ita
207 1257 282 1284 facile
291 1256 462 1288 adolescenti,
474 1255 517 1290 qui
526 1255 579 1289 jam
591 1258 691 1281 tantum
704 1255 730 1281 in
740 1254 880 1281 Academia
892 1261 952 1288 pro-

162 1304 263 1335 fecerit,
272 1302 442 1338 persuadebit
450 1306 480 1329 ut
490 1308 518 1328 se
529 1306 651 1335 tanquam
664 1300 689 1326 iu
700 1299 801 1326 somnis
810 1303 883 1334 putet
894 1306 953 1326 esse

163 1349 326 1376 damnatum.
347 1346 398 1374 Sed
418 1353 465 1373 vos
482 1354 524 1373 me
544 1346 628 1380 jocari
650 1345 813 1372 arbitramini
827 1354 834 1372 :
847 1345 929 1378 liquet
944 1345 952 1360 ‘

163 1396 282 1430 dejerare
291 1402 337 1429 per
347 1401 425 1421 omne
433 1392 549 1420 divinum
558 1391 622 1426 (Lib.
634 1391 647 1417 1
661 1392 770 1418 Retract.
778 1399 834 1425 cap.
846 1391 900 1421 Ln.
913 1390 952 1425 4),

164 1443 268 1469 nescire
280 1449 321 1468 me
332 1448 438 1475 prorsus
450 1439 584 1474 quomodo
597 1439 646 1465 iste
658 1438 823 1473 peccaverit;
836 1438 867 1470 si,
881 1439 954 1472 quis-

164 1489 224 1523 quis
237 1488 262 1515 id
274 1488 356 1522 egerit
367 1486 435 1521 quod
452 1486 588 1521 probabile
599 1485 711 1518 videtur,
722 1493 772 1512 non
786 1489 885 1519 peccat.
900 1484 954 1511 Nisi

165 1533 233 1560 forte
244 1534 269 1560 in
282 1537 364 1559 totum
377 1532 446 1558 aliud
458 1539 516 1558 esse
529 1531 620 1558 dicunt
632 1538 731 1563 errare,
745 1530 814 1557 aliud
826 1537 953 1564 peccare;

165 1585 248 1613 seque
258 1578 310 1604 illis
321 1577 457 1612 praeceptis
469 1577 553 1611 egisse
563 1583 596 1602 ne
607 1582 735 1608 erremus,
748 1582 858 1610 peccare
868 1579 955 1602 autem

166 1624 234 1652 nihil
249 1631 370 1658 magnum
384 1631 443 1650 esse
456 1622 572 1649 duxisse.

201 1670 246 1697 56.
270 1669 356 1697 Taceo
378 1668 411 1696 de
435 1667 600 1699 homicidiis,
616 1666 777 1702 parricidiis,
800 1666 955 1701 sacrilegiis,

166 1715 342 1749 omnibusque
352 1714 470 1746 omnino,
481 1721 539 1748 quae
548 1712 604 1740 fieri
613 1717 658 1739 aut
667 1712 774 1746 cogitari
785 1710 957 1746 possunt,lla-

166 1761 236 1796 giliis
252 1764 297 1787 aut
311 1760 469 1787 facinoribus
480 1779 486 1791 ,
501 1766 560 1793 qua:
575 1758 664 1793 paucis
679 1758 765 1785 verbis
776 1778 782 1789 ,
795 1762 821 1784 ct
835 1757 903 1792 quod
917 1761 958 1784 est

167 1806 283 1841 gravius,
294 1806 363 1841 apud
375 1805 584 1840 sapientissimos
594 1804 696 1838 judices
707 1802 901 1830 defenduntur:
913 1803 958 1829 Ni-

169 1853 206 1880 hil
219 1853 352 1883 conscnsi,
364 1857 390 1879 et
403 1851 462 1878 ideo
477 1859 528 1878 non
543 1850 637 1877 erravi.
653 1849 791 1882 Quomodo
803 1853 890 1876 autem
904 1857 957 1875 non

169 1900 282 1927 facerem
304 1898 375 1934 quod
393 1897 528 1933 probabile
544 1897 629 1923 visum
650 1896 711 1923 est?
731 1896 779 1929 Qui
797 1900 884 1923 autem
906 1902 958 1921 non

170 1948 263 1978 putant
276 1944 325 1971 ista
341 1943 511 1978 probabiliter
527 1949 603 1976 posse
617 1941 780 1976 persuaderi,
795 1941 883 1975 legant
896 1948 959 1968 ora-

170 1991 268 2018 tionem
277 1989 406 2021 Calilium,
414 1996 463 2023 qua
474 1988 563 2022 patria:
571 1987 749 2022 parricidium,
756 1994 809 2021 quo
821 1994 871 2013 uno
879 1986 960 2013 conti-

169 2040 265 2063 nentur
272 2035 359 2062 omnia
365 2034 475 2064 scelera,
484 2032 623 2067 pcrsuasit(
629 2032 734 2059 Sallust.
741 2051 747 2063 ,
758 2032 788 2058 de
793 2031 863 2058 Bello
871 2031 945 2058 Catil.
951 2051 958 2061 ,

169 2090 227 2116 cap.
238 2080 294 2115 12).
312 2080 368 2107 .Iam
383 2079 444 2106 illud
459 2079 518 2114 quis
540 2086 592 2105 non
611 2078 694 2105 ridet?
710 2077 761 2112 Ipsi
778 2077 878 2111 dicunt,
895 2077 959 2103 nihil

169 2135 200 2155 se
213 2127 239 2154 in
255 2126 356 2161 agendo
369 2126 442 2160 sequi
457 2125 506 2152 nisi
521 2124 664 2159 probabile,
678 2129 704 2151 et
718 2128 838 2158 qurerunt
849 2131 958 2158 magno-

171 2180 234 2208 pere
249 2173 396 2204 veritatem,
411 2179 470 2198 cum
483 2171 522 2198 eis
536 2171 570 2198 sit
585 2170 720 2205 probabile
734 2178 785 2197 non
797 2177 874 2204 posse
886 2170 959 2197 inve-

171 2218 232 2245 niri.
248 2218 270 2244 0
283 2217 377 2244 mirum
393 2218 556 2243 monstrum!
574 2216 626 2243 Sed
641 2215 689 2242 hoc
701 2216 862 2248 omittamus,
873 2216 960 2243 minus

170 2263 197 2290 id
214 2262 246 2290 ad
262 2270 321 2294 nos,
337 2262 424 2289 minus
439 2262 471 2288 ad
487 2262 545 2288 vitae
557 2266 653 2288 nostrae
664 2261 816 2294 discrimen,
828 2261 916 2288 minus
927 2262 960 2289 ad

171 2309 338 2337 fortunarum
361 2308 506 2342 periculum
539 2308 662 2341 pertinet.
691 2307 754 2334 illud
776 2312 816 2334 est
838 2308 959 2342 capitale,

172 2355 237 2382 iIIud
254 2354 463 2386 formidolosum,
480 2353 541 2380 illud
556 2354 656 2387 optimo
669 2354 762 2388 cuique
777 2353 959 2386 metuendum,

170 2400 242 2436 quod
262 2399 336 2427 nefas
356 2407 448 2431 omne,
465 2399 487 2425 si
506 2398 560 2425 haec
581 2399 648 2425 ratio
667 2399 809 2432 probabilis
823 2399 886 2430 erit,
901 2406 961 2425 cum

172 2446 309 2481 probabile
323 2446 445 2480 cuiquam
458 2445 541 2471 visum
563 2444 641 2470 fuerit
655 2451 713 2470 esse
728 2444 875 2471 faciendum
886 2464 893 2475 ,
906 2450 963 2470 Ian-

172 2496 228 2518 tum
242 2491 306 2518 nulli
320 2490 396 2525 quasi
409 2497 472 2517 vero
486 2490 655 2521 asscntiatur,
673 2497 724 2516 nou
737 2490 821 2516 solum
836 2490 893 2517 sine
905 2497 963 2517 see-

171 2538 247 2570 leris,
262 2537 308 2564 sed
322 2537 400 2563 etiam
415 2536 471 2562 sine
486 2535 584 2562 erroris
599 2535 789 2569 vituperatione
804 2534 960 2561 committat.

171 2582 241 2616 Quid
259 2581 341 2616 ergo?
356 2581 417 2608 llaec
432 2581 468 2608 illi
483 2588 535 2607 non
555 2579 693 2607 viderunt?
716 2580 770 2606 lino
791 2579 962 2607 solertissime

205 2658 213 2674 ¹
225 2661 291 2687 how,
301 2652 364 2682 ιίύρι.
385 2657 524 2689 Restituitur
534 2663 564 2681 ex
585 2661 645 2686 Am.,
657 2660 693 2681 Er.
707 2661 733 2682 et
745 2662 806 2688 MSS.,
816 2657 887 2689 liquet
899 2657 964 2688 deje-

172 2694 230 2714 rrtre
240 2695 249 2719 ;
259 2689 324 2719 quod
340 2689 390 2719 jam
411 2689 435 2712 in
458 2688 498 2712 lib.
513 2689 523 2712 i
538 2691 637 2712 Retract.
650 2695 671 2712 c.
686 2689 695 2712 i
711 2688 873 2713 annotaviinus
895 2695 963 2713 usur-

173 2723 255 2774 patum
267 2725 322 2755 esse
334 2726 366 2743 ex
377 2720 498 2743 Terentio.
512 2723 577 2754 Hunc
595 2725 683 2749 nempe
695 2722 767 2750 atque
779 2719 838 2743 alios
864 2719 964 2744 olitioris

183 2753 298 2774 utuutatis
309 2753 420 2774 auctores
430 2749 535 2773 aemulari
547 2750 641 2773 amabat
653 2750 805 2774 Auuustinus.
818 2751 842 2774 iu
849 2726 890 2774 bis
901 2750 964 2774 litte-

183 2751 298 2775 utiuitatis
309 2753 420 2774 auctores
430 2749 535 2773 aemulari
547 2750 641 2773 amabat
653 2749 805 2780 Augustinus,
818 2751 842 2774 iu
851 2749 890 2775 his
901 2750 964 2775 litte-

174 2782 209 2805 ris
223 2790 233 2803 I
239 2781 288 2811 jam
299 2782 396 2811 quidem
418 2781 581 2805 servientibus
603 2784 660 2809 Deo,
683 2780 728 2811 sed
748 2781 825 2805 adhuc
843 2782 964 2811 superbire

326 2816 437 2865 latinus?
460 2811 483 2836 in
508 2811 647 2842 pausatione
660 2810 858 2842 anhelantibus,»
873 2810 900 2838 ut
911 2813 963 2843 ipse

191 2849 261 2866 ιιι.
306 2846 430 2866 ῑοη.ο..

176 2846 208 2868 all
221 2846 261 2866 ΙΙΙ).
274 2846 360 2866 “Com.
374 2849 394 2866 t‘.
412 2846 430 2866 ὓ.

836 137 937 167 LIBER
956 134 1113 165 TERTIUS.

1738 138 1792 166 954

999 193 1257 230 prudentissimeque
1266 194 1399 228 viderunt,
1408 202 1459 223 nec
1467 194 1532 223 mihi
1540 195 1595 223 ullo
1605 200 1680 231 pacto
1687 199 1791 224 tantum:

998 241 1194 275 arrogaverim,
1207 245 1236 268 ut
1254 242 1289 269 bl.
1310 241 1426 269 Tullium
1443 241 1532 276 aliqua
1551 249 1583 269 ex
1603 246 1678 276 parte
1695 249 1792 277 sequar

1000 285 1127 313 industria
1140 306 1148 319 ,
1162 286 1315 321 vigilantia,
1329 286 1453 322 ingenio,
1473 286 1592 314 doctrina
1612 295 1619 313 :
1637 286 1679 314 cui
1702 290 1791 314 tamen

999 331 1143 365 asserenti,
1157 331 1224 359 nihil
1243 332 1310 360 scire
1330 339 1409 367 posse
1429 332 1579 365 hominem,
1594 332 1616 360 si
1636 332 1686 359 hoc
1706 333 1792 360 solum

999 375 1151 410 diceretur,
1164 377 1226 405 Scio
1247 377 1284 405 ita
1307 377 1391 406 videri
1410 378 1492 412 mihi;
1517 377 1587 405 unde
1610 377 1637 405 id
1659 377 1793 405 refelleret

1000 429 1053 449 non
1065 421 1185 450 haberet.

1000 467 1112 496 CAPUT
1132 468 1251 496 XVll.--
1261 467 1406 496 Academici
1415 476 1500 509 .quare
1517 467 1700 495 dissimularint
1719 475 1793 495 suam

1315 508 1473 531 sententiam.
1525 512 1528 514 '

1035 537 1081 565 57.
1103 537 1171 571 Quid
1187 538 1265 573 igitur
1280 539 1377 574 placuit
1390 539 1469 565 tantis
1480 538 1544 565 viris
1555 537 1723 572 perpetuiset
1733 544 1794 572 per-

1000 582 1130 611 tinacibus
1140 584 1352 611 contentionibus
1363 591 1452 618 agere,
1462 591 1496 610 ne
1505 583 1531 610 in
1542 589 1701 618 quemquam
1712 582 1792 609 cade-

1000 636 1030 656 re
1044 629 1100 656 veri
1114 629 1222 657 scientia
1232 630 1383 657 videretur?
1396 629 1492 656 Audite
1503 628 1557 664 jam
1567 628 1645 663 paulo
1655 627 1791 660 attentius,

1001 682 1055 702 non
1068 675 1130 710 quid
1143 676 1234 708 sciam,
1248 675 1294 703 sed
1307 675 1369 711 quid
1383 675 1548 702 existimem:
1562 673 1613 701 hoc
1625 674 1695 701 enim
1708 672 1740 700 ad
1749 672 1791 699 ul-

1000 721 1093 748 timum
1106 721 1275 748 reservabam
1287 742 1295 754 ,
1309 725 1339 748 ut
1353 721 1511 755 explicarem
1522 740 1529 753 ,
1542 719 1565 746 si
1580 727 1700 754 possem,
1715 719 1792 753 quale

1001 767 1067 794 mihi
1081 766 1201 794 videatur
1222 774 1282 794 esse
1304 771 1386 794 totum
1400 765 1619 793 Academicorum
1640 764 1790 792 consilium.

1002 812 1076 839 Plato
1094 812 1135 839 vir
1151 812 1362 846 sapientissimus
1381 816 1407 839 et
1427 811 1621 838 eruditissimus
1643 814 1791 845 temporum

1001 865 1120 890 suorum,
1134 858 1178 892 qui
1193 861 1220 884 et
1235 858 1270 884 ita
1283 857 1386 884 locutus
1400 861 1449 889 est,
1461 860 1489 883 ut
1501 863 1673 891 quaecumque
1680 855 1791 887 diceret,

1001 911 1095 939 magna
1111 903 1220 936 ﬁerent,
1236 907 1264 930 et
1278 910 1309 930 ea
1324 903 1428 930 locutus
1442 906 1493 934 est,
1507 907 1534 928 ut
1546 901 1793 936 quomodocumque

1001 948 1112 981 dicaret,
1120 956 1198 983 parva
1208 955 1259 975 non
1272 947 1364 975 tierent
1375 946 1442 983 (Lib.
1451 946 1465 973 1
1478 946 1666 980 Retract.,cap.
1677 946 1738 979 La.
1748 944 1792 980 4);

1002 993 1099 1022 dicitur
1112 997 1173 1028 post
1186 997 1298 1020 mortem
1311 992 1429 1020 Socratis
1442 991 1560 1026 magistri
1572 991 1629 1023 sui,
1645 997 1725 1024 quem
1739 989 1794 1016 sin-

1002 1039 1084 1075 gulari
1089 1043 1128 1066 ter
1136 1038 1273 1072 dilexerat,
1281 1046 1295 1065 a
1304 1038 1474 1073 Pythagoreis
1485 1037 1564 1065 etiam
1570 1036 1651 1063 multa
1659 1035 1792 1063 didicisse.

1002 1084 1166 1120 Pythagoras
1184 1088 1272 1111 autem
1287 1091 1372 1119 graeca
1388 1082 1553 1118 philosophia
1574 1089 1626 1108 non
1642 1085 1792 1112 contentus,

1003 1137 1062 1165 qure
1076 1134 1138 1157 tunc
1152 1133 1198 1156 aut
1210 1136 1278 1164 pene
1289 1128 1361 1155 nulla
1376 1131 1443 1161 erat,
1459 1131 1504 1154 aut
1517 1131 1590 1154 certe
1604 1125 1793 1158 occultissima,

1005 1179 1143 1211 postquam
1153 1174 1301 1202 comm'otus
1315 1173 1475 1210 Pherecydae
1486 1171 1621 1207 cujusdam
1633 1171 1693 1207 Syri
1703 1170 1794 1205 dispu-

1000 1221 1156 1255 tationibus,
1168 1220 1344 1247 immortalem
1356 1226 1416 1247 esse
1428 1218 1544 1246 animum
1558 1216 1680 1249 credidit,
1697 1215 1796 1243 multos

1004 1267 1138 1302 sapientes
1156 1266 1237 1294 etiam
1251 1266 1327 1301 longe
1345 1265 1451 1300 lateque
1465 1264 1647 1300 peregrinatus
1665 1262 1794 1291 audierat.

1004 1312 1086 1348 Igitur
1103 1312 1178 1340 Plato
1198 1311 1326 1346 adjiciens
1344 1310 1428 1345 lepori
1450 1310 1639 1343 subtilitatique
1654 1307 1797 1335 Socratica:

1005 1366 1085 1394 quam
1098 1358 1124 1385 in
1144 1358 1288 1385 moralibus
1308 1356 1409 1390 habuit,
1423 1355 1581 1384 naturalium
1596 1354 1797 1388 divinarumque

1005 1412 1096 1433 rerum
1107 1404 1240 1439 peritiam,
1249 1411 1327 1439 quam
1338 1403 1371 1431 ab
1381 1403 1421 1430 eis
1430 1409 1496 1437 quos
1505 1400 1649 1428 memoravi
1659 1399 1798 1435 diligenter

1006 1454 1163 1484 acceperat;
1179 1449 1392 1484 subjungensque
1406 1447 1480 1483 quasi
1500 1446 1678 1474 formatricem
1694 1444 1798 1472 illarum

1008 1496 1132 1530 partium,
1142 1494 1311 1530 judicemque
1326 1493 1501 1525 dialecticam,
1515 1499 1573 1527 quae
1586 1495 1631 1518 aut
1646 1490 1702 1525 ipsa
1715 1492 1796 1521 esset,

1007 1546 1052 1569 aut
1064 1541 1122 1568 sine
1133 1548 1184 1576 qua
1200 1539 1330 1575 sapientia
1345 1538 1453 1566 omnino
1470 1545 1530 1565 esse
1549 1544 1603 1564 non
1617 1539 1722 1571 posset;
1737 1541 1798 1570 per-

1007 1586 1104 1614 fectam
1125 1585 1221 1613 dicitur
1235 1585 1417 1619 composuisse
1432 1582 1607 1618 philosophiae
1621 1580 1799 1615 disciplinam,

1008 1631 1042 1659 de
1055 1639 1106 1666 qua
1120 1638 1190 1658 nunc
1205 1630 1337 1658 disserere
1349 1633 1453 1663 tempus
1469 1628 1477 1644 ¹
1493 1635 1545 1654 non
1558 1630 1607 1654 est.
1623 1626 1669 1653 Sat
1679 1630 1719 1653 est
1729 1625 1799 1652 enim

1008 1674 1042 1701 ad
1053 1673 1080 1701 id
1089 1673 1158 1709 quod
1169 1672 1239 1705 volo,
1251 1672 1387 1700 Platonem
1397 1670 1513 1698 sensisse
1524 1669 1590 1696 duos
1600 1675 1659 1695 esse
1670 1666 1798 1694 mundos:

1009 1728 1091 1748 unum
1114 1719 1323 1754 intelligibilem,
1338 1718 1364 1745 in
1384 1724 1437 1752 quo
1458 1717 1514 1751 ipsa
1534 1715 1631 1742 veritas
1652 1713 1799 1743 habitaret;

1010 1767 1088 1794 istum
1098 1770 1185 1793 autem
1198 1764 1361 1798 seusibilem,
1370 1771 1447 1799 quem
1459 1762 1624 1790 manifestum
1632 1765 1731 1788 estnos
1741 1760 1801 1788 visu

1011 1816 1132 1847 tactuque
1146 1812 1256 1839 sentire.
1277 1810 1369 1845 Itaque
1382 1810 1455 1836 illum
1468 1816 1570 1839 verum,
1581 1807 1650 1834 hunc
1660 1806 1716 1833 veri
1728 1805 1800 1833 simi-

1011 1857 1063 1885 lcm
1083 1861 1110 1884 et
1125 1856 1159 1884 ad
1178 1856 1247 1884 illius
1266 1855 1405 1890 imaginem
1422 1854 1529 1881 factum.
1550 1853 1584 1880 Et
1598 1852 1656 1879 ideo
1669 1851 1702 1879 de
1716 1851 1762 1878 illo
1774 1850 1802 1878 in

1011 1911 1052 1934 ea,
1061 1910 1120 1938 quae
1130 1909 1160 1930 se
1173 1905 1357 1937 cognosceret,
1373 1900 1459 1927 anima
1473 1899 1545 1927 velut
1558 1897 1670 1933 expoliri
1683 1901 1711 1924 et
1725 1895 1802 1931 quasi

1011 1949 1130 1977 serenari
1143 1948 1295 1980 veritatem;
1311 1947 1345 1975 de
1359 1947 1409 1974 hoc
1421 1951 1508 1973 autem
1519 1945 1544 1972 in
1557 1945 1697 1973 stultorum
1708 1942 1807 1971 animis

1011 2003 1064 2023 non
1077 1994 1223 2026 scientiam,
1238 1993 1286 2021 sed
1305 1992 1456 2028 opinionem
1475 1998 1555 2026 posse
1569 1989 1699 2025 generari.
1719 1987 1801 2022 Quid-

1011 2041 1074 2076 quid
1086 2045 1175 2068 tamen
1194 2043 1318 2075 ageretur
1339 2038 1365 2066 in
1385 2038 1435 2065 hoc
1450 2036 1548 2064 mundo
1562 2043 1609 2071 per
1622 2043 1668 2063 eas
1679 2034 1802 2067 virtutes,

1011 2095 1077 2122 quas
1090 2086 1182 2114 civiles
1195 2086 1316 2118 vocabat,
1333 2084 1443 2111 aliarum
1455 2090 1578 2110 verarum
1592 2081 1716 2108 virtutum
1727 2079 1803 2107 simi-

1013 2133 1052 2160 lcs
1061 2153 1069 2166 ,
1080 2139 1153 2167 quaa,
1167 2131 1218 2158 nisi
1233 2130 1323 2166 paucis
1338 2128 1510 2165 sapientibus,
1528 2127 1626 2162 ignota:
1638 2129 1737 2159 essent,
1750 2131 1804 2152 non

1013 2184 1092 2212 posse
1107 2176 1158 2203 nisi
1172 2175 1230 2203 veri
1245 2175 1333 2203 simile
1348 2172 1488 2202 nominari.

1049 2223 1093 2250 58.
1114 2222 1175 2249 llaec
1186 2225 1214 2249 et
1225 2221 1275 2248 alia
1289 2219 1441 2255 huiusmodi
1455 2218 1519 2245 mihi
1530 2217 1653 2245 videnlur
1664 2216 1733 2244 inter
1745 2221 1805 2242 suc-

1013 2274 1133 2295 cessores
1147 2266 1214 2301 ejus,
1227 2270 1354 2301 quantum
1369 2267 1499 2299 poterant,
1514 2270 1573 2291 esse
1585 2266 1697 2294 servata,
1707 2264 1734 2288 et
1753 2267 1802 2295 pro

1014 2312 1146 2348 mysteriis
1155 2311 1295 2339 custodita.
1307 2310 1365 2338 Non
1376 2309 1447 2337 enim
1458 2313 1503 2336 aut
1512 2308 1588 2336 facile
1598 2307 1646 2334 ista
1657 2306 1807 2341 percipiun-

1015 2363 1066 2389 tur,
1079 2358 1128 2384 nisi
1140 2357 1174 2384 ab
1188 2357 1227 2384 eis
1239 2356 1283 2391 qui
1293 2362 1323 2383 se
1335 2355 1369 2382 ab
1381 2354 1504 2382 omnibus
1515 2353 1586 2380 vitiis
1599 2351 1766 2382 mundantes,
1778 2349 1805 2376 in

1014 2404 1094 2431 aliam
1106 2402 1246 2438 quamdam
1260 2402 1321 2437 plus
1334 2408 1414 2436 quam
1429 2400 1570 2427 humanam
1586 2395 1806 2426 consuetudinem

1016 2448 1205 2477 vindicaverint
1212 2456 1220 2481 ;
1227 2452 1272 2475 aut
1279 2455 1331 2475 non
1340 2447 1454 2482 graviter
1463 2443 1710 2481 peccatquisquisea
1720 2441 1806 2468 sciens

1015 2495 1147 2530 quoslibet
1165 2494 1288 2522 homines
1309 2493 1405 2521 docere
1424 2491 1546 2519 voluerit.
1571 2490 1661 2523 Itaque
1671 2487 1806 2515 Zenonem

1015 2540 1160 2575 principem
1174 2539 1337 2571 Stoicorum,
1351 2544 1411 2565 cum
1429 2537 1483 2571 jam
1504 2534 1660 2570 quibusdam
1673 2531 1770 2560 auditis
1782 2535 1808 2558 et

1015 2585 1131 2617 creditis,
1146 2584 1174 2612 in
1186 2584 1304 2612 scholam
1318 2583 1437 2610 relictam
1446 2581 1578 2608 aPlatone
1591 2578 1716 2611 venisset,
1728 2585 1808 2612 quam

1017 2635 1079 2658 tunc
1092 2630 1200 2658 Polemo
1213 2629 1361 2661 retinebat,
1372 2631 1525 2662 suspectum
1539 2625 1658 2653 habitum
1676 2623 1807 2658 suspicor,

1018 2682 1067 2703 nec
1079 2675 1160 2702 talem
1176 2674 1261 2701 visum
1275 2673 1317 2701 cui
1330 2671 1465 2700 Platonica
1487 2670 1533 2697 illa
1553 2669 1626 2698 velut
1640 2670 1808 2696 sacrosancta

1016 2722 1123 2750 decreta
1136 2720 1213 2748 facile
1223 2719 1300 2756 prodi
1311 2718 1494 2753 committique
1506 2716 1644 2748 deberent,
1656 2714 1808 2750 priusquam

1017 2767 1159 2795 dediciSSet
1171 2767 1183 2782 ¹
1196 2773 1238 2799 ea,
1253 2772 1313 2800 quae
1327 2764 1353 2792 in
1369 2763 1439 2791 illam
1452 2763 1569 2791 scholam
1580 2762 1614 2789 ab
1625 2761 1685 2789 aliis
1698 2756 1808 2795 accepta

1049 2813 1057 2845 ἦ
1071 2815 1095 2836 ln
1106 2815 1141 2841 3.,
1153 2809 1274 2845 temporis.
1286 2809 1372 2836 Caeteri
1383 2815 1470 2835 omnes
1482 2807 1540 2834 editi
1553 2825 1561 2839 ,
1573 2809 1673 2839 tempus.
1701 2809 1729 2830 at.

1049 2844 1059 2859 ¹
1072 2846 1116 2870 uir
1127 2859 1136 2873 ,
1145 2842 1318 2868 dedocuisscm.
