4096 6368
524 260 627 316 955

521 375 804 429 detulerat.
844 371 1066 427 Moritur
1085 369 1322 435 Polemo,
1347 366 1583 423 succedit
1600 366 1649 420 ei
1677 360 1986 417 Archesilas
2005 358 2105 413 Ze-

522 469 675 522 nonis
702 467 914 538 quidem
954 464 1375 535 condiscipulus,
1401 461 1495 516 sed
1528 460 1626 514 sub
1658 456 1959 513 Polemonis
1985 469 2102 509 ma-

521 558 758 626 gisterio.
782 557 1139 625 Quamobrem
1157 570 1275 609 cum
1288 554 1433 608 Zeno
1448 566 1541 607 sua
1554 550 1779 621 quadam
1797 548 1863 603 de
1880 546 2100 612 mundo,

521 658 576 704 et
604 648 834 704 maxime
856 648 923 703 de
952 647 1124 702 anima
1143 688 1158 713 ,
1188 654 1402 715 propter
1429 658 1586 713 quam
1616 656 1739 697 vera
1770 637 2104 710 phiIOSOphia

520 739 721 809 vigilat,
742 739 1002 794 sententia
1027 737 1396 800 delectaretur,
1418 736 1599 791 dicens
1619 749 1735 789 eam
1763 746 1881 786 esse
1903 738 2102 784 morta-

521 831 650 896 lem,
678 844 776 885 nec
799 829 1084 900 quidquam
1103 843 1221 883 esse
1242 837 1433 899 praeter
1456 827 1597 883 hunc
1621 825 1921 882 sensibilem
1944 837 2102 876 mun-

520 922 675 987 dum,
704 921 938 991 nihilque
964 922 1019 976 in
1042 936 1109 976 eo
1136 921 1248 990 agi,
1281 920 1380 975 nisi
1422 933 1675 989 corpore;
1708 933 1828 972 nam
1856 926 1909 971 et
1936 918 2099 971 Deum

521 1012 693 1081 ipsum
721 1012 894 1082 ignem
922 1012 1173 1081 putabat:
1205 1011 1611 1082 prudentissime
1639 1018 1797 1080 atque
1824 1009 2103 1064 utilissime

520 1103 651 1156 mihi
678 1103 882 1157 videtur
907 1102 1239 1167 Archesilas,
1262 1118 1382 1158 cum
1413 1102 1540 1157 illud
1579 1102 1683 1156 late
1707 1108 1944 1171 serperet
1985 1115 2099 1155 ina-

521 1193 653 1260 lum,
674 1193 969 1248 occultasse
989 1195 1198 1263 penitus
1214 1193 1513 1248 Academiae
1530 1192 1866 1257 sententiam,
1881 1199 1935 1246 et
1950 1191 2100 1261 quasi

518 1300 704 1339 aurum
722 1285 1096 1341 inveniendum
1116 1286 1428 1356 quandoque
1445 1285 1669 1355 posteris
1685 1284 1947 1338 obruisse.
1969 1286 2102 1352 Qua-

518 1393 579 1431 re
603 1392 723 1431 cum
748 1377 802 1431 in
829 1378 989 1433 falsas
1017 1378 1293 1448 opiniones
1318 1394 1475 1433 ruere
1501 1378 1651 1432 turba
1680 1378 1751 1431 sit
1777 1377 2014 1446 pronior,
2047 1384 2102 1431 et

518 1467 898 1523 consuetudine
917 1483 1201 1537 corporum
1218 1469 1395 1522 omnia
1415 1484 1535 1523 esse
1551 1482 1803 1537 corporea
1827 1466 2095 1533 facillime,

518 1556 612 1611 sed
639 1558 797 1613 noxie
816 1558 1091 1623 credatur;
1117 1560 1341 1614 instituit
1360 1560 1440 1614 vir
1459 1559 1795 1614 acutissimus
1815 1567 1973 1629 atque
1993 1558 2099 1613 hu-

520 1649 881 1714 manissimus,
923 1650 1187 1706 dedocere
1230 1651 1405 1720 potius
1443 1666 1578 1720 quos
1622 1652 1920 1721 patiebatur
1961 1650 2100 1706 male

517 1736 702 1793 doctos
718 1754 876 1810 quam
897 1739 1089 1796 docere
1104 1757 1236 1810 quos
1250 1740 1449 1795 dociles
1465 1756 1568 1795 non
1585 1741 1956 1795 arbitrabatur.
1971 1738 2101 1796 Inde

519 1828 607 1884 illa
635 1831 813 1885 omnia
838 1841 958 1886 nata
978 1840 1103 1886 sunt
1126 1848 1243 1901 qua:
1269 1848 1421 1887 novre
1445 1831 1745 1887 Academiae
1774 1832 2094 1903 tribuuntur,

518 1921 641 1991 quia
661 1937 843 1977 eorum
870 1924 1241 1979 necessitatem
1266 1933 1472 1979 veteres
1501 1938 1605 1979 non
1634 1922 1919 1978 habebant.

592 2012 679 2066 59.
707 2012 859 2080 Quod
887 2012 932 2067 si
955 2013 1102 2067 Zeno
1124 2012 1521 2084 expergefactus
1545 2022 1686 2068 esset
1704 2013 2009 2084 aliquando,
2043 2022 2100 2069 et

521 2103 921 2174 vidissetneque
937 2105 1219 2174 quidquam
1234 2106 1608 2175 comprehendi
1624 2120 1801 2175 posse,
1822 2107 1921 2160 nisi
1943 2108 2100 2176 quale

522 2196 634 2263 ipse
658 2196 961 2261 definiebat,
986 2212 1156 2266 neque
1179 2200 1280 2252 tale
1303 2199 1499 2269 aliquid
1526 2200 1578 2252 in
1603 2201 1915 2268 corporibus
1940 2215 2099 2270 posse

519 2285 780 2353 inveniri,
811 2288 999 2357 quibus
1035 2288 1124 2343 ille
1167 2288 1427 2344 tribuebat
1455 2290 1666 2356 omnia;
1714 2292 1840 2346 olim
1878 2305 2099 2361 prorsus

519 2373 620 2428 hoc
672 2391 838 2445 genus
878 2377 1289 2448 disputationum
1314 2419 1330 2445 ,
1372 2379 1514 2448 quod
1555 2396 1744 2451 magna
1781 2383 2099 2440 necessitate

522 2464 872 2535 ﬂagraverat,
917 2467 1101 2524 fuisset
1142 2469 1479 2524 exstinctum.
1540 2472 1645 2527 Sed
1685 2472 1829 2528 Zeno
1872 2474 2100 2543 imagine

522 2560 835 2614 constantia:
872 2560 1124 2630 deceptus
1144 2604 1158 2626 ,
1202 2570 1260 2616 ut
1289 2563 1418 2632 ipsis
1442 2563 1773 2620 Academicis
1802 2566 2095 2633 videbatur,

522 2665 623 2705 nec
653 2652 783 2705 mihi
823 2653 983 2707 etiam
1012 2668 1119 2709 non
1144 2655 1384 2723 videtur,
1426 2656 1663 2725 pertinax
1696 2656 1795 2712 fuit
1822 2677 1834 2712 :
1864 2658 2101 2728 fidesque

527 2740 614 2794 illa
641 2756 924 2810 corporum
953 2745 1248 2813 perniciosa
1269 2761 1483 2817 quoque
1503 2747 1662 2802 modo
1694 2750 1861 2817 potuit
1876 2750 2101 2819 pervixit

525 2830 578 2885 in
600 2832 974 2903 Chrysippum,
993 2836 1081 2905 qui
1108 2836 1155 2890 ei
1178 2836 1321 2904 (nam
1347 2838 1577 2893 maxime
1602 2840 1849 2911 poterat),
1883 2857 2101 2912 magnas

523 2921 664 2976 vires
707 2923 865 2978 latius
896 2939 955 2980 se
999 2926 1324 2981 diffundendi
1369 2928 1558 2994 dabat;
1608 2928 1803 2986 nisi'ex
1838 2932 1924 2987 illa
1954 2943 2102 3002 parte

528 3008 832 3067 Carneades
861 3015 1033 3070 acrior
1068 3024 1122 3070 et
1163 3017 1462 3087 vigilantior
1490 3021 1852 3088 superioribus
1894 3025 2100 3079 caeteris

525 3103 598 3158 ita
624 3106 925 3172 restitisset,
952 3117 1011 3162 ut
1031 3110 1193 3164 mirer
1219 3111 1361 3165 illam
1387 3112 1690 3182 opinionem
1717 3116 1914 3183 aliquid
1941 3120 2103 3172 etiam

524 3203 706 3263 postea
729 3197 975 3253 valuisse.
1013 3199 1251 3269 Namque
1270 3201 1572 3259 Carneades
1596 3206 1766 3274 primo
1787 3206 1931 3260 illam
1959 3209 2105 3262 velut

524 3286 881 3342 calumniandi
918 3290 1297 3361 impudentiam
1322 3335 1337 3361 ,
1382 3310 1485 3364 qua
1526 3297 1739 3351 videbat
1774 3298 2102 3356 Archesilam

526 3393 633 3432 non
693 3381 1029 3438 mediocriter
1084 3384 1432 3452 infamatum,
1480 3388 1752 3458 deposuit;
1803 3406 1872 3446 ne
1918 3402 2103 3448 contra

526 3469 701 3522 omnia
726 3471 863 3526 velle
874 3471 1051 3528 dicere
1070 3476 1218 3544 quasi
1240 3478 1607 3534 ostentationis
1624 3495 1783 3537 causa
1800 3482 2068 3538 videretur
2088 3502 2100 3538 :

527 3559 620 3613 sed
642 3560 786 3628 ipsos
806 3564 1018 3632 proprie
1038 3565 1137 3619 sibi
1167 3566 1394 3633 Stoicos,
1419 3577 1575 3639 atque
1598 3570 1952 3643 Chrysippum
1976 3590 2105 3630 con-

525 3649 798 3705 vellendas
823 3655 1243 3726 evertendosque
1269 3661 1559 3728 proposuit.

563 3740 786 3797 CAPUT
818 3744 1001 3799 XVIII.
1033 3778 1104 3787 —
1134 3749 1397 3813 Quomodo
1428 3753 1684 3820 probabile
1722 3757 1981 3812 inductum
2006 3760 2069 3813 ab

1155 3839 1483 3897 Academicis.

598 3926 689 3997 40.
760 3927 958 3982 Deinde
1003 3945 1123 3984 cum
1174 3934 1403 4003 undique
1451 3947 1815 4006 premeretur,
1873 3942 1918 3995 si
1972 3943 2103 3998 nulli

532 4017 608 4070 rei
670 4027 813 4074 esset
857 4034 1104 4077 assensus
1118 4065 1141 4099 θ
1192 4026 1317 4079 nihil
1365 4036 1602 4082 acturum
1644 4045 1763 4085 esse
1808 4034 2101 4102 sapientem

528 4111 584 4178 (ο
617 4106 881 4163 hominem
914 4110 1103 4165 mirum
1137 4123 1292 4183 atque
1317 4115 1450 4171 adeo
1481 4134 1583 4173 non
1612 4120 1840 4176 mirum!
1882 4124 1948 4177 ab
1973 4124 2102 4193 ipsis

530 4198 673 4251 enim
709 4198 944 4254 Platonis
977 4201 1207 4258 fontibus
1235 4207 1597 4280 profluebat);
1639 4211 1864 4267 attendit
1888 4216 2101 4283 sapien-

526 4298 609 4343 ter
636 4291 820 4359 quales
846 4291 917 4346 illi
948 4295 1181 4351 actiones
1208 4296 1514 4366 probarent,
1542 4316 1737 4373 easque
1759 4306 1937 4359 nescio
1965 4323 2099 4377 qua-

526 4397 643 4435 rum
673 4399 913 4438 verarum
939 4387 1139 4444 similes
1177 4390 1361 4447 videns
1386 4433 1399 4452 .
1433 4393 1483 4447 id
1522 4396 1662 4465 quod
1691 4396 1742 4451 in
1776 4397 1875 4453 hoc
1903 4402 2100 4455 mundo

524 4470 591 4525 ad
622 4473 880 4541 agendum
921 4488 1232 4547 sequeretur
1253 4521 1269 4547 ,
1316 4483 1424 4537 veri
1452 4485 1623 4541 simile
1649 4488 1954 4545 nominavit.
2001 4492 2097 4546 Cui

524 4562 668 4617 enim
707 4574 848 4619 esset
877 4567 1045 4621 simile
1070 4581 1123 4623 et
1150 4572 1313 4639 perite
1338 4584 1490 4629 norat
1513 4616 1526 4638 ,
1556 4586 1609 4632 et
1637 4578 1924 4647 prudenter
1952 4590 2097 4652 tege—

521 4653 644 4721 bat,
682 4653 839 4723 idque
866 4657 1026 4713 etiam
1053 4661 1322 4728 probabile
1363 4667 1680 4736 appellabat.
1724 4669 1920 4726 Probat
1954 4673 2096 4728 enim

521 4744 659 4799 bene
700 4744 1023 4817 imaginem,
1070 4752 1306 4822 quisquis
1346 4756 1459 4824 ejus
1502 4758 1736 4813 intuetur
1772 4764 2093 4833 exemplum.

518 4837 797 4902 Quomodo
813 4841 953 4895 enim
970 4844 1227 4913 approbat
1250 4847 1456 4916 sapiens
1476 4851 1515 4916 ¹,
1545 4855 1909 4923 autquomodo
1926 4857 2098 4913 simile

518 4932 759 5000 sequitur
779 4933 910 4999 veri,
928 4950 1047 4989 cum
1066 4937 1234 5005 ipsum
1257 4953 1436 4994 verum
1458 4943 1581 5011 quid
1607 4945 1676 4998 sit
1701 4945 1936 5015 ignoret?
1956 4948 2096 5020 Ergo

521 5021 597 5076 illi
618 5033 828 5088 norant,
860 5028 1285 5096 etapprobabant
1308 5029 1435 5086 falsa
1466 5033 1517 5087 in
1544 5035 1733 5104 quibus
1749 5028 2095 5097 imitationem

523 5112 843 5170 laudabilem
875 5132 1051 5172 rerum
1086 5133 1330 5174 verarum
1371 5123 1859 5182 animadvertebant
1886 5128 2033 5197 (Lib.
2064 5130 2090 5183 I

518 5203 778 5265 Κειταει..
798 5224 909 5276 cap.
929 5208 1157 5281 1,η.’4).
1184 5210 1287 5266 Sed
1315 5214 1432 5281 quia
1459 5214 1560 5270 hoc
1587 5225 1833 5287 tanquam
1859 5220 2095 5289 profanis

525 5308 623 5347 nec
649 5295 744 5359 fas,
769 5313 865 5351 nec
894 5298 1048 5354 facile
1076 5310 1191 5356 erat
1218 5304 1534 5370 ostendere;
1564 5308 1891 5378 reliquerunt
1915 5321 2095 5380 poste-

523 5384 618 5446 ris,
647 5392 701 5437 et
714 5387 905 5453 quibus
925 5390 1013 5444 illo
1030 5401 1268 5461 tempore
1290 5404 1591 5464 potuerunt,
1610 5399 1813 5469 signum
1829 5403 2093 5472 quoddam

528 5476 805 5531 sententize
830 5492 961 5535 sum.
987 5480 1110 5537 Illos
1135 5494 1312 5540 autem
1336 5485 1473 5543 bene
1500 5487 1802 5547 dialecticos
1825 5491 1892 5548 de
1917 5494 2095 5550 verbis

590 5626 605 5663 '
628 5634 677 5678 In
701 5638 808 5681 octo
831 5641 955 5697 Mam,
995 5642 1229 5699 Quomodo
1250 5656 1362 5707 ergo
1384 5644 1502 5696 nihil
1523 5648 1752 5711 approbat
1771 5651 1972 5715 sapiens.

1174 247 1449 308 CONTRA
1488 240 1935 305 ACADEMICOS,
1976 236 2035 295 S.
2073 238 2440 300 AUGUSTINI
2497 245 2699 302 LIBER
2748 248 3063 307 TERTIUS.

3687 261 3791 319 956

2211 370 2428 413 movere
2451 360 2797 428 quaestionem
2846 362 3161 420 insultantes
3198 365 3590 442 irridentesque
3613 375 3792 443 prohi-

2209 443 2424 500 bcbanl.
2455 448 2536 503 Ob
2561 448 2660 503 hoc
2680 451 2871 506 dicitur
2887 453 3187 511 Carneades
3211 459 3371 514 etiam
3390 463 3558 518 tertia:
3588 465 3793 522 Acade-

2209 539 2329 592 miae
2358 543 2603 613 princeps
2636 552 2794 613 atque
2816 556 2999 601 auctor
3024 548 3206 606 fuisse.

2280 630 2369 683 41.
2400 631 2602 688 Deinde
2631 634 2683 688 in
2715 645 2954 691 nostrum
2970 638 3200 695 Tullium
3227 644 3493 701 conﬂictio
3512 647 3614 703 ista
3634 648 3795 704 dura-

2210 720 2285 774 vit
2310 762 2323 785 ,
2349 722 2458 791 jam
2484 725 2640 793 plane
2666 727 2845 782 saucia
2872 738 2925 783 et
2952 732 3139 787 ultimo
3160 735 3349 804 spiritu
3378 737 3568 795 latinas
3586 740 3796 799 litteras

2210 811 2473 868 inflatura.
2514 816 2644 872 Nam
2671 820 2803 874 nihil
2829 823 2959 876 mihi
2989 824 3197 881 videtur
3221 828 3479 896 inﬂatius,
3504 849 3666 903 quam
3687 845 3791 891 tam

2208 907 2374 961 multa
2402 912 2769 992 copiosissime
2796 925 2953 985 atque
2990 921 3325 977 ornatissime
3349 923 3559 992 dicere,
3590 943 3701 983 non
3722 930 3793 986 ita

2208 987 2547 1054 sentientem.
2574 1002 2776 1069 Quibus
2801 1014 2976 1061 tamen
2992 1010 3165 1065 ventis
3190 1011 3375 1069 feneus
3393 1016 3480 1071 ille
3494 987 3792 1087 platonicus

2207 1089 2503 1145 Antiochus
2547 1094 2709 1159 satis,
2756 1104 2816 1149 ut
2859 1097 2988 1151 mihi
3017 1099 3265 1169 videtur,
3315 1104 3601 1175 dissipatus
3629 1119 3793 1180 atque

2206 1179 2478 1249 dispersus
2516 1192 2617 1238 est.
2666 1185 2798 1241 Nam
2842 1188 3222 1258 Epicureorum
3262 1210 3450 1267 greges
3497 1200 3549 1253 in
3597 1202 3793 1258 animis

2205 1270 2577 1328 deliciosorum
2626 1278 2939 1345 populorum
2990 1283 3168 1351 aprica
3222 1286 3427 1341 stabula
3473 1303 3789 1357 posuerunt.

2205 1359 2410 1431 Quippe
2435 1364 2729 1421 Antiochus
2758 1369 2994 1425 Philonis
3018 1372 3247 1440 auditor,
3272 1375 3506 1431 hominis
3532 1390 3794 1448 quantum

2204 1453 2435 1508 arbitror
2476 1456 3034 1527 circumspectissimi,
3086 1465 3175 1533 qui
3215 1468 3325 1534 jam
3372 1469 3533 1523 veluti
3579 1472 3796 1539 aperire

2204 1542 2514 1599 cedentibus
2542 1546 2782 1603 hostibus
2827 1559 3006 1619 portas
3030 1565 3303 1623 coeperat,
3348 1564 3403 1612 et
3438 1559 3504 1611 ad
3548 1560 3793 1617 Platonis

2202 1634 2572 1690 auctoritatem
2616 1638 2954 1695 Academiam
3002 1643 3248 1714 legesque
3287 1662 3571 1716 revocare;
3620 1667 3793 1721 quan-

2203 1738 2361 1792 quam
2390 1733 2442 1779 et
2466 1726 2795 1785 Metrodorus
2837 1729 2889 1784 id
2923 1741 3079 1787 antea
3109 1734 3283 1791 facere
3320 1746 3651 1807 tentaverat,
3694 1744 3791 1812 qui

2203 1814 2405 1882 primus
2429 1816 2623 1871 dicitur
2642 1833 2763 1873 esse
2786 1820 3083 1889 confessus,
3111 1839 3214 1879 non
3232 1826 3450 1883 decreto
3477 1831 3494 1860 ¹
3525 1831 3792 1900 placuisse

2202 1904 2535 1962 Academicis
2572 1910 2700 1963 nihil
2732 1926 2889 1979 posse
2918 1915 3332 1985 comprehendi,
3365 1920 3458 1975 sed
3484 1926 3803 1980 necessario

2201 2006 2385 2052 contra
2411 1999 2618 2057 Stoicos
2649 2003 2948 2073 hujusmodi
2970 2022 3063 2062 eos
3088 2024 3235 2065 arma
3262 2016 3552 2084 sumpsisse
3585 2035 3600 2071 :
3629 2018 3795 2088 igitur

2202 2090 2533 2160 Antiochus,
2587 2104 2646 2150 ut
2689 2097 3021 2154 institueram
3060 2102 3277 2171 dicere,
3322 2108 3514 2163 auditis
3562 2108 3795 2167 Philone

2202 2181 2526 2247 academico,
2555 2194 2608 2239 et
2637 2187 2947 2244 Mnesarcho
2968 2192 3156 2257 stoico,
3186 2194 3240 2248 in
3263 2195 3606 2254 Academiam
3639 2211 3792 2257 vete-

2202 2288 2337 2340 rem,
2368 2277 2517 2344 quasi
2548 2293 2763 2333 vacuam
2784 2279 3173 2347 defensoribus,
3199 2294 3253 2339 et
3279 2288 3429 2357 quasi
3455 2290 3600 2345 nullo
3627 2292 3790 2348 hoste

2202 2377 2465 2432 securam,
2498 2368 2640 2423 velut
2670 2370 2880 2438 adjutor
2894 2381 2949 2427 et
2975 2374 3105 2429 civis
3132 2375 3435 2446 irrepserat,
3458 2382 3641 2436 nescio
3660 2384 3795 2453 quid

2202 2454 2436 2512 inferens
2460 2460 2583 2513 mali
2621 2460 2689 2515 de
2722 2460 3023 2518 Stoicorum
3050 2466 3319 2523 cineribus
3340 2509 3353 2534 ,
3382 2472 3522 2540 quod
3550 2460 3796 2529 Platonis

2202 2548 2341 2602 adita
2387 2550 2629 2606 violaret.
2673 2552 2779 2608 Sed
2804 2554 2928 2609 huic
2970 2558 3200 2626 arreptis
3246 2558 3434 2614 iterum
3483 2563 3585 2617 illis
3624 2566 3805 2620 armis

2203 2650 2259 2695 et
2284 2642 2470 2697 Pbilon
2494 2645 2873 2702 restititdonec
2898 2659 3214 2716 moreretur,
3238 2661 3292 2706 et
3310 2667 3498 2709 omnes
3524 2654 3640 2724 cjus
3668 2658 3801 2711 reli-

2204 2734 2353 2803 quias
2375 2735 2575 2791 Tullius
2595 2747 2779 2792 noster
2802 2741 3085 2809 oppressit,
3113 2757 3171 2797 se
3189 2743 3310 2798 vivo
3336 2745 3617 2814 impatiens
3644 2748 3799 2804 labe-

2204 2822 2391 2878 factari
2413 2826 2494 2881 vel
2522 2829 2868 2883 contaminari
2894 2831 3147 2902 quidquid
3173 2836 3459 2891 amavisset
3482 2855 3494 2889 :
3517 2838 3652 2893 adeo
3668 2850 3800 2908 post

2205 2916 2292 2970 illa
2336 2925 2575 2986 tempora
2619 2935 2726 2973 nou
2773 2921 2931 2992 longo
2979 2923 3258 2980 intervallo
3298 2928 3444 2982 omni
3491 2932 3800 2997 pervicacia

2207 3009 2603 3080 pertinaciaque
2647 3012 2955 3083 demortua,
3006 3031 3066 3072 os
3106 3017 3231 3072 illud
3274 3017 3509 3076 Platonis
3548 3024 3692 3092 quod
3743 3025 3798 3078 in

2209 3101 2537 3170 philosophia
2563 3104 2993 3174 purgatissimum
3010 3116 3161 3163 estet
3186 3110 3588 3179 lucidissimum,
3618 3115 3802 3168 dimo-

2209 3190 2274 3244 tis
2306 3193 2534 3248 nubibus
2567 3197 2764 3250 erroris
2792 3198 3040 3264 emicuit,
3075 3200 3305 3257 maxime
3336 3203 3389 3257 in
3414 3203 3656 3271 Plotino,
3700 3209 3799 3277 qui

2210 3282 2506 3350 platouieus
2534 3284 2876 3357 philosophus
2904 3289 2973 3342 ita
3003 3290 3118 3359 ejus
3157 3292 3347 3347 similis
3380 3294 3652 3364 judicatus
3685 3308 3799 3364 est,

2208 3382 2267 3428 ut
2292 3375 2449 3430 simul
2475 3392 2569 3433 eos
2589 3379 2804 3446 vixisse,
2830 3389 3034 3436 tantum
3056 3392 3231 3439 autem
3258 3385 3513 3442 interest’
3536 3390 3802 3459 temporis

2210 3475 2268 3520 ut
2294 3466 2343 3520 in
2376 3466 2477 3521 hoc
2503 3468 2593 3523 ille
2618 3470 2872 3526 revixisse
2898 3473 3157 3542 putandus
3186 3475 3274 3530 sit.

2320 3557 2548 3615 CAPUT
2586 3561 2732 3616 XIX.
2756 3593 2825 3603 —
2855 3564 2914 3617 Μ
2918 3565 3136 3637 ultiplea:
3157 3569 3496 3641 philosophia:
3515 3589 3692 3644 genus.

2278 3648 2369 3703 42.
2422 3649 2609 3721 Itaque
2652 3670 2795 3709 nunc
2839 3656 3184 3728 philosOphos
3224 3677 3329 3716 non
3376 3662 3486 3719 fere
3525 3664 3795 3730 videmus,

2207 3740 2308 3795 nisi
2346 3749 2439 3795 aut
2484 3743 2712 3813 Cynicos
2758 3756 2850 3800 aut
2888 3748 3268 3819 Peripateticos
3319 3763 3411 3808 aut
3454 3755 3795 3811 Platonicos:

2206 3843 2261 3889 ct
2283 3835 2511 3907 Cynicos
2548 3837 2758 3906 quidem
2780 3881 2793 3905 ,
2840 3841 2960 3909 quia
2988 3857 3081 3897 eos
3112 3844 3238 3897 vitae
3280 3846 3519 3915 quaedam
3561 3847 3799 3902 delectat

2207 3926 2423 3982 libertas
2457 3937 2618 3998 atque
2656 3930 2886 3985 licentia.
2934 3933 3088 3998 Quod
3129 3942 3306 3990 autem
3338 3936 3404 3990 ad
3431 3936 3793 3993 eruditionem

2207 4016 2609 4088 doctrinamque
2660 4021 2885 4089 attinet,
2932 4033 2986 4077 et
3031 4039 3209 4095 mores
3258 4026 3451 4094 quibus
3495 4029 3797 4083 consulitur

2205 4106 2418 4173 animae,
2451 4109 2573 4177 quia
2604 4124 2708 4164 non
2740 4110 3021 4166 defuerunt
3051 4113 3339 4169 acutissimi
3370 4123 3424 4169 et
3452 4116 3794 4173 solertissimi

2205 4197 2325 4261 viri,
2356 4198 2444 4267 qui
2474 4198 2729 4254 docerent
2751 4200 3193 4270 disputationibus
3218 4205 3328 4259 suis
3358 4206 3697 4261 Aristotelem
3724 4224 3794 4263 ac

2203 4289 2479 4346 Platonem
2510 4292 2578 4346 ita
2605 4293 2704 4346 sibi
2747 4294 3057 4361 concinere,
3104 4304 3163 4350 ut
3203 4297 3461 4367 imperitis
3502 4300 3794 4371 minusque

2203 4381 2421 4436 attentis
2449 4380 2731 4436 dissentire
2760 4382 3065 4451 videantur;
3116 4387 3293 4442 multis
3329 4388 3543 4457 quidem
3576 4392 3792 4446 szeculis

2203 4471 2491 4541 multisque
2519 4474 2967 4542 contentionibus,
3000 4476 3094 4531 sed
3121 4485 3295 4532 tamen
3324 4478 3553 4551 cliquata
3585 4490 3692 4547 est,
3724 4490 3790 4537 ut

2198 4564 2391 4631 opinor
2414 4604 2430 4629 ,
2477 4581 2581 4619 una
2609 4566 2900 4622 verissima;
2943 4569 3290 4638 philosophia:
3316 4571 3613 4641 disciplina.
3664 4573 3791 4629 Non

2202 4656 2344 4710 enim
2371 4664 2454 4710 est
2490 4658 2587 4711 ista
2632 4657 2788 4727 hujus
2816 4660 2998 4715 mundi
3037 4660 3399 4731 philosophia,
3442 4679 3598 4733 quam
3629 4679 3787 4719 sacra

2199 4756 2381 4801 nostra
2407 4748 2747 4803 meritissime
2785 4751 3134 4818 detestantur,
3167 4752 3260 4807 sed
3286 4754 3786 4827 alteriusintelligi-

2198 4837 2321 4893 bilis
2343 4855 2357 4903 ;
2386 4839 2469 4893 cui
2490 4840 2693 4896 animas
2712 4842 3121 4898 multiformibus
3140 4845 3339 4900 erroris
3364 4846 3597 4901 tenebris
3613 4862 3787 4901 cazca-

2201 4938 2300 4994 tas,
2326 4937 2381 4985 et
2406 4931 2677 4987 altissimis
2702 4948 2732 4986 a
2753 4949 2976 5002 corpore
3003 4933 3247 4990 sordibus
3267 4935 3478 5001 oblitas,
3509 4953 3783 5007 nunquam

2199 5022 2299 5077 ista
2329 5023 2465 5077 ratio
2494 5024 2838 5079 subtilissima
2883 5036 3156 5081 revocaret
3181 5067 3195 5088 ,
3241 5027 3342 5082 nisi
3370 5044 3611 5084 summus
3636 5029 3786 5085 Deus

2200 5116 2441 5184 populari
2473 5115 2699 5184 quadam
2726 5116 3003 5171 clementia
3035 5116 3196 5171 divini
3222 5118 3519 5173 intellectus
3543 5119 3782 5174 auctori-

2200 5216 2360 5261 tatem
2394 5224 2563 5278 usque
2602 5208 2668 5263 ad
2695 5207 2866 5278 ipsum
2897 5224 3091 5280 corpus
3135 5210 3423 5266 humanum
3464 5212 3780 5280 declinaret,

2197 5308 2356 5369 atque
2403 5299 2767 5366 submitteret;
2815 5301 2965 5372 cujus
3010 5317 3116 5356 non
3143 5304 3315 5357 solum
3358 5306 3654 5374 praeceptis,
3683 5306 3779 5360 sed

2202 5393 2363 5445 etiam
2394 5393 2546 5447 factis
2578 5395 2819 5449 excitata:
2856 5396 3046 5450 anima:
3077 5395 3252 5452 redire
3275 5398 3328 5451 in
3360 5400 3691 5470 semctipsos,
3722 5411 3778 5456 et

2263 5590 2275 5620 ι
2306 5595 2351 5636 In
2376 5596 2479 5640 Mss.
2506 5602 2654 5651 prope
2676 5592 2898 5640 omnibus
2914 5589 3111 5654 legitur,
3134 5606 3225 5649 non
3245 5593 3305 5644 dc
3329 5602 3472 5647 recte.

2262 5656 2280 5685 ι
2310 5660 2550 5707 Interesse,
2579 5655 2715 5714 juxta
2743 5659 2815 5706 Fr.
2835 5661 2950 5702 Ven.
2983 5663 3033 5701 st.
