4096 6368
1047 247 3499 509 sm

1560 573 2323 657 HIPPONENSIS
2357 570 2890 655 EPISCOPI

1242 729 1565 887 DE
1671 721 2473 885 BEATA
2587 724 3166 886 VITA

1732 948 2207 1058 LIBER
2315 947 2756 1057 UNU‘S.

633 1140 895 1190 'l‘riduanas
917 1140 995 1189 hic
1018 1139 1143 1195 liber
1165 1136 1500 1199 complectitur
1523 1135 1875 1199 diSputationes
1896 1132 2144 1182 Theodoro
2159 1112 2488 1193 nuncupatas;
2513 1132 2691 1194 quibus
2715 1144 2776 1182 eo
2798 1130 2995 1182 demum
3018 1143 3103 1182 res
3117 1130 3236 1194 abit,
3257 1137 3314 1182 ut
3334 1131 3529 1185 beatam
3564 1134 3715 1186 vitam
3751 1148 3847 1187 non

568 1203 660 1255 nisi
681 1203 731 1250 in
754 1202 972 1264 perfecta
994 1203 1081 1251 Dei
1097 1195 1373 1263 cognitione
1395 1195 1664 1248 consistere
1686 1195 1959 1245 deﬁniatur.

1566 1312 2131 1345 >——————-I=

564 1420 789 1477 CAPUT
827 1422 1180 1478 PRIMUM.—
1203 1420 1474 1492 Praefatio.
1504 1418 1654 1472 Dicat
1667 1417 1847 1471 librum
1865 1413 2144 1480 Theodoro,

634 1514 776 1581 eique
800 1516 962 1585 aperit
991 1514 1169 1585 quibus
1196 1513 1351 1568 veluti
1375 1512 1530 1567 ventis
1559 1510 1626 1563 ad
1654 1508 1942 1563 christianos
1979 1505 2148 1577 philo-

634 1606 827 1676 sophia:
851 1616 1053 1676 portum
1080 1605 1328 1676 impulsus
1347 1605 1408 1658 sit
1418 1643 1430 1656 .
1463 1602 1673 1656 Occasio
1694 1597 2071 1671 disputationis.

639 1699 691 1753 l.
721 1698 778 1753 Si
809 1698 873 1753 ad
899 1697 1249 1768 philosophize
1275 1705 1508 1766 portum,
1540 1693 1608 1749 de
1635 1707 1739 1764 quo
1758 1692 1870 1762 jam
1898 1690 1949 1745 in
1981 1689 2149 1744 beata:

562 1787 686 1843 vitm
709 1788 975 1857 regionem
1001 1787 1278 1857 solumque
1312 1783 1635 1855 proceditur,
1664 1782 1746 1836 vir
1770 1780 2151 1835 humanissime

564 1889 726 1950 atque
753 1894 964 1949 magne,
992 1879 1294 1943 Theodore,
1332 1876 1536 1932 ratione
1565 1874 1834 1929 institutus
1860 1885 2066 1937 cursus,
2095 1879 2151 1926 et

560 1971 806 2024 voluntas
842 1969 955 2039 ipsa
984 1967 1330 2038 perduceret;
1366 1965 1546 2020 nescio
1573 1973 1746 2018 utrum
1772 1970 1974 2017 temere
1998 1962 2150 2015 dixe-

563 2060 664 2114 rim
687 2102 703 2127 ,
732 2060 899 2113 multo
924 2059 1145 2113 minoris
1171 2057 1373 2112 numeri
1399 2055 1644 2111 homines
1670 2053 1737 2109 ad
1775 2068 1897 2109 eum
1925 2067 2150 2122 perven-

562 2162 708 2206 turos
732 2150 914 2215 fuisse,
957 2148 1197 2219 quamvis
1227 2162 1368 2202 nunc
1401 2161 1632 2217 quoque,
1664 2153 1722 2199 ut
1748 2143 2011 2209 videmus,
2041 2141 2149 2197 rari

561 2240 845 2295 admodum
870 2238 1130 2309 paucique
1164 2236 1498 2308 perveniant.
1540 2234 1673 2290 Cum
1717 2234 1860 2288 enim
1904 2234 1961 2287 in
2010 2233 2152 2287 hunc

560 2329 840 2397 mundum,
869 2329 981 2383 sive
1003 2328 1166 2393 Deus,
1195 2328 1306 2383 sive
1331 2334 1539 2393 natura,
1563 2326 1674 2381 sive
1697 2324 2008 2392 necessitas,
2038 2323 2151 2379 sive

560 2422 806 2476 voluntas
835 2430 1036 2485 nostra,
1062 2421 1174 2475 sive
1198 2419 1479 2489 conjuncta
1504 2419 1695 2474 horum
1717 2419 1915 2489 aliqua,
1944 2419 2055 2473 sive
2079 2418 2152 2473 si-

562 2511 674 2565 mul
704 2511 880 2564 omnia
910 2509 1031 2581 (res
1066 2510 1208 2565 enim
1248 2510 1469 2565 multum
1517 2509 1743 2565 obscura
1785 2518 1906 2575 est,
1946 2509 2039 2564 sed
2069 2517 2149 2563 ta-

557 2614 681 2655 men
701 2615 732 2654 a
760 2607 813 2653 te
836 2599 944 2669 jam
968 2598 1275 2654 illustranda
1295 2597 1575 2670 suscepta)
1608 2598 1772 2653 veluti
1800 2598 1854 2653 in
1883 2598 2149 2667 quoddam

557 2688 916 2758 procellosum
943 2688 1113 2743 salum
1150 2703 1248 2743 nos
1275 2688 1426 2758 quasi
1468 2695 1668 2742 temere
1695 2687 1998 2758 passimque
2025 2703 2147 2757 pro-

560 2780 785 2849 jecerit;
816 2781 1233 2849 quotusquisque
1258 2788 1607 2851 cognosceret
1626 2795 1731 2850 quo
1755 2778 1857 2835 sibi
1877 2779 2148 2835 nitendum

561 2878 726 2937 esset,
776 2885 947 2940 quave
990 2870 1341 2938 redeundum,
1377 2871 1491 2926 nisi
1538 2871 1825 2941 aliquando
1861 2880 1917 2926 et
1957 2872 2150 2927 invitos

560 2969 855 3029 contraque
894 2960 1194 3016 obnitentes
1234 2962 1408 3031 aliqua
1449 2970 1735 3031 tempestas
1758 3001 1775 3029 ,
1819 2977 1938 3032 quae
1974 2963 2151 3019 stultis

559 3052 769 3107 videtur
801 3052 1021 3107 adversa
1046 3094 1063 3118 ,
1101 3055 1155 3108 in
1198 3054 1587 3124 optatissimam
1628 3062 1824 3109 terram
1853 3055 2151 3112 nescientes

561 3153 907 3214 errantesque
935 3145 1341 3216 compingeret?

628 3233 683 3287 2.
707 3232 869 3303 Igitur
884 3235 1157 3291 hominum
1177 3250 1311 3307 quos
1331 3236 1665 3307 philosophia
1687 3244 1860 3307 potest
1882 3237 2147 3305 accipere,

559 3327 661 3381 tria
699 3328 849 3396 quasi
893 3328 1252 3397 navigantium
1299 3343 1501 3398 genera
1546 3328 1677 3383 mihi
1719 3328 1905 3383 videor
1944 3329 2145 3384 videre.

559 3417 735 3475 Unum
763 3427 847 3474 est
872 3434 1080 3486 eorum,
1109 3434 1244 3491 quos
1273 3420 1365 3475 ubi
1390 3429 1522 3475 tetas
1548 3434 1767 3489 compos
1801 3420 2026 3475 rationis
2063 3434 2153 3475 as-

559 3513 865 3581 sumpserit,
886 3528 1049 3583 parvo
1068 3514 1272 3583 impetu
1298 3512 1558 3583 pulsuque
1578 3527 1850 3567 remorum
1879 3511 1947 3566 de
1971 3512 2152 3581 proxi-

560 3618 650 3657 mo
676 3603 910 3674 fugiunt,
949 3619 1173 3675 seseque
1216 3605 1456 3660 condunt
1495 3606 1547 3659 in
1588 3604 1677 3659 illa
1725 3605 2104 3674 tranquillitate
2128 3645 2145 3671 ,

557 3694 698 3749 unde
722 3696 931 3750 caneris
971 3695 1177 3749 civibus
1215 3696 1406 3765 quibus
1446 3703 1699 3765 possunt,
1746 3709 1852 3765 quo
1890 3693 2148 3748 admoniti

558 3795 816 3841 conentur
862 3786 929 3841 ad
970 3802 1062 3853 se,
1105 3786 1489 3843 lucidissimum
1537 3788 1745 3857 signum
1791 3785 1876 3840 sui
1921 3786 2147 3854 alicujus

559 3877 737 3946 aperis
763 3877 991 3947 erigunt.
1024 3878 1266 3931 Alterum
1292 3892 1420 3932 vero
1445 3885 1756 3943 esteorum,
1780 3876 2148 3946 superiorique

558 3966 904 4032 contrarium,
936 3965 1026 4035 qui
1056 3964 1395 4020 fallacissima
1423 3965 1556 4020 facie
1585 3966 1749 4020 maris
1772 3965 1998 4035 decepti,
2029 3967 2144 4021 ele-

562 4066 754 4127 gerunt
798 4057 850 4110 in
890 4057 1124 4111 medium
1167 4058 1452 4126 progredi,
1483 4058 1741 4129 longeque
1781 4072 1812 4112 a
1840 4073 1933 4113 sua
1972 4060 2146 4129 patria

563 4148 887 4219 peregrinari
913 4148 1129 4215 audent,
1160 4158 1211 4203 et
1234 4164 1376 4218 saepe
1401 4148 1516 4218 ejus
1538 4148 1936 4204 obliviscuntur.
1966 4149 2074 4206 Hos
2098 4150 2143 4206 si

562 4239 745 4294 nescio
774 4254 880 4309 quo
911 4247 966 4293 et
1009 4239 1167 4294 nimis
1209 4239 1406 4295 latente
1447 4239 1605 4296 modo
1646 4256 1675 4295 a
1707 4240 1866 4310 puppi
1912 4250 2139 4308 ventus,

560 4343 719 4398 quem
744 4343 1054 4398 prosperum
1086 4338 1290 4399 putant,
1316 4329 1471 4386 fuerit
1498 4341 1832 4401 prosecutus,
1865 4338 2142 4399 penetrant

557 4419 611 4476 in
634 4419 887 4474 altissima
926 4420 1258 4477 miseriarum
1288 4422 1408 4478 elati
1448 4432 1603 4492 atque
1643 4422 1933 4493 gaudentes
1956 4464 1971 4489 ,
2001 4423 2140 4492 quod

558 4509 637 4564 eis
686 4524 1060 4580 usquequaque
1111 4510 1449 4566 fallacissima
1498 4513 1757 4567 serenitas
1812 4512 2139 4582 voluptatum

557 4598 925 4670 honorumque
948 4601 1234 4656 blanditur.
1259 4603 1351 4657 llis
1378 4602 1611 4672 profecto
1636 4602 1760 4673 quid
1786 4603 1927 4657 aliud
1954 4612 2141 4674 optan-

552 4689 678 4745 dum
706 4698 789 4744 est
813 4732 828 4757 ,
860 4706 1013 4761 quam
1053 4692 1293 4762 quaedam
1332 4693 1383 4747 in
1414 4692 1518 4746 illis
1545 4694 1704 4747 rebus
1728 4707 1758 4746 a
1786 4693 1977 4763 quibus
2011 4692 2140 4765 jacti

553 4783 918 4852 excipiuntur,
956 4785 1321 4856 improspera;
1352 4795 1438 4853 et,
1481 4785 1526 4840 si
1557 4800 1742 4855 parum
1770 4794 1882 4853 est,
1912 4787 2138 4841 steviens

549 4876 766 4931 omnino
792 4884 1098 4947 tempestas,
1121 4878 1498 4945 contrarieque
1519 4875 1657 4931 flans
1685 4885 1892 4944 ventus,
1922 4877 2012 4948 qui
2038 4892 2134 4932 eos

539 4969 601 5022 ad
643 4977 787 5023 certa
817 4976 871 5024 ct
897 4968 1065 5024 solida
1102 4967 1289 5040 gaudia
1312 4969 1362 5035 ⁸,
1412 4968 1495 5023 vel
1533 4967 1723 5025 ﬂentes
1756 4976 2136 5039 gementesque

2139 1303 2236 1350 Θ

2241 1309 2806 1344 ὓ--ς

2255 1413 2548 1483 perducat?
2577 1414 2733 1484 hujus
2761 1417 2969 1485 generis
3000 1426 3174 1472 tamen
3204 1416 3441 1487 plerique
3467 1418 3700 1473 nondum
3727 1418 3848 1475 lon-

2253 1502 2369 1572 gius
2389 1505 2615 1574 evagati,
2638 1505 2953 1575 quibusdam
2980 1522 3089 1560 non
3112 1506 3181 1560 ita
3202 1507 3449 1577 gravibus
3476 1508 3735 1563 molestiis
3760 1525 3847 1564 re-

2253 1593 2532 1649 ducuntur.
2559 1595 2621 1649 Hi
2644 1605 2765 1650 sunt
2787 1596 3048 1660 homines,
3071 1611 3204 1667 quos
3223 1612 3344 1652 cum
3366 1598 3450 1651 vel
3474 1598 3851 1670 lacrymabiles

2253 1687 2525 1757 tragtedize
2563 1686 2894 1743 fortunarum
2922 1705 3136 1744 suarum
3159 1731 3174 1757 ,
3204 1690 3288 1745 vel
3330 1690 3565 1745 inanium
3602 1692 3849 1762 negotiov

2251 1793 2370 1833 rum
2409 1779 2580 1835 anxia:
2619 1780 2992 1848 difficultates,
3038 1782 3188 1851 quasi
3226 1781 3361 1836 nihil
3404 1782 3547 1837 aliud
3588 1782 3855 1839 habentes

2253 1870 2394 1940 quod
2424 1879 2611 1941 agant,
2647 1872 2702 1926 in
2738 1872 2901 1927 libros
2926 1872 3201 1929 doctorum
3228 1874 3851 1946 sapientissimorumque

2254 1959 2531 2016 hominum
2559 1962 2834 2027 truserint,
2873 1964 2924 2017 in
2968 1964 3084 2033 ipso
3121 1965 3514 2034 quodammodo
3552 1976 3707 2036 portu
3737 1967 3853 2023 evi-

2252 2051 2436 2120 gilant,
2466 2052 2607 2109 unde
2634 2053 2753 2108 illos
2780 2054 2921 2109 nulla
2948 2056 3109 2110 maris
3149 2055 3287 2110 illius
3322 2057 3585 2127 promissa
3613 2058 3844 2113 nimium

2254 2139 2387 2196 falso
2417 2142 2640 2198 ridentis
2680 2144 2983 2199 excludant.
3028 2146 3119 2200 Est
3149 2155 3326 2201 autem
3366 2164 3531 2217 genus
3562 2150 3702 2204 inter
3732 2150 3853 2204 ha‘c

2255 2233 2471 2286 tertium
2501 2248 2687 2288 eorum
2710 2274 2725 2297 ,
2766 2234 2857 2305 qui
2886 2236 2968 2290 vel
2996 2237 3047 2290 in
3075 2236 3191 2305 ipso
3215 2238 3586 2294 adolescentiae
3626 2240 3813 2296 limine
3834 2284 3851 2306 ,

2254 2323 2338 2377 vel
2360 2323 2469 2391 jam
2509 2324 2596 2379 diu
2627 2326 2961 2397 multumque
2983 2326 3186 2396 jactati,
3218 2338 3394 2385 tamen
3426 2332 3667 2401 qttzndam
3697 2334 3859 2405 signa

2253 2412 2564 2481 respiciunt,
2608 2423 2662 2471 et
2712 2431 2823 2483 sua:
2864 2418 3185 2474 dulcissimae
3229 2421 3453 2492 patriae,
3499 2425 3748 2493 quamvis
3794 2425 3855 2478 in

2253 2506 2381 2575 ipsis
2406 2506 2653 2564 fluctibus
2675 2510 3022 2565 recordantur
3049 2530 3063 2565 :
3089 2522 3142 2567 et
3163 2521 3252 2566 aut
3270 2521 3416 2569 recto
3437 2529 3591 2569 cursu
3620 2516 3672 2569 in
3699 2517 3865 2572 nullo

2254 2597 2401 2663 falsi,
2436 2608 2490 2654 ct
2517 2600 2644 2655 nihil
2675 2603 2886 2669 morati,
2927 2618 3045 2657 eam
3091 2612 3371 2672 repetunt;
3404 2614 3497 2661 aut
3533 2607 3861 2677 plerumque
3941 2620 3955 2634 '

2255 2689 2339 2742 vel
2371 2690 2509 2744 inter
2535 2692 2713 2746 nubila
2743 2692 3019 2748 deviautes
3039 2735 3054 2760 ,
3083 2694 3169 2747 vel
3207 2696 3499 2765 mergentia
3530 2706 3860 2753 contuentes

2254 2776 2449 2845 sidera,
2480 2779 2563 2834 vel
2589 2780 2857 2835 nonnullis
2879 2781 3139 2836 illecebris
3164 2782 3339 2851 capti,
3368 2783 3521 2837 bona:
3547 2785 3856 2854 navigatio-

2255 2870 2336 2924 nis
2371 2878 2608 2940 tempora
2652 2872 2989 2938 differentes,
3033 2883 3214 2928 errant
3241 2875 3436 2929 diutius
3461 2918 3474 2941 ,
3508 2891 3651 2945 saape
3674 2878 3865 2933 etiam,

2256 2961 2637 3029 periclitantur.
2664 2961 2809 3030 Quos
2848 2964 2973 3019 item
3018 2979 3161 3033 saepe
3191 2967 3441 3021 nonnulla
3473 2967 3524 3021 in
3555 2968 3711 3023 ﬂuxis
3741 2968 3859 3024 foro

2256 3051 2395 3105 tunis
2424 3052 2721 3119 calamitas,
2754 3055 2904 3123 quasi
2933 3055 3212 3110 conatibus
3239 3070 3422 3111 eorum
3453 3057 3675 3113 adversa
3704 3068 3865 3134 tem-.

2254 3152 2430 3212 pestas
2453 3185 2468 3209 ,
2508 3145 2560 3198 in
2602 3146 2988 3215 optatissimam
3025 3148 3247 3218 patriam
3272 3149 3289 3180 ί
3315 3149 3655 3222 quietamque
3689 3166 3853 3207 com-

2254 3234 2421 3304 pellit.

2325 3326 2377 3379 5.
2412 3325 2504 3381 His
2546 3335 2723 3382 autem
2764 3329 3033 3395 omnibus,
3070 3328 3161 3399 qui
3201 3344 3536 3401 quocumque
3577 3331 3739 3386 modo
3775 3332 3852 3387 ad
3890 3368 3895 3371 -

2253 3416 2421 3471 beata:
2460 3418 2580 3471 vitae
2620 3419 2893 3487 regionem
2934 3418 3196 3486 feruntur,
3240 3436 3377 3476 unus
3419 3421 3850 3478 immanissimus

2252 3522 2405 3561 mons
2432 3516 2556 3562 ante
2582 3508 2752 3577 ipsum
2785 3516 2996 3578 portum
3023 3511 3367 3578 constitutus,
3413 3511 3502 3581 qui
3538 3511 3698 3572 etiam
3729 3528 3855 3566 ma-

2251 3613 2384 3668 gnas
2414 3599 2830 3669 ingredientibus
2857 3600 3022 3671 gignit
3047 3602 3341 3672 angustias,
3376 3602 3857 3660 vehementissime

2253 3689 2654 3757 formidandus,
2707 3693 3119 3763 cautissimeque
3156 3693 3403 3749 vitandus
3447 3703 3550 3750 est.
3595 3695 3727 3750 Nam
3775 3696 3852 3750 ita

2252 3780 2435 3851 fulget,
2468 3782 2539 3836 ita
2569 3783 2859 3838 mentiente
2881 3784 2969 3839 illa
3000 3785 3119 3840 luce
3146 3786 3372 3841 vestitur
3396 3826 3413 3851 ,
3440 3797 3500 3841 ut
3538 3802 3643 3841 non
3670 3787 3851 3842 solum

2252 3872 2680 3941 pervenientibus
2704 3914 2718 3938 ,
2752 3874 3094 3945 nondumque
3122 3877 3377 3947 ingressis
3416 3878 3757 3933 incolendum
3788 3893 3853 3934 se

2251 3966 2435 4021 oll'erat
2459 4007 2474 4031 ,
2521 3975 2575 4021 et
2608 3982 2793 4021 eorum
2830 3952 3194 4025 voluntatibus
3230 3985 3328 4040 pro
3367 3972 3480 4041 ipsa
3518 3971 3671 4026 beata
3703 3980 3859 4026 terra

2250 4057 2640 4112 satisfacturum
2689 4057 3041 4127 polliceatur;
3107 4059 3201 4114 sed
3249 4060 3561 4130 plerumque
3603 4060 3673 4116 de
3728 4062 3861 4131 ipso

2250 4157 2404 4217 portu
2429 4148 2493 4201 ad
2534 4162 2652 4203 sese
2680 4147 2923 4203 homines
2967 4148 3158 4203 invitat
3182 4191 3196 4216 ,
3230 4164 3429 4220 eosque
3456 4166 3841 4221 nonnunquam

2248 4239 2449 4294 detinet
2486 4241 2598 4308 ipsa
2633 4239 2912 4295 altitudine
2941 4239 3262 4306 delectatos,
3306 4241 3447 4296 unde
3485 4250 3712 4297 cteteros
3749 4242 3849 4298 de-

2248 4329 2453 4397 spicere
2487 4328 2666 4383 libeat.
2700 4328 2762 4383 Hi
2797 4338 2973 4384 tamen
3003 4329 3294 4387 admonent
3336 4347 3480 4400 saepe
3520 4331 3797 4387 venientes
3822 4375 3839 4397 ,

2247 4435 2314 4474 ne
2343 4428 2431 4473 aut
2461 4419 2683 4473 occultis
2712 4419 2893 4474 subter
2921 4420 3154 4489 scopulis
3182 4421 3532 4490 decipiantur,
3564 4429 3658 4479 aut
3684 4421 3751 4475 ad
3782 4437 3841 4476 se

2246 4508 2535 4563 ascendere
2578 4507 2729 4563 facile
2765 4517 2983 4577 putent;
3014 4517 3068 4564 et
3108 4524 3208 4579 qua
3252 4511 3368 4564 sine
3398 4510 3632 4579 periculo
3659 4510 3839 4580 ingre-

2245 4599 2458 4654 diantur
2485 4609 2702 4668 propter
2736 4599 2877 4654 illius
2917 4608 3071 4655 terra:
3113 4601 3434 4655 vicinitatem
3456 4643 3469 4666 ,
3516 4601 3841 4656 benevolen-

2246 4689 2448 4744 tissime
2472 4690 2683 4743 docent.
2712 4688 2785 4743 Ita
2813 4706 2935 4745 cum
2961 4691 3039 4745 eis
3079 4690 3318 4746 invident
3341 4693 3683 4746 vanissimam
3723 4692 3841 4762 glo-

2245 4780 2398 4845 riam,
2424 4780 2598 4834 locum
2627 4781 2927 4835 securitatis
2950 4781 3255 4837 ostendunt.
3271 4782 3402 4837 Nam
3420 4800 3579 4853 quem
3598 4794 3839 4840 montem

2243 4871 2402 4925 alium
2432 4873 2546 4927 vult
2574 4872 2789 4942 intelligi
2820 4874 2954 4927 ratio
2982 4875 3456 4945 prepinquantibus
3483 4876 3549 4930 ad
3596 4877 3838 4946 philoso-

2244 4964 2418 5036 phiam
2445 4964 2766 5035 ingressisve
2786 4966 3147 5035 mctuendum,
3169 4968 3267 5023 nisi
3288 4970 3577 5039 superbum
3596 4970 3834 5026 studium

1779 5095 2040 5133 ADIONIYIO
2070 5096 2143 5132 PP.
2178 5094 2603 5132 ωευιετικοιιωι.

609 5170 878 5229 Castigatus
900 5175 977 5217 est
999 5167 1056 5216 ad
1082 5175 1186 5216 Mss.
1211 5166 1421 5225 codices,
1459 5166 1740 5218 Sorbonioos
1777 5172 1899 5229 tres,
1939 5166 2248 5223 Victorinum,
2272 5162 2630 5229 Genovefaeum,
2655 5161 3005 5229 Michaelinum,
3029 5163 3330 5229 Thuaneum,
3368 5166 3652 5227 Casilinum,
3680 5174 3837 5217 Arnu-

554 5241 645 5276 ens
657 5224 762 5287 em;
779 5230 1192 5287 Cirsterciensem,
1210 5224 1546 5291 rV‘edastinum,
1571 5230 1788 5290 Regium,
1812 5224 2304 5291 Regiomontensem,
2340 5240 2369 5274 e
2394 5225 2686 5291 bibliotheca
2706 5224 2903 5291 collegii
2926 5226 3157 5275 Navarrici
3181 5226 3303 5291 duos
3316 5224 3340 5291 ,7
3358 5241 3387 5277 e
3411 5224 3705 5280 bibliothem
3728 5236 3833 5291 mag

534 5290 659 5353 juris
681 5295 949 5353 conventus
970 5290 1421 5352 Augustinianorum
1446 5290 1588 5340 Paris.
1601 5287 1778 5352 unum;
1799 5289 1858 5339 ad
1882 5287 2124 5339 variantes
2144 5288 2395 5338 Lectiones
2414 5299 2443 5336 a
2464 5287 2835 5336 Lovaniensibus
2857 5299 2919 5335 ex
2944 5293 3149 5349 quatuor
3170 5288 3371 5351 Belgicis
3388 5300 3671 5353 excerptas;
3693 5296 3746 5340 et
3768 5290 3829 5338 ad

539 5348 788 5399 editiones
812 5350 919 5400 Bad.
945 5348 1143 5401 Amer.
1170 5357 1277 5401 Lor.

625 5430 1139 5514 Comparavimus
1168 5443 1469 5514 praetcrea
1503 5453 1600 5495 eas
1636 5453 1839 5495 omnes
1875 5434 2176 5496 editiones
2216 5432 2400 5494 initio
2440 5430 2987 5493 Retractationum
3040 5431 3103 5486 et
3135 5422 3628 5488 Confessionum
3681 5443 3831 5492 nte-

557 5519 853 5573 moratus.
1075 5513 1160 5573 M.

541 5609 636 5734 go;
641 5616 723 5722 ἄξια
726 5618 829 5662 Mss.
855 5615 1068 5677 quinque
1099 5614 1297 5678 legitur,
1336 5615 1418 5679 qui
1438 5629 1515 5668 eos
1540 5620 1709 5667 altera!
1729 5654 1741 5677 ,
1784 5623 1830 5668 et
1867 5616 1932 5667 ad
1968 5615 2123 5668 solida

2231 5614 2411 5725 agnitio
2447 5613 2625 5678 aliquot
2665 5623 2767 5665 Mss.
2792 5622 2845 5666 At
2882 5622 2989 5664 Lov.
3034 5621 3085 5664 et
3128 5611 3209 5663 alii
3244 5612 3444 5673 Cdd.,in
3474 5610 3820 5677 optatissimam
