  <div class='ocr_page' id='page_1' title='image "/cluster/home/n/w/nwhite01/storage/ocr_20150623/32/hvd.32044015706328/500.png"; bbox 0 0 2048 3184; ppageno 0'>
   <div class='ocr_carea' id='block_1_1' title="bbox 119 171 167 199">
    <p class='ocr_par' dir='ltr' id='par_1_1' title="bbox 119 171 167 199">
     <span class='ocr_line' id='line_1_1' title="bbox 119 171 167 199; baseline -0.021 0"><span class='ocrx_word' id='word_1_1' title='bbox 119 171 167 199; x_wconf 77' lang='grc'><strong>961</strong></span> 
     </span>
    </p>
   </div>
   <div class='ocr_carea' id='block_1_2' title="bbox 120 220 916 261">
    <p class='ocr_par' dir='ltr' id='par_1_2' title="bbox 120 220 916 261">
     <span class='ocr_line' id='line_1_2' title="bbox 120 220 916 261; baseline -0.014 -5"><span class='ocrx_word' id='word_1_2' title='bbox 120 226 282 256; x_wconf 59' lang='lat' dir='ltr'><strong>inanissima:</strong></span> <span class='ocrx_word' id='word_1_3' title='bbox 294 224 387 261; x_wconf 73' lang='lat' dir='ltr'><strong>glorize</strong></span> <span class='ocrx_word' id='word_1_4' title='bbox 400 244 407 251; x_wconf 91' lang='lat'><strong>.</strong></span> <span class='ocrx_word' id='word_1_5' title='bbox 421 222 493 259; x_wconf 89' lang='lat' dir='ltr'><strong>quod</strong></span> <span class='ocrx_word' id='word_1_6' title='bbox 507 223 542 250; x_wconf 90' lang='lat' dir='ltr'><strong>ita</strong></span> <span class='ocrx_word' id='word_1_7' title='bbox 554 222 621 250; x_wconf 86' lang='lat' dir='ltr'><strong>nihil</strong></span> <span class='ocrx_word' id='word_1_8' title='bbox 634 221 705 249; x_wconf 90' lang='lat' dir='ltr'><strong>intus</strong></span> <span class='ocrx_word' id='word_1_9' title='bbox 717 220 825 256; x_wconf 89' lang='lat' dir='ltr'><strong>plenum</strong></span> <span class='ocrx_word' id='word_1_10' title='bbox 837 223 916 253; x_wconf 88' lang='lat' dir='ltr'><strong>atque</strong></span> 
     </span>
    </p>
   </div>
   <div class='ocr_carea' id='block_1_3' title="bbox 119 266 917 304">
    <p class='ocr_par' dir='ltr' id='par_1_3' title="bbox 119 266 917 304">
     <span class='ocr_line' id='line_1_3' title="bbox 119 266 917 304; baseline -0.014 -3"><span class='ocrx_word' id='word_1_11' title='bbox 119 273 236 301; x_wconf 89' lang='lat' dir='ltr'><strong>solidum</strong></span> <span class='ocrx_word' id='word_1_12' title='bbox 249 272 343 304; x_wconf 88' lang='lat' dir='ltr'><strong>habet,</strong></span> <span class='ocrx_word' id='word_1_13' title='bbox 367 274 396 298; x_wconf 93' lang='lat' dir='ltr'><strong>ut</strong></span> <span class='ocrx_word' id='word_1_14' title='bbox 410 269 515 297; x_wconf 80' lang='lat' dir='ltr'><strong>inﬂatos</strong></span> <span class='ocrx_word' id='word_1_15' title='bbox 534 268 585 296; x_wconf 90' lang='lat' dir='ltr'><strong>sibi</strong></span> <span class='ocrx_word' id='word_1_16' title='bbox 599 266 844 302; x_wconf 87' lang='lat' dir='ltr'><strong>superambulantes</strong></span> <span class='ocrx_word' id='word_1_17' title='bbox 856 271 917 291; x_wconf 88' lang='lat' dir='ltr'><strong>suc-</strong></span> 
     </span>
    </p>
   </div>
   <div class='ocr_carea' id='block_1_4' title="bbox 118 309 915 354">
    <p class='ocr_par' dir='ltr' id='par_1_4' title="bbox 118 309 915 354">
     <span class='ocr_line' id='line_1_4' title="bbox 118 309 915 354; baseline -0.014 -7"><span class='ocrx_word' id='word_1_18' title='bbox 118 323 250 354; x_wconf 86' lang='lat' dir='ltr'><strong>crepante</strong></span> <span class='ocrx_word' id='word_1_19' title='bbox 264 317 349 353; x_wconf 76' lang='lat' dir='ltr'><strong>fragili</strong></span> <span class='ocrx_word' id='word_1_20' title='bbox 370 316 428 343; x_wconf 87' lang='lat' dir='ltr'><strong>solo</strong></span> <span class='ocrx_word' id='word_1_21' title='bbox 441 315 578 349; x_wconf 86' lang='lat' dir='ltr'><strong>demergat</strong></span> <span class='ocrx_word' id='word_1_22' title='bbox 596 320 628 340; x_wconf 88' lang='lat' dir='ltr'><strong>ac</strong></span> <span class='ocrx_word' id='word_1_23' title='bbox 651 312 766 343; x_wconf 78' lang='lat' dir='ltr'><strong>sorbeat,</strong></span> <span class='ocrx_word' id='word_1_24' title='bbox 784 310 875 345; x_wconf 88' lang='lat' dir='ltr'><strong>eisque</strong></span> <span class='ocrx_word' id='word_1_25' title='bbox 889 309 915 337; x_wconf 91' lang='lat' dir='ltr'><strong>in</strong></span> 
     </span>
    </p>
   </div>
   <div class='ocr_carea' id='block_1_5' title="bbox 120 356 913 395">
    <p class='ocr_par' dir='ltr' id='par_1_5' title="bbox 120 356 913 395">
     <span class='ocr_line' id='line_1_5' title="bbox 120 356 913 395; baseline -0.013 -4"><span class='ocrx_word' id='word_1_26' title='bbox 120 363 247 391; x_wconf 88' lang='lat' dir='ltr'><strong>tenebras</strong></span> <span class='ocrx_word' id='word_1_27' title='bbox 260 361 387 390; x_wconf 72' lang='lat' dir='ltr'><strong>revolutis</strong></span> <span class='ocrx_word' id='word_1_28' title='bbox 398 380 406 394; x_wconf 91' lang='lat'><strong>,</strong></span> <span class='ocrx_word' id='word_1_29' title='bbox 421 360 517 395; x_wconf 88' lang='lat' dir='ltr'><strong>eripiat</strong></span> <span class='ocrx_word' id='word_1_30' title='bbox 536 358 771 386; x_wconf 89' lang='lat' dir='ltr'><strong>luculentissimam</strong></span> <span class='ocrx_word' id='word_1_31' title='bbox 790 356 913 387; x_wconf 87' lang='lat' dir='ltr'><strong>domum,</strong></span> 
     </span>
    </p>
   </div>
   <div class='ocr_carea' id='block_1_6' title="bbox 117 404 494 444">
    <p class='ocr_par' dir='ltr' id='par_1_6' title="bbox 117 404 494 444">
     <span class='ocr_line' id='line_1_6' title="bbox 117 404 494 444; baseline -0.011 -8"><span class='ocrx_word' id='word_1_32' title='bbox 117 416 199 444; x_wconf 88' lang='lat' dir='ltr'><strong>quam</strong></span> <span class='ocrx_word' id='word_1_33' title='bbox 214 415 280 443; x_wconf 89' lang='lat' dir='ltr'><strong>pene</strong></span> <span class='ocrx_word' id='word_1_34' title='bbox 292 407 347 442; x_wconf 87' lang='lat' dir='ltr'><strong>jam</strong></span> <span class='ocrx_word' id='word_1_35' title='bbox 357 404 494 433; x_wconf 82' lang='lat' dir='ltr'><strong>viderant?</strong></span> 
     </span>
    </p>
   </div>
   <div class='ocr_carea' id='block_1_7' title="bbox 152 447 916 486">
    <p class='ocr_par' dir='ltr' id='par_1_7' title="bbox 152 447 916 486">
     <span class='ocr_line' id='line_1_7' title="bbox 152 447 916 486; baseline -0.01 -5"><span class='ocrx_word' id='word_1_36' title='bbox 152 454 181 481; x_wconf 67' lang='grc' dir='ltr'><strong>ι.</strong></span> <span class='ocrx_word' id='word_1_37' title='bbox 197 453 262 486; x_wconf 75' lang='lat' dir='ltr'><strong>Quae</strong></span> <span class='ocrx_word' id='word_1_38' title='bbox 275 460 335 480; x_wconf 91' lang='lat' dir='ltr'><strong>cum</strong></span> <span class='ocrx_word' id='word_1_39' title='bbox 346 452 381 479; x_wconf 93' lang='lat' dir='ltr'><strong>ita</strong></span> <span class='ocrx_word' id='word_1_40' title='bbox 395 452 459 484; x_wconf 86' lang='lat' dir='ltr'><strong>sint,</strong></span> <span class='ocrx_word' id='word_1_41' title='bbox 472 450 573 485; x_wconf 85' lang='lat' dir='ltr'><strong>accipe,</strong></span> <span class='ocrx_word' id='word_1_42' title='bbox 586 448 623 476; x_wconf 92' lang='lat' dir='ltr'><strong>mi</strong></span> <span class='ocrx_word' id='word_1_43' title='bbox 634 447 787 480; x_wconf 86' lang='lat' dir='ltr'><strong>Theodore,</strong></span> <span class='ocrx_word' id='word_1_44' title='bbox 801 452 916 481; x_wconf 87' lang='lat' dir='ltr'><strong>namque</strong></span> 
     </span>
    </p>
   </div>
   <div class='ocr_carea' id='block_1_8' title="bbox 119 491 917 535">
    <p class='ocr_par' dir='ltr' id='par_1_8' title="bbox 119 491 917 535">
     <span class='ocr_line' id='line_1_8' title="bbox 119 491 917 535; baseline -0.013 -7"><span class='ocrx_word' id='word_1_45' title='bbox 119 500 152 527; x_wconf 87' lang='lat' dir='ltr'><strong>ad</strong></span> <span class='ocrx_word' id='word_1_46' title='bbox 167 500 194 528; x_wconf 90' lang='lat' dir='ltr'><strong>id</strong></span> <span class='ocrx_word' id='word_1_47' title='bbox 209 499 280 535; x_wconf 87' lang='lat' dir='ltr'><strong>quod</strong></span> <span class='ocrx_word' id='word_1_48' title='bbox 293 498 428 530; x_wconf 89' lang='lat' dir='ltr'><strong>desidero,</strong></span> <span class='ocrx_word' id='word_1_49' title='bbox 443 501 470 525; x_wconf 90' lang='lat' dir='ltr'><strong>te</strong></span> <span class='ocrx_word' id='word_1_50' title='bbox 489 503 572 524; x_wconf 88' lang='lat' dir='ltr'><strong>unum</strong></span> <span class='ocrx_word' id='word_1_51' title='bbox 589 495 704 527; x_wconf 89' lang='lat' dir='ltr'><strong>intueor,</strong></span> <span class='ocrx_word' id='word_1_52' title='bbox 720 497 799 529; x_wconf 85' lang='lat' dir='ltr'><strong>teque</strong></span> <span class='ocrx_word' id='word_1_53' title='bbox 811 491 917 527; x_wconf 83' lang='lat' dir='ltr'><strong>aptissi-</strong></span> 
     </span>
    </p>
   </div>
   <div class='ocr_carea' id='block_1_9' title="bbox 120 538 916 579">
    <p class='ocr_par' dir='ltr' id='par_1_9' title="bbox 120 538 916 579">
     <span class='ocr_line' id='line_1_9' title="bbox 120 538 916 579; baseline -0.011 -7"><span class='ocrx_word' id='word_1_54' title='bbox 120 554 193 572; x_wconf 87' lang='lat' dir='ltr'><strong>mum</strong></span> <span class='ocrx_word' id='word_1_55' title='bbox 209 552 315 579; x_wconf 86' lang='lat' dir='ltr'><strong>semper</strong></span> <span class='ocrx_word' id='word_1_56' title='bbox 329 544 462 576; x_wconf 87' lang='lat' dir='ltr'><strong>admiror;</strong></span> <span class='ocrx_word' id='word_1_57' title='bbox 478 542 578 576; x_wconf 85' lang='lat' dir='ltr'><strong>accipe,</strong></span> <span class='ocrx_word' id='word_1_58' title='bbox 595 542 711 575; x_wconf 88' lang='lat' dir='ltr'><strong>inquam,</strong></span> <span class='ocrx_word' id='word_1_59' title='bbox 728 544 754 567; x_wconf 91' lang='lat' dir='ltr'><strong>et</strong></span> <span class='ocrx_word' id='word_1_60' title='bbox 773 538 842 579; x_wconf 85' lang='lat' dir='ltr'><strong>quod</strong></span> <span class='ocrx_word' id='word_1_61' title='bbox 858 538 916 564; x_wconf 90' lang='lat' dir='ltr'><strong>illo-</strong></span> 
     </span>
    </p>
   </div>
   <div class='ocr_carea' id='block_1_10' title="bbox 119 585 915 624">
    <p class='ocr_par' dir='ltr' id='par_1_10' title="bbox 119 585 915 624">
     <span class='ocr_line' id='line_1_10' title="bbox 119 585 915 624; baseline -0.011 -6"><span class='ocrx_word' id='word_1_62' title='bbox 119 598 178 617; x_wconf 89' lang='lat' dir='ltr'><strong>rnm</strong></span> <span class='ocrx_word' id='word_1_63' title='bbox 198 591 276 617; x_wconf 88' lang='lat' dir='ltr'><strong>trium</strong></span> <span class='ocrx_word' id='word_1_64' title='bbox 298 597 381 624; x_wconf 82' lang='lat' dir='ltr'><strong>genus</strong></span> <span class='ocrx_word' id='word_1_65' title='bbox 406 588 542 615; x_wconf 84' lang='lat' dir='ltr'><strong>hominum</strong></span> <span class='ocrx_word' id='word_1_66' title='bbox 557 594 598 613; x_wconf 91' lang='lat' dir='ltr'><strong>me</strong></span> <span class='ocrx_word' id='word_1_67' title='bbox 614 586 659 613; x_wconf 86' lang='lat' dir='ltr'><strong>tibi</strong></span> <span class='ocrx_word' id='word_1_68' title='bbox 673 585 794 617; x_wconf 81' lang='lat' dir='ltr'><strong>dederit,</strong></span> <span class='ocrx_word' id='word_1_69' title='bbox 814 588 841 610; x_wconf 89' lang='lat' dir='ltr'><strong>et</strong></span> <span class='ocrx_word' id='word_1_70' title='bbox 864 590 915 617; x_wconf 90' lang='lat' dir='ltr'><strong>quo</strong></span> 
     </span>
    </p>
   </div>
   <div class='ocr_carea' id='block_1_11' title="bbox 120 628 915 667">
    <p class='ocr_par' dir='ltr' id='par_1_11' title="bbox 120 628 915 667">
     <span class='ocr_line' id='line_1_11' title="bbox 120 628 915 667; baseline -0.011 -4"><span class='ocrx_word' id='word_1_71' title='bbox 120 637 180 663; x_wconf 88' lang='lat' dir='ltr'><strong>loco</strong></span> <span class='ocrx_word' id='word_1_72' title='bbox 194 636 258 662; x_wconf 90' lang='lat' dir='ltr'><strong>mihi</strong></span> <span class='ocrx_word' id='word_1_73' title='bbox 271 642 330 662; x_wconf 89' lang='lat' dir='ltr'><strong>esse</strong></span> <span class='ocrx_word' id='word_1_74' title='bbox 347 634 438 661; x_wconf 91' lang='lat' dir='ltr'><strong>videar</strong></span> <span class='ocrx_word' id='word_1_75' title='bbox 451 654 458 667; x_wconf 93' lang='lat'><strong>,</strong></span> <span class='ocrx_word' id='word_1_76' title='bbox 473 637 499 660; x_wconf 91' lang='lat' dir='ltr'><strong>et</strong></span> <span class='ocrx_word' id='word_1_77' title='bbox 513 633 560 659; x_wconf 90' lang='lat' dir='ltr'><strong>abs</strong></span> <span class='ocrx_word' id='word_1_78' title='bbox 576 637 600 659; x_wconf 91' lang='lat' dir='ltr'><strong>te</strong></span> <span class='ocrx_word' id='word_1_79' title='bbox 620 630 768 665; x_wconf 85' lang='lat' dir='ltr'><strong>cujusmodi</strong></span> <span class='ocrx_word' id='word_1_80' title='bbox 789 628 915 656; x_wconf 75' lang='lat' dir='ltr'><strong>auxilium</strong></span> 
     </span>
    </p>
   </div>
   <div class='ocr_carea' id='block_1_12' title="bbox 120 676 916 717">
    <p class='ocr_par' dir='ltr' id='par_1_12' title="bbox 120 676 916 717">
     <span class='ocr_line' id='line_1_12' title="bbox 120 676 916 717; baseline -0.013 -7"><span class='ocrx_word' id='word_1_81' title='bbox 120 688 211 710; x_wconf 84' lang='lat' dir='ltr'><strong>certus</strong></span> <span class='ocrx_word' id='word_1_82' title='bbox 233 687 396 717; x_wconf 79' lang='lat' dir='ltr'><strong>exspectent.</strong></span> <span class='ocrx_word' id='word_1_83' title='bbox 416 681 471 715; x_wconf 83' lang='lat' dir='ltr'><strong>Ego</strong></span> <span class='ocrx_word' id='word_1_84' title='bbox 486 680 518 707; x_wconf 88' lang='lat' dir='ltr'><strong>ab</strong></span> <span class='ocrx_word' id='word_1_85' title='bbox 531 686 615 713; x_wconf 90' lang='lat' dir='ltr'><strong>usque</strong></span> <span class='ocrx_word' id='word_1_86' title='bbox 630 676 827 710; x_wconf 77' lang='lat' dir='ltr'><strong>undevigesimo</strong></span> <span class='ocrx_word' id='word_1_87' title='bbox 847 682 916 701; x_wconf 89' lang='lat' dir='ltr'><strong>anno</strong></span> 
     </span>
    </p>
   </div>
   <div class='ocr_carea' id='block_1_13' title="bbox 119 721 918 763">
    <p class='ocr_par' dir='ltr' id='par_1_13' title="bbox 119 721 918 763">
     <span class='ocr_line' id='line_1_13' title="bbox 119 721 918 763; baseline -0.011 -7"><span class='ocrx_word' id='word_1_88' title='bbox 119 729 206 756; x_wconf 61' lang='lat' dir='ltr'><strong>aetatis</strong></span> <span class='ocrx_word' id='word_1_89' title='bbox 222 736 304 761; x_wconf 66' lang='lat' dir='ltr'><strong>mete,</strong></span> <span class='ocrx_word' id='word_1_90' title='bbox 326 732 465 763; x_wconf 88' lang='lat' dir='ltr'><strong>postquam</strong></span> <span class='ocrx_word' id='word_1_91' title='bbox 486 727 511 753; x_wconf 92' lang='lat' dir='ltr'><strong>in</strong></span> <span class='ocrx_word' id='word_1_92' title='bbox 533 725 622 752; x_wconf 87' lang='lat' dir='ltr'><strong>schola</strong></span> <span class='ocrx_word' id='word_1_93' title='bbox 641 724 755 751; x_wconf 85' lang='lat' dir='ltr'><strong>rhetoris</strong></span> <span class='ocrx_word' id='word_1_94' title='bbox 775 722 869 749; x_wconf 80' lang='lat' dir='ltr'><strong>librant</strong></span> <span class='ocrx_word' id='word_1_95' title='bbox 885 721 918 748; x_wconf 89' lang='lat' dir='ltr'><strong>il.</strong></span> 
     </span>
    </p>
   </div>
   <div class='ocr_carea' id='block_1_14' title="bbox 121 769 916 808">
    <p class='ocr_par' dir='ltr' id='par_1_14' title="bbox 121 769 916 808">
     <span class='ocr_line' id='line_1_14' title="bbox 121 769 916 808; baseline -0.01 -6"><span class='ocrx_word' id='word_1_96' title='bbox 121 776 173 802; x_wconf 92' lang='lat' dir='ltr'><strong>lum</strong></span> <span class='ocrx_word' id='word_1_97' title='bbox 188 775 337 805; x_wconf 87' lang='lat' dir='ltr'><strong>Ciceronis,</strong></span> <span class='ocrx_word' id='word_1_98' title='bbox 356 773 400 808; x_wconf 91' lang='lat' dir='ltr'><strong>qui</strong></span> <span class='ocrx_word' id='word_1_99' title='bbox 417 772 572 799; x_wconf 87' lang='lat' dir='ltr'><strong>Hortensius</strong></span> <span class='ocrx_word' id='word_1_100' title='bbox 587 775 705 803; x_wconf 81' lang='lat' dir='ltr'><strong>vocatur,</strong></span> <span class='ocrx_word' id='word_1_101' title='bbox 721 769 810 803; x_wconf 85' lang='lat' dir='ltr'><strong>accepi</strong></span> <span class='ocrx_word' id='word_1_102' title='bbox 821 789 828 800; x_wconf 95' lang='lat'><strong>,</strong></span> <span class='ocrx_word' id='word_1_103' title='bbox 843 773 916 795; x_wconf 87' lang='lat' dir='ltr'><strong>tanto</strong></span> 
     </span>
    </p>
   </div>
   <div class='ocr_carea' id='block_1_15' title="bbox 120 813 915 854">
    <p class='ocr_par' dir='ltr' id='par_1_15' title="bbox 120 813 915 854">
     <span class='ocr_line' id='line_1_15' title="bbox 120 813 915 854; baseline -0.01 -8"><span class='ocrx_word' id='word_1_104' title='bbox 120 827 211 846; x_wconf 72' lang='lat' dir='ltr'><strong>altiore</strong></span> <span class='ocrx_word' id='word_1_105' title='bbox 226 818 401 854; x_wconf 69' lang='lat' dir='ltr'><strong>philosophia:</strong></span> <span class='ocrx_word' id='word_1_106' title='bbox 416 824 561 844; x_wconf 87' lang='lat' dir='ltr'><strong>succensus</strong></span> <span class='ocrx_word' id='word_1_107' title='bbox 575 823 644 846; x_wconf 89' lang='lat' dir='ltr'><strong>sum,</strong></span> <span class='ocrx_word' id='word_1_108' title='bbox 660 819 688 841; x_wconf 93' lang='lat' dir='ltr'><strong>ut</strong></span> <span class='ocrx_word' id='word_1_109' title='bbox 702 814 790 840; x_wconf 85' lang='lat' dir='ltr'><strong>statim</strong></span> <span class='ocrx_word' id='word_1_110' title='bbox 805 813 837 839; x_wconf 88' lang='lat' dir='ltr'><strong>ad</strong></span> <span class='ocrx_word' id='word_1_111' title='bbox 857 820 915 839; x_wconf 88' lang='lat' dir='ltr'><strong>eam</strong></span> 
     </span>
    </p>
   </div>
   <div class='ocr_carea' id='block_1_16' title="bbox 120 857 916 894">
    <p class='ocr_par' dir='ltr' id='par_1_16' title="bbox 120 857 916 894">
     <span class='ocr_line' id='line_1_16' title="bbox 120 857 916 894; baseline -0.01 -3"><span class='ocrx_word' id='word_1_112' title='bbox 120 872 162 891; x_wconf 88' lang='lat' dir='ltr'><strong>me</strong></span> <span class='ocrx_word' id='word_1_113' title='bbox 177 863 322 891; x_wconf 80' lang='lat' dir='ltr'><strong>transferre</strong></span> <span class='ocrx_word' id='word_1_114' title='bbox 338 863 487 890; x_wconf 83' lang='lat' dir='ltr'><strong>meditarer.</strong></span> <span class='ocrx_word' id='word_1_115' title='bbox 502 861 553 888; x_wconf 92' lang='lat' dir='ltr'><strong>Sed</strong></span> <span class='ocrx_word' id='word_1_116' title='bbox 567 868 652 894; x_wconf 88' lang='lat' dir='ltr'><strong>neque</strong></span> <span class='ocrx_word' id='word_1_117' title='bbox 673 860 737 886; x_wconf 91' lang='lat' dir='ltr'><strong>mihi</strong></span> <span class='ocrx_word' id='word_1_118' title='bbox 751 859 853 885; x_wconf 80' lang='lat' dir='ltr'><strong>nebuhc</strong></span> <span class='ocrx_word' id='word_1_119' title='bbox 867 857 916 884; x_wconf 83' lang='lat' dir='ltr'><strong>de-</strong></span> 
     </span>
    </p>
   </div>
   <div class='ocr_carea' id='block_1_17' title="bbox 121 904 914 944">
    <p class='ocr_par' dir='ltr' id='par_1_17' title="bbox 121 904 914 944">
     <span class='ocr_line' id='line_1_17' title="bbox 121 904 914 944; baseline -0.01 -7"><span class='ocrx_word' id='word_1_120' title='bbox 121 910 238 943; x_wconf 86' lang='lat' dir='ltr'><strong>fuerunt,</strong></span> <span class='ocrx_word' id='word_1_121' title='bbox 254 910 350 944; x_wconf 87' lang='lat' dir='ltr'><strong>quibus</strong></span> <span class='ocrx_word' id='word_1_122' title='bbox 365 908 573 936; x_wconf 91' lang='lat' dir='ltr'><strong>confunderetur</strong></span> <span class='ocrx_word' id='word_1_123' title='bbox 593 913 686 933; x_wconf 86' lang='lat' dir='ltr'><strong>cursus</strong></span> <span class='ocrx_word' id='word_1_124' title='bbox 700 913 774 931; x_wconf 81' lang='lat' dir='ltr'><strong>incus</strong></span> <span class='ocrx_word' id='word_1_125' title='bbox 789 913 795 936; x_wconf 86' lang='lat'><strong>;</strong></span> <span class='ocrx_word' id='word_1_126' title='bbox 812 909 838 931; x_wconf 91' lang='lat' dir='ltr'><strong>et</strong></span> <span class='ocrx_word' id='word_1_127' title='bbox 850 904 894 930; x_wconf 93' lang='lat' dir='ltr'><strong>diu</strong></span> <span class='ocrx_word' id='word_1_128' title='bbox 907 924 914 936; x_wconf 90' lang='lat'><strong>,</strong></span> 
     </span>
    </p>
   </div>
   <div class='ocr_carea' id='block_1_18' title="bbox 122 951 915 990">
    <p class='ocr_par' dir='ltr' id='par_1_18' title="bbox 122 951 915 990">
     <span class='ocr_line' id='line_1_18' title="bbox 122 951 915 990; baseline -0.01 -7"><span class='ocrx_word' id='word_1_129' title='bbox 122 956 224 989; x_wconf 85' lang='lat' dir='ltr'><strong>fateor,</strong></span> <span class='ocrx_word' id='word_1_130' title='bbox 240 955 335 990; x_wconf 89' lang='lat' dir='ltr'><strong>quibus</strong></span> <span class='ocrx_word' id='word_1_131' title='bbox 350 955 376 981; x_wconf 91' lang='lat' dir='ltr'><strong>in</strong></span> <span class='ocrx_word' id='word_1_132' title='bbox 388 962 507 981; x_wconf 87' lang='lat' dir='ltr'><strong>errorem</strong></span> <span class='ocrx_word' id='word_1_133' title='bbox 521 953 652 984; x_wconf 88' lang='lat' dir='ltr'><strong>ducebar,</strong></span> <span class='ocrx_word' id='word_1_134' title='bbox 667 951 780 978; x_wconf 81' lang='lat' dir='ltr'><strong>labentia</strong></span> <span class='ocrx_word' id='word_1_135' title='bbox 795 951 820 977; x_wconf 96' lang='lat' dir='ltr'><strong>in</strong></span> <span class='ocrx_word' id='word_1_136' title='bbox 836 957 915 977; x_wconf 87' lang='lat' dir='ltr'><strong>ocea-</strong></span> 
     </span>
    </p>
   </div>
   <div class='ocr_carea' id='block_1_19' title="bbox 122 995 916 1034">
    <p class='ocr_par' dir='ltr' id='par_1_19' title="bbox 122 995 916 1034">
     <span class='ocr_line' id='line_1_19' title="bbox 122 995 916 1034; baseline -0.009 -6"><span class='ocrx_word' id='word_1_137' title='bbox 122 1008 186 1028; x_wconf 87' lang='lat' dir='ltr'><strong>num</strong></span> <span class='ocrx_word' id='word_1_138' title='bbox 204 1006 273 1027; x_wconf 89' lang='lat' dir='ltr'><strong>astra</strong></span> <span class='ocrx_word' id='word_1_139' title='bbox 282 1000 398 1034; x_wconf 84' lang='lat' dir='ltr'><strong>suspexi.</strong></span> <span class='ocrx_word' id='word_1_140' title='bbox 410 999 475 1026; x_wconf 84' lang='lat' dir='ltr'><strong>Nam</strong></span> <span class='ocrx_word' id='word_1_141' title='bbox 487 1005 514 1026; x_wconf 89' lang='lat' dir='ltr'><strong>et</strong></span> <span class='ocrx_word' id='word_1_142' title='bbox 524 998 678 1033; x_wconf 87' lang='lat' dir='ltr'><strong>superstitio</strong></span> <span class='ocrx_word' id='word_1_143' title='bbox 690 996 810 1032; x_wconf 57' lang='lat' dir='ltr'><strong>qundam</strong></span> <span class='ocrx_word' id='word_1_144' title='bbox 830 995 916 1033; x_wconf 86' lang='lat' dir='ltr'><strong>pueri-</strong></span> 
     </span>
    </p>
   </div>
   <div class='ocr_carea' id='block_1_20' title="bbox 120 1041 916 1079">
    <p class='ocr_par' dir='ltr' id='par_1_20' title="bbox 120 1041 916 1079">
     <span class='ocr_line' id='line_1_20' title="bbox 120 1041 916 1079; baseline -0.009 -6"><span class='ocrx_word' id='word_1_145' title='bbox 120 1046 154 1073; x_wconf 91' lang='lat' dir='ltr'><strong>lis</strong></span> <span class='ocrx_word' id='word_1_146' title='bbox 176 1053 220 1073; x_wconf 92' lang='lat' dir='ltr'><strong>me</strong></span> <span class='ocrx_word' id='word_1_147' title='bbox 242 1045 275 1073; x_wconf 90' lang='lat' dir='ltr'><strong>ab</strong></span> <span class='ocrx_word' id='word_1_148' title='bbox 294 1045 350 1079; x_wconf 92' lang='lat' dir='ltr'><strong>ipsa</strong></span> <span class='ocrx_word' id='word_1_149' title='bbox 372 1044 541 1079; x_wconf 86' lang='lat' dir='ltr'><strong>inquisitione</strong></span> <span class='ocrx_word' id='word_1_150' title='bbox 566 1042 701 1069; x_wconf 85' lang='lat' dir='ltr'><strong>terrebat:</strong></span> <span class='ocrx_word' id='word_1_151' title='bbox 718 1046 745 1068; x_wconf 91' lang='lat' dir='ltr'><strong>et</strong></span> <span class='ocrx_word' id='word_1_152' title='bbox 765 1041 810 1067; x_wconf 90' lang='lat' dir='ltr'><strong>ubi</strong></span> <span class='ocrx_word' id='word_1_153' title='bbox 832 1041 916 1067; x_wconf 79' lang='lat' dir='ltr'><strong>lactus</strong></span> 
     </span>
    </p>
   </div>
   <div class='ocr_carea' id='block_1_21' title="bbox 121 1085 915 1124">
    <p class='ocr_par' dir='ltr' id='par_1_21' title="bbox 121 1085 915 1124">
     <span class='ocr_line' id='line_1_21' title="bbox 121 1085 915 1124; baseline -0.009 -5"><span class='ocrx_word' id='word_1_154' title='bbox 121 1092 253 1124; x_wconf 91' lang='lat' dir='ltr'><strong>erectior,</strong></span> <span class='ocrx_word' id='word_1_155' title='bbox 277 1091 348 1117; x_wconf 88' lang='lat' dir='ltr'><strong>illam</strong></span> <span class='ocrx_word' id='word_1_156' title='bbox 364 1090 502 1124; x_wconf 89' lang='lat' dir='ltr'><strong>caliginem</strong></span> <span class='ocrx_word' id='word_1_157' title='bbox 517 1088 632 1123; x_wconf 89' lang='lat' dir='ltr'><strong>dispuli,</strong></span> <span class='ocrx_word' id='word_1_158' title='bbox 657 1087 775 1121; x_wconf 81' lang='lat' dir='ltr'><strong>mihique</strong></span> <span class='ocrx_word' id='word_1_159' title='bbox 796 1085 915 1121; x_wconf 85' lang='lat' dir='ltr'><strong>persuasi</strong></span> 
     </span>
    </p>
   </div>
   <div class='ocr_carea' id='block_1_22' title="bbox 121 1132 914 1171">
    <p class='ocr_par' dir='ltr' id='par_1_22' title="bbox 121 1132 914 1171">
     <span class='ocr_line' id='line_1_22' title="bbox 121 1132 914 1171; baseline -0.009 -7"><span class='ocrx_word' id='word_1_160' title='bbox 121 1137 280 1164; x_wconf 84' lang='lat' dir='ltr'><strong>docentibus</strong></span> <span class='ocrx_word' id='word_1_161' title='bbox 294 1136 381 1171; x_wconf 89' lang='lat' dir='ltr'><strong>potius</strong></span> <span class='ocrx_word' id='word_1_162' title='bbox 399 1142 478 1170; x_wconf 88' lang='lat' dir='ltr'><strong>quam</strong></span> <span class='ocrx_word' id='word_1_163' title='bbox 495 1134 649 1169; x_wconf 88' lang='lat' dir='ltr'><strong>jubentibus</strong></span> <span class='ocrx_word' id='word_1_164' title='bbox 665 1140 723 1160; x_wconf 87' lang='lat' dir='ltr'><strong>esse</strong></span> <span class='ocrx_word' id='word_1_165' title='bbox 738 1132 914 1162; x_wconf 89' lang='lat' dir='ltr'><strong>credendum;</strong></span> 
     </span>
    </p>
   </div>
   <div class='ocr_carea' id='block_1_23' title="bbox 123 1178 914 1215">
    <p class='ocr_par' dir='ltr' id='par_1_23' title="bbox 123 1178 914 1215">
     <span class='ocr_line' id='line_1_23' title="bbox 123 1178 914 1215; baseline -0.009 -5"><span class='ocrx_word' id='word_1_166' title='bbox 123 1182 204 1210; x_wconf 90' lang='lat' dir='ltr'><strong>incidi</strong></span> <span class='ocrx_word' id='word_1_167' title='bbox 219 1182 246 1209; x_wconf 93' lang='lat' dir='ltr'><strong>in</strong></span> <span class='ocrx_word' id='word_1_168' title='bbox 259 1182 381 1208; x_wconf 90' lang='lat' dir='ltr'><strong>homines</strong></span> <span class='ocrx_word' id='word_1_169' title='bbox 395 1181 490 1215; x_wconf 87' lang='lat' dir='ltr'><strong>quibus</strong></span> <span class='ocrx_word' id='word_1_170' title='bbox 501 1180 545 1206; x_wconf 84' lang='lat' dir='ltr'><strong>lux</strong></span> <span class='ocrx_word' id='word_1_171' title='bbox 560 1180 608 1206; x_wconf 91' lang='lat' dir='ltr'><strong>ista</strong></span> <span class='ocrx_word' id='word_1_172' title='bbox 622 1187 680 1214; x_wconf 83' lang='lat' dir='ltr'><strong>quae</strong></span> <span class='ocrx_word' id='word_1_173' title='bbox 693 1179 775 1206; x_wconf 84' lang='lat' dir='ltr'><strong>oculis</strong></span> <span class='ocrx_word' id='word_1_174' title='bbox 787 1178 914 1208; x_wconf 85' lang='lat' dir='ltr'><strong>cernitur,</strong></span> 
     </span>
    </p>
   </div>
   <div class='ocr_carea' id='block_1_24' title="bbox 122 1222 915 1258">
    <p class='ocr_par' dir='ltr' id='par_1_24' title="bbox 122 1222 915 1258">
     <span class='ocr_line' id='line_1_24' title="bbox 122 1222 915 1258; baseline -0.009 -3"><span class='ocrx_word' id='word_1_175' title='bbox 122 1228 193 1255; x_wconf 89' lang='lat' dir='ltr'><strong>inter</strong></span> <span class='ocrx_word' id='word_1_176' title='bbox 218 1234 320 1254; x_wconf 89' lang='lat' dir='ltr'><strong>summa</strong></span> <span class='ocrx_word' id='word_1_177' title='bbox 342 1230 369 1253; x_wconf 89' lang='lat' dir='ltr'><strong>et</strong></span> <span class='ocrx_word' id='word_1_178' title='bbox 391 1226 477 1253; x_wconf 90' lang='lat' dir='ltr'><strong>divina</strong></span> <span class='ocrx_word' id='word_1_179' title='bbox 500 1224 611 1252; x_wconf 82' lang='lat' dir='ltr'><strong>colenda</strong></span> <span class='ocrx_word' id='word_1_180' title='bbox 635 1224 768 1250; x_wconf 86' lang='lat' dir='ltr'><strong>videretur</strong></span> <span class='ocrx_word' id='word_1_181' title='bbox 788 1223 837 1258; x_wconf 85' lang='grc' dir='ltr'><strong>(α).</strong></span> <span class='ocrx_word' id='word_1_182' title='bbox 858 1222 915 1249; x_wconf 85' lang='grc' dir='ltr'><strong>Νοη</strong></span> 
     </span>
    </p>
   </div>
   <div class='ocr_carea' id='block_1_25' title="bbox 121 1268 916 1306">
    <p class='ocr_par' dir='ltr' id='par_1_25' title="bbox 121 1268 916 1306">
     <span class='ocr_line' id='line_1_25' title="bbox 121 1268 916 1306; baseline -0.006 -7"><span class='ocrx_word' id='word_1_183' title='bbox 121 1272 298 1305; x_wconf 85' lang='lat' dir='ltr'><strong>assentiebar,</strong></span> <span class='ocrx_word' id='word_1_184' title='bbox 312 1271 359 1299; x_wconf 90' lang='lat' dir='ltr'><strong>sed</strong></span> <span class='ocrx_word' id='word_1_185' title='bbox 380 1271 501 1306; x_wconf 85' lang='lat' dir='ltr'><strong>putabam</strong></span> <span class='ocrx_word' id='word_1_186' title='bbox 517 1278 564 1297; x_wconf 89' lang='lat' dir='ltr'><strong>eos</strong></span> <span class='ocrx_word' id='word_1_187' title='bbox 578 1277 703 1304; x_wconf 83' lang='lat' dir='ltr'><strong>magnum</strong></span> <span class='ocrx_word' id='word_1_188' title='bbox 716 1268 814 1303; x_wconf 87' lang='lat' dir='ltr'><strong>aliquid</strong></span> <span class='ocrx_word' id='word_1_189' title='bbox 829 1272 916 1302; x_wconf 83' lang='lat' dir='ltr'><strong>tegere</strong></span> 
     </span>
    </p>
   </div>
   <div class='ocr_carea' id='block_1_26' title="bbox 123 1313 917 1350">
    <p class='ocr_par' dir='ltr' id='par_1_26' title="bbox 123 1313 917 1350">
     <span class='ocr_line' id='line_1_26' title="bbox 123 1313 917 1350; baseline -0.008 -5"><span class='ocrx_word' id='word_1_190' title='bbox 123 1318 175 1345; x_wconf 89' lang='lat' dir='ltr'><strong>illis</strong></span> <span class='ocrx_word' id='word_1_191' title='bbox 197 1316 354 1349; x_wconf 87' lang='lat' dir='ltr'><strong>involucris,</strong></span> <span class='ocrx_word' id='word_1_192' title='bbox 370 1316 439 1350; x_wconf 89' lang='lat' dir='ltr'><strong>quod</strong></span> <span class='ocrx_word' id='word_1_193' title='bbox 460 1320 550 1342; x_wconf 82' lang='lat' dir='ltr'><strong>essent</strong></span> <span class='ocrx_word' id='word_1_194' title='bbox 571 1314 711 1349; x_wconf 89' lang='lat' dir='ltr'><strong>aliquando</strong></span> <span class='ocrx_word' id='word_1_195' title='bbox 730 1313 858 1348; x_wconf 83' lang='lat' dir='ltr'><strong>aperturi.</strong></span> <span class='ocrx_word' id='word_1_196' title='bbox 883 1313 917 1339; x_wconf 86' lang='lat' dir='ltr'><strong>At</strong></span> 
     </span>
    </p>
   </div>
   <div class='ocr_carea' id='block_1_27' title="bbox 122 1359 915 1394">
    <p class='ocr_par' dir='ltr' id='par_1_27' title="bbox 122 1359 915 1394">
     <span class='ocr_line' id='line_1_27' title="bbox 122 1359 915 1394; baseline -0.006 -4"><span class='ocrx_word' id='word_1_197' title='bbox 122 1364 167 1390; x_wconf 88' lang='lat' dir='ltr'><strong>ubi</strong></span> <span class='ocrx_word' id='word_1_198' title='bbox 187 1363 322 1390; x_wconf 86' lang='lat' dir='ltr'><strong>discussos</strong></span> <span class='ocrx_word' id='word_1_199' title='bbox 345 1369 391 1388; x_wconf 88' lang='lat' dir='ltr'><strong>eos</strong></span> <span class='ocrx_word' id='word_1_200' title='bbox 410 1361 498 1394; x_wconf 88' lang='lat' dir='ltr'><strong>evasi,</strong></span> <span class='ocrx_word' id='word_1_201' title='bbox 520 1361 634 1387; x_wconf 84' lang='lat' dir='ltr'><strong>maxime</strong></span> <span class='ocrx_word' id='word_1_202' title='bbox 648 1360 757 1394; x_wconf 69' lang='lat' dir='ltr'><strong>traiecto</strong></span> <span class='ocrx_word' id='word_1_203' title='bbox 775 1359 825 1386; x_wconf 87' lang='lat' dir='ltr'><strong>isto</strong></span> <span class='ocrx_word' id='word_1_204' title='bbox 838 1360 915 1392; x_wconf 85' lang='lat' dir='ltr'><strong>mari,</strong></span> 
     </span>
    </p>
   </div>
   <div class='ocr_carea' id='block_1_28' title="bbox 123 1405 916 1444">
    <p class='ocr_par' dir='ltr' id='par_1_28' title="bbox 123 1405 916 1444">
     <span class='ocr_line' id='line_1_28' title="bbox 123 1405 916 1444; baseline -0.006 -8"><span class='ocrx_word' id='word_1_205' title='bbox 123 1411 167 1436; x_wconf 85' lang='lat' dir='ltr'><strong>diu</strong></span> <span class='ocrx_word' id='word_1_206' title='bbox 181 1408 361 1444; x_wconf 86' lang='lat' dir='ltr'><strong>gubernacula</strong></span> <span class='ocrx_word' id='word_1_207' title='bbox 380 1415 438 1434; x_wconf 87' lang='lat' dir='ltr'><strong>mea</strong></span> <span class='ocrx_word' id='word_1_208' title='bbox 458 1407 630 1442; x_wconf 78' lang='lat' dir='ltr'><strong>repugnantia</strong></span> <span class='ocrx_word' id='word_1_209' title='bbox 653 1406 775 1433; x_wconf 91' lang='lat' dir='ltr'><strong>omnibus</strong></span> <span class='ocrx_word' id='word_1_210' title='bbox 791 1406 875 1433; x_wconf 88' lang='lat' dir='ltr'><strong>ventis</strong></span> <span class='ocrx_word' id='word_1_211' title='bbox 890 1405 916 1432; x_wconf 93' lang='lat' dir='ltr'><strong>in</strong></span> 
     </span>
    </p>
   </div>
   <div class='ocr_carea' id='block_1_29' title="bbox 123 1451 916 1482">
    <p class='ocr_par' dir='ltr' id='par_1_29' title="bbox 123 1451 916 1482">
     <span class='ocr_line' id='line_1_29' title="bbox 123 1451 916 1482; baseline -0.006 0"><span class='ocrx_word' id='word_1_212' title='bbox 123 1454 221 1482; x_wconf 89' lang='lat' dir='ltr'><strong>mediis</strong></span> <span class='ocrx_word' id='word_1_213' title='bbox 236 1454 358 1481; x_wconf 83' lang='lat' dir='ltr'><strong>ﬂuctibus</strong></span> <span class='ocrx_word' id='word_1_214' title='bbox 372 1453 522 1480; x_wconf 76' lang='lat' dir='ltr'><strong>Academici</strong></span> <span class='ocrx_word' id='word_1_215' title='bbox 538 1456 688 1479; x_wconf 87' lang='lat' dir='ltr'><strong>tenuerunt.</strong></span> <span class='ocrx_word' id='word_1_216' title='bbox 705 1451 806 1478; x_wconf 90' lang='lat' dir='ltr'><strong>Deinde</strong></span> <span class='ocrx_word' id='word_1_217' title='bbox 819 1451 877 1477; x_wconf 80' lang='lat' dir='ltr'><strong>veni</strong></span> <span class='ocrx_word' id='word_1_218' title='bbox 891 1451 916 1477; x_wconf 93' lang='lat' dir='ltr'><strong>in</strong></span> 
     </span>
    </p>
   </div>
   <div class='ocr_carea' id='block_1_30' title="bbox 124 1496 917 1533">
    <p class='ocr_par' dir='ltr' id='par_1_30' title="bbox 124 1496 917 1533">
     <span class='ocr_line' id='line_1_30' title="bbox 124 1496 917 1533; baseline -0.008 -5"><span class='ocrx_word' id='word_1_219' title='bbox 124 1502 172 1528; x_wconf 89' lang='lat' dir='ltr'><strong>has</strong></span> <span class='ocrx_word' id='word_1_220' title='bbox 189 1505 293 1533; x_wconf 86' lang='lat' dir='ltr'><strong>terras;</strong></span> <span class='ocrx_word' id='word_1_221' title='bbox 309 1499 351 1526; x_wconf 93' lang='lat' dir='ltr'><strong>hic</strong></span> <span class='ocrx_word' id='word_1_222' title='bbox 372 1499 579 1533; x_wconf 85' lang='lat' dir='ltr'><strong>septentrionem</strong></span> <span class='ocrx_word' id='word_1_223' title='bbox 600 1498 641 1524; x_wconf 92' lang='lat' dir='ltr'><strong>cui</strong></span> <span class='ocrx_word' id='word_1_224' title='bbox 657 1505 699 1524; x_wconf 93' lang='lat' dir='ltr'><strong>me</strong></span> <span class='ocrx_word' id='word_1_225' title='bbox 720 1496 857 1524; x_wconf 90' lang='lat' dir='ltr'><strong>crederem</strong></span> <span class='ocrx_word' id='word_1_226' title='bbox 875 1496 917 1523; x_wconf 89' lang='lat' dir='ltr'><strong>di-</strong></span> 
     </span>
    </p>
   </div>
   <div class='ocr_carea' id='block_1_31' title="bbox 124 1541 916 1578">
    <p class='ocr_par' dir='ltr' id='par_1_31' title="bbox 124 1541 916 1578">
     <span class='ocr_line' id='line_1_31' title="bbox 124 1541 916 1578; baseline -0.006 -6"><span class='ocrx_word' id='word_1_227' title='bbox 124 1545 188 1572; x_wconf 89' lang='lat' dir='ltr'><strong>dici.</strong></span> <span class='ocrx_word' id='word_1_228' title='bbox 200 1545 381 1572; x_wconf 82' lang='lat' dir='ltr'><strong>Animadverti</strong></span> <span class='ocrx_word' id='word_1_229' title='bbox 390 1544 460 1571; x_wconf 91' lang='lat' dir='ltr'><strong>cnim</strong></span> <span class='ocrx_word' id='word_1_230' title='bbox 471 1548 497 1571; x_wconf 90' lang='lat' dir='ltr'><strong>et</strong></span> <span class='ocrx_word' id='word_1_231' title='bbox 505 1551 575 1578; x_wconf 76' lang='lat' dir='ltr'><strong>szepe</strong></span> <span class='ocrx_word' id='word_1_232' title='bbox 584 1543 610 1570; x_wconf 93' lang='lat' dir='ltr'><strong>in</strong></span> <span class='ocrx_word' id='word_1_233' title='bbox 621 1542 767 1569; x_wconf 89' lang='lat' dir='ltr'><strong>sacerdotis</strong></span> <span class='ocrx_word' id='word_1_234' title='bbox 775 1542 857 1568; x_wconf 89' lang='lat' dir='ltr'><strong>nostri</strong></span> <span class='ocrx_word' id='word_1_235' title='bbox 869 1541 916 1576; x_wconf 85' lang='lat' dir='ltr'><strong>(b),</strong></span> 
     </span>
    </p>
   </div>
   <div class='ocr_carea' id='block_1_32' title="bbox 124 1587 917 1626">
    <p class='ocr_par' dir='ltr' id='par_1_32' title="bbox 124 1587 917 1626">
     <span class='ocr_line' id='line_1_32' title="bbox 124 1587 917 1626; baseline -0.005 -9"><span class='ocrx_word' id='word_1_236' title='bbox 124 1595 151 1617; x_wconf 90' lang='lat' dir='ltr'><strong>et</strong></span> <span class='ocrx_word' id='word_1_237' title='bbox 165 1590 310 1626; x_wconf 90' lang='lat' dir='ltr'><strong>aliquando</strong></span> <span class='ocrx_word' id='word_1_238' title='bbox 324 1590 349 1616; x_wconf 89' lang='lat' dir='ltr'><strong>in</strong></span> <span class='ocrx_word' id='word_1_239' title='bbox 368 1589 535 1616; x_wconf 86' lang='lat' dir='ltr'><strong>sermonibus</strong></span> <span class='ocrx_word' id='word_1_240' title='bbox 548 1589 608 1621; x_wconf 86' lang='lat' dir='ltr'><strong>tuis,</strong></span> <span class='ocrx_word' id='word_1_241' title='bbox 626 1595 685 1614; x_wconf 92' lang='lat' dir='ltr'><strong>cum</strong></span> <span class='ocrx_word' id='word_1_242' title='bbox 701 1587 734 1614; x_wconf 88' lang='lat' dir='ltr'><strong>de</strong></span> <span class='ocrx_word' id='word_1_243' title='bbox 750 1588 804 1614; x_wconf 91' lang='lat' dir='ltr'><strong>Deo</strong></span> <span class='ocrx_word' id='word_1_244' title='bbox 820 1587 917 1621; x_wconf 87' lang='lat' dir='ltr'><strong>cogita-</strong></span> 
     </span>
    </p>
   </div>
   <div class='ocr_carea' id='block_1_33' title="bbox 125 1632 918 1669">
    <p class='ocr_par' dir='ltr' id='par_1_33' title="bbox 125 1632 918 1669">
     <span class='ocr_line' id='line_1_33' title="bbox 125 1632 918 1669; baseline -0.006 -6"><span class='ocrx_word' id='word_1_245' title='bbox 125 1640 210 1667; x_wconf 83' lang='lat' dir='ltr'><strong>retur,</strong></span> <span class='ocrx_word' id='word_1_246' title='bbox 224 1635 290 1662; x_wconf 92' lang='lat' dir='ltr'><strong>nihil</strong></span> <span class='ocrx_word' id='word_1_247' title='bbox 303 1635 411 1661; x_wconf 91' lang='lat' dir='ltr'><strong>omnino</strong></span> <span class='ocrx_word' id='word_1_248' title='bbox 424 1634 542 1669; x_wconf 89' lang='lat' dir='ltr'><strong>corporis</strong></span> <span class='ocrx_word' id='word_1_249' title='bbox 560 1641 619 1661; x_wconf 89' lang='lat' dir='ltr'><strong>csse</strong></span> <span class='ocrx_word' id='word_1_250' title='bbox 632 1632 814 1667; x_wconf 83' lang='lat' dir='ltr'><strong>cogitandum,</strong></span> <span class='ocrx_word' id='word_1_251' title='bbox 834 1640 918 1666; x_wconf 87' lang='lat' dir='ltr'><strong>neque</strong></span> 
     </span>
    </p>
   </div>
   <div class='ocr_carea' id='block_1_34' title="bbox 125 1678 918 1712">
    <p class='ocr_par' dir='ltr' id='par_1_34' title="bbox 125 1678 918 1712">
     <span class='ocr_line' id='line_1_34' title="bbox 125 1678 918 1712; baseline -0.005 -4"><span class='ocrx_word' id='word_1_252' title='bbox 125 1689 187 1708; x_wconf 88' lang='lat' dir='ltr'><strong>cum</strong></span> <span class='ocrx_word' id='word_1_253' title='bbox 202 1680 236 1708; x_wconf 91' lang='lat' dir='ltr'><strong>de</strong></span> <span class='ocrx_word' id='word_1_254' title='bbox 248 1680 335 1707; x_wconf 84' lang='lat' dir='ltr'><strong>anima</strong></span> <span class='ocrx_word' id='word_1_255' title='bbox 349 1689 355 1706; x_wconf 76' lang='grc' dir='ltr'>ί</span> <span class='ocrx_word' id='word_1_256' title='bbox 371 1687 432 1706; x_wconf 92' lang='lat' dir='ltr'><strong>nam</strong></span> <span class='ocrx_word' id='word_1_257' title='bbox 443 1679 470 1706; x_wconf 91' lang='lat' dir='ltr'><strong>id</strong></span> <span class='ocrx_word' id='word_1_258' title='bbox 485 1684 525 1706; x_wconf 88' lang='lat' dir='ltr'><strong>est</strong></span> <span class='ocrx_word' id='word_1_259' title='bbox 538 1687 618 1706; x_wconf 91' lang='lat' dir='ltr'><strong>unum</strong></span> <span class='ocrx_word' id='word_1_260' title='bbox 636 1679 662 1705; x_wconf 93' lang='lat' dir='ltr'><strong>in</strong></span> <span class='ocrx_word' id='word_1_261' title='bbox 677 1678 755 1705; x_wconf 88' lang='lat' dir='ltr'><strong>rebus</strong></span> <span class='ocrx_word' id='word_1_262' title='bbox 770 1678 918 1712; x_wconf 79' lang='lat' dir='ltr'><strong>proximum</strong></span> 
     </span>
    </p>
   </div>
   <div class='ocr_carea' id='block_1_35' title="bbox 126 1722 918 1759">
    <p class='ocr_par' dir='ltr' id='par_1_35' title="bbox 126 1722 918 1759">
     <span class='ocr_line' id='line_1_35' title="bbox 126 1722 918 1759; baseline -0.005 -7"><span class='ocrx_word' id='word_1_263' title='bbox 126 1726 193 1752; x_wconf 89' lang='lat' dir='ltr'><strong>Deo.</strong></span> <span class='ocrx_word' id='word_1_264' title='bbox 213 1725 266 1753; x_wconf 87' lang='lat' dir='ltr'><strong>Sed</strong></span> <span class='ocrx_word' id='word_1_265' title='bbox 279 1732 312 1752; x_wconf 91' lang='lat' dir='ltr'><strong>ne</strong></span> <span class='ocrx_word' id='word_1_266' title='bbox 327 1725 352 1751; x_wconf 94' lang='lat' dir='ltr'><strong>in</strong></span> <span class='ocrx_word' id='word_1_267' title='bbox 366 1724 538 1759; x_wconf 86' lang='lat' dir='ltr'><strong>philosophiae</strong></span> <span class='ocrx_word' id='word_1_268' title='bbox 556 1723 684 1758; x_wconf 79' lang='lat' dir='ltr'><strong>gremium</strong></span> <span class='ocrx_word' id='word_1_269' title='bbox 702 1723 824 1750; x_wconf 88' lang='lat' dir='ltr'><strong>celeriter</strong></span> <span class='ocrx_word' id='word_1_270' title='bbox 837 1722 918 1749; x_wconf 81' lang='lat' dir='ltr'><strong>advo-</strong></span> 
     </span>
    </p>
   </div>
   <div class='ocr_carea' id='block_1_36' title="bbox 127 1767 917 1804">
    <p class='ocr_par' dir='ltr' id='par_1_36' title="bbox 127 1767 917 1804">
     <span class='ocr_line' id='line_1_36' title="bbox 127 1767 917 1804; baseline -0.005 -6"><span class='ocrx_word' id='word_1_271' title='bbox 127 1771 222 1804; x_wconf 88' lang='lat' dir='ltr'><strong>larem,</strong></span> <span class='ocrx_word' id='word_1_272' title='bbox 238 1770 332 1803; x_wconf 86' lang='lat' dir='ltr'><strong>fateor,</strong></span> <span class='ocrx_word' id='word_1_273' title='bbox 349 1770 438 1797; x_wconf 75' lang='lat' dir='ltr'><strong>uxoris</strong></span> <span class='ocrx_word' id='word_1_274' title='bbox 452 1769 612 1803; x_wconf 89' lang='lat' dir='ltr'><strong>honorisque</strong></span> <span class='ocrx_word' id='word_1_275' title='bbox 626 1768 749 1795; x_wconf 85' lang='lat' dir='ltr'><strong>illecebra</strong></span> <span class='ocrx_word' id='word_1_276' title='bbox 765 1767 917 1800; x_wconf 87' lang='lat' dir='ltr'><strong>detinebar;</strong></span> 
     </span>
    </p>
   </div>
   <div class='ocr_carea' id='block_1_37' title="bbox 128 1812 920 1847">
    <p class='ocr_par' dir='ltr' id='par_1_37' title="bbox 128 1812 920 1847">
     <span class='ocr_line' id='line_1_37' title="bbox 128 1812 920 1847; baseline -0.006 -4"><span class='ocrx_word' id='word_1_277' title='bbox 128 1821 156 1843; x_wconf 90' lang='lat' dir='ltr'><strong>ut</strong></span> <span class='ocrx_word' id='word_1_278' title='bbox 170 1823 233 1843; x_wconf 88' lang='lat' dir='ltr'><strong>cum</strong></span> <span class='ocrx_word' id='word_1_279' title='bbox 249 1816 305 1842; x_wconf 60' lang='lat' dir='ltr'><strong>haec</strong></span> <span class='ocrx_word' id='word_1_280' title='bbox 318 1822 404 1842; x_wconf 90' lang='lat' dir='ltr'><strong>essem</strong></span> <span class='ocrx_word' id='word_1_281' title='bbox 418 1818 585 1846; x_wconf 85' lang='lat' dir='ltr'><strong>consecutus,</strong></span> <span class='ocrx_word' id='word_1_282' title='bbox 601 1818 655 1840; x_wconf 88' lang='lat' dir='ltr'><strong>tum</strong></span> <span class='ocrx_word' id='word_1_283' title='bbox 666 1813 771 1840; x_wconf 89' lang='lat' dir='ltr'><strong>demum</strong></span> <span class='ocrx_word' id='word_1_284' title='bbox 783 1821 835 1846; x_wconf 90' lang='lat' dir='ltr'><strong>me,</strong></span> <span class='ocrx_word' id='word_1_285' title='bbox 850 1812 920 1847; x_wconf 90' lang='lat' dir='ltr'><strong>quod</strong></span> 
     </span>
    </p>
   </div>
   <div class='ocr_carea' id='block_1_38' title="bbox 129 1859 920 1897">
    <p class='ocr_par' dir='ltr' id='par_1_38' title="bbox 129 1859 920 1897">
     <span class='ocr_line' id='line_1_38' title="bbox 129 1859 920 1897; baseline -0.006 -7"><span class='ocrx_word' id='word_1_286' title='bbox 129 1862 221 1897; x_wconf 81' lang='lat' dir='ltr'><strong>paucis</strong></span> <span class='ocrx_word' id='word_1_287' title='bbox 241 1861 400 1889; x_wconf 79' lang='lat' dir='ltr'><strong>felicissimis</strong></span> <span class='ocrx_word' id='word_1_288' title='bbox 418 1861 506 1893; x_wconf 89' lang='lat' dir='ltr'><strong>licuit,</strong></span> <span class='ocrx_word' id='word_1_289' title='bbox 527 1860 588 1887; x_wconf 90' lang='lat' dir='ltr'><strong>totis</strong></span> <span class='ocrx_word' id='word_1_290' title='bbox 602 1859 668 1886; x_wconf 88' lang='lat' dir='ltr'><strong>velis</strong></span> <span class='ocrx_word' id='word_1_291' title='bbox 682 1859 859 1893; x_wconf 86' lang='lat' dir='ltr'><strong>omnibusque</strong></span> <span class='ocrx_word' id='word_1_292' title='bbox 876 1867 920 1885; x_wconf 88' lang='lat' dir='ltr'><strong>re-</strong></span> 
     </span>
    </p>
   </div>
   <div class='ocr_carea' id='block_1_39' title="bbox 130 1904 919 1941">
    <p class='ocr_par' dir='ltr' id='par_1_39' title="bbox 130 1904 919 1941">
     <span class='ocr_line' id='line_1_39' title="bbox 130 1904 919 1941; baseline -0.005 -6"><span class='ocrx_word' id='word_1_293' title='bbox 130 1909 180 1935; x_wconf 92' lang='lat' dir='ltr'><strong>mis</strong></span> <span class='ocrx_word' id='word_1_294' title='bbox 195 1908 221 1935; x_wconf 90' lang='lat' dir='ltr'><strong>in</strong></span> <span class='ocrx_word' id='word_1_295' title='bbox 235 1907 307 1935; x_wconf 93' lang='lat' dir='ltr'><strong>illum</strong></span> <span class='ocrx_word' id='word_1_296' title='bbox 321 1907 406 1934; x_wconf 92' lang='lat' dir='ltr'><strong>sinum</strong></span> <span class='ocrx_word' id='word_1_297' title='bbox 425 1914 546 1941; x_wconf 88' lang='lat' dir='ltr'><strong>raperem</strong></span> <span class='ocrx_word' id='word_1_298' title='bbox 556 1926 563 1938; x_wconf 91' lang='lat'><strong>,</strong></span> <span class='ocrx_word' id='word_1_299' title='bbox 584 1905 673 1940; x_wconf 87' lang='lat' dir='ltr'><strong>ibique</strong></span> <span class='ocrx_word' id='word_1_300' title='bbox 694 1904 919 1940; x_wconf 88' lang='lat' dir='ltr'><strong>conquiescerem.</strong></span> 
     </span>
    </p>
   </div>
   <div class='ocr_carea' id='block_1_40' title="bbox 131 1950 922 1985">
    <p class='ocr_par' dir='ltr' id='par_1_40' title="bbox 131 1950 922 1985">
     <span class='ocr_line' id='line_1_40' title="bbox 131 1950 922 1985; baseline -0.004 -5"><span class='ocrx_word' id='word_1_301' title='bbox 131 1953 220 1980; x_wconf 88' lang='lat' dir='ltr'><strong>Lectis</strong></span> <span class='ocrx_word' id='word_1_302' title='bbox 240 1957 328 1980; x_wconf 84' lang='lat' dir='ltr'><strong>autent</strong></span> <span class='ocrx_word' id='word_1_303' title='bbox 346 1952 463 1979; x_wconf 85' lang='lat' dir='ltr'><strong>Platonis</strong></span> <span class='ocrx_word' id='word_1_304' title='bbox 476 1952 483 1966; x_wconf 85' lang='grc'>¹</span> <span class='ocrx_word' id='word_1_305' title='bbox 500 1951 666 1985; x_wconf 89' lang='lat' dir='ltr'><strong>paucissimis</strong></span> <span class='ocrx_word' id='word_1_306' title='bbox 686 1950 759 1977; x_wconf 91' lang='lat' dir='ltr'><strong>libris</strong></span> <span class='ocrx_word' id='word_1_307' title='bbox 771 1971 778 1983; x_wconf 90' lang='lat'><strong>,</strong></span> <span class='ocrx_word' id='word_1_308' title='bbox 800 1950 874 1984; x_wconf 86' lang='lat' dir='ltr'><strong>cujus</strong></span> <span class='ocrx_word' id='word_1_309' title='bbox 896 1954 922 1977; x_wconf 90' lang='lat' dir='ltr'><strong>tc</strong></span> 
     </span>
    </p>
   </div>
   <div class='ocr_carea' id='block_1_41' title="bbox 131 1996 923 2031">
    <p class='ocr_par' dir='ltr' id='par_1_41' title="bbox 131 1996 923 2031">
     <span class='ocr_line' id='line_1_41' title="bbox 131 1996 923 2031; baseline -0.006 -6"><span class='ocrx_word' id='word_1_310' title='bbox 131 2006 191 2026; x_wconf 87' lang='lat' dir='ltr'><strong>esse</strong></span> <span class='ocrx_word' id='word_1_311' title='bbox 206 1997 429 2025; x_wconf 86' lang='lat' dir='ltr'><strong>studiosissimum</strong></span> <span class='ocrx_word' id='word_1_312' title='bbox 441 1996 541 2031; x_wconf 87' lang='lat' dir='ltr'><strong>accepi,</strong></span> <span class='ocrx_word' id='word_1_313' title='bbox 552 1996 701 2030; x_wconf 87' lang='lat' dir='ltr'><strong>collataque</strong></span> <span class='ocrx_word' id='word_1_314' title='bbox 711 2002 770 2021; x_wconf 93' lang='lat' dir='ltr'><strong>cum</strong></span> <span class='ocrx_word' id='word_1_315' title='bbox 781 1997 829 2028; x_wconf 91' lang='lat' dir='ltr'><strong>eis,</strong></span> <span class='ocrx_word' id='word_1_316' title='bbox 842 2003 923 2029; x_wconf 84' lang='lat' dir='ltr'><strong>quau-</strong></span> 
     </span>
    </p>
   </div>
   <div class='ocr_carea' id='block_1_42' title="bbox 132 2040 923 2077">
    <p class='ocr_par' dir='ltr' id='par_1_42' title="bbox 132 2040 923 2077">
     <span class='ocr_line' id='line_1_42' title="bbox 132 2040 923 2077; baseline -0.005 -8"><span class='ocrx_word' id='word_1_317' title='bbox 132 2049 187 2070; x_wconf 87' lang='lat' dir='ltr'><strong>tnm</strong></span> <span class='ocrx_word' id='word_1_318' title='bbox 200 2043 283 2077; x_wconf 87' lang='lat' dir='ltr'><strong>potui,</strong></span> <span class='ocrx_word' id='word_1_319' title='bbox 296 2042 374 2070; x_wconf 88' lang='lat' dir='ltr'><strong>etiam</strong></span> <span class='ocrx_word' id='word_1_320' title='bbox 387 2042 492 2068; x_wconf 91' lang='lat' dir='ltr'><strong>illorum</strong></span> <span class='ocrx_word' id='word_1_321' title='bbox 505 2040 661 2068; x_wconf 87' lang='lat' dir='ltr'><strong>auctoritate</strong></span> <span class='ocrx_word' id='word_1_322' title='bbox 672 2040 715 2075; x_wconf 93' lang='lat' dir='ltr'><strong>qui</strong></span> <span class='ocrx_word' id='word_1_323' title='bbox 727 2040 813 2066; x_wconf 91' lang='lat' dir='ltr'><strong>divina</strong></span> <span class='ocrx_word' id='word_1_324' title='bbox 824 2045 923 2075; x_wconf 81' lang='lat' dir='ltr'><strong>myste-</strong></span> 
     </span>
    </p>
   </div>
   <div class='ocr_carea' id='block_1_43' title="bbox 132 2087 923 2119">
    <p class='ocr_par' dir='ltr' id='par_1_43' title="bbox 132 2087 923 2119">
     <span class='ocr_line' id='line_1_43' title="bbox 132 2087 923 2119; baseline -0.005 -3"><span class='ocrx_word' id='word_1_325' title='bbox 132 2090 170 2116; x_wconf 87' lang='lat' dir='ltr'><strong>ria</strong></span> <span class='ocrx_word' id='word_1_326' title='bbox 192 2088 375 2119; x_wconf 80' lang='lat' dir='ltr'><strong>tradiderunt,</strong></span> <span class='ocrx_word' id='word_1_327' title='bbox 399 2088 438 2114; x_wconf 90' lang='lat' dir='ltr'><strong>sic</strong></span> <span class='ocrx_word' id='word_1_328' title='bbox 460 2087 564 2119; x_wconf 84' lang='lat' dir='ltr'><strong>exarsi,</strong></span> <span class='ocrx_word' id='word_1_329' title='bbox 590 2091 619 2113; x_wconf 93' lang='lat' dir='ltr'><strong>ut</strong></span> <span class='ocrx_word' id='word_1_330' title='bbox 640 2094 733 2113; x_wconf 90' lang='lat' dir='ltr'><strong>omnes</strong></span> <span class='ocrx_word' id='word_1_331' title='bbox 755 2087 812 2113; x_wconf 90' lang='lat' dir='ltr'><strong>illas</strong></span> <span class='ocrx_word' id='word_1_332' title='bbox 827 2087 923 2113; x_wconf 78' lang='lat' dir='ltr'><strong>vellem</strong></span> 
     </span>
    </p>
   </div>
   <div class='ocr_carea' id='block_1_44' title="bbox 132 2131 922 2167">
    <p class='ocr_par' dir='ltr' id='par_1_44' title="bbox 132 2131 922 2167">
     <span class='ocr_line' id='line_1_44' title="bbox 132 2131 922 2167; baseline -0.005 -6"><span class='ocrx_word' id='word_1_333' title='bbox 132 2134 265 2161; x_wconf 88' lang='lat' dir='ltr'><strong>anchoras</strong></span> <span class='ocrx_word' id='word_1_334' title='bbox 287 2140 427 2167; x_wconf 90' lang='lat' dir='ltr'><strong>rumpere,</strong></span> <span class='ocrx_word' id='word_1_335' title='bbox 451 2132 501 2159; x_wconf 88' lang='lat' dir='ltr'><strong>nisi</strong></span> <span class='ocrx_word' id='word_1_336' title='bbox 523 2139 566 2159; x_wconf 90' lang='lat' dir='ltr'><strong>me</strong></span> <span class='ocrx_word' id='word_1_337' title='bbox 586 2131 772 2158; x_wconf 90' lang='lat' dir='ltr'><strong>nonnullorum</strong></span> <span class='ocrx_word' id='word_1_338' title='bbox 789 2131 922 2157; x_wconf 89' lang='lat' dir='ltr'><strong>hominum</strong></span> 
     </span>
    </p>
   </div>
   <div class='ocr_carea' id='block_1_45' title="bbox 133 2176 923 2213">
    <p class='ocr_par' dir='ltr' id='par_1_45' title="bbox 133 2176 923 2213">
     <span class='ocr_line' id='line_1_45' title="bbox 133 2176 923 2213; baseline -0.004 -6"><span class='ocrx_word' id='word_1_339' title='bbox 133 2179 294 2207; x_wconf 77' lang='lat' dir='ltr'><strong>existimatio</strong></span> <span class='ocrx_word' id='word_1_340' title='bbox 315 2182 495 2206; x_wconf 78' lang='lat' dir='ltr'><strong>commoveret</strong></span> <span class='ocrx_word' id='word_1_341' title='bbox 513 2177 650 2213; x_wconf 69' lang='lat' dir='ltr'><strong>(Coant‘b.</strong></span> <span class='ocrx_word' id='word_1_342' title='bbox 665 2178 679 2204; x_wconf 88' lang='lat'><strong>7</strong></span> <span class='ocrx_word' id='word_1_343' title='bbox 691 2199 697 2210; x_wconf 91' lang='lat'><strong>,</strong></span> <span class='ocrx_word' id='word_1_344' title='bbox 710 2185 784 2211; x_wconf 80' lang='lat' dir='ltr'><strong>capp.</strong></span> <span class='ocrx_word' id='word_1_345' title='bbox 798 2176 814 2204; x_wconf 85' lang='lat'><strong>9</strong></span> <span class='ocrx_word' id='word_1_346' title='bbox 825 2198 831 2209; x_wconf 90' lang='lat'><strong>,</strong></span> <span class='ocrx_word' id='word_1_347' title='bbox 857 2176 923 2211; x_wconf 71' lang='lat'><strong>20).</strong></span> 
     </span>
    </p>
   </div>
   <div class='ocr_carea' id='block_1_46' title="bbox 134 2222 925 2260">
    <p class='ocr_par' dir='ltr' id='par_1_46' title="bbox 134 2222 925 2260">
     <span class='ocr_line' id='line_1_46' title="bbox 134 2222 925 2260; baseline -0.005 -8"><span class='ocrx_word' id='word_1_348' title='bbox 134 2226 202 2259; x_wconf 85' lang='lat' dir='ltr'><strong>Quid</strong></span> <span class='ocrx_word' id='word_1_349' title='bbox 217 2233 281 2260; x_wconf 82' lang='lat' dir='ltr'><strong>ergo</strong></span> <span class='ocrx_word' id='word_1_350' title='bbox 294 2224 413 2252; x_wconf 86' lang='lat' dir='ltr'><strong>restabat</strong></span> <span class='ocrx_word' id='word_1_351' title='bbox 426 2223 508 2256; x_wconf 90' lang='lat' dir='ltr'><strong>aliud,</strong></span> <span class='ocrx_word' id='word_1_352' title='bbox 523 2223 573 2250; x_wconf 84' lang='lat' dir='ltr'><strong>nisi</strong></span> <span class='ocrx_word' id='word_1_353' title='bbox 589 2227 618 2250; x_wconf 90' lang='lat' dir='ltr'><strong>ul.</strong></span> <span class='ocrx_word' id='word_1_354' title='bbox 635 2222 785 2249; x_wconf 89' lang='lat' dir='ltr'><strong>immoranti</strong></span> <span class='ocrx_word' id='word_1_355' title='bbox 805 2223 866 2249; x_wconf 91' lang='lat' dir='ltr'><strong>mihi</strong></span> <span class='ocrx_word' id='word_1_356' title='bbox 882 2230 925 2249; x_wconf 87' lang='lat' dir='ltr'><strong>sn-</strong></span> 
     </span>
    </p>
   </div>
   <div class='ocr_carea' id='block_1_47' title="bbox 135 2268 924 2306">
    <p class='ocr_par' dir='ltr' id='par_1_47' title="bbox 135 2268 924 2306">
     <span class='ocr_line' id='line_1_47' title="bbox 135 2268 924 2306; baseline -0.003 -8"><span class='ocrx_word' id='word_1_357' title='bbox 135 2271 259 2306; x_wconf 87' lang='lat' dir='ltr'><strong>pcrfluis,</strong></span> <span class='ocrx_word' id='word_1_358' title='bbox 275 2274 417 2304; x_wconf 86' lang='lat' dir='ltr'><strong>tempestas</strong></span> <span class='ocrx_word' id='word_1_359' title='bbox 432 2277 490 2304; x_wconf 67' lang='lat' dir='ltr'><strong>quae</strong></span> <span class='ocrx_word' id='word_1_360' title='bbox 502 2269 641 2304; x_wconf 90' lang='lat' dir='ltr'><strong>putabatur</strong></span> <span class='ocrx_word' id='word_1_361' title='bbox 655 2268 775 2300; x_wconf 89' lang='lat' dir='ltr'><strong>adversa,</strong></span> <span class='ocrx_word' id='word_1_362' title='bbox 786 2276 924 2296; x_wconf 88' lang='lat' dir='ltr'><strong>succurre-</strong></span> 
     </span>
    </p>
   </div>
   <div class='ocr_carea' id='block_1_48' title="bbox 135 2314 926 2350">
    <p class='ocr_par' dir='ltr' id='par_1_48' title="bbox 135 2314 926 2350">
     <span class='ocr_line' id='line_1_48' title="bbox 135 2314 926 2350; baseline -0.005 -7"><span class='ocrx_word' id='word_1_363' title='bbox 135 2317 197 2344; x_wconf 90' lang='lat' dir='ltr'><strong>ret?</strong></span> <span class='ocrx_word' id='word_1_364' title='bbox 213 2316 304 2350; x_wconf 86' lang='lat' dir='ltr'><strong>Itaque</strong></span> <span class='ocrx_word' id='word_1_365' title='bbox 320 2320 407 2342; x_wconf 87' lang='lat' dir='ltr'><strong>tantus</strong></span> <span class='ocrx_word' id='word_1_366' title='bbox 418 2323 460 2342; x_wconf 90' lang='lat' dir='ltr'><strong>me</strong></span> <span class='ocrx_word' id='word_1_367' title='bbox 471 2315 581 2349; x_wconf 86' lang='lat' dir='ltr'><strong>arripuit</strong></span> <span class='ocrx_word' id='word_1_368' title='bbox 595 2314 708 2349; x_wconf 88' lang='lat' dir='ltr'><strong>pectoris</strong></span> <span class='ocrx_word' id='word_1_369' title='bbox 719 2314 803 2346; x_wconf 89' lang='lat' dir='ltr'><strong>dolor,</strong></span> <span class='ocrx_word' id='word_1_370' title='bbox 818 2317 846 2340; x_wconf 89' lang='lat' dir='ltr'><strong>ut</strong></span> <span class='ocrx_word' id='word_1_371' title='bbox 857 2314 926 2340; x_wconf 83' lang='lat' dir='ltr'><strong>illius</strong></span> 
     </span>
    </p>
   </div>
   <div class='ocr_carea' id='block_1_49' title="bbox 136 2359 927 2396">
    <p class='ocr_par' dir='ltr' id='par_1_49' title="bbox 136 2359 927 2396">
     <span class='ocr_line' id='line_1_49' title="bbox 136 2359 927 2396; baseline -0.005 -7"><span class='ocrx_word' id='word_1_372' title='bbox 136 2362 310 2396; x_wconf 84' lang='lat' dir='ltr'><strong>professionis</strong></span> <span class='ocrx_word' id='word_1_373' title='bbox 321 2368 389 2388; x_wconf 89' lang='lat' dir='ltr'><strong>onus</strong></span> <span class='ocrx_word' id='word_1_374' title='bbox 403 2361 534 2387; x_wconf 90' lang='lat' dir='ltr'><strong>sustinere</strong></span> <span class='ocrx_word' id='word_1_375' title='bbox 547 2368 599 2387; x_wconf 90' lang='lat' dir='ltr'><strong>non</strong></span> <span class='ocrx_word' id='word_1_376' title='bbox 612 2360 712 2391; x_wconf 77' lang='lat' dir='ltr'><strong>valens,</strong></span> <span class='ocrx_word' id='word_1_377' title='bbox 725 2367 774 2394; x_wconf 88' lang='lat' dir='ltr'><strong>qua</strong></span> <span class='ocrx_word' id='word_1_378' title='bbox 789 2359 851 2386; x_wconf 88' lang='lat' dir='ltr'><strong>mihi</strong></span> <span class='ocrx_word' id='word_1_379' title='bbox 864 2359 927 2386; x_wconf 92' lang='lat' dir='ltr'><strong>veli-</strong></span> 
     </span>
    </p>
   </div>
   <div class='ocr_carea' id='block_1_50' title="bbox 137 2405 927 2440">
    <p class='ocr_par' dir='ltr' id='par_1_50' title="bbox 137 2405 927 2440">
     <span class='ocr_line' id='line_1_50' title="bbox 137 2405 927 2440; baseline -0.004 -6"><span class='ocrx_word' id='word_1_380' title='bbox 137 2408 247 2435; x_wconf 84' lang='lat' dir='ltr'><strong>ﬁcabam</strong></span> <span class='ocrx_word' id='word_1_381' title='bbox 271 2407 383 2434; x_wconf 77' lang='lat' dir='ltr'><strong>fortasse</strong></span> <span class='ocrx_word' id='word_1_382' title='bbox 410 2407 443 2433; x_wconf 89' lang='lat' dir='ltr'><strong>ad</strong></span> <span class='ocrx_word' id='word_1_383' title='bbox 466 2406 583 2438; x_wconf 88' lang='lat' dir='ltr'><strong>Sirenas,</strong></span> <span class='ocrx_word' id='word_1_384' title='bbox 606 2406 747 2440; x_wconf 82' lang='lat' dir='ltr'><strong>abjicerem</strong></span> <span class='ocrx_word' id='word_1_385' title='bbox 771 2405 875 2437; x_wconf 87' lang='lat' dir='ltr'><strong>omnia,</strong></span> <span class='ocrx_word' id='word_1_386' title='bbox 901 2410 927 2432; x_wconf 91' lang='lat' dir='ltr'><strong>et</strong></span> 
     </span>
    </p>
   </div>
   <div class='ocr_carea' id='block_1_51' title="bbox 136 2452 926 2488">
    <p class='ocr_par' dir='ltr' id='par_1_51' title="bbox 136 2452 926 2488">
     <span class='ocr_line' id='line_1_51' title="bbox 136 2452 926 2488; baseline -0.003 -8"><span class='ocrx_word' id='word_1_387' title='bbox 136 2458 232 2488; x_wconf 66' lang='lat' dir='ltr'><strong>optata:</strong></span> <span class='ocrx_word' id='word_1_388' title='bbox 249 2453 430 2488; x_wconf 85' lang='lat' dir='ltr'><strong>tranquillitati</strong></span> <span class='ocrx_word' id='word_1_389' title='bbox 444 2453 485 2480; x_wconf 91' lang='lat' dir='ltr'><strong>vel</strong></span> <span class='ocrx_word' id='word_1_390' title='bbox 504 2457 653 2488; x_wconf 88' lang='lat' dir='ltr'><strong>quassatam</strong></span> <span class='ocrx_word' id='word_1_391' title='bbox 672 2459 765 2478; x_wconf 79' lang='lat' dir='ltr'><strong>navem</strong></span> <span class='ocrx_word' id='word_1_392' title='bbox 786 2452 926 2486; x_wconf 83' lang='lat' dir='ltr'><strong>fiSsamque</strong></span> 
     </span>
    </p>
   </div>
   <div class='ocr_carea' id='block_1_52' title="bbox 138 2500 322 2534">
    <p class='ocr_par' dir='ltr' id='par_1_52' title="bbox 138 2500 322 2534">
     <span class='ocr_line' id='line_1_52' title="bbox 138 2500 322 2534; baseline -0.011 -7"><span class='ocrx_word' id='word_1_393' title='bbox 138 2500 322 2534; x_wconf 87' lang='lat' dir='ltr'><strong>perducerem.</strong></span> 
     </span>
    </p>
   </div>
   <div class='ocr_carea' id='block_1_53' title="bbox 172 2544 927 2581">
    <p class='ocr_par' dir='ltr' id='par_1_53' title="bbox 172 2544 927 2581">
     <span class='ocr_line' id='line_1_53' title="bbox 172 2544 927 2581; baseline -0.005 -7"><span class='ocrx_word' id='word_1_394' title='bbox 172 2548 198 2574; x_wconf 82' lang='grc'><strong>5.</strong></span> <span class='ocrx_word' id='word_1_395' title='bbox 210 2547 281 2581; x_wconf 81' lang='lat' dir='ltr'><strong>Ergo</strong></span> <span class='ocrx_word' id='word_1_396' title='bbox 294 2546 368 2573; x_wconf 90' lang='lat' dir='ltr'><strong>vides</strong></span> <span class='ocrx_word' id='word_1_397' title='bbox 381 2546 406 2573; x_wconf 91' lang='lat' dir='ltr'><strong>in</strong></span> <span class='ocrx_word' id='word_1_398' title='bbox 420 2553 470 2581; x_wconf 93' lang='lat' dir='ltr'><strong>qua</strong></span> <span class='ocrx_word' id='word_1_399' title='bbox 483 2544 648 2580; x_wconf 88' lang='lat' dir='ltr'><strong>philosophia</strong></span> <span class='ocrx_word' id='word_1_400' title='bbox 663 2545 737 2579; x_wconf 83' lang='lat' dir='ltr'><strong>quasi</strong></span> <span class='ocrx_word' id='word_1_401' title='bbox 752 2544 777 2570; x_wconf 88' lang='lat' dir='ltr'><strong>in</strong></span> <span class='ocrx_word' id='word_1_402' title='bbox 792 2548 866 2579; x_wconf 88' lang='lat' dir='ltr'><strong>portu</strong></span> <span class='ocrx_word' id='word_1_403' title='bbox 879 2552 927 2571; x_wconf 85' lang='lat' dir='ltr'><strong>na-</strong></span> 
     </span>
    </p>
   </div>
   <div class='ocr_carea' id='block_1_54' title="bbox 138 2590 927 2628">
    <p class='ocr_par' dir='ltr' id='par_1_54' title="bbox 138 2590 927 2628">
     <span class='ocr_line' id='line_1_54' title="bbox 138 2590 927 2628; baseline -0.004 -8"><span class='ocrx_word' id='word_1_404' title='bbox 138 2593 235 2628; x_wconf 85' lang='lat' dir='ltr'><strong>vigem.</strong></span> <span class='ocrx_word' id='word_1_405' title='bbox 249 2592 301 2620; x_wconf 90' lang='lat' dir='ltr'><strong>Sed</strong></span> <span class='ocrx_word' id='word_1_406' title='bbox 316 2593 395 2620; x_wconf 86' lang='lat' dir='ltr'><strong>etiam</strong></span> <span class='ocrx_word' id='word_1_407' title='bbox 411 2592 467 2626; x_wconf 89' lang='lat' dir='ltr'><strong>ipse</strong></span> <span class='ocrx_word' id='word_1_408' title='bbox 479 2592 530 2618; x_wconf 85' lang='lat' dir='ltr'><strong>late</strong></span> <span class='ocrx_word' id='word_1_409' title='bbox 543 2595 623 2625; x_wconf 87' lang='lat' dir='ltr'><strong>patet,</strong></span> <span class='ocrx_word' id='word_1_410' title='bbox 641 2591 751 2625; x_wconf 89' lang='lat' dir='ltr'><strong>ejusque</strong></span> <span class='ocrx_word' id='word_1_411' title='bbox 776 2590 927 2625; x_wconf 80' lang='lat' dir='ltr'><strong>magnitudo</strong></span> 
     </span>
    </p>
   </div>
   <div class='ocr_carea' id='block_1_55' title="bbox 140 2637 928 2673">
    <p class='ocr_par' dir='ltr' id='par_1_55' title="bbox 140 2637 928 2673">
     <span class='ocr_line' id='line_1_55' title="bbox 140 2637 928 2673; baseline -0.004 -8"><span class='ocrx_word' id='word_1_412' title='bbox 140 2639 260 2672; x_wconf 84' lang='lat' dir='ltr'><strong>quamvis</strong></span> <span class='ocrx_word' id='word_1_413' title='bbox 270 2638 325 2673; x_wconf 87' lang='lat' dir='ltr'><strong>jam</strong></span> <span class='ocrx_word' id='word_1_414' title='bbox 339 2639 427 2665; x_wconf 91' lang='lat' dir='ltr'><strong>minus</strong></span> <span class='ocrx_word' id='word_1_415' title='bbox 441 2637 629 2672; x_wconf 89' lang='lat' dir='ltr'><strong>periculosum,</strong></span> <span class='ocrx_word' id='word_1_416' title='bbox 646 2644 697 2663; x_wconf 92' lang='lat' dir='ltr'><strong>non</strong></span> <span class='ocrx_word' id='word_1_417' title='bbox 714 2641 800 2664; x_wconf 88' lang='lat' dir='ltr'><strong>tamen</strong></span> <span class='ocrx_word' id='word_1_418' title='bbox 824 2637 928 2671; x_wconf 90' lang='lat' dir='ltr'><strong>penitus</strong></span> 
     </span>
    </p>
   </div>
   <div class='ocr_carea' id='block_1_56' title="bbox 141 2681 928 2718">
    <p class='ocr_par' dir='ltr' id='par_1_56' title="bbox 141 2681 928 2718">
     <span class='ocr_line' id='line_1_56' title="bbox 141 2681 928 2718; baseline 0 -9"><span class='ocrx_word' id='word_1_419' title='bbox 141 2683 393 2711; x_wconf 82' lang='lat' dir='ltr'><strong>excluditerrorcm.</strong></span> <span class='ocrx_word' id='word_1_420' title='bbox 406 2683 471 2710; x_wconf 85' lang='lat' dir='ltr'><strong>Nam</strong></span> <span class='ocrx_word' id='word_1_421' title='bbox 486 2683 528 2710; x_wconf 90' lang='lat' dir='ltr'><strong>cui</strong></span> <span class='ocrx_word' id='word_1_422' title='bbox 543 2682 610 2718; x_wconf 91' lang='lat' dir='ltr'><strong>parti</strong></span> <span class='ocrx_word' id='word_1_423' title='bbox 626 2686 713 2716; x_wconf 70' lang='lat' dir='ltr'><strong>terrae,</strong></span> <span class='ocrx_word' id='word_1_424' title='bbox 732 2689 791 2718; x_wconf 79' lang='lat' dir='ltr'><strong>qua:</strong></span> <span class='ocrx_word' id='word_1_425' title='bbox 811 2681 928 2717; x_wconf 82' lang='lat' dir='ltr'><strong>profecto</strong></span> 
     </span>
    </p>
   </div>
   <div class='ocr_carea' id='block_1_57' title="bbox 172 2778 669 2810">
    <p class='ocr_par' dir='ltr' id='par_1_57' title="bbox 172 2778 669 2810">
     <span class='ocr_line' id='line_1_57' title="bbox 172 2778 669 2810; baseline 0 -7"><span class='ocrx_word' id='word_1_426' title='bbox 172 2780 179 2795; x_wconf 84' lang='grc'>¹</span> <span class='ocrx_word' id='word_1_427' title='bbox 193 2778 303 2810; x_wconf 88' lang='lat' dir='ltr'><strong>Quinque</strong></span> <span class='ocrx_word' id='word_1_428' title='bbox 316 2782 369 2804; x_wconf 66' lang='lat' dir='ltr'><strong>mss.</strong></span> <span class='ocrx_word' id='word_1_429' title='bbox 382 2786 389 2804; x_wconf 69' lang='grc' dir='ltr'><strong><em>τ</em></strong></span> <span class='ocrx_word' id='word_1_430' title='bbox 402 2778 476 2804; x_wconf 80' lang='lat' dir='ltr'><strong>Lectis</strong></span> <span class='ocrx_word' id='word_1_431' title='bbox 485 2780 565 2803; x_wconf 75' lang='lat' dir='ltr'><strong>(auem</strong></span> <span class='ocrx_word' id='word_1_432' title='bbox 576 2778 669 2804; x_wconf 75' lang='lat' dir='ltr'><strong>Plotini.</strong></span> 
     </span>
    </p>
   </div>
   <div class='ocr_carea' id='block_1_58' title="bbox 171 2819 608 2851">
    <p class='ocr_par' dir='ltr' id='par_1_58' title="bbox 171 2819 608 2851">
     <span class='ocr_line' id='line_1_58' title="bbox 171 2819 608 2851; baseline -0.005 -6"><span class='ocrx_word' id='word_1_433' title='bbox 171 2821 208 2850; x_wconf 82' lang='grc' dir='ltr'><strong>(α)</strong></span> <span class='ocrx_word' id='word_1_434' title='bbox 220 2820 371 2851; x_wconf 66' lang='lat' dir='ltr'><strong>Manichazos;</strong></span> <span class='ocrx_word' id='word_1_435' title='bbox 384 2819 425 2845; x_wconf 93' lang='lat' dir='ltr'><strong>lib.</strong></span> <span class='ocrx_word' id='word_1_436' title='bbox 438 2820 454 2844; x_wconf 85' lang='lat'><strong>5</strong></span> <span class='ocrx_word' id='word_1_437' title='bbox 463 2819 538 2849; x_wconf 66' lang='lat' dir='ltr'><strong>cont,</strong></span> <span class='ocrx_word' id='word_1_438' title='bbox 550 2826 572 2844; x_wconf 89' lang='lat' dir='ltr'><strong>c.</strong></span> <span class='ocrx_word' id='word_1_439' title='bbox 585 2820 608 2843; x_wconf 88' lang='lat'><strong>6.</strong></span> 
     </span>
    </p>
   </div>
   <div class='ocr_carea' id='block_1_59' title="bbox 172 2861 654 2894">
    <p class='ocr_par' dir='ltr' id='par_1_59' title="bbox 172 2861 654 2894">
     <span class='ocr_line' id='line_1_59' title="bbox 172 2861 654 2894; baseline -0.002 -7"><span class='ocrx_word' id='word_1_440' title='bbox 172 2862 210 2894; x_wconf 69' lang='grc' dir='ltr'><strong>(ι’)</strong></span> <span class='ocrx_word' id='word_1_441' title='bbox 222 2863 356 2893; x_wconf 81' lang='lat' dir='ltr'><strong>Ambrosii;</strong></span> <span class='ocrx_word' id='word_1_442' title='bbox 368 2862 410 2887; x_wconf 81' lang='lat' dir='ltr'><strong>lib.</strong></span> <span class='ocrx_word' id='word_1_443' title='bbox 423 2861 439 2886; x_wconf 87' lang='lat'><strong>6</strong></span> <span class='ocrx_word' id='word_1_444' title='bbox 449 2861 513 2887; x_wconf 88' lang='lat' dir='ltr'><strong>Conf.</strong></span> <span class='ocrx_word' id='word_1_445' title='bbox 526 2868 548 2887; x_wconf 89' lang='lat' dir='ltr'><strong>c.</strong></span> <span class='ocrx_word' id='word_1_446' title='bbox 561 2861 586 2893; x_wconf 85' lang='lat'><strong>5,</strong></span> <span class='ocrx_word' id='word_1_447' title='bbox 597 2868 621 2886; x_wconf 88' lang='lat' dir='ltr'><strong>n.</strong></span> <span class='ocrx_word' id='word_1_448' title='bbox 633 2861 654 2887; x_wconf 71' lang='grc'><strong>4.</strong></span> 
     </span>
    </p>
   </div>
   <div class='ocr_carea' id='block_1_60' title="bbox 562 157 1334 195">
    <p class='ocr_par' dir='ltr' id='par_1_60' title="bbox 562 157 1334 195">
     <span class='ocr_line' id='line_1_60' title="bbox 562 157 1334 195; baseline -0.006 -2"><span class='ocrx_word' id='word_1_449' title='bbox 562 165 605 193; x_wconf 89' lang='lat' dir='ltr'><strong>DE</strong></span> <span class='ocrx_word' id='word_1_450' title='bbox 626 163 740 192; x_wconf 74' lang='lat' dir='ltr'><strong>BEATA</strong></span> <span class='ocrx_word' id='word_1_451' title='bbox 758 162 847 195; x_wconf 74' lang='lat' dir='ltr'><strong>VITA,</strong></span> <span class='ocrx_word' id='word_1_452' title='bbox 868 160 898 188; x_wconf 89' lang='lat' dir='ltr'><strong>S.</strong></span> <span class='ocrx_word' id='word_1_453' title='bbox 914 157 1099 189; x_wconf 75' lang='lat' dir='ltr'><strong>AUGUSTINI</strong></span> <span class='ocrx_word' id='word_1_454' title='bbox 1118 161 1218 189; x_wconf 80' lang='lat' dir='ltr'>LIBER</span> <span class='ocrx_word' id='word_1_455' title='bbox 1237 161 1334 190; x_wconf 76' lang='lat' dir='ltr'><strong>UNUS.</strong></span> 
     </span>
    </p>
   </div>
   <div class='ocr_carea' id='block_1_61' title="bbox 1702 161 1756 191">
    <p class='ocr_par' dir='ltr' id='par_1_61' title="bbox 1702 161 1756 191">
     <span class='ocr_line' id='line_1_61' title="bbox 1702 161 1756 191; baseline -0.037 0"><span class='ocrx_word' id='word_1_456' title='bbox 1702 161 1756 191; x_wconf 66' lang='lat'><strong>962</strong></span> 
     </span>
    </p>
   </div>
   <div class='ocr_carea' id='block_1_62' title="bbox 969 218 1754 257">
    <p class='ocr_par' dir='ltr' id='par_1_62' title="bbox 969 218 1754 257">
     <span class='ocr_line' id='line_1_62' title="bbox 969 218 1754 257; baseline 0.006 -13"><span class='ocrx_word' id='word_1_457' title='bbox 969 218 1040 245; x_wconf 93' lang='lat' dir='ltr'><strong>unal</strong></span> <span class='ocrx_word' id='word_1_458' title='bbox 1063 218 1140 246; x_wconf 86' lang='lat' dir='ltr'><strong>beata</strong></span> <span class='ocrx_word' id='word_1_459' title='bbox 1163 223 1215 254; x_wconf 81' lang='lat' dir='ltr'><strong>est,</strong></span> <span class='ocrx_word' id='word_1_460' title='bbox 1234 227 1278 248; x_wconf 90' lang='lat' dir='ltr'><strong>me</strong></span> <span class='ocrx_word' id='word_1_461' title='bbox 1299 220 1465 254; x_wconf 87' lang='lat' dir='ltr'><strong>admoveam,</strong></span> <span class='ocrx_word' id='word_1_462' title='bbox 1491 224 1572 256; x_wconf 87' lang='lat' dir='ltr'><strong>atque</strong></span> <span class='ocrx_word' id='word_1_463' title='bbox 1592 221 1754 257; x_wconf 79' lang='lat' dir='ltr'><strong>contingam,</strong></span> 
     </span>
    </p>
   </div>
   <div class='ocr_carea' id='block_1_63' title="bbox 968 264 1756 300">
    <p class='ocr_par' dir='ltr' id='par_1_63' title="bbox 968 264 1756 300">
     <span class='ocr_line' id='line_1_63' title="bbox 968 264 1756 300; baseline 0.005 -10"><span class='ocrx_word' id='word_1_464' title='bbox 968 270 1076 297; x_wconf 86' lang='lat' dir='ltr'><strong>prorsus</strong></span> <span class='ocrx_word' id='word_1_465' title='bbox 1092 264 1194 300; x_wconf 90' lang='lat' dir='ltr'><strong>ignoro.</strong></span> <span class='ocrx_word' id='word_1_466' title='bbox 1209 265 1277 299; x_wconf 85' lang='lat' dir='ltr'><strong>Quid</strong></span> <span class='ocrx_word' id='word_1_467' title='bbox 1299 266 1369 294; x_wconf 89' lang='lat' dir='ltr'><strong>enim</strong></span> <span class='ocrx_word' id='word_1_468' title='bbox 1382 265 1497 293; x_wconf 87' lang='lat' dir='ltr'><strong>solidum</strong></span> <span class='ocrx_word' id='word_1_469' title='bbox 1509 266 1590 299; x_wconf 86' lang='lat' dir='ltr'><strong>tenui,</strong></span> <span class='ocrx_word' id='word_1_470' title='bbox 1610 267 1652 294; x_wconf 91' lang='lat' dir='ltr'><strong>cui</strong></span> <span class='ocrx_word' id='word_1_471' title='bbox 1669 265 1756 295; x_wconf 85' lang='lat' dir='ltr'><strong>adhuc</strong></span> 
     </span>
    </p>
   </div>
   <div class='ocr_carea' id='block_1_64' title="bbox 968 307 1757 344">
    <p class='ocr_par' dir='ltr' id='par_1_64' title="bbox 968 307 1757 344">
     <span class='ocr_line' id='line_1_64' title="bbox 968 307 1757 344; baseline 0.005 -9"><span class='ocrx_word' id='word_1_472' title='bbox 968 307 1002 335; x_wconf 90' lang='lat' dir='ltr'><strong>de</strong></span> <span class='ocrx_word' id='word_1_473' title='bbox 1014 308 1101 335; x_wconf 86' lang='lat' dir='ltr'><strong>anima</strong></span> <span class='ocrx_word' id='word_1_474' title='bbox 1116 310 1226 344; x_wconf 74' lang='lat' dir='ltr'><strong>quazstin</strong></span> <span class='ocrx_word' id='word_1_475' title='bbox 1240 314 1315 337; x_wconf 89' lang='lat' dir='ltr'><strong>nutat</strong></span> <span class='ocrx_word' id='word_1_476' title='bbox 1325 315 1352 337; x_wconf 90' lang='lat' dir='ltr'><strong>et</strong></span> <span class='ocrx_word' id='word_1_477' title='bbox 1362 310 1489 337; x_wconf 82' lang='lat' dir='ltr'><strong>ﬂuctuat?</strong></span> <span class='ocrx_word' id='word_1_478' title='bbox 1502 310 1591 344; x_wconf 84' lang='lat' dir='ltr'><strong>Quare</strong></span> <span class='ocrx_word' id='word_1_479' title='bbox 1603 311 1715 339; x_wconf 86' lang='lat' dir='ltr'><strong>obsecro</strong></span> <span class='ocrx_word' id='word_1_480' title='bbox 1731 317 1757 339; x_wconf 76' lang='lat' dir='ltr'><strong>te</strong></span> 
     </span>
    </p>
   </div>
   <div class='ocr_carea' id='block_1_65' title="bbox 968 354 1755 392">
    <p class='ocr_par' dir='ltr' id='par_1_65' title="bbox 968 354 1755 392">
     <span class='ocr_line' id='line_1_65' title="bbox 968 354 1755 392; baseline 0.005 -12"><span class='ocrx_word' id='word_1_481' title='bbox 968 360 1016 388; x_wconf 86' lang='lat' dir='ltr'><strong>per</strong></span> <span class='ocrx_word' id='word_1_482' title='bbox 1028 354 1151 382; x_wconf 84' lang='lat' dir='ltr'><strong>virtutem</strong></span> <span class='ocrx_word' id='word_1_483' title='bbox 1164 360 1246 389; x_wconf 86' lang='lat' dir='ltr'><strong>tuam,</strong></span> <span class='ocrx_word' id='word_1_484' title='bbox 1263 363 1312 391; x_wconf 89' lang='lat' dir='ltr'><strong>per</strong></span> <span class='ocrx_word' id='word_1_485' title='bbox 1322 356 1522 390; x_wconf 87' lang='lat' dir='ltr'><strong>humanitatem,</strong></span> <span class='ocrx_word' id='word_1_486' title='bbox 1542 365 1590 392; x_wconf 89' lang='lat' dir='ltr'><strong>per</strong></span> <span class='ocrx_word' id='word_1_487' title='bbox 1606 356 1755 385; x_wconf 88' lang='lat' dir='ltr'><strong>animarum</strong></span> 
     </span>
    </p>
   </div>
   <div class='ocr_carea' id='block_1_66' title="bbox 968 398 1755 436">
    <p class='ocr_par' dir='ltr' id='par_1_66' title="bbox 968 398 1755 436">
     <span class='ocr_line' id='line_1_66' title="bbox 968 398 1755 436; baseline 0.006 -11"><span class='ocrx_word' id='word_1_488' title='bbox 968 398 1037 426; x_wconf 91' lang='lat' dir='ltr'><strong>inter</strong></span> <span class='ocrx_word' id='word_1_489' title='bbox 1056 407 1086 427; x_wconf 90' lang='lat' dir='ltr'><strong>se</strong></span> <span class='ocrx_word' id='word_1_490' title='bbox 1098 400 1232 428; x_wconf 90' lang='lat' dir='ltr'><strong>vinculum</strong></span> <span class='ocrx_word' id='word_1_491' title='bbox 1250 406 1330 436; x_wconf 91' lang='lat' dir='ltr'><strong>atque</strong></span> <span class='ocrx_word' id='word_1_492' title='bbox 1351 402 1550 435; x_wconf 88' lang='lat' dir='ltr'><strong>commercium,</strong></span> <span class='ocrx_word' id='word_1_493' title='bbox 1566 406 1595 429; x_wconf 88' lang='lat' dir='ltr'><strong>ut</strong></span> <span class='ocrx_word' id='word_1_494' title='bbox 1617 401 1755 430; x_wconf 84' lang='lat' dir='ltr'><strong>dexteram</strong></span> 
     </span>
    </p>
   </div>
   <div class='ocr_carea' id='block_1_67' title="bbox 967 444 1755 481">
    <p class='ocr_par' dir='ltr' id='par_1_67' title="bbox 967 444 1755 481">
     <span class='ocr_line' id='line_1_67' title="bbox 967 444 1755 481; baseline 0.006 -11"><span class='ocrx_word' id='word_1_495' title='bbox 967 444 1096 480; x_wconf 80' lang='lat' dir='ltr'><strong>porrigas.</strong></span> <span class='ocrx_word' id='word_1_496' title='bbox 1112 446 1168 473; x_wconf 83' lang='lat' dir='ltr'><strong>Hoc</strong></span> <span class='ocrx_word' id='word_1_497' title='bbox 1180 451 1268 474; x_wconf 88' lang='lat' dir='ltr'><strong>autem</strong></span> <span class='ocrx_word' id='word_1_498' title='bbox 1279 451 1330 480; x_wconf 85' lang='lat' dir='ltr'><strong>est,</strong></span> <span class='ocrx_word' id='word_1_499' title='bbox 1345 451 1374 474; x_wconf 90' lang='lat' dir='ltr'><strong>ut</strong></span> <span class='ocrx_word' id='word_1_500' title='bbox 1388 455 1431 474; x_wconf 92' lang='lat' dir='ltr'><strong>me</strong></span> <span class='ocrx_word' id='word_1_501' title='bbox 1446 454 1530 481; x_wconf 82' lang='lat' dir='ltr'><strong>ames,</strong></span> <span class='ocrx_word' id='word_1_502' title='bbox 1541 452 1568 475; x_wconf 90' lang='lat' dir='ltr'><strong>et</strong></span> <span class='ocrx_word' id='word_1_503' title='bbox 1581 455 1597 475; x_wconf 91' lang='lat' dir='ltr'><strong>a</strong></span> <span class='ocrx_word' id='word_1_504' title='bbox 1615 455 1659 475; x_wconf 89' lang='lat' dir='ltr'><strong>me</strong></span> <span class='ocrx_word' id='word_1_505' title='bbox 1674 448 1755 475; x_wconf 82' lang='lat' dir='ltr'><strong>vicis-</strong></span> 
     </span>
    </p>
   </div>
   <div class='ocr_carea' id='block_1_68' title="bbox 968 489 1755 527">
    <p class='ocr_par' dir='ltr' id='par_1_68' title="bbox 968 489 1755 527">
     <span class='ocr_line' id='line_1_68' title="bbox 968 489 1755 527; baseline 0.006 -12"><span class='ocrx_word' id='word_1_506' title='bbox 968 489 1018 516; x_wconf 92' lang='lat' dir='ltr'><strong>sim</strong></span> <span class='ocrx_word' id='word_1_507' title='bbox 1034 494 1058 517; x_wconf 90' lang='lat' dir='ltr'><strong>te</strong></span> <span class='ocrx_word' id='word_1_508' title='bbox 1072 491 1154 518; x_wconf 84' lang='lat' dir='ltr'><strong>amari</strong></span> <span class='ocrx_word' id='word_1_509' title='bbox 1176 490 1269 519; x_wconf 89' lang='lat' dir='ltr'><strong>credas</strong></span> <span class='ocrx_word' id='word_1_510' title='bbox 1284 490 1446 527; x_wconf 86' lang='lat' dir='ltr'><strong>eharumque</strong></span> <span class='ocrx_word' id='word_1_511' title='bbox 1457 492 1558 520; x_wconf 90' lang='lat' dir='ltr'><strong>haberi.</strong></span> <span class='ocrx_word' id='word_1_512' title='bbox 1569 492 1647 527; x_wconf 87' lang='lat' dir='ltr'><strong>Quod</strong></span> <span class='ocrx_word' id='word_1_513' title='bbox 1666 493 1688 520; x_wconf 89' lang='lat' dir='ltr'><strong>si</strong></span> <span class='ocrx_word' id='word_1_514' title='bbox 1704 493 1755 520; x_wconf 94' lang='lat' dir='ltr'><strong>im-</strong></span> 
     </span>
    </p>
   </div>
   <div class='ocr_carea' id='block_1_69' title="bbox 969 536 1756 572">
    <p class='ocr_par' dir='ltr' id='par_1_69' title="bbox 969 536 1756 572">
     <span class='ocr_line' id='line_1_69' title="bbox 969 536 1756 572; baseline 0.006 -11"><span class='ocrx_word' id='word_1_515' title='bbox 969 538 1118 569; x_wconf 80' lang='lat' dir='ltr'><strong>petravero,</strong></span> <span class='ocrx_word' id='word_1_516' title='bbox 1133 536 1166 563; x_wconf 90' lang='lat' dir='ltr'><strong>ad</strong></span> <span class='ocrx_word' id='word_1_517' title='bbox 1181 536 1263 571; x_wconf 90' lang='lat' dir='ltr'><strong>ipsam</strong></span> <span class='ocrx_word' id='word_1_518' title='bbox 1277 537 1381 564; x_wconf 87' lang='lat' dir='ltr'><strong>beatam</strong></span> <span class='ocrx_word' id='word_1_519' title='bbox 1395 538 1485 571; x_wconf 89' lang='lat' dir='ltr'><strong>vitam,</strong></span> <span class='ocrx_word' id='word_1_520' title='bbox 1497 538 1539 565; x_wconf 91' lang='lat' dir='ltr'><strong>cui</strong></span> <span class='ocrx_word' id='word_1_521' title='bbox 1550 542 1576 565; x_wconf 91' lang='lat' dir='ltr'><strong>te</strong></span> <span class='ocrx_word' id='word_1_522' title='bbox 1590 538 1644 572; x_wconf 80' lang='lat' dir='ltr'><strong>jam</strong></span> <span class='ocrx_word' id='word_1_523' title='bbox 1654 538 1756 567; x_wconf 64' lang='lat' dir='ltr'><strong>haerere</strong></span> 
     </span>
    </p>
   </div>
   <div class='ocr_carea' id='block_1_70' title="bbox 968 583 1756 618">
    <p class='ocr_par' dir='ltr' id='par_1_70' title="bbox 968 583 1756 618">
     <span class='ocr_line' id='line_1_70' title="bbox 968 583 1756 618; baseline 0.006 -12"><span class='ocrx_word' id='word_1_524' title='bbox 968 587 1110 614; x_wconf 71' lang='lat' dir='ltr'><strong>prtesumo,</strong></span> <span class='ocrx_word' id='word_1_525' title='bbox 1126 589 1207 617; x_wconf 88' lang='lat' dir='ltr'><strong>parvo</strong></span> <span class='ocrx_word' id='word_1_526' title='bbox 1221 587 1317 610; x_wconf 89' lang='lat' dir='ltr'><strong>conatu</strong></span> <span class='ocrx_word' id='word_1_527' title='bbox 1336 583 1462 611; x_wconf 86' lang='lat' dir='ltr'><strong>facillime</strong></span> <span class='ocrx_word' id='word_1_528' title='bbox 1475 584 1611 611; x_wconf 89' lang='lat' dir='ltr'><strong>accedam.</strong></span> <span class='ocrx_word' id='word_1_529' title='bbox 1626 584 1694 618; x_wconf 85' lang='lat' dir='ltr'><strong>Quid</strong></span> <span class='ocrx_word' id='word_1_530' title='bbox 1707 592 1756 611; x_wconf 87' lang='lat' dir='ltr'><strong>au—</strong></span> 
     </span>
    </p>
   </div>
   <div class='ocr_carea' id='block_1_71' title="bbox 968 627 1755 663">
    <p class='ocr_par' dir='ltr' id='par_1_71' title="bbox 968 627 1755 663">
     <span class='ocr_line' id='line_1_71' title="bbox 968 627 1755 663; baseline 0.006 -11"><span class='ocrx_word' id='word_1_531' title='bbox 968 629 1022 652; x_wconf 89' lang='lat' dir='ltr'><strong>tem</strong></span> <span class='ocrx_word' id='word_1_532' title='bbox 1036 633 1122 660; x_wconf 84' lang='lat' dir='ltr'><strong>agam,</strong></span> <span class='ocrx_word' id='word_1_533' title='bbox 1137 635 1222 661; x_wconf 92' lang='lat' dir='ltr'><strong>quove</strong></span> <span class='ocrx_word' id='word_1_534' title='bbox 1240 627 1319 655; x_wconf 91' lang='lat' dir='ltr'><strong>modo</strong></span> <span class='ocrx_word' id='word_1_535' title='bbox 1333 628 1366 655; x_wconf 89' lang='lat' dir='ltr'><strong>ad</strong></span> <span class='ocrx_word' id='word_1_536' title='bbox 1381 629 1459 655; x_wconf 86' lang='lat' dir='ltr'><strong>istum</strong></span> <span class='ocrx_word' id='word_1_537' title='bbox 1473 632 1577 663; x_wconf 86' lang='lat' dir='ltr'><strong>portum</strong></span> <span class='ocrx_word' id='word_1_538' title='bbox 1591 629 1755 658; x_wconf 85' lang='lat' dir='ltr'><strong>necessarios</strong></span> 
     </span>
    </p>
   </div>
   <div class='ocr_carea' id='block_1_72' title="bbox 968 674 1754 709">
    <p class='ocr_par' dir='ltr' id='par_1_72' title="bbox 968 674 1754 709">
     <span class='ocr_line' id='line_1_72' title="bbox 968 674 1754 709; baseline 0.004 -10"><span class='ocrx_word' id='word_1_539' title='bbox 968 679 1043 699; x_wconf 94' lang='lat' dir='ltr'><strong>meos</strong></span> <span class='ocrx_word' id='word_1_540' title='bbox 1059 679 1215 708; x_wconf 83' lang='lat' dir='ltr'><strong>congregem</strong></span> <span class='ocrx_word' id='word_1_541' title='bbox 1236 677 1265 700; x_wconf 95' lang='lat' dir='ltr'><strong>ut</strong></span> <span class='ocrx_word' id='word_1_542' title='bbox 1288 681 1443 709; x_wconf 73' lang='lat' dir='ltr'><strong>cognoscas,</strong></span> <span class='ocrx_word' id='word_1_543' title='bbox 1469 679 1496 701; x_wconf 90' lang='lat' dir='ltr'><strong>et</strong></span> <span class='ocrx_word' id='word_1_544' title='bbox 1511 675 1521 690; x_wconf 80' lang='grc'><strong><em>²</em></strong></span> <span class='ocrx_word' id='word_1_545' title='bbox 1533 682 1568 702; x_wconf 78' lang='lat' dir='ltr'><strong>ex</strong></span> <span class='ocrx_word' id='word_1_546' title='bbox 1586 682 1619 701; x_wconf 91' lang='lat' dir='ltr'><strong>eo</strong></span> <span class='ocrx_word' id='word_1_547' title='bbox 1635 674 1754 702; x_wconf 92' lang='lat' dir='ltr'><strong>animum</strong></span> 
     </span>
    </p>
   </div>
   <div class='ocr_carea' id='block_1_73' title="bbox 968 718 1756 754">
    <p class='ocr_par' dir='ltr' id='par_1_73' title="bbox 968 718 1756 754">
     <span class='ocr_line' id='line_1_73' title="bbox 968 718 1756 754; baseline 0.004 -10"><span class='ocrx_word' id='word_1_548' title='bbox 968 724 1057 749; x_wconf 79' lang='lat' dir='ltr'><strong>meum</strong></span> <span class='ocrx_word' id='word_1_549' title='bbox 1079 719 1182 753; x_wconf 89' lang='lat' dir='ltr'><strong>(neque</strong></span> <span class='ocrx_word' id='word_1_550' title='bbox 1206 718 1276 746; x_wconf 90' lang='lat' dir='ltr'><strong>enim</strong></span> <span class='ocrx_word' id='word_1_551' title='bbox 1301 719 1351 746; x_wconf 86' lang='lat' dir='ltr'><strong>alia</strong></span> <span class='ocrx_word' id='word_1_552' title='bbox 1375 719 1449 754; x_wconf 88' lang='lat' dir='ltr'><strong>signa</strong></span> <span class='ocrx_word' id='word_1_553' title='bbox 1469 719 1574 747; x_wconf 87' lang='lat' dir='ltr'><strong>invenio</strong></span> <span class='ocrx_word' id='word_1_554' title='bbox 1593 719 1690 754; x_wconf 84' lang='lat' dir='ltr'><strong>quibus</strong></span> <span class='ocrx_word' id='word_1_555' title='bbox 1712 728 1756 748; x_wconf 89' lang='lat' dir='ltr'><strong>me</strong></span> 
     </span>
    </p>
   </div>
   <div class='ocr_carea' id='block_1_74' title="bbox 968 761 1754 799">
    <p class='ocr_par' dir='ltr' id='par_1_74' title="bbox 968 761 1754 799">
     <span class='ocr_line' id='line_1_74' title="bbox 968 761 1754 799; baseline 0.004 -11"><span class='ocrx_word' id='word_1_556' title='bbox 968 761 1116 798; x_wconf 84' lang='lat' dir='ltr'><strong>ostendam)</strong></span> <span class='ocrx_word' id='word_1_557' title='bbox 1129 767 1158 789; x_wconf 91' lang='lat' dir='ltr'><strong>ut</strong></span> <span class='ocrx_word' id='word_1_558' title='bbox 1166 763 1268 797; x_wconf 89' lang='lat' dir='ltr'><strong>plenius</strong></span> <span class='ocrx_word' id='word_1_559' title='bbox 1278 762 1418 798; x_wconf 84' lang='lat' dir='ltr'><strong>intelligas,</strong></span> <span class='ocrx_word' id='word_1_560' title='bbox 1433 763 1535 790; x_wconf 91' lang='lat' dir='ltr'><strong>initium</strong></span> <span class='ocrx_word' id='word_1_561' title='bbox 1544 764 1754 799; x_wconf 88' lang='lat' dir='ltr'><strong>disputationum</strong></span> 
     </span>
    </p>
   </div>
   <div class='ocr_carea' id='block_1_75' title="bbox 968 807 1755 843">
    <p class='ocr_par' dir='ltr' id='par_1_75' title="bbox 968 807 1755 843">
     <span class='ocr_line' id='line_1_75' title="bbox 968 807 1755 843; baseline 0.004 -10"><span class='ocrx_word' id='word_1_562' title='bbox 968 814 1107 840; x_wconf 87' lang='lat' dir='ltr'><strong>mearum,</strong></span> <span class='ocrx_word' id='word_1_563' title='bbox 1129 807 1199 842; x_wconf 91' lang='lat' dir='ltr'><strong>quod</strong></span> <span class='ocrx_word' id='word_1_564' title='bbox 1226 807 1291 835; x_wconf 92' lang='lat' dir='ltr'><strong>mihi</strong></span> <span class='ocrx_word' id='word_1_565' title='bbox 1317 807 1421 835; x_wconf 89' lang='lat' dir='ltr'><strong>videtur</strong></span> <span class='ocrx_word' id='word_1_566' title='bbox 1450 808 1599 843; x_wconf 86' lang='lat' dir='ltr'><strong>religiosius</strong></span> <span class='ocrx_word' id='word_1_567' title='bbox 1627 809 1755 843; x_wconf 89' lang='lat' dir='ltr'><strong>evasisse,</strong></span> 
     </span>
    </p>
   </div>
   <div class='ocr_carea' id='block_1_76' title="bbox 968 851 1757 887">
    <p class='ocr_par' dir='ltr' id='par_1_76' title="bbox 968 851 1757 887">
     <span class='ocr_line' id='line_1_76' title="bbox 968 851 1757 887; baseline 0.004 -10"><span class='ocrx_word' id='word_1_568' title='bbox 968 855 1047 885; x_wconf 88' lang='lat' dir='ltr'><strong>atque</strong></span> <span class='ocrx_word' id='word_1_569' title='bbox 1062 855 1105 878; x_wconf 87' lang='lat' dir='ltr'><strong>ltto</strong></span> <span class='ocrx_word' id='word_1_570' title='bbox 1120 852 1194 878; x_wconf 91' lang='lat' dir='ltr'><strong>titulo</strong></span> <span class='ocrx_word' id='word_1_571' title='bbox 1205 851 1320 887; x_wconf 86' lang='lat' dir='ltr'><strong>dignius,</strong></span> <span class='ocrx_word' id='word_1_572' title='bbox 1333 852 1365 878; x_wconf 92' lang='lat' dir='ltr'><strong>ad</strong></span> <span class='ocrx_word' id='word_1_573' title='bbox 1381 857 1407 879; x_wconf 91' lang='lat' dir='ltr'><strong>te</strong></span> <span class='ocrx_word' id='word_1_574' title='bbox 1429 852 1597 879; x_wconf 86' lang='lat' dir='ltr'><strong>scribendum</strong></span> <span class='ocrx_word' id='word_1_575' title='bbox 1613 853 1714 887; x_wconf 85' lang='lat' dir='ltr'><strong>putavi,</strong></span> <span class='ocrx_word' id='word_1_576' title='bbox 1729 857 1757 880; x_wconf 89' lang='lat' dir='ltr'><strong>et</strong></span> 
     </span>
    </p>
   </div>
   <div class='ocr_carea' id='block_1_77' title="bbox 968 894 1756 931">
    <p class='ocr_par' dir='ltr' id='par_1_77' title="bbox 968 894 1756 931">
     <span class='ocr_line' id='line_1_77' title="bbox 968 894 1756 931; baseline 0.004 -9"><span class='ocrx_word' id='word_1_577' title='bbox 968 894 1026 929; x_wconf 91' lang='lat' dir='ltr'><strong>ipso</strong></span> <span class='ocrx_word' id='word_1_578' title='bbox 1044 900 1088 923; x_wconf 90' lang='lat' dir='ltr'><strong>tuo</strong></span> <span class='ocrx_word' id='word_1_579' title='bbox 1109 896 1217 923; x_wconf 86' lang='lat' dir='ltr'><strong>nomine</strong></span> <span class='ocrx_word' id='word_1_580' title='bbox 1241 896 1427 924; x_wconf 88' lang='lat' dir='ltr'><strong>dedicandum.</strong></span> <span class='ocrx_word' id='word_1_581' title='bbox 1439 897 1582 931; x_wconf 88' lang='lat' dir='ltr'><strong>Aptissime</strong></span> <span class='ocrx_word' id='word_1_582' title='bbox 1598 904 1676 930; x_wconf 89' lang='lat' dir='ltr'><strong>sane;</strong></span> <span class='ocrx_word' id='word_1_583' title='bbox 1692 905 1756 925; x_wconf 89' lang='lat' dir='ltr'><strong>nam</strong></span> 
     </span>
    </p>
   </div>
   <div class='ocr_carea' id='block_1_78' title="bbox 967 938 1756 978">
    <p class='ocr_par' dir='ltr' id='par_1_78' title="bbox 967 938 1756 978">
     <span class='ocr_line' id='line_1_78' title="bbox 967 938 1756 978; baseline 0.005 -11"><span class='ocrx_word' id='word_1_584' title='bbox 967 938 1001 967; x_wconf 88' lang='lat' dir='ltr'><strong>de</strong></span> <span class='ocrx_word' id='word_1_585' title='bbox 1022 939 1099 968; x_wconf 88' lang='lat' dir='ltr'><strong>beata</strong></span> <span class='ocrx_word' id='word_1_586' title='bbox 1119 941 1171 968; x_wconf 91' lang='lat' dir='ltr'><strong>vita</strong></span> <span class='ocrx_word' id='word_1_587' title='bbox 1190 942 1361 976; x_wconf 74' lang='lat' dir='ltr'><strong>quzesivimus</strong></span> <span class='ocrx_word' id='word_1_588' title='bbox 1382 942 1451 970; x_wconf 90' lang='lat' dir='ltr'><strong>inter</strong></span> <span class='ocrx_word' id='word_1_589' title='bbox 1475 949 1535 976; x_wconf 88' lang='lat' dir='ltr'><strong>nos,</strong></span> <span class='ocrx_word' id='word_1_590' title='bbox 1551 942 1670 978; x_wconf 89' lang='lat' dir='ltr'><strong>nihilque</strong></span> <span class='ocrx_word' id='word_1_591' title='bbox 1684 943 1756 971; x_wconf 89' lang='lat' dir='ltr'><strong>aliud</strong></span> 
     </span>
    </p>
   </div>
   <div class='ocr_carea' id='block_1_79' title="bbox 967 984 1755 1023">
    <p class='ocr_par' dir='ltr' id='par_1_79' title="bbox 967 984 1755 1023">
     <span class='ocr_line' id='line_1_79' title="bbox 967 984 1755 1023; baseline 0.005 -12"><span class='ocrx_word' id='word_1_592' title='bbox 967 984 1045 1012; x_wconf 89' lang='lat' dir='ltr'><strong>video</strong></span> <span class='ocrx_word' id='word_1_593' title='bbox 1058 985 1129 1020; x_wconf 92' lang='lat' dir='ltr'><strong>quod</strong></span> <span class='ocrx_word' id='word_1_594' title='bbox 1142 986 1225 1020; x_wconf 88' lang='lat' dir='ltr'><strong>magis</strong></span> <span class='ocrx_word' id='word_1_595' title='bbox 1240 986 1286 1013; x_wconf 90' lang='lat' dir='ltr'><strong>Dei</strong></span> <span class='ocrx_word' id='word_1_596' title='bbox 1294 985 1392 1013; x_wconf 89' lang='lat' dir='ltr'><strong>donum</strong></span> <span class='ocrx_word' id='word_1_597' title='bbox 1406 986 1553 1014; x_wconf 89' lang='lat' dir='ltr'><strong>vocandum</strong></span> <span class='ocrx_word' id='word_1_598' title='bbox 1561 987 1606 1014; x_wconf 86' lang='lat' dir='ltr'><strong>sit.</strong></span> <span class='ocrx_word' id='word_1_599' title='bbox 1621 986 1755 1023; x_wconf 85' lang='lat' dir='ltr'><strong>Eloquen-</strong></span> 
     </span>
    </p>
   </div>
   <div class='ocr_carea' id='block_1_80' title="bbox 969 1033 1758 1069">
    <p class='ocr_par' dir='ltr' id='par_1_80' title="bbox 969 1033 1758 1069">
     <span class='ocr_line' id='line_1_80' title="bbox 969 1033 1758 1069; baseline 0.003 -9"><span class='ocrx_word' id='word_1_600' title='bbox 969 1033 1002 1060; x_wconf 87' lang='lat' dir='ltr'><strong>tia</strong></span> <span class='ocrx_word' id='word_1_601' title='bbox 1016 1037 1062 1060; x_wconf 89' lang='lat' dir='ltr'><strong>tua</strong></span> <span class='ocrx_word' id='word_1_602' title='bbox 1077 1033 1183 1060; x_wconf 91' lang='lat' dir='ltr'><strong>territus</strong></span> <span class='ocrx_word' id='word_1_603' title='bbox 1194 1041 1248 1061; x_wconf 93' lang='lat' dir='ltr'><strong>non</strong></span> <span class='ocrx_word' id='word_1_604' title='bbox 1263 1041 1338 1067; x_wconf 82' lang='lat' dir='ltr'><strong>sum;</strong></span> <span class='ocrx_word' id='word_1_605' title='bbox 1354 1034 1481 1069; x_wconf 91' lang='lat' dir='ltr'><strong>quidquid</strong></span> <span class='ocrx_word' id='word_1_606' title='bbox 1488 1035 1560 1061; x_wconf 92' lang='lat' dir='ltr'><strong>enim</strong></span> <span class='ocrx_word' id='word_1_607' title='bbox 1576 1041 1647 1065; x_wconf 86' lang='lat' dir='ltr'><strong>amo,</strong></span> <span class='ocrx_word' id='word_1_608' title='bbox 1665 1042 1758 1069; x_wconf 91' lang='lat' dir='ltr'><strong>quam-</strong></span> 
     </span>
    </p>
   </div>
   <div class='ocr_carea' id='block_1_81' title="bbox 967 1079 1758 1115">
    <p class='ocr_par' dir='ltr' id='par_1_81' title="bbox 967 1079 1758 1115">
     <span class='ocr_line' id='line_1_81' title="bbox 967 1079 1758 1115; baseline 0.003 -9"><span class='ocrx_word' id='word_1_609' title='bbox 967 1079 1008 1106; x_wconf 89' lang='lat' dir='ltr'><strong>vis</strong></span> <span class='ocrx_word' id='word_1_610' title='bbox 1017 1086 1069 1106; x_wconf 93' lang='lat' dir='ltr'><strong>non</strong></span> <span class='ocrx_word' id='word_1_611' title='bbox 1085 1086 1226 1114; x_wconf 89' lang='lat' dir='ltr'><strong>assequar,</strong></span> <span class='ocrx_word' id='word_1_612' title='bbox 1239 1079 1332 1107; x_wconf 90' lang='lat' dir='ltr'><strong>timere</strong></span> <span class='ocrx_word' id='word_1_613' title='bbox 1346 1088 1399 1107; x_wconf 92' lang='lat' dir='ltr'><strong>non</strong></span> <span class='ocrx_word' id='word_1_614' title='bbox 1414 1087 1520 1115; x_wconf 88' lang='lat' dir='ltr'><strong>possum</strong></span> <span class='ocrx_word' id='word_1_615' title='bbox 1535 1089 1542 1106; x_wconf 90' lang='lat'>:</span> <span class='ocrx_word' id='word_1_616' title='bbox 1567 1079 1681 1108; x_wconf 73' lang='lat' dir='ltr'><strong>fortuna:</strong></span> <span class='ocrx_word' id='word_1_617' title='bbox 1693 1088 1758 1108; x_wconf 85' lang='lat' dir='ltr'><strong>vero</strong></span> 
     </span>
    </p>
   </div>
   <div class='ocr_carea' id='block_1_82' title="bbox 967 1125 1756 1160">
    <p class='ocr_par' dir='ltr' id='par_1_82' title="bbox 967 1125 1756 1160">
     <span class='ocr_line' id='line_1_82' title="bbox 967 1125 1756 1160; baseline 0 -7"><span class='ocrx_word' id='word_1_618' title='bbox 967 1125 1156 1154; x_wconf 87' lang='lat' dir='ltr'><strong>sublimitatem</strong></span> <span class='ocrx_word' id='word_1_619' title='bbox 1190 1126 1274 1153; x_wconf 89' lang='lat' dir='ltr'><strong>multo</strong></span> <span class='ocrx_word' id='word_1_620' title='bbox 1300 1125 1405 1158; x_wconf 90' lang='lat' dir='ltr'><strong>minus;</strong></span> <span class='ocrx_word' id='word_1_621' title='bbox 1434 1125 1504 1160; x_wconf 90' lang='lat' dir='ltr'><strong>apud</strong></span> <span class='ocrx_word' id='word_1_622' title='bbox 1530 1130 1556 1152; x_wconf 89' lang='lat' dir='ltr'><strong>te</strong></span> <span class='ocrx_word' id='word_1_623' title='bbox 1583 1125 1655 1152; x_wconf 90' lang='lat' dir='ltr'><strong>enim</strong></span> <span class='ocrx_word' id='word_1_624' title='bbox 1680 1133 1756 1159; x_wconf 89' lang='lat' dir='ltr'><strong>vere,</strong></span> 
     </span>
    </p>
   </div>
   <div class='ocr_carea' id='block_1_83' title="bbox 967 1170 1756 1206">
    <p class='ocr_par' dir='ltr' id='par_1_83' title="bbox 967 1170 1756 1206">
     <span class='ocr_line' id='line_1_83' title="bbox 967 1170 1756 1206; baseline 0 -8"><span class='ocrx_word' id='word_1_625' title='bbox 967 1171 1087 1206; x_wconf 90' lang='lat' dir='ltr'><strong>quamvis</strong></span> <span class='ocrx_word' id='word_1_626' title='bbox 1099 1171 1134 1198; x_wconf 89' lang='lat' dir='ltr'><strong>sit</strong></span> <span class='ocrx_word' id='word_1_627' title='bbox 1143 1178 1247 1206; x_wconf 84' lang='lat' dir='ltr'><strong>magna,</strong></span> <span class='ocrx_word' id='word_1_628' title='bbox 1261 1170 1377 1198; x_wconf 89' lang='lat' dir='ltr'><strong>secunda</strong></span> <span class='ocrx_word' id='word_1_629' title='bbox 1387 1175 1442 1203; x_wconf 90' lang='lat' dir='ltr'><strong>est;</strong></span> <span class='ocrx_word' id='word_1_630' title='bbox 1459 1178 1519 1198; x_wconf 91' lang='lat' dir='ltr'><strong>nam</strong></span> <span class='ocrx_word' id='word_1_631' title='bbox 1528 1170 1624 1205; x_wconf 90' lang='lat' dir='ltr'><strong>quibus</strong></span> <span class='ocrx_word' id='word_1_632' title='bbox 1632 1171 1756 1198; x_wconf 86' lang='lat' dir='ltr'><strong>domina-</strong></span> 
     </span>
    </p>
   </div>
   <div class='ocr_carea' id='block_1_84' title="bbox 969 1215 1757 1252">
    <p class='ocr_par' dir='ltr' id='par_1_84' title="bbox 969 1215 1757 1252">
     <span class='ocr_line' id='line_1_84' title="bbox 969 1215 1757 1252; baseline 0.001 -8"><span class='ocrx_word' id='word_1_633' title='bbox 969 1221 1021 1250; x_wconf 89' lang='lat' dir='ltr'><strong>tur,</strong></span> <span class='ocrx_word' id='word_1_634' title='bbox 1036 1216 1144 1245; x_wconf 89' lang='lat' dir='ltr'><strong>eosdem</strong></span> <span class='ocrx_word' id='word_1_635' title='bbox 1157 1217 1229 1252; x_wconf 87' lang='lat' dir='ltr'><strong>ipsos</strong></span> <span class='ocrx_word' id='word_1_636' title='bbox 1248 1215 1381 1245; x_wconf 90' lang='lat' dir='ltr'><strong>secundos</strong></span> <span class='ocrx_word' id='word_1_637' title='bbox 1395 1216 1468 1244; x_wconf 84' lang='lat' dir='ltr'><strong>facit.</strong></span> <span class='ocrx_word' id='word_1_638' title='bbox 1478 1216 1531 1244; x_wconf 89' lang='lat' dir='ltr'><strong>Sed</strong></span> <span class='ocrx_word' id='word_1_639' title='bbox 1542 1216 1597 1251; x_wconf 86' lang='lat' dir='ltr'><strong>jam</strong></span> <span class='ocrx_word' id='word_1_640' title='bbox 1616 1216 1679 1251; x_wconf 88' lang='lat' dir='ltr'><strong>quid</strong></span> <span class='ocrx_word' id='word_1_641' title='bbox 1691 1217 1757 1245; x_wconf 84' lang='lat' dir='ltr'><strong>atl&#39;e-</strong></span> 
     </span>
    </p>
   </div>
   <div class='ocr_carea' id='block_1_85' title="bbox 968 1263 1324 1298">
    <p class='ocr_par' dir='ltr' id='par_1_85' title="bbox 968 1263 1324 1298">
     <span class='ocr_line' id='line_1_85' title="bbox 968 1263 1324 1298; baseline 0 -8"><span class='ocrx_word' id='word_1_642' title='bbox 968 1270 1036 1296; x_wconf 89' lang='lat' dir='ltr'><strong>ram,</strong></span> <span class='ocrx_word' id='word_1_643' title='bbox 1049 1270 1140 1298; x_wconf 72' lang='lat' dir='ltr'><strong>qureso</strong></span> <span class='ocrx_word' id='word_1_644' title='bbox 1153 1267 1190 1296; x_wconf 89' lang='lat' dir='ltr'><strong>te,</strong></span> <span class='ocrx_word' id='word_1_645' title='bbox 1206 1263 1324 1290; x_wconf 88' lang='lat' dir='ltr'><strong>attende.</strong></span> 
     </span>
    </p>
   </div>
   <div class='ocr_carea' id='block_1_86' title="bbox 1003 1308 1758 1345">
    <p class='ocr_par' dir='ltr' id='par_1_86' title="bbox 1003 1308 1758 1345">
     <span class='ocr_line' id='line_1_86' title="bbox 1003 1308 1758 1345; baseline 0.004 -10"><span class='ocrx_word' id='word_1_646' title='bbox 1003 1308 1030 1336; x_wconf 85' lang='lat'><strong>6.</strong></span> <span class='ocrx_word' id='word_1_647' title='bbox 1042 1308 1131 1336; x_wconf 86' lang='lat' dir='ltr'><strong>Idibus</strong></span> <span class='ocrx_word' id='word_1_648' title='bbox 1141 1308 1293 1336; x_wconf 90' lang='lat' dir='ltr'><strong>novembris</strong></span> <span class='ocrx_word' id='word_1_649' title='bbox 1303 1308 1367 1335; x_wconf 89' lang='lat' dir='ltr'><strong>mihi</strong></span> <span class='ocrx_word' id='word_1_650' title='bbox 1378 1308 1473 1336; x_wconf 89' lang='lat' dir='ltr'><strong>natalis</strong></span> <span class='ocrx_word' id='word_1_651' title='bbox 1480 1309 1537 1337; x_wconf 88' lang='lat' dir='ltr'><strong>dies</strong></span> <span class='ocrx_word' id='word_1_652' title='bbox 1546 1314 1604 1338; x_wconf 89' lang='lat' dir='ltr'><strong>erat</strong></span> <span class='ocrx_word' id='word_1_653' title='bbox 1617 1319 1624 1337; x_wconf 93' lang='lat'><strong>:</strong></span> <span class='ocrx_word' id='word_1_654' title='bbox 1637 1315 1697 1345; x_wconf 89' lang='lat' dir='ltr'><strong>post</strong></span> <span class='ocrx_word' id='word_1_655' title='bbox 1704 1315 1758 1338; x_wconf 90' lang='lat' dir='ltr'><strong>tam</strong></span> 
     </span>
    </p>
   </div>
   <div class='ocr_carea' id='block_1_87' title="bbox 970 1353 1757 1391">
    <p class='ocr_par' dir='ltr' id='par_1_87' title="bbox 970 1353 1757 1391">
     <span class='ocr_line' id='line_1_87' title="bbox 970 1353 1757 1391; baseline 0.003 -10"><span class='ocrx_word' id='word_1_656' title='bbox 970 1358 1049 1381; x_wconf 87' lang='lat' dir='ltr'><strong>tenue</strong></span> <span class='ocrx_word' id='word_1_657' title='bbox 1061 1353 1211 1389; x_wconf 90' lang='lat' dir='ltr'><strong>prandium,</strong></span> <span class='ocrx_word' id='word_1_658' title='bbox 1227 1358 1257 1381; x_wconf 92' lang='lat' dir='ltr'><strong>ut</strong></span> <span class='ocrx_word' id='word_1_659' title='bbox 1269 1353 1303 1381; x_wconf 88' lang='lat' dir='ltr'><strong>ab</strong></span> <span class='ocrx_word' id='word_1_660' title='bbox 1316 1361 1348 1381; x_wconf 90' lang='lat' dir='ltr'><strong>eo</strong></span> <span class='ocrx_word' id='word_1_661' title='bbox 1359 1354 1424 1381; x_wconf 89' lang='lat' dir='ltr'><strong>nihil</strong></span> <span class='ocrx_word' id='word_1_662' title='bbox 1433 1354 1597 1390; x_wconf 84' lang='lat' dir='ltr'><strong>ingeniorum</strong></span> <span class='ocrx_word' id='word_1_663' title='bbox 1611 1356 1757 1391; x_wconf 84' lang='lat' dir='ltr'><strong>impedire-</strong></span> 
     </span>
    </p>
   </div>
   <div class='ocr_carea' id='block_1_88' title="bbox 969 1399 1756 1436">
    <p class='ocr_par' dir='ltr' id='par_1_88' title="bbox 969 1399 1756 1436">
     <span class='ocr_line' id='line_1_88' title="bbox 969 1399 1756 1436; baseline 0.001 -9"><span class='ocrx_word' id='word_1_664' title='bbox 969 1403 1022 1433; x_wconf 90' lang='lat' dir='ltr'><strong>tur,</strong></span> <span class='ocrx_word' id='word_1_665' title='bbox 1036 1407 1129 1427; x_wconf 89' lang='lat' dir='ltr'><strong>omnes</strong></span> <span class='ocrx_word' id='word_1_666' title='bbox 1142 1400 1186 1435; x_wconf 91' lang='lat' dir='ltr'><strong>qui</strong></span> <span class='ocrx_word' id='word_1_667' title='bbox 1199 1399 1279 1427; x_wconf 91' lang='lat' dir='ltr'><strong>simul</strong></span> <span class='ocrx_word' id='word_1_668' title='bbox 1290 1407 1342 1427; x_wconf 90' lang='lat' dir='ltr'><strong>non</strong></span> <span class='ocrx_word' id='word_1_669' title='bbox 1353 1399 1432 1427; x_wconf 90' lang='lat' dir='ltr'><strong>modo</strong></span> <span class='ocrx_word' id='word_1_670' title='bbox 1446 1400 1491 1427; x_wconf 92' lang='lat' dir='ltr'><strong>illo</strong></span> <span class='ocrx_word' id='word_1_671' title='bbox 1505 1399 1558 1434; x_wconf 90' lang='lat' dir='ltr'><strong>die,</strong></span> <span class='ocrx_word' id='word_1_672' title='bbox 1575 1401 1622 1428; x_wconf 86' lang='lat' dir='ltr'><strong>sed</strong></span> <span class='ocrx_word' id='word_1_673' title='bbox 1636 1400 1756 1436; x_wconf 83' lang='lat' dir='ltr'><strong>quotidie</strong></span> 
     </span>
    </p>
   </div>
   <div class='ocr_carea' id='block_1_89' title="bbox 968 1444 1757 1479">
    <p class='ocr_par' dir='ltr' id='par_1_89' title="bbox 968 1444 1757 1479">
     <span class='ocr_line' id='line_1_89' title="bbox 968 1444 1757 1479; baseline 0 -6"><span class='ocrx_word' id='word_1_674' title='bbox 968 1445 1185 1479; x_wconf 84' lang='lat' dir='ltr'><strong>convivabamur,</strong></span> <span class='ocrx_word' id='word_1_675' title='bbox 1199 1445 1227 1472; x_wconf 94' lang='lat' dir='ltr'><strong>in</strong></span> <span class='ocrx_word' id='word_1_676' title='bbox 1248 1445 1359 1473; x_wconf 87' lang='lat' dir='ltr'><strong>balneas</strong></span> <span class='ocrx_word' id='word_1_677' title='bbox 1378 1444 1628 1473; x_wconf 72' lang='lat' dir='ltr'><strong>ad&#39;consedendum</strong></span> <span class='ocrx_word' id='word_1_678' title='bbox 1650 1447 1757 1479; x_wconf 85' lang='lat' dir='ltr'><strong>vocavi;</strong></span> 
     </span>
    </p>
   </div>
   <div class='ocr_carea' id='block_1_90' title="bbox 969 1491 1757 1528">
    <p class='ocr_par' dir='ltr' id='par_1_90' title="bbox 969 1491 1757 1528">
     <span class='ocr_line' id='line_1_90' title="bbox 969 1491 1757 1528; baseline 0.003 -10"><span class='ocrx_word' id='word_1_679' title='bbox 969 1499 1030 1519; x_wconf 89' lang='lat' dir='ltr'><strong>nam</strong></span> <span class='ocrx_word' id='word_1_680' title='bbox 1052 1491 1075 1519; x_wconf 87' lang='lat' dir='ltr'><strong>is</strong></span> <span class='ocrx_word' id='word_1_681' title='bbox 1089 1491 1201 1526; x_wconf 90' lang='lat' dir='ltr'><strong>tempori</strong></span> <span class='ocrx_word' id='word_1_682' title='bbox 1220 1495 1298 1526; x_wconf 89' lang='lat' dir='ltr'><strong>aptus</strong></span> <span class='ocrx_word' id='word_1_683' title='bbox 1316 1491 1391 1519; x_wconf 89' lang='lat' dir='ltr'><strong>locus</strong></span> <span class='ocrx_word' id='word_1_684' title='bbox 1408 1496 1579 1528; x_wconf 86' lang='lat' dir='ltr'><strong>secretusque</strong></span> <span class='ocrx_word' id='word_1_685' title='bbox 1593 1498 1757 1520; x_wconf 87' lang='lat' dir='ltr'><strong>occurrerat.</strong></span> 
     </span>
    </p>
   </div>
   <div class='ocr_carea' id='block_1_91' title="bbox 969 1537 1758 1573">
    <p class='ocr_par' dir='ltr' id='par_1_91' title="bbox 969 1537 1758 1573">
     <span class='ocr_line' id='line_1_91' title="bbox 969 1537 1758 1573; baseline 0.001 -9"><span class='ocrx_word' id='word_1_686' title='bbox 969 1537 1052 1565; x_wconf 81' lang='lat' dir='ltr'><strong>Erant</strong></span> <span class='ocrx_word' id='word_1_687' title='bbox 1062 1542 1162 1569; x_wconf 88' lang='lat' dir='ltr'><strong>autem,</strong></span> <span class='ocrx_word' id='word_1_688' title='bbox 1176 1544 1229 1564; x_wconf 91' lang='lat' dir='ltr'><strong>non</strong></span> <span class='ocrx_word' id='word_1_689' title='bbox 1241 1537 1313 1565; x_wconf 90' lang='lat' dir='ltr'><strong>enim</strong></span> <span class='ocrx_word' id='word_1_690' title='bbox 1326 1544 1420 1565; x_wconf 90' lang='lat' dir='ltr'><strong>vereor</strong></span> <span class='ocrx_word' id='word_1_691' title='bbox 1433 1545 1481 1564; x_wconf 90' lang='lat' dir='ltr'><strong>eos</strong></span> <span class='ocrx_word' id='word_1_692' title='bbox 1495 1538 1622 1573; x_wconf 88' lang='lat' dir='ltr'><strong>singulari</strong></span> <span class='ocrx_word' id='word_1_693' title='bbox 1633 1538 1758 1573; x_wconf 83' lang='lat' dir='ltr'><strong>benigni-</strong></span> 
     </span>
    </p>
   </div>
   <div class='ocr_carea' id='block_1_92' title="bbox 969 1582 1761 1619">
    <p class='ocr_par' dir='ltr' id='par_1_92' title="bbox 969 1582 1761 1619">
     <span class='ocr_line' id='line_1_92' title="bbox 969 1582 1761 1619; baseline 0 -8"><span class='ocrx_word' id='word_1_694' title='bbox 969 1584 1016 1611; x_wconf 88' lang='lat' dir='ltr'><strong>tati</strong></span> <span class='ocrx_word' id='word_1_695' title='bbox 1023 1587 1075 1611; x_wconf 75' lang='lat' dir='ltr'><strong>tuse</strong></span> <span class='ocrx_word' id='word_1_696' title='bbox 1081 1586 1158 1611; x_wconf 81' lang='lat' dir='ltr'><strong>notos</strong></span> <span class='ocrx_word' id='word_1_697' title='bbox 1165 1583 1270 1610; x_wconf 88' lang='lat' dir='ltr'><strong>interim</strong></span> <span class='ocrx_word' id='word_1_698' title='bbox 1276 1583 1428 1610; x_wconf 91' lang='lat' dir='ltr'><strong>nominibus</strong></span> <span class='ocrx_word' id='word_1_699' title='bbox 1434 1582 1531 1617; x_wconf 87' lang='lat' dir='ltr'><strong>facere,</strong></span> <span class='ocrx_word' id='word_1_700' title='bbox 1538 1584 1564 1611; x_wconf 91' lang='lat' dir='ltr'><strong>in</strong></span> <span class='ocrx_word' id='word_1_701' title='bbox 1572 1584 1664 1619; x_wconf 90' lang='lat' dir='ltr'><strong>primis</strong></span> <span class='ocrx_word' id='word_1_702' title='bbox 1670 1589 1761 1612; x_wconf 90' lang='lat' dir='ltr'><strong>nostra</strong></span> 
     </span>
    </p>
   </div>
   <div class='ocr_carea' id='block_1_93' title="bbox 969 1627 1759 1664">
    <p class='ocr_par' dir='ltr' id='par_1_93' title="bbox 969 1627 1759 1664">
     <span class='ocr_line' id='line_1_93' title="bbox 969 1627 1759 1664; baseline 0.001 -8"><span class='ocrx_word' id='word_1_703' title='bbox 969 1633 1054 1656; x_wconf 84' lang='lat' dir='ltr'><strong>mater</strong></span> <span class='ocrx_word' id='word_1_704' title='bbox 1067 1627 1105 1664; x_wconf 79' lang='grc' dir='ltr'><strong>(η)</strong></span> <span class='ocrx_word' id='word_1_705' title='bbox 1115 1648 1123 1661; x_wconf 84' lang='grc'><em>,</em></span> <span class='ocrx_word' id='word_1_706' title='bbox 1135 1628 1211 1663; x_wconf 89' lang='lat' dir='ltr'><strong>cujus</strong></span> <span class='ocrx_word' id='word_1_707' title='bbox 1224 1628 1313 1655; x_wconf 88' lang='lat' dir='ltr'><strong>meriti</strong></span> <span class='ocrx_word' id='word_1_708' title='bbox 1331 1628 1411 1656; x_wconf 87' lang='lat' dir='ltr'><strong>credo</strong></span> <span class='ocrx_word' id='word_1_709' title='bbox 1427 1635 1488 1655; x_wconf 79' lang='lat' dir='ltr'><strong>eSSe</strong></span> <span class='ocrx_word' id='word_1_710' title='bbox 1501 1635 1582 1656; x_wconf 90' lang='lat' dir='ltr'><strong>omne</strong></span> <span class='ocrx_word' id='word_1_711' title='bbox 1596 1629 1666 1664; x_wconf 90' lang='lat' dir='ltr'><strong>quod</strong></span> <span class='ocrx_word' id='word_1_712' title='bbox 1684 1630 1759 1663; x_wconf 89' lang='lat' dir='ltr'><strong>vivo;</strong></span> 
     </span>
    </p>
   </div>
   <div class='ocr_carea' id='block_1_94' title="bbox 970 1673 1763 1709">
    <p class='ocr_par' dir='ltr' id='par_1_94' title="bbox 970 1673 1763 1709">
     <span class='ocr_line' id='line_1_94' title="bbox 970 1673 1763 1709; baseline 0.001 -8"><span class='ocrx_word' id='word_1_713' title='bbox 970 1673 1093 1709; x_wconf 84' lang='lat' dir='ltr'><strong>Navigius</strong></span> <span class='ocrx_word' id='word_1_714' title='bbox 1103 1673 1184 1701; x_wconf 86' lang='lat' dir='ltr'><strong>frater</strong></span> <span class='ocrx_word' id='word_1_715' title='bbox 1197 1680 1284 1706; x_wconf 88' lang='lat' dir='ltr'><strong>meus,</strong></span> <span class='ocrx_word' id='word_1_716' title='bbox 1301 1673 1441 1709; x_wconf 83' lang='lat' dir='ltr'><strong>Trygetius</strong></span> <span class='ocrx_word' id='word_1_717' title='bbox 1452 1677 1479 1700; x_wconf 90' lang='lat' dir='ltr'><strong>et</strong></span> <span class='ocrx_word' id='word_1_718' title='bbox 1493 1673 1637 1708; x_wconf 88' lang='lat' dir='ltr'><strong>Licentius,</strong></span> <span class='ocrx_word' id='word_1_719' title='bbox 1648 1673 1720 1702; x_wconf 90' lang='lat' dir='ltr'><strong>cives</strong></span> <span class='ocrx_word' id='word_1_720' title='bbox 1734 1679 1763 1702; x_wconf 84' lang='lat' dir='ltr'><strong>et</strong></span> 
     </span>
    </p>
   </div>
   <div class='ocr_carea' id='block_1_95' title="bbox 970 1718 1762 1754">
    <p class='ocr_par' dir='ltr' id='par_1_95' title="bbox 970 1718 1762 1754">
     <span class='ocr_line' id='line_1_95' title="bbox 970 1718 1762 1754; baseline 0.001 -8"><span class='ocrx_word' id='word_1_721' title='bbox 970 1718 1093 1754; x_wconf 87' lang='lat' dir='ltr'><strong>discipuli</strong></span> <span class='ocrx_word' id='word_1_722' title='bbox 1102 1718 1172 1751; x_wconf 88' lang='lat' dir='ltr'><strong>mei;</strong></span> <span class='ocrx_word' id='word_1_723' title='bbox 1187 1726 1237 1746; x_wconf 90' lang='lat' dir='ltr'><strong>nec</strong></span> <span class='ocrx_word' id='word_1_724' title='bbox 1246 1718 1426 1746; x_wconf 82' lang='lat' dir='ltr'><strong>Lastidianum</strong></span> <span class='ocrx_word' id='word_1_725' title='bbox 1439 1718 1449 1733; x_wconf 84' lang='lat'>&#39;</span> <span class='ocrx_word' id='word_1_726' title='bbox 1465 1723 1492 1746; x_wconf 85' lang='lat' dir='ltr'><strong>et</strong></span> <span class='ocrx_word' id='word_1_727' title='bbox 1508 1719 1647 1746; x_wconf 88' lang='lat' dir='ltr'><strong>Rusticum</strong></span> <span class='ocrx_word' id='word_1_728' title='bbox 1665 1726 1762 1747; x_wconf 85' lang='lat' dir='ltr'><strong>conso-</strong></span> 
     </span>
    </p>
   </div>
   <div class='ocr_carea' id='block_1_96' title="bbox 971 1764 1763 1801">
    <p class='ocr_par' dir='ltr' id='par_1_96' title="bbox 971 1764 1763 1801">
     <span class='ocr_line' id='line_1_96' title="bbox 971 1764 1763 1801; baseline 0.003 -9"><span class='ocrx_word' id='word_1_729' title='bbox 971 1764 1063 1793; x_wconf 89' lang='lat' dir='ltr'><strong>brinos</strong></span> <span class='ocrx_word' id='word_1_730' title='bbox 1076 1772 1161 1798; x_wconf 86' lang='lat' dir='ltr'><strong>meos,</strong></span> <span class='ocrx_word' id='word_1_731' title='bbox 1177 1764 1297 1800; x_wconf 89' lang='lat' dir='ltr'><strong>quamvis</strong></span> <span class='ocrx_word' id='word_1_732' title='bbox 1309 1764 1410 1792; x_wconf 92' lang='lat' dir='ltr'><strong>nullum</strong></span> <span class='ocrx_word' id='word_1_733' title='bbox 1424 1765 1466 1792; x_wconf 87' lang='lat' dir='ltr'><strong>vel</strong></span> <span class='ocrx_word' id='word_1_734' title='bbox 1482 1765 1682 1800; x_wconf 88' lang='lat' dir='ltr'><strong>grammaticum</strong></span> <span class='ocrx_word' id='word_1_735' title='bbox 1690 1767 1763 1801; x_wconf 86' lang='lat' dir='ltr'><strong>passi</strong></span> 
     </span>
    </p>
   </div>
   <div class='ocr_carea' id='block_1_97' title="bbox 972 1809 1763 1845">
    <p class='ocr_par' dir='ltr' id='par_1_97' title="bbox 972 1809 1763 1845">
     <span class='ocr_line' id='line_1_97' title="bbox 972 1809 1763 1845; baseline 0.003 -8"><span class='ocrx_word' id='word_1_736' title='bbox 972 1810 1035 1843; x_wconf 90' lang='lat' dir='ltr'><strong>sint,</strong></span> <span class='ocrx_word' id='word_1_737' title='bbox 1048 1809 1144 1838; x_wconf 83' lang='lat' dir='ltr'><strong>deesse</strong></span> <span class='ocrx_word' id='word_1_738' title='bbox 1156 1809 1241 1842; x_wconf 89' lang='lat' dir='ltr'><strong>volui,</strong></span> <span class='ocrx_word' id='word_1_739' title='bbox 1264 1809 1404 1845; x_wconf 86' lang='lat' dir='ltr'><strong>ipsumque</strong></span> <span class='ocrx_word' id='word_1_740' title='bbox 1418 1817 1510 1838; x_wconf 86' lang='lat' dir='ltr'><strong>eorum</strong></span> <span class='ocrx_word' id='word_1_741' title='bbox 1525 1817 1633 1838; x_wconf 88' lang='lat' dir='ltr'><strong>sensum</strong></span> <span class='ocrx_word' id='word_1_742' title='bbox 1645 1819 1763 1839; x_wconf 77' lang='lat' dir='ltr'><strong>commu—</strong></span> 
     </span>
    </p>
   </div>
   <div class='ocr_carea' id='block_1_98' title="bbox 972 1855 1761 1892">
    <p class='ocr_par' dir='ltr' id='par_1_98' title="bbox 972 1855 1761 1892">
     <span class='ocr_line' id='line_1_98' title="bbox 972 1855 1761 1892; baseline 0.001 -8"><span class='ocrx_word' id='word_1_743' title='bbox 972 1864 1044 1890; x_wconf 85' lang='lat' dir='ltr'><strong>nem,</strong></span> <span class='ocrx_word' id='word_1_744' title='bbox 1065 1855 1098 1884; x_wconf 85' lang='lat' dir='ltr'><strong>ad</strong></span> <span class='ocrx_word' id='word_1_745' title='bbox 1125 1863 1183 1884; x_wconf 88' lang='lat' dir='ltr'><strong>rem</strong></span> <span class='ocrx_word' id='word_1_746' title='bbox 1206 1863 1286 1891; x_wconf 89' lang='lat' dir='ltr'><strong>quam</strong></span> <span class='ocrx_word' id='word_1_747' title='bbox 1302 1855 1441 1890; x_wconf 85' lang='lat' dir='ltr'><strong>moliebar,</strong></span> <span class='ocrx_word' id='word_1_748' title='bbox 1458 1858 1639 1885; x_wconf 85' lang='lat' dir='ltr'><strong>necessarium</strong></span> <span class='ocrx_word' id='word_1_749' title='bbox 1661 1858 1761 1892; x_wconf 89' lang='lat' dir='ltr'><strong>putavi.</strong></span> 
     </span>
    </p>
   </div>
   <div class='ocr_carea' id='block_1_99' title="bbox 973 1900 1763 1935">
    <p class='ocr_par' dir='ltr' id='par_1_99' title="bbox 973 1900 1763 1935">
     <span class='ocr_line' id='line_1_99' title="bbox 973 1900 1763 1935; baseline 0.003 -7"><span class='ocrx_word' id='word_1_750' title='bbox 973 1901 1037 1929; x_wconf 85' lang='lat' dir='ltr'><strong>Erat</strong></span> <span class='ocrx_word' id='word_1_751' title='bbox 1048 1901 1128 1929; x_wconf 88' lang='lat' dir='ltr'><strong>etiam</strong></span> <span class='ocrx_word' id='word_1_752' title='bbox 1139 1900 1279 1929; x_wconf 91' lang='lat' dir='ltr'><strong>nobiscum</strong></span> <span class='ocrx_word' id='word_1_753' title='bbox 1293 1904 1371 1928; x_wconf 56' lang='lat' dir='ltr'><strong>astate</strong></span> <span class='ocrx_word' id='word_1_754' title='bbox 1381 1901 1505 1929; x_wconf 90' lang='lat' dir='ltr'><strong>minimus</strong></span> <span class='ocrx_word' id='word_1_755' title='bbox 1518 1902 1646 1935; x_wconf 89' lang='lat' dir='ltr'><strong>omnium,</strong></span> <span class='ocrx_word' id='word_1_756' title='bbox 1660 1902 1707 1930; x_wconf 88' lang='lat' dir='ltr'><strong>sed</strong></span> <span class='ocrx_word' id='word_1_757' title='bbox 1717 1910 1763 1930; x_wconf 89' lang='lat' dir='ltr'><strong>cu-</strong></span> 
     </span>
    </p>
   </div>
   <div class='ocr_carea' id='block_1_100' title="bbox 973 1945 1763 1982">
    <p class='ocr_par' dir='ltr' id='par_1_100' title="bbox 973 1945 1763 1982">
     <span class='ocr_line' id='line_1_100' title="bbox 973 1945 1763 1982; baseline 0.004 -9"><span class='ocrx_word' id='word_1_758' title='bbox 973 1945 1017 1981; x_wconf 82' lang='lat' dir='ltr'><strong>jus</strong></span> <span class='ocrx_word' id='word_1_759' title='bbox 1031 1946 1176 1982; x_wconf 89' lang='lat' dir='ltr'><strong>ingenium,</strong></span> <span class='ocrx_word' id='word_1_760' title='bbox 1192 1946 1214 1973; x_wconf 89' lang='lat' dir='ltr'><strong>si</strong></span> <span class='ocrx_word' id='word_1_761' title='bbox 1229 1953 1320 1974; x_wconf 91' lang='lat' dir='ltr'><strong>amore</strong></span> <span class='ocrx_word' id='word_1_762' title='bbox 1332 1953 1384 1973; x_wconf 92' lang='lat' dir='ltr'><strong>non</strong></span> <span class='ocrx_word' id='word_1_763' title='bbox 1397 1946 1482 1978; x_wconf 89' lang='lat' dir='ltr'><strong>fallor,</strong></span> <span class='ocrx_word' id='word_1_764' title='bbox 1497 1954 1621 1982; x_wconf 87' lang='lat' dir='ltr'><strong>magnum</strong></span> <span class='ocrx_word' id='word_1_765' title='bbox 1637 1948 1763 1982; x_wconf 89' lang='lat' dir='ltr'><strong>quiddam</strong></span> 
     </span>
    </p>
   </div>
   <div class='ocr_carea' id='block_1_101' title="bbox 975 1991 1764 2027">
    <p class='ocr_par' dir='ltr' id='par_1_101' title="bbox 975 1991 1764 2027">
     <span class='ocr_line' id='line_1_101' title="bbox 975 1991 1764 2027; baseline 0.004 -8"><span class='ocrx_word' id='word_1_766' title='bbox 975 1991 1126 2027; x_wconf 86' lang='lat' dir='ltr'><strong>pollicetur,</strong></span> <span class='ocrx_word' id='word_1_767' title='bbox 1141 1991 1295 2019; x_wconf 82' lang='lat' dir='ltr'><strong>Adeodatus</strong></span> <span class='ocrx_word' id='word_1_768' title='bbox 1305 1991 1374 2019; x_wconf 84' lang='lat' dir='ltr'><strong>ﬁlius</strong></span> <span class='ocrx_word' id='word_1_769' title='bbox 1388 1999 1474 2019; x_wconf 88' lang='lat' dir='ltr'><strong>meus.</strong></span> <span class='ocrx_word' id='word_1_770' title='bbox 1484 1991 1585 2026; x_wconf 86' lang='lat' dir='ltr'><strong>Quibus</strong></span> <span class='ocrx_word' id='word_1_771' title='bbox 1597 1993 1714 2027; x_wconf 87' lang='lat' dir='ltr'><strong>attentis,</strong></span> <span class='ocrx_word' id='word_1_772' title='bbox 1725 1993 1764 2022; x_wconf 85' lang='lat' dir='ltr'><strong>sic</strong></span> 
     </span>
    </p>
   </div>
   <div class='ocr_carea' id='block_1_102' title="bbox 974 2045 1053 2073">
    <p class='ocr_par' dir='ltr' id='par_1_102' title="bbox 974 2045 1053 2073">
     <span class='ocr_line' id='line_1_102' title="bbox 974 2045 1053 2073; baseline 0 -8"><span class='ocrx_word' id='word_1_773' title='bbox 974 2045 1053 2073; x_wconf 61' lang='lat' dir='ltr'><strong>cepi.</strong></span> 
     </span>
    </p>
   </div>
   <div class='ocr_carea' id='block_1_103' title="bbox 976 2115 1764 2151">
    <p class='ocr_par' dir='ltr' id='par_1_103' title="bbox 976 2115 1764 2151">
     <span class='ocr_line' id='line_1_103' title="bbox 976 2115 1764 2151; baseline 0.003 -8"><span class='ocrx_word' id='word_1_774' title='bbox 976 2115 1089 2143; x_wconf 86' lang='lat' dir='ltr'><strong>CAPUT</strong></span> <span class='ocrx_word' id='word_1_775' title='bbox 1109 2115 1177 2143; x_wconf 86' lang='lat' dir='ltr'><strong>ll.—</strong></span> <span class='ocrx_word' id='word_1_776' title='bbox 1189 2115 1332 2151; x_wconf 79' lang='lat' dir='ltr'><strong>Disputatio</strong></span> <span class='ocrx_word' id='word_1_777' title='bbox 1347 2116 1435 2151; x_wconf 56' lang='lat' dir='ltr'><strong>prima!</strong></span> <span class='ocrx_word' id='word_1_778' title='bbox 1447 2116 1506 2143; x_wconf 84' lang='lat' dir='ltr'><strong>diei.</strong></span> <span class='ocrx_word' id='word_1_779' title='bbox 1522 2116 1564 2143; x_wconf 81' lang='lat' dir='ltr'><strong>Ea:</strong></span> <span class='ocrx_word' id='word_1_780' title='bbox 1573 2118 1658 2144; x_wconf 84' lang='lat' dir='ltr'><strong>anima</strong></span> <span class='ocrx_word' id='word_1_781' title='bbox 1672 2122 1694 2145; x_wconf 87' lang='lat' dir='ltr'><strong>et</strong></span> <span class='ocrx_word' id='word_1_782' title='bbox 1707 2125 1764 2146; x_wconf 88' lang='lat' dir='ltr'><strong>cor-</strong></span> 
     </span>
    </p>
   </div>
   <div class='ocr_carea' id='block_1_104' title="bbox 1012 2160 1766 2196">
    <p class='ocr_par' dir='ltr' id='par_1_104' title="bbox 1012 2160 1766 2196">
     <span class='ocr_line' id='line_1_104' title="bbox 1012 2160 1766 2196; baseline 0.003 -8"><span class='ocrx_word' id='word_1_783' title='bbox 1012 2170 1072 2196; x_wconf 84' lang='lat' dir='ltr'><strong>pore</strong></span> <span class='ocrx_word' id='word_1_784' title='bbox 1082 2165 1236 2188; x_wconf 75' lang='lat' dir='ltr'><strong>constamus.</strong></span> <span class='ocrx_word' id='word_1_785' title='bbox 1262 2160 1336 2188; x_wconf 84' lang='lat' dir='ltr'><strong>Cibus</strong></span> <span class='ocrx_word' id='word_1_786' title='bbox 1360 2162 1459 2196; x_wconf 78' lang='lat' dir='ltr'><strong>corpori</strong></span> <span class='ocrx_word' id='word_1_787' title='bbox 1481 2162 1645 2189; x_wconf 76' lang='lat' dir='ltr'><strong>necessarius.</strong></span> <span class='ocrx_word' id='word_1_788' title='bbox 1668 2163 1766 2191; x_wconf 68' lang='lat' dir='ltr'><strong>Animae</strong></span> 
     </span>
    </p>
   </div>
   <div class='ocr_carea' id='block_1_105' title="bbox 1010 2205 1766 2243">
    <p class='ocr_par' dir='ltr' id='par_1_105' title="bbox 1010 2205 1766 2243">
     <span class='ocr_line' id='line_1_105' title="bbox 1010 2205 1766 2243; baseline 0.005 -11"><span class='ocrx_word' id='word_1_789' title='bbox 1010 2214 1107 2241; x_wconf 84' lang='lat' dir='ltr'><strong>quoque</strong></span> <span class='ocrx_word' id='word_1_790' title='bbox 1120 2214 1179 2232; x_wconf 85' lang='lat' dir='ltr'><strong>suus</strong></span> <span class='ocrx_word' id='word_1_791' title='bbox 1191 2210 1227 2233; x_wconf 86' lang='lat' dir='ltr'><strong>est</strong></span> <span class='ocrx_word' id='word_1_792' title='bbox 1241 2206 1319 2232; x_wconf 82' lang='lat' dir='ltr'><strong>cibus.</strong></span> <span class='ocrx_word' id='word_1_793' title='bbox 1341 2205 1434 2233; x_wconf 83' lang='lat' dir='ltr'><strong>Beatus</strong></span> <span class='ocrx_word' id='word_1_794' title='bbox 1455 2214 1506 2233; x_wconf 84' lang='lat' dir='ltr'><strong>non</strong></span> <span class='ocrx_word' id='word_1_795' title='bbox 1519 2211 1554 2233; x_wconf 83' lang='lat' dir='ltr'><strong>est</strong></span> <span class='ocrx_word' id='word_1_796' title='bbox 1573 2207 1616 2242; x_wconf 82' lang='lat' dir='ltr'><strong>qui</strong></span> <span class='ocrx_word' id='word_1_797' title='bbox 1634 2208 1701 2243; x_wconf 79' lang='lat' dir='ltr'><strong>quod</strong></span> <span class='ocrx_word' id='word_1_798' title='bbox 1714 2210 1766 2236; x_wconf 79' lang='lat' dir='ltr'><strong>uult</strong></span> 
     </span>
    </p>
   </div>
   <div class='ocr_carea' id='block_1_106' title="bbox 1014 2250 1766 2286">
    <p class='ocr_par' dir='ltr' id='par_1_106' title="bbox 1014 2250 1766 2286">
     <span class='ocr_line' id='line_1_106' title="bbox 1014 2250 1766 2286; baseline 0.005 -8"><span class='ocrx_word' id='word_1_799' title='bbox 1014 2260 1063 2278; x_wconf 83' lang='lat' dir='ltr'><strong>non</strong></span> <span class='ocrx_word' id='word_1_800' title='bbox 1079 2251 1160 2278; x_wconf 80' lang='lat' dir='ltr'><strong>habet.</strong></span> <span class='ocrx_word' id='word_1_801' title='bbox 1171 2250 1225 2277; x_wconf 84' lang='lat' dir='ltr'><strong>Nec</strong></span> <span class='ocrx_word' id='word_1_802' title='bbox 1237 2255 1319 2278; x_wconf 83' lang='lat' dir='ltr'><strong>tamen</strong></span> <span class='ocrx_word' id='word_1_803' title='bbox 1333 2251 1413 2279; x_wconf 86' lang='lat' dir='ltr'><strong>onmis</strong></span> <span class='ocrx_word' id='word_1_804' title='bbox 1423 2252 1541 2286; x_wconf 81' lang='lat' dir='ltr'><strong>quiquod</strong></span> <span class='ocrx_word' id='word_1_805' title='bbox 1554 2253 1604 2279; x_wconf 85' lang='lat' dir='ltr'><strong>vult</strong></span> <span class='ocrx_word' id='word_1_806' title='bbox 1618 2253 1700 2286; x_wconf 79' lang='lat' dir='ltr'><strong>habet,</strong></span> <span class='ocrx_word' id='word_1_807' title='bbox 1708 2254 1766 2281; x_wconf 87' lang='lat' dir='ltr'><strong>bea-</strong></span> 
     </span>
    </p>
   </div>
   <div class='ocr_carea' id='block_1_107' title="bbox 1009 2327 1793 2364">
    <p class='ocr_par' dir='ltr' id='par_1_107' title="bbox 1009 2327 1793 2364">
     <span class='ocr_line' id='line_1_107' title="bbox 1009 2327 1793 2364; baseline -0.001 -10"><span class='ocrx_word' id='word_1_808' title='bbox 1009 2330 1017 2346; x_wconf 70' lang='grc' dir='ltr'>ί</span> <span class='ocrx_word' id='word_1_809' title='bbox 1029 2332 1063 2364; x_wconf 67' lang='lat' dir='ltr'><strong>ita</strong></span> <span class='ocrx_word' id='word_1_810' title='bbox 1074 2332 1125 2354; x_wconf 76' lang='lat' dir='ltr'><strong>Mss.</strong></span> <span class='ocrx_word' id='word_1_811' title='bbox 1136 2327 1254 2364; x_wconf 70' lang='lat' dir='ltr'><strong>tredecim</strong></span> <span class='ocrx_word' id='word_1_812' title='bbox 1264 2334 1319 2364; x_wconf 86' lang='lat' dir='ltr'><strong>cum</strong></span> <span class='ocrx_word' id='word_1_813' title='bbox 1330 2328 1384 2364; x_wconf 81' lang='lat' dir='ltr'><strong>Bad.</strong></span> <span class='ocrx_word' id='word_1_814' title='bbox 1398 2332 1447 2353; x_wconf 83' lang='grc' dir='ltr'><strong>Λω.</strong></span> <span class='ocrx_word' id='word_1_815' title='bbox 1461 2331 1487 2353; x_wconf 90' lang='lat' dir='ltr'><strong>et</strong></span> <span class='ocrx_word' id='word_1_816' title='bbox 1496 2332 1534 2353; x_wconf 61' lang='grc' dir='ltr'><strong>Β.</strong></span> <span class='ocrx_word' id='word_1_817' title='bbox 1546 2332 1575 2355; x_wconf 81' lang='lat' dir='ltr'><strong>At</strong></span> <span class='ocrx_word' id='word_1_818' title='bbox 1590 2329 1615 2354; x_wconf 91' lang='lat' dir='ltr'><strong>in</strong></span> <span class='ocrx_word' id='word_1_819' title='bbox 1630 2333 1700 2355; x_wconf 81' lang='lat' dir='ltr'><strong>textu</strong></span> <span class='ocrx_word' id='word_1_820' title='bbox 1712 2333 1766 2355; x_wconf 77' lang='grc' dir='ltr'><strong>ιον.</strong></span> <span class='ocrx_word' id='word_1_821' title='bbox 1790 2351 1793 2353; x_wconf 84' lang='lat'><strong>.</strong></span> 
     </span>
    </p>
   </div>
   <div class='ocr_carea' id='block_1_108' title="bbox 976 2358 1766 2426">
    <p class='ocr_par' dir='ltr' id='par_1_108' title="bbox 976 2358 1766 2426">
     <span class='ocr_line' id='line_1_108' title="bbox 976 2358 1359 2392; baseline -0.005 -7"><span class='ocrx_word' id='word_1_822' title='bbox 976 2360 1103 2392; x_wconf 69' lang='lat' dir='ltr'><strong>praefertur</strong></span> <span class='ocrx_word' id='word_1_823' title='bbox 1114 2365 1169 2392; x_wconf 76' lang='lat' dir='ltr'><strong>qute</strong></span> <span class='ocrx_word' id='word_1_824' title='bbox 1180 2358 1228 2384; x_wconf 81' lang='lat' dir='ltr'><strong>vita</strong></span> <span class='ocrx_word' id='word_1_825' title='bbox 1239 2358 1306 2384; x_wconf 82' lang='lat' dir='ltr'><strong>beata</strong></span> <span class='ocrx_word' id='word_1_826' title='bbox 1317 2361 1359 2384; x_wconf 80' lang='lat' dir='ltr'><strong>est.</strong></span> 
     </span>
     <span class='ocr_line' id='line_1_109' title="bbox 984 2390 1766 2426; baseline 0.001 -11"><span class='ocrx_word' id='word_1_827' title='bbox 984 2424 987 2426; x_wconf 18' lang='grc' dir='ltr'><strong>Δ</strong></span> <span class='ocrx_word' id='word_1_828' title='bbox 1008 2392 1018 2407; x_wconf 83' lang='grc'><strong><em>²</em></strong></span> <span class='ocrx_word' id='word_1_829' title='bbox 1030 2394 1066 2415; x_wconf 88' lang='lat' dir='ltr'><strong>Er.</strong></span> <span class='ocrx_word' id='word_1_830' title='bbox 1077 2393 1103 2426; x_wconf 81' lang='lat' dir='ltr'><strong>et</strong></span> <span class='ocrx_word' id='word_1_831' title='bbox 1113 2393 1168 2415; x_wconf 77' lang='grc' dir='ltr'><strong>ων.</strong></span> <span class='ocrx_word' id='word_1_832' title='bbox 1181 2390 1297 2426; x_wconf 65' lang='lat' dir='ltr'><strong>omittunt</strong></span> <span class='ocrx_word' id='word_1_833' title='bbox 1310 2390 1349 2426; x_wconf 88' lang='lat' dir='ltr'><strong>hi_c</strong></span> <span class='ocrx_word' id='word_1_834' title='bbox 1368 2390 1507 2426; x_wconf 84' lang='lat' dir='ltr'><strong>particulam</strong></span> <span class='ocrx_word' id='word_1_835' title='bbox 1518 2393 1542 2426; x_wconf 66' lang='lat' dir='ltr'><strong>et</strong></span> <span class='ocrx_word' id='word_1_836' title='bbox 1550 2396 1620 2426; x_wconf 29' lang='lat' dir='ltr'><strong>,Aq’uaa</strong></span> <span class='ocrx_word' id='word_1_837' title='bbox 1631 2390 1693 2421; x_wconf 82' lang='lat' dir='ltr'><strong>apud</strong></span> <span class='ocrx_word' id='word_1_838' title='bbox 1711 2391 1766 2426; x_wconf 68' lang='lat' dir='ltr'><strong>Bad.</strong></span> 
     </span>
    </p>
   </div>
   <div class='ocr_carea' id='block_1_109' title="bbox 978 2421 1768 2452">
    <p class='ocr_par' dir='ltr' id='par_1_109' title="bbox 978 2421 1768 2452">
     <span class='ocr_line' id='line_1_110' title="bbox 978 2421 1768 2452; baseline 0 -6"><span class='ocrx_word' id='word_1_839' title='bbox 978 2424 1027 2446; x_wconf 80' lang='lat' dir='ltr'><strong>Am.</strong></span> <span class='ocrx_word' id='word_1_840' title='bbox 1041 2426 1067 2447; x_wconf 87' lang='lat' dir='ltr'><strong>et</strong></span> <span class='ocrx_word' id='word_1_841' title='bbox 1078 2425 1129 2446; x_wconf 82' lang='lat' dir='ltr'><strong>Mss.</strong></span> <span class='ocrx_word' id='word_1_842' title='bbox 1141 2421 1355 2452; x_wconf 17' lang='lat' dir='ltr'><strong>reperitur.rl’aulo</strong></span> <span class='ocrx_word' id='word_1_843' title='bbox 1372 2425 1424 2452; x_wconf 80' lang='lat' dir='ltr'><strong>|ost</strong></span> <span class='ocrx_word' id='word_1_844' title='bbox 1434 2427 1493 2452; x_wconf 81' lang='lat' dir='ltr'><strong>vero</strong></span> <span class='ocrx_word' id='word_1_845' title='bbox 1500 2421 1624 2452; x_wconf 77' lang='lat' dir='ltr'><strong>editiones</strong></span> <span class='ocrx_word' id='word_1_846' title='bbox 1631 2427 1717 2452; x_wconf 83' lang='lat' dir='ltr'><strong>omnes</strong></span> <span class='ocrx_word' id='word_1_847' title='bbox 1727 2422 1768 2446; x_wconf 89' lang='lat' dir='ltr'><strong>ha-</strong></span> 
     </span>
    </p>
   </div>
   <div class='ocr_carea' id='block_1_110' title="bbox 977 2450 1768 2485">
    <p class='ocr_par' dir='ltr' id='par_1_110' title="bbox 977 2450 1768 2485">
     <span class='ocr_line' id='line_1_111' title="bbox 977 2450 1768 2485; baseline 0 -8"><span class='ocrx_word' id='word_1_848' title='bbox 977 2452 1046 2485; x_wconf 78' lang='lat' dir='ltr'><strong>bent,</strong></span> <span class='ocrx_word' id='word_1_849' title='bbox 1054 2452 1139 2485; x_wconf 71' lang='lat' dir='ltr'><strong>quibus</strong></span> <span class='ocrx_word' id='word_1_850' title='bbox 1151 2450 1188 2476; x_wconf 66' lang='lat' dir='ltr'><strong>me</strong></span> <span class='ocrx_word' id='word_1_851' title='bbox 1198 2451 1329 2485; x_wconf 68' lang='lat' dir='ltr'><strong>ostendant,</strong></span> <span class='ocrx_word' id='word_1_852' title='bbox 1339 2450 1377 2476; x_wconf 73' lang='lat' dir='ltr'><strong>re!</strong></span> <span class='ocrx_word' id='word_1_853' title='bbox 1386 2458 1433 2485; x_wconf 75' lang='lat' dir='ltr'><strong>quo</strong></span> <span class='ocrx_word' id='word_1_854' title='bbox 1441 2450 1661 2485; x_wconf 57' lang='lat' dir='ltr'><strong>plertiusjntelligas</strong></span> <span class='ocrx_word' id='word_1_855' title='bbox 1670 2451 1768 2485; x_wconf 80' lang='lat' dir='ltr'><strong>pelagus</strong></span> 
     </span>
    </p>
   </div>
   <div class='ocr_carea' id='block_1_111' title="bbox 978 2481 1769 2516">
    <p class='ocr_par' dir='ltr' id='par_1_111' title="bbox 978 2481 1769 2516">
     <span class='ocr_line' id='line_1_112' title="bbox 978 2481 1769 2516; baseline 0 -8"><span class='ocrx_word' id='word_1_856' title='bbox 978 2481 1164 2516; x_wconf 53' lang='lat' dir='ltr'><strong>disputatan</strong></span> <span class='ocrx_word' id='word_1_857' title='bbox 1173 2488 1280 2516; x_wconf 63' lang='lat' dir='ltr'><strong>mearum</strong></span> <span class='ocrx_word' id='word_1_858' title='bbox 1290 2488 1299 2512; x_wconf 89' lang='lat'><strong><em>;</em></strong></span> <span class='ocrx_word' id='word_1_859' title='bbox 1310 2481 1490 2516; x_wconf 50' lang='lat' dir='ltr'><strong>iis:1tte:ali_&lt;juot_</strong></span> <span class='ocrx_word' id='word_1_860' title='bbox 1499 2481 1658 2516; x_wconf 59' lang='lat' dir='ltr'><strong>sutiifagantur</strong></span> <span class='ocrx_word' id='word_1_861' title='bbox 1669 2481 1733 2507; x_wconf 72' lang='lat' dir='ltr'><strong>Mss.&#39;</strong></span> <span class='ocrx_word' id='word_1_862' title='bbox 1742 2487 1769 2508; x_wconf 78' lang='lat' dir='ltr'><strong>At</strong></span> 
     </span>
    </p>
   </div>
   <div class='ocr_carea' id='block_1_112' title="bbox 978 2511 1768 2548">
    <p class='ocr_par' dir='ltr' id='par_1_112' title="bbox 978 2511 1768 2548">
     <span class='ocr_line' id='line_1_113' title="bbox 978 2511 1768 2548; baseline 0 -10"><span class='ocrx_word' id='word_1_863' title='bbox 978 2511 1022 2548; x_wconf 67' lang='lat' dir='ltr'><strong>alii</strong></span> <span class='ocrx_word' id='word_1_864' title='bbox 1029 2514 1084 2548; x_wconf 80' lang='lat' dir='ltr'><strong>cdd.</strong></span> <span class='ocrx_word' id='word_1_865' title='bbox 1097 2520 1144 2548; x_wconf 76' lang='lat' dir='ltr'><strong>nec</strong></span> <span class='ocrx_word' id='word_1_866' title='bbox 1154 2513 1223 2548; x_wconf 77' lang='lat' dir='ltr'><strong>pauci</strong></span> <span class='ocrx_word' id='word_1_867' title='bbox 1233 2511 1322 2548; x_wconf 75' lang='lat' dir='ltr'><strong>ferunt,</strong></span> <span class='ocrx_word' id='word_1_868' title='bbox 1336 2511 1466 2548; x_wconf 40' lang='lat' dir='ltr'><strong>u&#39;t‘plent&#39;us.</strong></span> <span class='ocrx_word' id='word_1_869' title='bbox 1480 2511 1609 2545; x_wconf 71' lang='lat' dir='ltr'><strong>intelligas;</strong></span> <span class='ocrx_word' id='word_1_870' title='bbox 1620 2516 1720 2548; x_wconf 81' lang='lat' dir='ltr'><strong>tumque</strong></span> <span class='ocrx_word' id='word_1_871' title='bbox 1736 2520 1768 2538; x_wconf 79' lang='lat' dir='ltr'><strong>ex</strong></span> 
     </span>
    </p>
   </div>
   <div class='ocr_carea' id='block_1_113' title="bbox 979 2543 1769 2576">
    <p class='ocr_par' dir='ltr' id='par_1_113' title="bbox 979 2543 1769 2576">
     <span class='ocr_line' id='line_1_114' title="bbox 979 2543 1769 2576; baseline 0 -7"><span class='ocrx_word' id='word_1_872' title='bbox 979 2546 1009 2569; x_wconf 89' lang='lat' dir='ltr'><strong>iis</strong></span> <span class='ocrx_word' id='word_1_873' title='bbox 1019 2545 1115 2576; x_wconf 86' lang='lat' dir='ltr'><strong>quidam</strong></span> <span class='ocrx_word' id='word_1_874' title='bbox 1135 2543 1235 2576; x_wconf 73' lang='lat' dir='ltr'><strong>habent,</strong></span> <span class='ocrx_word' id='word_1_875' title='bbox 1247 2543 1333 2576; x_wconf 65' lang='lat' dir='ltr'><strong>seriem</strong></span> <span class='ocrx_word' id='word_1_876' title='bbox 1352 2543 1537 2575; x_wconf 81' lang='lat' dir='ltr'><strong>disputatimum</strong></span> <span class='ocrx_word' id='word_1_877' title='bbox 1552 2543 1667 2576; x_wconf 60' lang='lat' dir='ltr'><strong>tinearum.</strong></span> <span class='ocrx_word' id='word_1_878' title='bbox 1680 2543 1769 2576; x_wconf 78' lang='lat' dir='ltr'><strong>Cister-</strong></span> 
     </span>
    </p>
   </div>
   <div class='ocr_carea' id='block_1_114' title="bbox 979 2574 1768 2605">
    <p class='ocr_par' dir='ltr' id='par_1_114' title="bbox 979 2574 1768 2605">
     <span class='ocr_line' id='line_1_115' title="bbox 979 2574 1768 2605; baseline 0 -5"><span class='ocrx_word' id='word_1_879' title='bbox 979 2574 1068 2600; x_wconf 75' lang='lat' dir='ltr'><strong>cietisis</strong></span> <span class='ocrx_word' id='word_1_880' title='bbox 1077 2582 1158 2605; x_wconf 86' lang='lat' dir='ltr'><strong>porro,</strong></span> <span class='ocrx_word' id='word_1_881' title='bbox 1170 2574 1355 2605; x_wconf 82' lang='lat' dir='ltr'><strong>disputationum</strong></span> <span class='ocrx_word' id='word_1_882' title='bbox 1365 2574 1472 2605; x_wconf 64' lang='lat' dir='ltr'><strong>mearum</strong></span> <span class='ocrx_word' id='word_1_883' title='bbox 1483 2580 1548 2605; x_wconf 75' lang='lat' dir='ltr'><strong>aruis.</strong></span> <span class='ocrx_word' id='word_1_884' title='bbox 1573 2575 1681 2605; x_wconf 82' lang='lat' dir='ltr'><strong>Denique</strong></span> <span class='ocrx_word' id='word_1_885' title='bbox 1691 2575 1768 2600; x_wconf 79' lang='lat' dir='ltr'><strong>codex</strong></span> 
     </span>
    </p>
   </div>
   <div class='ocr_carea' id='block_1_115' title="bbox 979 2582 1770 2637">
    <p class='ocr_par' dir='ltr' id='par_1_115' title="bbox 979 2582 1770 2637">
     <span class='ocr_line' id='line_1_116' title="bbox 979 2582 1768 2630; baseline 0 -30"><span class='ocrx_word' id='word_1_886' title='bbox 979 2582 1068 2600; x_wconf 78' lang='lat' dir='ltr'><strong>ctensrs</strong></span> <span class='ocrx_word' id='word_1_887' title='bbox 1077 2582 1158 2630; x_wconf 51' lang='lat' dir='ltr'><strong>EHO,</strong></span> <span class='ocrx_word' id='word_1_888' title='bbox 1170 2582 1355 2609; x_wconf 63' lang='lat' dir='ltr'><strong>disputationum</strong></span> <span class='ocrx_word' id='word_1_889' title='bbox 1365 2582 1472 2609; x_wconf 62' lang='grc' dir='ltr'><strong>ηίιςιινιιηι</strong></span> <span class='ocrx_word' id='word_1_890' title='bbox 1483 2582 1548 2598; x_wconf 79' lang='lat' dir='ltr'><strong>arms.</strong></span> <span class='ocrx_word' id='word_1_891' title='bbox 1573 2582 1681 2605; x_wconf 75' lang='lat' dir='ltr'><strong>uertique</strong></span> <span class='ocrx_word' id='word_1_892' title='bbox 1691 2582 1768 2600; x_wconf 60' lang='grc' dir='ltr'><strong>ωορκ</strong></span> 
     </span>
     <span class='ocr_line' id='line_1_117' title="bbox 979 2604 1770 2637; baseline -0.001 -7"><span class='ocrx_word' id='word_1_893' title='bbox 979 2609 1001 2630; x_wconf 90' lang='lat' dir='ltr'><strong>s.</strong></span> <span class='ocrx_word' id='word_1_894' title='bbox 1013 2611 1076 2631; x_wconf 81' lang='lat' dir='ltr'><strong>Arnu</strong></span> <span class='ocrx_word' id='word_1_895' title='bbox 1112 2606 1224 2630; x_wconf 73' lang='lat' dir='ltr'><strong>ntetensis</strong></span> <span class='ocrx_word' id='word_1_896' title='bbox 1233 2623 1240 2635; x_wconf 91' lang='lat'><strong>,</strong></span> <span class='ocrx_word' id='word_1_897' title='bbox 1262 2609 1354 2630; x_wconf 68' lang='lat' dir='ltr'><strong>initium</strong></span> <span class='ocrx_word' id='word_1_898' title='bbox 1375 2604 1562 2637; x_wconf 62' lang='lat' dir='ltr'><strong>disputationum</strong></span> <span class='ocrx_word' id='word_1_899' title='bbox 1580 2611 1689 2629; x_wconf 75' lang='lat' dir='ltr'><strong>mearum</strong></span> <span class='ocrx_word' id='word_1_900' title='bbox 1698 2624 1704 2635; x_wconf 91' lang='lat'><strong>,</strong></span> <span class='ocrx_word' id='word_1_901' title='bbox 1715 2613 1770 2637; x_wconf 60' lang='lat' dir='ltr'><strong>qua!</strong></span> 
     </span>
    </p>
   </div>
   <div class='ocr_carea' id='block_1_116' title="bbox 979 2635 1770 2668">
    <p class='ocr_par' dir='ltr' id='par_1_116' title="bbox 979 2635 1770 2668">
     <span class='ocr_line' id='line_1_118' title="bbox 979 2635 1770 2668; baseline -0.001 -7"><span class='ocrx_word' id='word_1_902' title='bbox 979 2637 1069 2668; x_wconf 76' lang='lat' dir='ltr'><strong>optima</strong></span> <span class='ocrx_word' id='word_1_903' title='bbox 1080 2636 1152 2661; x_wconf 89' lang='lat' dir='ltr'><strong>lectio</strong></span> <span class='ocrx_word' id='word_1_904' title='bbox 1163 2637 1214 2661; x_wconf 84' lang='lat' dir='ltr'><strong>visa</strong></span> <span class='ocrx_word' id='word_1_905' title='bbox 1226 2640 1272 2668; x_wconf 83' lang='lat' dir='ltr'><strong>est.</strong></span> <span class='ocrx_word' id='word_1_906' title='bbox 1292 2636 1374 2668; x_wconf 83' lang='lat' dir='ltr'><strong>neipsa</strong></span> <span class='ocrx_word' id='word_1_907' title='bbox 1386 2636 1450 2668; x_wconf 77' lang='lat' dir='ltr'><strong>enim</strong></span> <span class='ocrx_word' id='word_1_908' title='bbox 1462 2636 1529 2659; x_wconf 85' lang='lat' dir='ltr'><strong>hicce</strong></span> <span class='ocrx_word' id='word_1_909' title='bbox 1541 2635 1604 2668; x_wconf 77' lang='lat' dir='ltr'><strong>liber</strong></span> <span class='ocrx_word' id='word_1_910' title='bbox 1614 2635 1770 2668; x_wconf 66' lang='lat' dir='ltr'><strong>omnium&#39;qui</strong></span> 
     </span>
    </p>
   </div>
   <div class='ocr_carea' id='block_1_117' title="bbox 980 2666 1772 2698">
    <p class='ocr_par' dir='ltr' id='par_1_117' title="bbox 980 2666 1772 2698">
     <span class='ocr_line' id='line_1_119' title="bbox 980 2666 1772 2698; baseline -0.001 -6"><span class='ocrx_word' id='word_1_911' title='bbox 980 2666 1042 2698; x_wconf 78' lang='lat' dir='ltr'><strong>apud</strong></span> <span class='ocrx_word' id='word_1_912' title='bbox 1052 2668 1208 2692; x_wconf 87' lang='lat' dir='ltr'><strong>cassiciacum</strong></span> <span class='ocrx_word' id='word_1_913' title='bbox 1226 2666 1366 2696; x_wconf 73' lang='lat' dir='ltr'><strong>dis;utando</strong></span> <span class='ocrx_word' id='word_1_914' title='bbox 1387 2666 1445 2690; x_wconf 87' lang='lat' dir='ltr'><strong>editi</strong></span> <span class='ocrx_word' id='word_1_915' title='bbox 1464 2669 1520 2691; x_wconf 89' lang='lat' dir='ltr'><strong>sunt</strong></span> <span class='ocrx_word' id='word_1_916' title='bbox 1539 2666 1629 2698; x_wconf 78' lang='lat' dir='ltr'><strong>primus</strong></span> <span class='ocrx_word' id='word_1_917' title='bbox 1648 2666 1772 2691; x_wconf 80' lang='lat' dir='ltr'><strong>absolutus</strong></span> 
     </span>
    </p>
   </div>
   <div class='ocr_carea' id='block_1_118' title="bbox 980 2697 1771 2729">
    <p class='ocr_par' dir='ltr' id='par_1_118' title="bbox 980 2697 1771 2729">
     <span class='ocr_line' id='line_1_120' title="bbox 980 2697 1771 2729; baseline 0 -7"><span class='ocrx_word' id='word_1_918' title='bbox 980 2697 1033 2727; x_wconf 80' lang='lat' dir='ltr'><strong>fuit,</strong></span> <span class='ocrx_word' id='word_1_919' title='bbox 1038 2699 1108 2729; x_wconf 85' lang='lat' dir='ltr'><strong>isque</strong></span> <span class='ocrx_word' id='word_1_920' title='bbox 1118 2698 1212 2729; x_wconf 80' lang='lat' dir='ltr'><strong>ratione</strong></span> <span class='ocrx_word' id='word_1_921' title='bbox 1223 2697 1357 2729; x_wconf 81' lang='lat' dir='ltr'><strong>argumenti</strong></span> <span class='ocrx_word' id='word_1_922' title='bbox 1369 2704 1417 2729; x_wconf 80' lang='lat' dir='ltr'><strong>non</strong></span> <span class='ocrx_word' id='word_1_923' title='bbox 1428 2697 1547 2721; x_wconf 87' lang='lat' dir='ltr'><strong>immerito</strong></span> <span class='ocrx_word' id='word_1_924' title='bbox 1558 2697 1643 2729; x_wconf 73' lang='lat' dir='ltr'><strong>dicitur</strong></span> <span class='ocrx_word' id='word_1_925' title='bbox 1649 2702 1683 2727; x_wconf 88' lang='lat' dir='ltr'><strong>et,</strong></span> <span class='ocrx_word' id='word_1_926' title='bbox 1692 2706 1704 2729; x_wconf 61' lang='grc' dir='ltr'><strong><em>ᾳ</em></strong></span> <span class='ocrx_word' id='word_1_927' title='bbox 1714 2697 1771 2722; x_wconf 70' lang='grc' dir='ltr'><strong><em>γεη-</em></strong></span> 
     </span>
    </p>
   </div>
   <div class='ocr_carea' id='block_1_119' title="bbox 984 2727 1771 2763">
    <p class='ocr_par' dir='ltr' id='par_1_119' title="bbox 984 2727 1771 2763">
     <span class='ocr_line' id='line_1_121' title="bbox 984 2727 1771 2763; baseline 0.001 -12"><span class='ocrx_word' id='word_1_928' title='bbox 984 2738 996 2751; x_wconf 70' lang='grc' dir='ltr'><strong><em>ι</em></strong></span> <span class='ocrx_word' id='word_1_929' title='bbox 1006 2727 1096 2763; x_wconf 72' lang='lat' dir='ltr'><strong>giosior</strong></span> <span class='ocrx_word' id='word_1_930' title='bbox 1107 2728 1241 2763; x_wconf 52' lang='lat' dir='ltr'><strong>eva_sisse,__g</strong></span> <span class='ocrx_word' id='word_1_931' title='bbox 1251 2727 1324 2763; x_wconf 45' lang='lat' dir='ltr'><strong>id‘est</strong></span> <span class='ocrx_word' id='word_1_932' title='bbox 1335 2727 1460 2763; x_wconf 76' lang='lat' dir='ltr'><strong>prodiisse,</strong></span> <span class='ocrx_word' id='word_1_933' title='bbox 1472 2734 1520 2759; x_wconf 88' lang='lat' dir='ltr'><strong>quo</strong></span> <span class='ocrx_word' id='word_1_934' title='bbox 1531 2727 1664 2763; x_wconf 73' lang='lat' dir='ltr'><strong>signiﬁcatu</strong></span> <span class='ocrx_word' id='word_1_935' title='bbox 1674 2728 1771 2763; x_wconf 34' lang='lat' dir='ltr'><strong>adhibes</strong></span> 
     </span>
    </p>
   </div>
   <div class='ocr_carea' id='block_1_120' title="bbox 980 2758 1773 2785">
    <p class='ocr_par' dir='ltr' id='par_1_120' title="bbox 980 2758 1773 2785">
     <span class='ocr_line' id='line_1_122' title="bbox 980 2758 1773 2785; baseline -0.001 0"><span class='ocrx_word' id='word_1_936' title='bbox 980 2758 1020 2785; x_wconf 67' lang='lat' dir='ltr'><strong>tui-</strong></span> <span class='ocrx_word' id='word_1_937' title='bbox 1031 2759 1094 2785; x_wconf 87' lang='lat' dir='ltr'><strong>istud</strong></span> <span class='ocrx_word' id='word_1_938' title='bbox 1105 2760 1207 2783; x_wconf 87' lang='lat' dir='ltr'><strong>verbum</strong></span> <span class='ocrx_word' id='word_1_939' title='bbox 1219 2758 1259 2783; x_wconf 90' lang='lat' dir='ltr'><strong>lib.</strong></span> <span class='ocrx_word' id='word_1_940' title='bbox 1272 2758 1287 2782; x_wconf 74' lang='grc'><strong>2</strong></span> <span class='ocrx_word' id='word_1_941' title='bbox 1297 2762 1379 2783; x_wconf 84' lang='lat' dir='ltr'><strong>contra</strong></span> <span class='ocrx_word' id='word_1_942' title='bbox 1395 2758 1504 2783; x_wconf 80' lang='lat' dir='ltr'><strong>Academ.</strong></span> <span class='ocrx_word' id='word_1_943' title='bbox 1517 2765 1538 2783; x_wconf 93' lang='lat' dir='ltr'><strong>c.</strong></span> <span class='ocrx_word' id='word_1_944' title='bbox 1551 2758 1565 2783; x_wconf 84' lang='grc'><strong>7</strong></span> <span class='ocrx_word' id='word_1_945' title='bbox 1584 2765 1590 2783; x_wconf 87' lang='lat'><strong>:</strong></span> <span class='ocrx_word' id='word_1_946' title='bbox 1608 2762 1634 2783; x_wconf 90' lang='lat' dir='ltr'><strong>et</strong></span> <span class='ocrx_word' id='word_1_947' title='bbox 1655 2759 1773 2785; x_wconf 81' lang='lat' dir='ltr'><strong>Theodori</strong></span> 
     </span>
    </p>
   </div>
   <div class='ocr_carea' id='block_1_121' title="bbox 984 2790 1240 2820">
    <p class='ocr_par' dir='ltr' id='par_1_121' title="bbox 984 2790 1240 2820">
     <span class='ocr_line' id='line_1_123' title="bbox 984 2790 1240 2820; baseline -0.012 -5"><span class='ocrx_word' id='word_1_948' title='bbox 984 2800 996 2815; x_wconf 73' lang='grc' dir='ltr'>ι</span> <span class='ocrx_word' id='word_1_949' title='bbox 1007 2790 1105 2815; x_wconf 88' lang='lat' dir='ltr'><strong>nomine</strong></span> <span class='ocrx_word' id='word_1_950' title='bbox 1115 2790 1219 2820; x_wconf 87' lang='lat' dir='ltr'><strong>dignior.</strong></span> <span class='ocrx_word' id='word_1_951' title='bbox 1228 2797 1240 2811; x_wconf 78' lang='grc' dir='ltr'>ι</span> 
     </span>
    </p>
   </div>
   <div class='ocr_carea' id='block_1_122' title="bbox 1016 2819 1639 2851">
    <p class='ocr_par' dir='ltr' id='par_1_122' title="bbox 1016 2819 1639 2851">
     <span class='ocr_line' id='line_1_124' title="bbox 1016 2819 1639 2851; baseline 0 -6"><span class='ocrx_word' id='word_1_952' title='bbox 1016 2823 1026 2838; x_wconf 77' lang='grc'><strong><em>³</em></strong></span> <span class='ocrx_word' id='word_1_953' title='bbox 1036 2825 1059 2845; x_wconf 85' lang='grc' dir='ltr'><strong>ιη</strong></span> <span class='ocrx_word' id='word_1_954' title='bbox 1072 2824 1123 2845; x_wconf 48' lang='lat' dir='ltr'><strong>Mm.</strong></span> <span class='ocrx_word' id='word_1_955' title='bbox 1137 2819 1212 2851; x_wconf 76' lang='lat' dir='ltr'><strong>prope</strong></span> <span class='ocrx_word' id='word_1_956' title='bbox 1223 2820 1333 2845; x_wconf 89' lang='lat' dir='ltr'><strong>omnibus</strong></span> <span class='ocrx_word' id='word_1_957' title='bbox 1344 2819 1457 2851; x_wconf 85' lang='lat' dir='ltr'><strong>habetur,</strong></span> <span class='ocrx_word' id='word_1_958' title='bbox 1470 2820 1639 2846; x_wconf 71' lang='lat' dir='ltr'><strong>Iurtidiammt.</strong></span> 
     </span>
    </p>
   </div>
   <div class='ocr_carea' id='block_1_123' title="bbox 1019 2862 1178 2894">
    <p class='ocr_par' dir='ltr' id='par_1_123' title="bbox 1019 2862 1178 2894">
     <span class='ocr_line' id='line_1_125' title="bbox 1019 2862 1178 2894; baseline -0.013 -8"><span class='ocrx_word' id='word_1_959' title='bbox 1019 2863 1056 2894; x_wconf 86' lang='lat' dir='ltr'><strong>(a)</strong></span> <span class='ocrx_word' id='word_1_960' title='bbox 1067 2862 1178 2886; x_wconf 71' lang='lat' dir='ltr'><strong>atonnica.</strong></span> 
     </span>
    </p>
   </div>
  </div>
