4096 6368
562 343 669 408 963

634 481 717 524 tus
745 474 838 523 est.
873 464 1007 533 Quid
1047 463 1140 518 sibi
1180 460 1327 515 homo
1365 469 1657 526 comparare
1681 450 1821 507 debet
1848 458 1902 503 ut
1938 449 2002 501 sit
2028 446 2143 500 bea-

644 572 743 616 tus.
771 558 897 626 Quis
921 556 1084 612 Deum
1115 554 1310 608 habeat.
1343 547 1670 604 Academicus
1703 544 1875 598 beatus
1908 557 2014 595 esse
2042 555 2143 593 non

643 661 825 722 potest,
858 666 976 721 ergo
1005 664 1094 702 nec
1122 646 1343 715 sapiens.

640 744 693 799 7.
726 742 1060 799 Manifestum
1087 738 1238 794 vobis
1265 734 1472 790 videtur
1509 748 1575 788 ex
1613 730 1788 785 anima
1830 735 1885 782 et
1916 737 2143 795 corpore

567 851 666 893 nos
690 850 809 892 esse
834 830 1193 903 compositos?
1214 827 1346 884 Cum
1376 838 1563 882 omnes
1587 821 1967 884 consentirent,
1988 817 2143 871 Navi-

564 928 682 997 gius
723 940 783 981 se
824 924 1067 995 ignorare
1092 918 1385 989 respondit.
1417 916 1513 971 Cui
1555 929 1696 984 ego:
1735 911 1896 977 Nihil,
1942 908 2143 963 nihilne

564 1016 786 1071 omnino
833 1014 957 1079 scis,
1016 1012 1253 1081 inquam,
1280 1023 1346 1061 an
1392 1008 1532 1060 inter
1558 1004 1733 1072 aliqua
1774 1015 1892 1071 qua:
1931 998 2141 1068 ignoras

566 1108 724 1161 etiam
757 1105 859 1160 hoc
894 1099 1276 1157 numerandum
1307 1096 1419 1152 est?
1459 1094 1575 1150 Non
1614 1102 1743 1163 puto
1790 1104 1897 1155 me,
1949 1086 2139 1156 inquit,

564 1196 741 1250 omnia
771 1193 997 1251 nescire.
1026 1190 1275 1254 Pmesne,
1305 1188 1540 1256 inquam,
1561 1182 1715 1236 nobis
1741 1180 1918 1234 dicere
1944 1175 2143 1245 aliquid

535 1301 748 1345 .eorum
775 1300 891 1354 quae
918 1281 1090 1337 nosti?
1110 1281 1353 1343 Possum,
1386 1274 1573 1345 inquit.
1602 1271 1714 1327 Nisi
1733 1271 2014 1325 molestum
2037 1274 2139 1333 est,

499 1388 509 1447 ί
563 1378 801 1447 inquam,
833 1373 1009 1444 profer
1035 1369 1251 1440 aliquid.
1282 1368 1483 1421 Etcum
1510 1359 2030 1424 dubitaret:Scisne,
2065 1358 2143 1410 ino

563 1483 744 1538 quam,
763 1466 952 1521 saltem
967 1475 1017 1519 te
1040 1459 1251 1516 vivere?
1274 1459 1418 1522 Scio,
1450 1455 1638 1526 inquit.
1665 1452 1780 1507 Scis
1801 1465 1928 1520 ergo
1946 1448 2143 1538 habere

565 1536 619 1615 te
646 1559 826 1624 vitam,
861 1554 1121 1626 siquidem
1154 1552 1331 1605 vivere
1371 1560 1525 1602 nemo
1571 1544 1673 1599 nisi
1709 1543 1815 1597 vita
1850 1546 2043 1611 potest.
2076 1536 2144 1591 Et

564 1650 686 1716 hoc,
710 1648 899 1719 inquit,
931 1638 1062 1701 scio.
1086 1644 1202 1700 Scis
1229 1642 1387 1696 etiam
1409 1644 1602 1709 corpus
1621 1645 1671 1690 te
1692 1632 1920 1688 habere?
1946 1632 2144 1685 Assen-

564 1744 809 1797 tiebatur.
834 1741 975 1809 Ergo
1000 1739 1109 1808 jam
1131 1736 1235 1791 scis
1276 1744 1326 1787 te
1352 1741 1597 1787 constare
1613 1744 1676 1784 ex
1698 1740 1917 1796 corpore
1938 1733 1991 1779 et
2013 1722 2139 1777 vita.

563 1832 685 1888 Scio
701 1830 913 1885 interim
939 1845 953 1890 ;
983 1826 1076 1881 sed
1099 1833 1275 1879 utrum
1303 1822 1418 1877 hmo
1443 1821 1551 1875 sola
1587 1819 1712 1881 sint,
1741 1817 1975 1870 incertus
2001 1827 2139 1866 sum.

566 1923 705 1992 Ergo
740 1920 846 1975 duo
877 1919 996 1983 ista,
1029 1917 1263 1985 inquam,
1293 1926 1410 1968 esse
1452 1925 1556 1964 non
1597 1906 1827 1971 dubitas,
1870 1918 2064 1973 corpus
2090 1912 2143 1957 et

564 2013 828 2072 animam;
871 2007 964 2062 sed
1018 2008 1251 2060 incertus
1295 2017 1353 2057 cs
1396 2011 1570 2055 utrum
1615 1998 1683 2051 sit
1731 1995 1871 2049 aliud
1906 1992 2047 2065 quod
2076 1992 2143 2047 ad

564 2101 933 2173 complendum
964 2115 1026 2153 ac
1052 2094 1429 2168 perficiendum
1457 2092 1725 2146 hominem
1753 2088 1912 2142 valet.
1937 2087 2032 2150 lta,
2064 2085 2145 2139 iu-

564 2194 697 2265 quit.
725 2193 836 2247 Hoc
861 2191 1012 2261 quale
1041 2188 1128 2253 sit,
1158 2187 1306 2251 alias,
1334 2185 1376 2237 si
1400 2197 1698 2253 possumus,
1717 2192 2038 2249 quaeremus,
2062 2176 2144 2230 in-

566 2299 745 2353 quam.
774 2282 923 2335 Nunc
950 2276 1076 2333 illud
1102 2277 1210 2347 jam
1236 2291 1300 2330 ex
1323 2272 1571 2327 omnibus
1598 2284 1801 2340 quzero,
1824 2283 1944 2323 cum
1979 2268 2145 2321 fatea-

565 2389 686 2427 mur
734 2369 909 2426 cuncti
954 2381 1125 2437 neque
1164 2366 1279 2419 sine
1325 2377 1565 2431 corpore,
1610 2372 1783 2429 neque
1818 2358 1932 2413 sine
1969 2358 2142 2412 anima

564 2480 685 2520 csse
711 2478 867 2534 posse
894 2461 1184 2522 hominem,
1213 2458 1360 2511 cibos
1381 2462 1595 2524 propter
1624 2451 1749 2522 quid
1775 2452 1966 2506 horum
1983 2466 2145 2521 appe-

563 2564 757 2608 tamus.
787 2552 1009 2621 Propter
1039 2562 1254 2617 corpus.
1286 2546 1457 2615 inquit
1498 2542 1784 2598 Licentius.
1816 2540 2009 2597 Caeteri
2048 2556 2144 2595 au-

566 2656 674 2700 tem
718 2642 1125 2705 cunctabantur,
1181 2636 1433 2705 varioque
1479 2648 1726 2688 sermone
1766 2632 1905 2687 inter
1931 2646 1988 2686 se
2018 2646 2142 2700 age-

565 2735 714 2799 bant,
745 2729 1011 2801 quomodo
1036 2736 1215 2799 posset
1241 2734 1458 2795 propter
1501 2737 1693 2792 corpus
1718 2722 1870 2777 cibus
1899 2736 2147 2776 necessa-

565 2824 678 2877 rius
698 2821 885 2884 videri,
914 2833 1033 2873 cum
1087 2822 1426 2887 appeteretur
1471 2819 1688 2883 propter
1724 2812 1907 2878 vitam,
1940 2818 1993 2866 et
2035 2810 2144 2865 vita

566 2927 674 2966 non
700 2910 803 2965 nisi
833 2909 898 2962 ad
925 2906 1155 2961 animam
1199 2903 1513 2974 pertineret.
1554 2901 1687 2955 Tum
1728 2916 1828 2971 ego
1859 2920 1873 2955 :
1905 2899 2141 2964 Videtur,

568 3004 803 3072 inquam,
830 2998 980 3053 vobis
1006 2996 1072 3051 ad
1099 3010 1215 3051 eam
1245 3001 1446 3064 partem
1476 2991 1650 3047 cibum
1679 2991 1963 3061 pertinere,
1986 3004 2143 3061 quam

566 3094 687 3149 cibo
714 3106 956 3147 crescere
985 3088 1443 3157 robustioremque
1471 3086 1581 3140 fieri
1626 3084 1904 3140 videmus?
1945 3085 2145 3139 Assen-

566 3188 832 3243 tiebantur
857 3194 1049 3256 prazter
1078 3180 1403 3253 Trygetinm.
1435 3180 1521 3234 Ait
1542 3178 1684 3234 enim
1715 3195 1727 3231 :
1775 3178 1881 3232 Cur
1896 3192 2021 3248 ergo
2040 3192 2144 3231 non

568 3296 667 3351 pro
711 3278 974 3334 edacitate
1002 3291 1119 3330 mea
1160 3274 1341 3329 crevi?
1382 3271 1611 3336 Modum,
1656 3269 1893 3340 inquam,
1933 3283 2086 3322 suum
2114 3282 2145 3321 a

566 3381 753 3429 natura
778 3370 1125 3424 constitutum
1142 3366 1340 3421 habent
1364 3364 1540 3418 omnia
1566 3377 1810 3433 corpora,
1832 3360 1967 3415 ultra
1986 3375 2144 3430 quam

565 3476 869 3518 mensuram
909 3456 1157 3530 progredi
1206 3462 1474 3526 nequeant
1523 3471 1536 3508 :
1582 3462 1757 3507 tamen
1797 3466 1860 3505 ea
1895 3464 2145 3504 mensura

564 3556 773 3611 minora
800 3559 998 3617 essent,
1025 3549 1070 3604 si
1100 3548 1178 3604 eis
1204 3547 1453 3601 alimenta
1482 3542 1806 3607 defuissent;
1838 3539 1977 3612 quod
2015 3544 2069 3593 et
2093 3540 2147 3593 in

568 3643 849 3714 pecoribus
884 3640 1089 3695 facilius
1131 3635 1621 3691 animadvertimus.
1655 3634 1722 3687 Et
1748 3647 1906 3687 nemo
1941 3630 2147 3685 dubitat

564 3736 699 3793 cibis
744 3726 1031 3790 subtractis
1073 3728 1311 3783 omnium
1362 3725 1711 3780 animantium
1763 3737 1987 3792 corpora
2027 3736 2145 3775 ma-

566 3839 831 3881 crescere.
885 3821 1249 3883 Macrescere,
1301 3817 1471 3888 inquit
1545 3814 1841 3881 Licentius,
1892 3827 1997 3866 non
2047 3810 2145 3867 de-

566 3930 831 3973 crescere.
883 3913 1026 3968 Satis
1057 3918 1140 3965 est
1190 3907 1341 3973 mihi,
1373 3908 1609 3976 inquam,
1634 3905 1699 3958 ad
1736 3903 1787 3958 id
1827 3903 1965 3972 quod
1999 3903 2142 3959 volo.

568 4008 775 4063 Etenim
808 4002 1031 4074 qumslio
1057 4010 1139 4055 est
1165 4007 1340 4053 utrum
1372 3996 1436 4051 ad
1466 4010 1660 4066 corpus
1688 3995 1838 4049 cibus
1863 3994 2141 4063 pertineat.

566 4099 804 4155 Pertinet
826 4105 1023 4158 autem,
1066 4106 1185 4146 cum
1216 4106 1280 4145 eo
1315 4088 1594 4153 subducto,
1625 4087 1692 4141 ad
1723 4086 1945 4140 maciem
1973 4083 2144 4139 dedu-

569 4190 728 4245 citur.
756 4187 957 4242 Omnes
975 4184 1047 4238 ita
1077 4197 1197 4236 esse
1218 4186 1554 4235 censuerunt.

638 4280 693 4335 8.
716 4277 853 4345 Quid
874 4288 1002 4345 ergo
1045 4274 1245 4339 anima,
1287 4270 1534 4340 inquam?
1577 4269 1720 4323 nulla
1763 4283 1831 4323 ne
1872 4267 2027 4322 habet
2049 4265 2147 4320 ali-

565 4379 745 4426 menta
788 4364 1038 4440 propria?
1069 4380 1136 4418 an
1160 4363 1275 4433 ejus
1313 4376 1433 4417 esca
1476 4354 1695 4415 scientia
1718 4359 1867 4413 vobis
1897 4357 2145 4413 videtur?

570 4461 753 4529 Plane,
779 4459 949 4529 inquit
982 4464 1182 4521 mater;
1214 4453 1358 4508 nulla
1394 4469 1453 4507 re
1478 4451 1578 4506 alia
1628 4450 1788 4506 credo
1815 4449 1885 4504 ali
1914 4451 2145 4503 animam

567 4570 724 4626 quam
754 4552 1023 4608 intellectu
1053 4563 1233 4604 rerum
1283 4554 1441 4615 atque
1486 4545 1725 4599 scientia.
1776 4544 1851 4597 De
1879 4558 1979 4612 qua
2019 4556 2145 4595 sen-

568 4648 730 4702 tentia
769 4659 891 4700 cum
918 4641 1207 4713 Trygetius
1235 4638 1450 4692 dubium
1478 4651 1536 4691 se
1577 4634 1881 4689 ostenderet
1919 4651 1932 4686 :
1967 4632 2142 4699 hodie,

568 4736 737 4807 inquit
763 4735 873 4799 illa,
900 4742 956 4787 tu
988 4732 1099 4801 ipse
1122 4743 1299 4784 nonne
1324 4727 1550 4782 docuisti
1575 4725 1713 4781 unde
1741 4735 1831 4779 aut
1857 4724 1941 4779 ubi
1970 4724 2145 4778 anima

565 4826 852 4899 pascatur?
898 4823 1033 4879 Nam
1082 4829 1202 4891 post
1235 4820 1557 4889 aliquantam
1596 4816 1797 4885 prandii
1848 4824 2047 4885 partem
2095 4823 2147 4870 te

565 4919 744 4974 dixisti
776 4933 879 4971 non
922 4914 1218 4969 advertisse
1264 4926 1368 4981 quo
1419 4909 1632 4964 vasculo
1676 4919 1963 4971 uteremur,
2004 4908 2145 4976 quod

564 5011 667 5064 alia
697 5008 880 5063 nescio
908 5021 1028 5076 quas
1057 5004 1366 5073 cogitasses,
1388 5016 1488 5055 nec
1532 5009 1707 5054 tamen
1737 4999 1804 5053 ab
1842 5000 1953 5069 ipsa
1999 4999 2146 5054 cibo-

566 5114 684 5155 rum
719 5107 870 5170 parte
898 5096 1234 5151 abstinueras
1265 5108 1451 5147 manus
1476 5099 1633 5162 atque
1653 5106 1881 5146 morsus.
1913 5090 2012 5147 Ubi
2045 5089 2144 5161 igi-

567 5199 655 5248 tur
679 5201 795 5248 erat
819 5190 1028 5245 animus
1056 5199 1198 5254 tuus,
1226 5202 1331 5256 quo
1361 5195 1597 5255 tempore
1619 5185 1766 5249 illud,
1796 5193 1847 5239 te
1872 5195 2141 5250 vescente,

566 5299 676 5339 non
706 5283 1041 5347 attendebat;
1073 5279 1219 5346 inde,
1248 5278 1376 5333 mihi
1417 5277 1600 5343 crede,
1649 5287 1702 5331 et
1744 5278 1934 5332 talibus
1975 5278 2146 5348 epulis

570 5376 779 5430 animus
801 5376 1055 5445 pascitur,
1090 5372 1140 5426 id
1162 5380 1246 5426 est
1271 5370 1489 5425 theoriis
1510 5380 1562 5425 et
1587 5371 1987 5440 cogitationibus
2013 5373 2141 5436 suis,

569 5468 613 5521 sl
637 5483 733 5537 per
754 5482 845 5522 eas
877 5466 1073 5537 aliquid
1097 5465 1369 5535 percipere
1396 5464 1579 5534 possit.
1606 5465 1678 5520 De
1709 5482 1807 5535 qua
1832 5482 1891 5522 re
1916 5482 2035 5520 eum
2051 5467 2150 5520 dum

572 5555 803 5613 bitanter
828 5567 1129 5627 streperent
1157 5574 1169 5608 :
1211 5556 1416 5621 Nonne,
1459 5557 1691 5626 inquam,
1719 5559 2009 5614 conceditis
2053 5559 2148 5613 ho-

580 5651 782 5704 minum
823 5650 1250 5704 doctissimorum
1292 5648 1498 5703 animos
1526 5648 1691 5701 multo
1716 5663 1833 5704 esse
1866 5666 2019 5721 quam
2051 5652 2148 5705 im.

578 5740 865 5809 pcritorum
895 5739 1047 5810 quasi
1068 5737 1119 5791 in
1147 5752 1243 5792 suo
1276 5753 1469 5808 genere
1498 5738 1764 5809 pleniores
1803 5750 1957 5813 atque
1985 5746 2147 5816 majo-

1652 330 1740 388 DE
1780 326 2010 387 BEATA
2051 321 2232 391 “TA,
2277 324 2333 379 S.
2375 319 2740 383 AUGUSTINI

3720 334 3823 403 964

2250 445 2376 497 res?
2405 442 2738 499 Manifestum
2766 457 2883 499 esse
2908 442 3175 500 dixerunt.
3217 445 3381 502 Recte
3417 442 3573 518 igitur
3596 448 3824 508 dicimus

2250 550 2434 589 eorum
2447 536 2672 603 animos,
2690 536 2780 607 qui
2794 536 2954 592 nullis
2974 537 3268 609 disciplinis
3288 539 3481 595 eruditi
3508 551 3646 610 sunt,
3666 544 3824 600 nihil-

2246 640 2353 695 que
2378 624 2637 679 bonarum
2668 627 2859 681 artium
2891 628 3203 695 hauserunt,
3241 629 3454 698 jejunos
3482 639 3536 686 et
3560 634 3711 702 quasi
3755 634 3832 687 fa-

2248 717 2467 772 melicos
2492 733 2628 773 esse.
2650 719 2862 785 Plenos,
2892 720 3063 790 inquit
3083 720 3381 793 Trygetius,
3408 733 3463 778 et
3482 724 3694 780 illorum
3716 729 3831 780 ani-

2248 824 2365 864 mos
2389 824 2509 864 esse
2536 809 2787 875 arbitror,
2818 811 2912 866 sed
2946 812 3092 866 vitiis
3118 821 3279 883 atque
3306 816 3558 884 nequitia.
3590 816 3693 871 Ista
3715 818 3829 887 ipsa

2248 908 2349 966 est,
2382 900 2616 969 inquam,
2660 900 2819 956 crede
2866 902 3017 967 mihi,
3051 903 3293 973 quaedam
3322 906 3569 961 sterilitas
3595 915 3650 960 et
3676 909 3830 978 quasi

2247 990 2410 1045 fames
2436 989 2753 1045 animorum.
2773 990 2903 1045 Nam
2916 993 3360 1062 quemadmodum
3381 1009 3571 1064 corpus
3588 996 3833 1053 detracto

2246 1081 2365 1136 cibo
2392 1081 2708 1151 plerumque
2736 1083 2936 1137 morbis
2968 1091 3125 1153 atque
3150 1084 3327 1139 scabie
3348 1086 3603 1155 repletur,
3630 1103 3753 1157 qua
3780 1088 3832 1141 in

2248 1186 2313 1226 eo
2338 1172 2462 1225 vitia
2505 1172 2740 1226 indicant
2764 1172 2986 1238 famem;
3035 1173 3103 1226 ita
3142 1182 3197 1227 et
3241 1174 3448 1228 illorum
3483 1176 3644 1229 animi
3690 1177 3835 1247 pleni

2246 1270 2370 1314 sunt
2407 1262 2605 1315 morbis
2649 1263 2839 1333 quibus
2886 1278 2981 1317 sua
3018 1262 3219 1333 jejunia
3256 1264 3592 1319 confitentur.
3620 1267 3833 1321 Etenim

2247 1351 2414 1421 ipsam
2442 1354 2726 1422 nequitiam
2740 1364 2963 1409 matrem
2979 1356 3214 1410 omnium
3225 1356 3494 1421 vitiorum,
3514 1372 3580 1412 ex
3602 1372 3668 1411 eo
3689 1358 3835 1427 quod

2246 1442 2602 1514 nequidquam
2646 1446 2733 1509 sit,
2765 1446 2817 1500 id
2843 1456 2925 1501 est
2961 1463 3026 1502 ex
3054 1462 3119 1503 eo
3162 1448 3306 1518 quod
3337 1448 3466 1502 nihil
3495 1449 3591 1515 sit,
3623 1460 3836 1505 veteres

2248 1533 2441 1588 dictam
2469 1551 2589 1591 esse
2616 1537 2912 1591 voluerunt.
2944 1538 3043 1592 Cui
3069 1539 3200 1593 vitio
3225 1555 3342 1608 quae
3368 1540 3630 1594 contraria
3659 1542 3835 1595 virtus

2248 1633 2349 1691 est,
2374 1624 2643 1694 frugalitas
2669 1628 2993 1681 nominatur.
3028 1628 3096 1683 Ut
3118 1629 3275 1699 igitur
3302 1630 3416 1683 haec
3436 1644 3466 1683 a
3488 1629 3657 1699 fruge,
3684 1631 3735 1685 id
3753 1636 3838 1686 est

2248 1731 2275 1768 a
2306 1716 2499 1780 fructu,
2534 1727 2750 1786 propter
2774 1719 3060 1789 quamdam
3086 1721 3384 1775 animorum
3412 1719 3796 1776 fecunditatem
3819 1740 3834 1787 ;

2247 1808 2317 1862 ita
2347 1808 2434 1862 illa
2465 1809 2531 1864 ab
2552 1810 2849 1877 sterilitate,
2875 1810 2976 1865 hoc
3004 1818 3088 1865 est
3110 1826 3140 1865 a
3178 1811 3364 1875 nihilo,
3395 1812 3631 1882 nequitia
3658 1814 3838 1867 nornis

2248 1907 2369 1953 nata
2387 1908 2470 1954 est
2500 1917 2512 1953 :
2541 1900 2672 1954 nihil
2701 1908 2785 1955 est
2825 1901 2965 1954 enim
2990 1915 3149 1956 omne
3178 1901 3318 1971 quod
3345 1901 3478 1969 ﬂuit,
3506 1902 3645 1972 quod
3672 1903 3840 1957 solvis

2250 1999 2355 2055 tur,
2386 1990 2527 2061 quod
2566 1991 2808 2061 liquescit
2838 1999 2892 2045 et
2924 1992 3074 2061 quasi
3112 2007 3325 2062 semper
3348 1993 3504 2061 perit.
3548 1992 3672 2048 ldeo
3700 1994 3841 2048 tales

2250 2084 2492 2139 homines
2522 2085 2683 2139 etiam
2716 2084 2954 2154 perditos
2982 2084 3229 2139 dicimus.
3262 2084 3356 2139 Est
3399 2094 3573 2139 autem
3610 2085 3838 2153 aliquid,

2249 2176 2295 2231 si
2317 2184 2516 2244 manet,
2549 2176 2594 2231 si
2615 2184 2842 2239 constat,
2868 2176 2913 2232 si
2946 2191 3158 2246 semper
3185 2176 3291 2231 tale
3318 2183 3419 2241 est,
3451 2186 3510 2230 ut
3533 2186 3615 2231 est
3641 2177 3838 2239 virtus,

2252 2268 2407 2339 cujus
2429 2283 2615 2339 magna
2643 2283 2767 2339 pars
2796 2277 2879 2324 est
2902 2276 3059 2340 atque
3084 2268 3461 2338 pulcherrima,
3480 2280 3597 2339 qua:
3623 2279 3843 2339 tempe-

2249 2360 2420 2416 rantia
2444 2368 2499 2415 et
2534 2359 2809 2430 frugalitas
2835 2360 3048 2415 dicitur.
3080 2360 3187 2415 Sed
3223 2361 3268 2415 si
3308 2360 3410 2415 hoc
3438 2360 3718 2415 obscurius
3756 2369 3845 2414 est

2248 2467 2407 2522 quam
2437 2460 2494 2507 ut
2520 2451 2571 2506 id
2595 2451 2705 2522 jam
2723 2467 2818 2507 vos
2846 2451 3025 2507 videre
3052 2451 3297 2522 possitis;
3320 2459 3468 2505 certe
3492 2450 3621 2504 illud
3640 2464 3844 2504 conce-

2248 2543 2393 2609 ditis,
2425 2542 2547 2615 quia
2572 2544 2617 2599 si
2643 2544 2805 2599 animi
2828 2541 3195 2614 imperitorum
3222 2545 3380 2599 etiam
3405 2542 3505 2613 ipsi
3530 2543 3671 2613 pleni
3690 2551 3843 2605 sunt,

2250 2647 2307 2693 ut
2331 2638 2722 2708 corporum,ita
2756 2638 3053 2693 animorum
3097 2637 3202 2693 duo
3230 2638 3600 2692 alimentorum
3639 2651 3846 2706 genera

2250 2728 2624 2794 inveniuntur;
2656 2744 2818 2783 unum
2842 2727 3055 2783 salubre
3074 2737 3233 2798 atque
3250 2728 3402 2792 utile,
3431 2728 3654 2783 alterum
3682 2740 3841 2780 mor-

2250 2819 2432 2875 bidum
2453 2826 2609 2890 atque
2627 2818 2959 2889 pestiferum.

2320 2911 2374 2966 9.
2402 2910 2530 2978 Qua:
2554 2926 2673 2965 cum
2698 2910 2767 2964 ita
2796 2910 2920 2975 sint,
2959 2908 3189 2965 arbitror
3207 2908 3293 2964 die
3322 2907 3484 2963 natali
3527 2922 3667 2972 meo,
3700 2918 3846 2976 quo-

2250 3004 2390 3059 niam
2420 3003 2525 3058 duo
2544 3002 2786 3073 quaedam
2808 3016 2927 3057 esse
2955 3002 3008 3056 in
3036 3000 3251 3055 homine
3277 3000 3525 3055 convenit
3551 3000 3694 3053 inter
3716 3011 3843 3059 nos,

2251 3094 2302 3149 id
2332 3102 2413 3148 est
2428 3107 2621 3162 corpus
2647 3097 2805 3162 atque
2828 3092 3082 3156 animam,
3108 3105 3213 3144 non
3243 3105 3330 3144 me
3355 3089 3632 3160 prandium
3674 3088 3850 3158 paulo

2251 3183 2440 3238 lautius
2452 3181 2764 3251 corporibus
2777 3182 2970 3237 nostris
2980 3181 3172 3245 solum,
3188 3179 3281 3235 sed
3298 3191 3351 3235 et
3370 3179 3561 3234 animis
3574 3179 3737 3233 etiam
3751 3192 3848 3232 exo

2251 3274 2434 3330 bibere
2449 3274 2661 3330 debere.
2676 3273 2827 3342 Quod
2842 3282 3017 3329 autem
3031 3273 3132 3327 hoc
3144 3274 3212 3328 sit
3227 3274 3523 3343 prandium,
3537 3273 3581 3329 si
3596 3276 3846 3344 esuritis,

2250 3366 2534 3437 proferam.
2579 3364 2711 3419 Nam
2747 3364 2792 3419 si
2838 3379 2934 3419 vos
2976 3364 3193 3427 invitos,
3222 3372 3277 3419 et
3324 3362 3656 3420 fastidientes
3685 3366 3847 3423 alere

2251 3457 2508 3523 conabor,
2560 3455 2757 3512 frustra
2806 3471 3021 3527 operam
3053 3456 3354 3521 insumam;
3392 3458 3665 3527 magisque
3716 3468 3846 3514 vota

2252 3549 2490 3606 facienda
2519 3558 2663 3616 sunt,
2695 3557 2755 3604 ut
2794 3549 2928 3604 tales
2958 3548 3143 3619 epulas
3174 3548 3350 3619 potius
3378 3562 3537 3618 quam
3564 3548 3685 3602 illas
3714 3564 3847 3603 cora

2252 3644 2397 3713 poris
2426 3642 2761 3698 desideretis.
2794 3640 2947 3709 Quod
2976 3641 3185 3696 eveniet
3227 3640 3271 3693 si
3316 3640 3430 3694 sani
3463 3640 3627 3694 animi
3671 3642 3846 3696 vestri

2254 3734 2490 3791 fuerint:
2520 3735 2646 3805 ωειιί
2686 3734 2851 3802 enim,
2881 3733 3016 3788 sicut
3064 3733 3116 3787 in
3159 3732 3358 3787 morbis
3386 3732 3552 3803 ipsius
3591 3736 3845 3805 corporis

2262 3826 2526 3892 videmus,
2559 3825 2709 3881 cibos
2736 3838 2861 3880 suos
2886 3831 3132 3879 recusant
3161 3833 3212 3879 et
3246 3832 3521 3893 respuunt.
3553 3822 3754 3882 Omnes
3780 3841 3846 3881 se

2250 3918 2398 3971 vultu
2420 3917 2535 3986 ipso
2549 3924 2602 3970 et
2627 3916 2991 3971 consentiente
3009 3929 3159 3981 voce,
3178 3914 3427 3984 quidquid
3447 3930 3841 3986 praeparassem

2246 4008 2355 4080 jam
2377 4024 2588 4065 sumere
2618 4023 2681 4064 ac
2709 4022 2896 4063 vorare
2923 4008 3058 4063 velle
3081 4008 3352 4062 dixerunt.

2324 4102 2410 4157 10.
2438 4103 2611 4172 Atque
2647 4116 2745 4172 ego
2772 4115 2954 4155 rursus
2989 4100 3272 4156 exordiens
3306 4118 3319 4154 :
3351 4101 3543 4156 Beatos
3578 4115 3700 4157 esse
3741 4119 3844 4158 nos

2251 4193 2516 4258 volumus,
2560 4192 2807 4263 inquam?
2846 4192 2942 4246 Vix
2983 4192 3085 4246 hoc
3121 4191 3435 4257 effuderam,
3484 4205 3845 4249 occurrerunt

2254 4299 2355 4337 una
2402 4297 2531 4337 voce
2585 4283 2999 4337 consentientes.
3043 4281 3340 4336 Videturne
3381 4282 3561 4347 vobis,
3595 4283 3838 4351 inquam,

2251 4374 2436 4429 beatus
2475 4387 2595 4429 esse
2639 4372 2727 4442 qui
2771 4370 2912 4443 quod
2943 4371 3057 4426 vult
3102 4387 3209 4426 non
3250 4370 3442 4426 habet?
3475 4371 3841 4442 Negaverunt.

2250 4464 2424 4534 Quid?
2453 4464 2625 4519 omnis
2655 4463 2745 4533 qui
2787 4462 2928 4533 quod
2962 4463 3075 4515 vult
3120 4460 3300 4525 habet,
3330 4461 3514 4518 beatus
3550 4461 3672 4517 est?
3699 4460 3841 4517 Tum

2251 4564 2419 4609 mater
2452 4553 2546 4609 :Si
2577 4554 2736 4621 bona,
2767 4553 2955 4622 inquit,
2985 4552 3108 4607 velit
3153 4560 3208 4607 et
3249 4552 3458 4619 habeat,
3488 4553 3677 4608 beatus
3713 4564 3796 4607 est
3830 4571 3845 4616 ;

2252 4646 2298 4701 si
2325 4654 2501 4699 autem
2543 4644 2678 4698 mala
2710 4644 2856 4711 velit,
2888 4644 3128 4713 quamvis
3158 4642 3370 4709 habeat,
3406 4645 3572 4699 miser
3607 4654 3708 4699 est.
3737 4643 3841 4699 Cui

2251 4754 2349 4809 ego
2373 4736 2616 4792 arridens
2641 4744 2797 4806 atque
2818 4736 3080 4807 gestiens:
3104 4735 3297 4806 Ipsam,
3325 4737 3563 4807 inquam,
3593 4752 3840 4806 prorsus.

2251 4835 2441 4891 mater,
2482 4843 2658 4882 arcem
2690 4826 3038 4899 philosophia:
3077 4828 3314 4883 tenuisti.
3350 4827 3481 4883 Nam
3526 4827 3618 4882 tibi
3653 4828 3843 4897 procul

2250 4918 2412 4973 dubio
2440 4918 2597 4973 verba
2627 4916 2926 4983 defuerunt,
2958 4926 3014 4972 ut
3048 4932 3153 4971 non
3194 4916 3333 4971 sicut
3358 4914 3561 4971 Tullius
3593 4926 3642 4969 te
3672 4916 3840 4971 modo

2255 5009 2535 5081 panderes,
2570 5009 2719 5078 cujus
2743 5008 2809 5063 de
2827 5008 2927 5063 hac
2955 5008 3215 5063 sententia
3234 5007 3392 5062 verba
3412 5008 3509 5062 ista
3537 5016 3679 5061 sunt.
3701 5007 3840 5062 Nam

2254 5104 2304 5158 in
2335 5101 2639 5166 Hortensio,
2665 5115 2823 5171 quem
2868 5099 2934 5154 de
2973 5098 3129 5153 laude
3166 5112 3229 5153 ac
3258 5098 3569 5154 defensione
3598 5098 3842 5168 philoso-

2253 5198 2391 5268 phia:
2438 5196 2629 5251 librum
2660 5194 2785 5249 fecit
2814 5211 2826 5247 :
2859 5192 2992 5247 Ecce
3027 5203 3217 5260 autem,
3263 5193 3355 5258 ait,
3402 5210 3502 5247 non
3548 5192 3841 5264 philosOphi

2253 5288 2472 5357 quidem,
2514 5286 2602 5341 sed
2640 5285 2859 5357 prompti
2904 5294 3071 5338 tamen
3122 5284 3191 5337 ad
3231 5285 3613 5354 disputandum,
3666 5300 3841 5336 omnes

2253 5382 2395 5433 aiunt
2440 5396 2543 5434 esse
2575 5380 2743 5433 beatos
2783 5378 2866 5447 qui
2900 5378 3068 5430 vivant
3099 5386 3153 5429 ut
3181 5376 3279 5446 ipsi
3324 5376 3494 5429 velint.
3535 5374 3749 5429 Falsum
3786 5376 3841 5427 id

2254 5470 2451 5541 quidem
2476 5488 2488 5523 :
2527 5469 2665 5524 Velle
2684 5470 2815 5523 enim
2846 5469 2981 5539 quod
3025 5484 3125 5521 non
3150 5468 3341 5533 deceat,
3369 5468 3503 5521 idem
3541 5469 3709 5536 ipsum
3740 5468 3840 5519 mi-

2256 5564 2538 5617 serrimum.
2573 5561 2681 5616 Nec
2702 5570 2802 5614 tam
2826 5562 3061 5615 miserum
3084 5572 3155 5614 est
3183 5577 3281 5614 non
3301 5561 3516 5631 adipisci
3540 5560 3674 5630 quod
3695 5562 3835 5623 velis,

2252 5673 2405 5728 quam
2433 5655 2647 5725 adipisci
2673 5654 2796 5709 velle
2823 5654 2960 5725 quod
2985 5670 3084 5708 non
3108 5663 3353 5724 oporteat.
3388 5652 3515 5707 Plus
3545 5655 3675 5707 enim
3714 5654 3837 5707 ntali

2257 5748 2480 5816 pravitas
2519 5744 2787 5801 voluntatis
2828 5744 2999 5817 a/fert,
3024 5761 3175 5820 quam
3205 5748 3408 5817 fortuna
3436 5747 3669 5816 cuiquam
3701 5746 3833 5801 boni.
