  <div class='ocr_page' id='page_1' title='image "/cluster/home/n/w/nwhite01/storage/ocr_20150623/32/hvd.32044015706328/502.png"; bbox 0 0 2048 3184; ppageno 0'>
   <div class='ocr_carea' id='block_1_1' title="bbox 122 155 174 185">
    <p class='ocr_par' dir='ltr' id='par_1_1' title="bbox 122 155 174 185">
     <span class='ocr_line' id='line_1_1' title="bbox 122 155 174 185; baseline 0 0"><span class='ocrx_word' id='word_1_1' title='bbox 122 155 174 185; x_wconf 82' lang='lat'><strong>965</strong></span> 
     </span>
    </p>
   </div>
   <div class='ocr_carea' id='block_1_2' title="bbox 122 206 915 248">
    <p class='ocr_par' dir='ltr' id='par_1_2' title="bbox 122 206 915 248">
     <span class='ocr_line' id='line_1_2' title="bbox 122 206 915 248; baseline -0.011 -6"><span class='ocrx_word' id='word_1_2' title='bbox 122 215 150 242; x_wconf 92' lang='lat' dir='ltr'><strong>ln</strong></span> <span class='ocrx_word' id='word_1_3' title='bbox 170 213 268 248; x_wconf 86' lang='lat' dir='ltr'><strong>quibus</strong></span> <span class='ocrx_word' id='word_1_4' title='bbox 287 212 376 240; x_wconf 86' lang='lat' dir='ltr'><strong>verbis</strong></span> <span class='ocrx_word' id='word_1_5' title='bbox 397 210 440 239; x_wconf 92' lang='lat' dir='ltr'><strong>illa</strong></span> <span class='ocrx_word' id='word_1_6' title='bbox 457 210 496 238; x_wconf 90' lang='lat' dir='ltr'><strong>sic</strong></span> <span class='ocrx_word' id='word_1_7' title='bbox 511 208 693 241; x_wconf 71' lang='lat' dir='ltr'><strong>exclamabat,</strong></span> <span class='ocrx_word' id='word_1_8' title='bbox 709 211 737 235; x_wconf 92' lang='lat' dir='ltr'><strong>ut</strong></span> <span class='ocrx_word' id='word_1_9' title='bbox 766 206 841 234; x_wconf 90' lang='lat' dir='ltr'><strong>obliti</strong></span> <span class='ocrx_word' id='word_1_10' title='bbox 869 213 915 239; x_wconf 86' lang='lat' dir='ltr'><strong>pe-</strong></span> 
     </span>
    </p>
   </div>
   <div class='ocr_carea' id='block_1_3' title="bbox 121 251 917 292">
    <p class='ocr_par' dir='ltr' id='par_1_3' title="bbox 121 251 917 292">
     <span class='ocr_line' id='line_1_3' title="bbox 121 251 917 292; baseline -0.013 -4"><span class='ocrx_word' id='word_1_11' title='bbox 121 260 194 288; x_wconf 89' lang='lat' dir='ltr'><strong>nitus</strong></span> <span class='ocrx_word' id='word_1_12' title='bbox 216 251 300 287; x_wconf 41' lang='lat' dir='ltr'><strong>sexus.</strong></span> <span class='ocrx_word' id='word_1_13' title='bbox 316 258 391 292; x_wconf 86' lang='lat' dir='ltr'><strong>ejus,</strong></span> <span class='ocrx_word' id='word_1_14' title='bbox 411 263 535 292; x_wconf 90' lang='lat' dir='ltr'><strong>magnum</strong></span> <span class='ocrx_word' id='word_1_15' title='bbox 554 256 668 289; x_wconf 85' lang='lat' dir='ltr'><strong>aliquem</strong></span> <span class='ocrx_word' id='word_1_16' title='bbox 679 254 763 280; x_wconf 90' lang='lat' dir='ltr'><strong>virum</strong></span> <span class='ocrx_word' id='word_1_17' title='bbox 777 252 917 280; x_wconf 87' lang='lat' dir='ltr'><strong>considere</strong></span> 
     </span>
    </p>
   </div>
   <div class='ocr_carea' id='block_1_4' title="bbox 122 301 915 335">
    <p class='ocr_par' dir='ltr' id='par_1_4' title="bbox 122 301 915 335">
     <span class='ocr_line' id='line_1_4' title="bbox 122 301 915 335; baseline -0.011 -2"><span class='ocrx_word' id='word_1_18' title='bbox 122 306 260 334; x_wconf 88' lang='lat' dir='ltr'><strong>nobiscum</strong></span> <span class='ocrx_word' id='word_1_19' title='bbox 269 303 450 335; x_wconf 86' lang='lat' dir='ltr'><strong>crederemus,</strong></span> <span class='ocrx_word' id='word_1_20' title='bbox 462 309 506 330; x_wconf 89' lang='lat' dir='ltr'><strong>me</strong></span> <span class='ocrx_word' id='word_1_21' title='bbox 516 301 632 333; x_wconf 83' lang='lat' dir='ltr'><strong>interim,</strong></span> <span class='ocrx_word' id='word_1_22' title='bbox 645 303 772 335; x_wconf 86' lang='lat' dir='ltr'><strong>quantum</strong></span> <span class='ocrx_word' id='word_1_23' title='bbox 783 303 915 333; x_wconf 91' lang='lat' dir='ltr'><strong>poteram,</strong></span> 
     </span>
    </p>
   </div>
   <div class='ocr_carea' id='block_1_5' title="bbox 122 344 918 385">
    <p class='ocr_par' dir='ltr' id='par_1_5' title="bbox 122 344 918 385">
     <span class='ocr_line' id='line_1_5' title="bbox 122 344 918 385; baseline -0.01 -7"><span class='ocrx_word' id='word_1_24' title='bbox 122 350 287 385; x_wconf 89' lang='lat' dir='ltr'><strong>intelligente</strong></span> <span class='ocrx_word' id='word_1_25' title='bbox 301 357 334 376; x_wconf 76' lang='lat' dir='ltr'><strong>ex</strong></span> <span class='ocrx_word' id='word_1_26' title='bbox 349 355 401 384; x_wconf 91' lang='lat' dir='ltr'><strong>quo</strong></span> <span class='ocrx_word' id='word_1_27' title='bbox 417 348 473 380; x_wconf 84' lang='lat' dir='ltr'><strong>illa,</strong></span> <span class='ocrx_word' id='word_1_28' title='bbox 488 351 514 374; x_wconf 88' lang='lat' dir='ltr'><strong>et</strong></span> <span class='ocrx_word' id='word_1_29' title='bbox 528 353 608 382; x_wconf 91' lang='lat' dir='ltr'><strong>quam</strong></span> <span class='ocrx_word' id='word_1_30' title='bbox 627 346 719 373; x_wconf 87' lang='lat' dir='ltr'><strong>divino</strong></span> <span class='ocrx_word' id='word_1_31' title='bbox 740 344 812 372; x_wconf 79' lang='lat' dir='ltr'><strong>fonte</strong></span> <span class='ocrx_word' id='word_1_32' title='bbox 826 350 918 371; x_wconf 86' lang='lat' dir='ltr'><strong>mana-</strong></span> 
     </span>
    </p>
   </div>
   <div class='ocr_carea' id='block_1_6' title="bbox 122 389 918 426">
    <p class='ocr_par' dir='ltr' id='par_1_6' title="bbox 122 389 918 426">
     <span class='ocr_line' id='line_1_6' title="bbox 122 389 918 426; baseline -0.01 -3"><span class='ocrx_word' id='word_1_33' title='bbox 122 400 192 423; x_wconf 85' lang='lat' dir='ltr'><strong>rent.</strong></span> <span class='ocrx_word' id='word_1_34' title='bbox 204 394 239 422; x_wconf 86' lang='lat' dir='ltr'><strong>Et</strong></span> <span class='ocrx_word' id='word_1_35' title='bbox 247 394 396 422; x_wconf 83' lang='lat' dir='ltr'><strong>Licentius:</strong></span> <span class='ocrx_word' id='word_1_36' title='bbox 410 392 463 420; x_wconf 87' lang='lat' dir='ltr'><strong>Sed</strong></span> <span class='ocrx_word' id='word_1_37' title='bbox 476 391 630 424; x_wconf 89' lang='lat' dir='ltr'><strong>dicendum,</strong></span> <span class='ocrx_word' id='word_1_38' title='bbox 647 391 744 426; x_wconf 88' lang='lat' dir='ltr'><strong>inquit,</strong></span> <span class='ocrx_word' id='word_1_39' title='bbox 766 389 813 417; x_wconf 88' lang='lat' dir='ltr'><strong>tibi</strong></span> <span class='ocrx_word' id='word_1_40' title='bbox 826 393 877 421; x_wconf 89' lang='lat' dir='ltr'><strong>est,</strong></span> <span class='ocrx_word' id='word_1_41' title='bbox 889 392 918 415; x_wconf 89' lang='lat' dir='ltr'><strong>ut</strong></span> 
     </span>
    </p>
   </div>
   <div class='ocr_carea' id='block_1_7' title="bbox 121 437 918 475">
    <p class='ocr_par' dir='ltr' id='par_1_7' title="bbox 121 437 918 475">
     <span class='ocr_line' id='line_1_7' title="bbox 121 437 918 475; baseline -0.009 -6"><span class='ocrx_word' id='word_1_42' title='bbox 121 442 216 469; x_wconf 82' lang='lat' dir='ltr'><strong>beatus</strong></span> <span class='ocrx_word' id='word_1_43' title='bbox 231 441 266 468; x_wconf 96' lang='lat' dir='ltr'><strong>sit</strong></span> <span class='ocrx_word' id='word_1_44' title='bbox 277 440 399 475; x_wconf 86' lang='lat' dir='ltr'><strong>quisque,</strong></span> <span class='ocrx_word' id='word_1_45' title='bbox 414 438 477 474; x_wconf 87' lang='lat' dir='ltr'><strong>qttid</strong></span> <span class='ocrx_word' id='word_1_46' title='bbox 493 438 562 466; x_wconf 85' lang='lat' dir='ltr'><strong>velle</strong></span> <span class='ocrx_word' id='word_1_47' title='bbox 582 437 687 469; x_wconf 83' lang='lat' dir='ltr'><strong>debeat,</strong></span> <span class='ocrx_word' id='word_1_48' title='bbox 703 441 730 463; x_wconf 88' lang='lat' dir='ltr'><strong>et</strong></span> <span class='ocrx_word' id='word_1_49' title='bbox 746 443 858 471; x_wconf 88' lang='lat' dir='ltr'><strong>quarum</strong></span> <span class='ocrx_word' id='word_1_50' title='bbox 873 441 918 462; x_wconf 86' lang='lat' dir='ltr'><strong>re-</strong></span> 
     </span>
    </p>
   </div>
   <div class='ocr_carea' id='block_1_8' title="bbox 124 480 918 520">
    <p class='ocr_par' dir='ltr' id='par_1_8' title="bbox 124 480 918 520">
     <span class='ocr_line' id='line_1_8' title="bbox 124 480 918 520; baseline -0.01 -6"><span class='ocrx_word' id='word_1_51' title='bbox 124 496 182 514; x_wconf 88' lang='lat' dir='ltr'><strong>rum</strong></span> <span class='ocrx_word' id='word_1_52' title='bbox 196 495 256 514; x_wconf 92' lang='lat' dir='ltr'><strong>eum</strong></span> <span class='ocrx_word' id='word_1_53' title='bbox 273 490 393 520; x_wconf 89' lang='lat' dir='ltr'><strong>oporteat</strong></span> <span class='ocrx_word' id='word_1_54' title='bbox 404 485 503 511; x_wconf 81' lang='lat' dir='ltr'><strong>habere</strong></span> <span class='ocrx_word' id='word_1_55' title='bbox 523 482 693 510; x_wconf 84' lang='lat' dir='ltr'><strong>desiderium.</strong></span> <span class='ocrx_word' id='word_1_56' title='bbox 709 482 791 509; x_wconf 90' lang='lat' dir='ltr'><strong>Invita</strong></span> <span class='ocrx_word' id='word_1_57' title='bbox 806 488 859 513; x_wconf 91' lang='lat' dir='ltr'><strong>me,</strong></span> <span class='ocrx_word' id='word_1_58' title='bbox 876 480 918 506; x_wconf 95' lang='lat' dir='ltr'><strong>in-</strong></span> 
     </span>
    </p>
   </div>
   <div class='ocr_carea' id='block_1_9' title="bbox 123 525 920 566">
    <p class='ocr_par' dir='ltr' id='par_1_9' title="bbox 123 525 920 566">
     <span class='ocr_line' id='line_1_9' title="bbox 123 525 920 566; baseline -0.009 -8"><span class='ocrx_word' id='word_1_59' title='bbox 123 540 215 566; x_wconf 84' lang='lat' dir='ltr'><strong>quam,</strong></span> <span class='ocrx_word' id='word_1_60' title='bbox 228 531 308 558; x_wconf 90' lang='lat' dir='ltr'><strong>natali</strong></span> <span class='ocrx_word' id='word_1_61' title='bbox 322 535 376 562; x_wconf 85' lang='lat' dir='ltr'><strong>tuo,</strong></span> <span class='ocrx_word' id='word_1_62' title='bbox 391 529 496 564; x_wconf 79' lang='lat' dir='ltr'><strong>quando</strong></span> <span class='ocrx_word' id='word_1_63' title='bbox 510 527 679 563; x_wconf 74' lang='lat' dir='ltr'><strong>dignaberis;</strong></span> <span class='ocrx_word' id='word_1_64' title='bbox 693 525 821 561; x_wconf 85' lang='lat' dir='ltr'><strong>quidquid</strong></span> <span class='ocrx_word' id='word_1_65' title='bbox 834 532 920 560; x_wconf 88' lang='lat' dir='ltr'><strong>appo-</strong></span> 
     </span>
    </p>
   </div>
   <div class='ocr_carea' id='block_1_10' title="bbox 123 569 921 606">
    <p class='ocr_par' dir='ltr' id='par_1_10' title="bbox 123 569 921 606">
     <span class='ocr_line' id='line_1_10' title="bbox 123 569 921 606; baseline -0.008 -3"><span class='ocrx_word' id='word_1_66' title='bbox 123 577 211 603; x_wconf 83' lang='lat' dir='ltr'><strong>sueris</strong></span> <span class='ocrx_word' id='word_1_67' title='bbox 222 576 335 602; x_wconf 86' lang='lat' dir='ltr'><strong>libentcr</strong></span> <span class='ocrx_word' id='word_1_68' title='bbox 349 583 462 601; x_wconf 84' lang='lat' dir='ltr'><strong>sumain.</strong></span> <span class='ocrx_word' id='word_1_69' title='bbox 476 573 531 606; x_wconf 86' lang='lat' dir='ltr'><strong>Qua</strong></span> <span class='ocrx_word' id='word_1_70' title='bbox 545 572 696 600; x_wconf 90' lang='lat' dir='ltr'><strong>conditione</strong></span> <span class='ocrx_word' id='word_1_71' title='bbox 705 571 786 599; x_wconf 91' lang='lat' dir='ltr'><strong>hodie</strong></span> <span class='ocrx_word' id='word_1_72' title='bbox 797 569 867 605; x_wconf 87' lang='lat' dir='ltr'><strong>apud</strong></span> <span class='ocrx_word' id='word_1_73' title='bbox 878 577 921 597; x_wconf 91' lang='lat' dir='ltr'><strong>me</strong></span> 
     </span>
    </p>
   </div>
   <div class='ocr_carea' id='block_1_11' title="bbox 126 618 922 656">
    <p class='ocr_par' dir='ltr' id='par_1_11' title="bbox 126 618 922 656">
     <span class='ocr_line' id='line_1_11' title="bbox 126 618 922 656; baseline -0.005 -8"><span class='ocrx_word' id='word_1_74' title='bbox 126 627 153 648; x_wconf 93' lang='lat' dir='ltr'><strong>ut</strong></span> <span class='ocrx_word' id='word_1_75' title='bbox 167 622 283 655; x_wconf 89' lang='lat' dir='ltr'><strong>epuleris</strong></span> <span class='ocrx_word' id='word_1_76' title='bbox 291 625 364 656; x_wconf 80' lang='lat' dir='ltr'><strong>peto,</strong></span> <span class='ocrx_word' id='word_1_77' title='bbox 379 629 427 647; x_wconf 89' lang='lat' dir='ltr'><strong>nec</strong></span> <span class='ocrx_word' id='word_1_78' title='bbox 442 620 543 654; x_wconf 74' lang='lat' dir='ltr'><strong>ﬂagites</strong></span> <span class='ocrx_word' id='word_1_79' title='bbox 553 618 623 654; x_wconf 91' lang='lat' dir='ltr'><strong>quod</strong></span> <span class='ocrx_word' id='word_1_80' title='bbox 634 618 746 646; x_wconf 81' lang='lat' dir='ltr'><strong>fortasse</strong></span> <span class='ocrx_word' id='word_1_81' title='bbox 758 625 811 644; x_wconf 91' lang='lat' dir='ltr'><strong>non</strong></span> <span class='ocrx_word' id='word_1_82' title='bbox 824 621 866 644; x_wconf 85' lang='lat' dir='ltr'><strong>est</strong></span> <span class='ocrx_word' id='word_1_83' title='bbox 876 624 922 652; x_wconf 88' lang='lat' dir='ltr'><strong>pa-</strong></span> 
     </span>
    </p>
   </div>
   <div class='ocr_carea' id='block_1_12' title="bbox 127 663 921 701">
    <p class='ocr_par' dir='ltr' id='par_1_12' title="bbox 127 663 921 701">
     <span class='ocr_line' id='line_1_12' title="bbox 127 663 921 701; baseline -0.006 -7"><span class='ocrx_word' id='word_1_84' title='bbox 127 674 224 695; x_wconf 87' lang='lat' dir='ltr'><strong>ratutn.</strong></span> <span class='ocrx_word' id='word_1_85' title='bbox 240 668 324 701; x_wconf 90' lang='lat' dir='ltr'><strong>Quem</strong></span> <span class='ocrx_word' id='word_1_86' title='bbox 336 675 396 693; x_wconf 91' lang='lat' dir='ltr'><strong>cum</strong></span> <span class='ocrx_word' id='word_1_87' title='bbox 413 666 540 693; x_wconf 67' lang='lat' dir='ltr'><strong>modesta)</strong></span> <span class='ocrx_word' id='word_1_88' title='bbox 555 674 585 692; x_wconf 88' lang='lat' dir='ltr'><strong>ac</strong></span> <span class='ocrx_word' id='word_1_89' title='bbox 598 663 755 693; x_wconf 73' lang='lat' dir='ltr'><strong>verecunda:</strong></span> <span class='ocrx_word' id='word_1_90' title='bbox 772 663 921 691; x_wconf 88' lang='lat' dir='ltr'><strong>commoni-</strong></span> 
     </span>
    </p>
   </div>
   <div class='ocr_carea' id='block_1_13' title="bbox 128 709 923 747">
    <p class='ocr_par' dir='ltr' id='par_1_13' title="bbox 128 709 923 747">
     <span class='ocr_line' id='line_1_13' title="bbox 128 709 923 747; baseline -0.005 -7"><span class='ocrx_word' id='word_1_91' title='bbox 128 714 207 740; x_wconf 88' lang='lat' dir='ltr'><strong>tionis</strong></span> <span class='ocrx_word' id='word_1_92' title='bbox 218 721 274 739; x_wconf 76' lang='lat' dir='ltr'><strong>sure</strong></span> <span class='ocrx_word' id='word_1_93' title='bbox 300 714 441 747; x_wconf 74' lang='lat' dir='ltr'><strong>paeniteret</strong></span> <span class='ocrx_word' id='word_1_94' title='bbox 457 722 462 739; x_wconf 90' lang='lat'><strong>:</strong></span> <span class='ocrx_word' id='word_1_95' title='bbox 478 713 547 746; x_wconf 82' lang='lat' dir='ltr'><strong>Ergo</strong></span> <span class='ocrx_word' id='word_1_96' title='bbox 566 711 640 744; x_wconf 90' lang='lat' dir='ltr'><strong>illud,</strong></span> <span class='ocrx_word' id='word_1_97' title='bbox 664 711 783 746; x_wconf 91' lang='lat' dir='ltr'><strong>inquam,</strong></span> <span class='ocrx_word' id='word_1_98' title='bbox 799 709 923 737; x_wconf 85' lang='lat' dir='ltr'><strong>convenit</strong></span> 
     </span>
    </p>
   </div>
   <div class='ocr_carea' id='block_1_14' title="bbox 128 755 921 793">
    <p class='ocr_par' dir='ltr' id='par_1_14' title="bbox 128 755 921 793">
     <span class='ocr_line' id='line_1_14' title="bbox 128 755 921 793; baseline -0.005 -8"><span class='ocrx_word' id='word_1_99' title='bbox 128 760 197 785; x_wconf 79' lang='lat' dir='ltr'><strong>inter</strong></span> <span class='ocrx_word' id='word_1_100' title='bbox 210 767 269 792; x_wconf 84' lang='lat' dir='ltr'><strong>nos,</strong></span> <span class='ocrx_word' id='word_1_101' title='bbox 286 766 372 793; x_wconf 88' lang='lat' dir='ltr'><strong>neque</strong></span> <span class='ocrx_word' id='word_1_102' title='bbox 393 766 551 793; x_wconf 86' lang='lat' dir='ltr'><strong>quemquam</strong></span> <span class='ocrx_word' id='word_1_103' title='bbox 566 758 672 784; x_wconf 90' lang='lat' dir='ltr'><strong>beatum</strong></span> <span class='ocrx_word' id='word_1_104' title='bbox 693 763 753 784; x_wconf 89' lang='lat' dir='ltr'><strong>esse</strong></span> <span class='ocrx_word' id='word_1_105' title='bbox 768 762 858 790; x_wconf 87' lang='lat' dir='ltr'><strong>posse,</strong></span> <span class='ocrx_word' id='word_1_106' title='bbox 874 755 921 789; x_wconf 92' lang='lat' dir='ltr'><strong>qni</strong></span> 
     </span>
    </p>
   </div>
   <div class='ocr_carea' id='block_1_15' title="bbox 127 801 923 838">
    <p class='ocr_par' dir='ltr' id='par_1_15' title="bbox 127 801 923 838">
     <span class='ocr_line' id='line_1_15' title="bbox 127 801 923 838; baseline -0.003 -9"><span class='ocrx_word' id='word_1_107' title='bbox 127 804 195 838; x_wconf 87' lang='lat' dir='ltr'><strong>quod</strong></span> <span class='ocrx_word' id='word_1_108' title='bbox 207 805 321 831; x_wconf 87' lang='lat' dir='ltr'><strong>vultnon</strong></span> <span class='ocrx_word' id='word_1_109' title='bbox 332 804 426 835; x_wconf 84' lang='lat' dir='ltr'><strong>habet;</strong></span> <span class='ocrx_word' id='word_1_110' title='bbox 440 812 524 837; x_wconf 83' lang='lat' dir='ltr'><strong>neque</strong></span> <span class='ocrx_word' id='word_1_111' title='bbox 538 811 645 830; x_wconf 91' lang='lat' dir='ltr'><strong>omnem</strong></span> <span class='ocrx_word' id='word_1_112' title='bbox 664 803 709 837; x_wconf 88' lang='lat' dir='ltr'><strong>qui</strong></span> <span class='ocrx_word' id='word_1_113' title='bbox 723 802 794 837; x_wconf 89' lang='lat' dir='ltr'><strong>quod</strong></span> <span class='ocrx_word' id='word_1_114' title='bbox 806 801 861 828; x_wconf 85' lang='lat' dir='ltr'><strong>vult</strong></span> <span class='ocrx_word' id='word_1_115' title='bbox 876 801 923 828; x_wconf 91' lang='lat' dir='ltr'><strong>ha-</strong></span> 
     </span>
    </p>
   </div>
   <div class='ocr_carea' id='block_1_16' title="bbox 129 849 554 880">
    <p class='ocr_par' dir='ltr' id='par_1_16' title="bbox 129 849 554 880">
     <span class='ocr_line' id='line_1_16' title="bbox 129 849 554 880; baseline -0.005 -3"><span class='ocrx_word' id='word_1_116' title='bbox 129 851 181 880; x_wconf 86' lang='lat' dir='ltr'><strong>bet.</strong></span> <span class='ocrx_word' id='word_1_117' title='bbox 200 850 305 877; x_wconf 84' lang='lat' dir='ltr'><strong>beatum</strong></span> <span class='ocrx_word' id='word_1_118' title='bbox 321 850 397 876; x_wconf 78' lang='lat' dir='ltr'><strong>esse?</strong></span> <span class='ocrx_word' id='word_1_119' title='bbox 413 849 554 876; x_wconf 82' lang='lat' dir='ltr'><strong>Dcdcrunt.</strong></span> 
     </span>
    </p>
   </div>
   <div class='ocr_carea' id='block_1_17' title="bbox 163 892 923 928">
    <p class='ocr_par' dir='ltr' id='par_1_17' title="bbox 163 892 923 928">
     <span class='ocr_line' id='line_1_17' title="bbox 163 892 923 928; baseline -0.005 -6"><span class='ocrx_word' id='word_1_120' title='bbox 163 896 208 922; x_wconf 84' lang='lat' dir='ltr'><strong>ll.</strong></span> <span class='ocrx_word' id='word_1_121' title='bbox 221 895 288 928; x_wconf 84' lang='lat' dir='ltr'><strong>Quid</strong></span> <span class='ocrx_word' id='word_1_122' title='bbox 305 895 375 926; x_wconf 89' lang='lat' dir='ltr'><strong>illud,</strong></span> <span class='ocrx_word' id='word_1_123' title='bbox 393 895 509 928; x_wconf 85' lang='lat' dir='ltr'><strong>inquam,</strong></span> <span class='ocrx_word' id='word_1_124' title='bbox 524 893 679 924; x_wconf 76' lang='lat' dir='ltr'><strong>conceditis,</strong></span> <span class='ocrx_word' id='word_1_125' title='bbox 689 900 795 919; x_wconf 90' lang='lat' dir='ltr'><strong>omnem</strong></span> <span class='ocrx_word' id='word_1_126' title='bbox 805 892 848 926; x_wconf 86' lang='lat' dir='ltr'><strong>qui</strong></span> <span class='ocrx_word' id='word_1_127' title='bbox 860 892 923 918; x_wconf 53' lang='lat' dir='ltr'><strong>bea-</strong></span> 
     </span>
    </p>
   </div>
   <div class='ocr_carea' id='block_1_18' title="bbox 129 936 924 973">
    <p class='ocr_par' dir='ltr' id='par_1_18' title="bbox 129 936 924 973">
     <span class='ocr_line' id='line_1_18' title="bbox 129 936 924 973; baseline -0.006 -5"><span class='ocrx_word' id='word_1_128' title='bbox 129 947 170 969; x_wconf 91' lang='lat' dir='ltr'><strong>tus</strong></span> <span class='ocrx_word' id='word_1_129' title='bbox 185 949 237 968; x_wconf 92' lang='lat' dir='ltr'><strong>non</strong></span> <span class='ocrx_word' id='word_1_130' title='bbox 251 945 301 973; x_wconf 85' lang='lat' dir='ltr'><strong>est,</strong></span> <span class='ocrx_word' id='word_1_131' title='bbox 317 941 442 967; x_wconf 88' lang='lat' dir='ltr'><strong>miserum</strong></span> <span class='ocrx_word' id='word_1_132' title='bbox 458 940 535 967; x_wconf 82' lang='lat' dir='ltr'><strong>esse?</strong></span> <span class='ocrx_word' id='word_1_133' title='bbox 550 939 606 966; x_wconf 88' lang='lat' dir='ltr'><strong>Non</strong></span> <span class='ocrx_word' id='word_1_134' title='bbox 622 939 817 966; x_wconf 82' lang='lat' dir='ltr'><strong>dubitaverunt.</strong></span> <span class='ocrx_word' id='word_1_135' title='bbox 832 936 924 964; x_wconf 84' lang='lat' dir='ltr'><strong>Omnis</strong></span> 
     </span>
    </p>
   </div>
   <div class='ocr_carea' id='block_1_19' title="bbox 130 983 923 1022">
    <p class='ocr_par' dir='ltr' id='par_1_19' title="bbox 130 983 923 1022">
     <span class='ocr_line' id='line_1_19' title="bbox 130 983 923 1022; baseline -0.006 -8"><span class='ocrx_word' id='word_1_136' title='bbox 130 988 217 1022; x_wconf 75' lang='lat' dir='ltr'><strong>igitur,</strong></span> <span class='ocrx_word' id='word_1_137' title='bbox 234 987 351 1021; x_wconf 87' lang='lat' dir='ltr'><strong>inqttam,</strong></span> <span class='ocrx_word' id='word_1_138' title='bbox 367 986 410 1020; x_wconf 88' lang='lat' dir='ltr'><strong>qui</strong></span> <span class='ocrx_word' id='word_1_139' title='bbox 431 985 500 1020; x_wconf 82' lang='lat' dir='ltr'><strong>quod</strong></span> <span class='ocrx_word' id='word_1_140' title='bbox 525 985 579 1011; x_wconf 90' lang='lat' dir='ltr'><strong>vult</strong></span> <span class='ocrx_word' id='word_1_141' title='bbox 600 992 650 1011; x_wconf 92' lang='lat' dir='ltr'><strong>non</strong></span> <span class='ocrx_word' id='word_1_142' title='bbox 671 983 761 1016; x_wconf 89' lang='lat' dir='ltr'><strong>habet,</strong></span> <span class='ocrx_word' id='word_1_143' title='bbox 776 983 858 1010; x_wconf 81' lang='lat' dir='ltr'><strong>miser</strong></span> <span class='ocrx_word' id='word_1_144' title='bbox 872 986 923 1009; x_wconf 88' lang='lat' dir='ltr'><strong>est.</strong></span> 
     </span>
    </p>
   </div>
   <div class='ocr_carea' id='block_1_20' title="bbox 131 1028 925 1065">
    <p class='ocr_par' dir='ltr' id='par_1_20' title="bbox 131 1028 925 1065">
     <span class='ocr_line' id='line_1_20' title="bbox 131 1028 925 1065; baseline -0.006 -5"><span class='ocrx_word' id='word_1_145' title='bbox 131 1033 232 1060; x_wconf 85' lang='lat' dir='ltr'><strong>Placuit</strong></span> <span class='ocrx_word' id='word_1_146' title='bbox 246 1032 379 1059; x_wconf 86' lang='lat' dir='ltr'><strong>omnibus.</strong></span> <span class='ocrx_word' id='word_1_147' title='bbox 394 1032 460 1064; x_wconf 84' lang='lat' dir='ltr'><strong>Quid</strong></span> <span class='ocrx_word' id='word_1_148' title='bbox 474 1038 536 1065; x_wconf 81' lang='lat' dir='ltr'><strong>ergo</strong></span> <span class='ocrx_word' id='word_1_149' title='bbox 552 1031 599 1057; x_wconf 79' lang='lat' dir='ltr'><strong>sibi</strong></span> <span class='ocrx_word' id='word_1_150' title='bbox 615 1030 695 1057; x_wconf 92' lang='lat' dir='ltr'><strong>homo</strong></span> <span class='ocrx_word' id='word_1_151' title='bbox 709 1036 864 1063; x_wconf 82' lang='lat' dir='ltr'><strong>comparare</strong></span> <span class='ocrx_word' id='word_1_152' title='bbox 875 1028 925 1055; x_wconf 91' lang='lat' dir='ltr'><strong>de-</strong></span> 
     </span>
    </p>
   </div>
   <div class='ocr_carea' id='block_1_21' title="bbox 130 1074 925 1112">
    <p class='ocr_par' dir='ltr' id='par_1_21' title="bbox 130 1074 925 1112">
     <span class='ocr_line' id='line_1_21' title="bbox 130 1074 925 1112; baseline -0.006 -6"><span class='ocrx_word' id='word_1_153' title='bbox 130 1080 184 1112; x_wconf 88' lang='lat' dir='ltr'><strong>bet,</strong></span> <span class='ocrx_word' id='word_1_154' title='bbox 198 1083 226 1106; x_wconf 93' lang='lat' dir='ltr'><strong>nt</strong></span> <span class='ocrx_word' id='word_1_155' title='bbox 241 1079 332 1105; x_wconf 68' lang='lat' dir='ltr'><strong>beatus</strong></span> <span class='ocrx_word' id='word_1_156' title='bbox 346 1079 389 1110; x_wconf 90' lang='lat' dir='ltr'><strong>sit,</strong></span> <span class='ocrx_word' id='word_1_157' title='bbox 405 1078 531 1112; x_wconf 85' lang='lat' dir='ltr'><strong>inquam?</strong></span> <span class='ocrx_word' id='word_1_158' title='bbox 547 1076 628 1104; x_wconf 84' lang='lat' dir='ltr'><strong>Forte</strong></span> <span class='ocrx_word' id='word_1_159' title='bbox 641 1076 712 1103; x_wconf 92' lang='lat' dir='ltr'><strong>enim</strong></span> <span class='ocrx_word' id='word_1_160' title='bbox 726 1076 806 1102; x_wconf 87' lang='lat' dir='ltr'><strong>etiam</strong></span> <span class='ocrx_word' id='word_1_161' title='bbox 821 1075 872 1102; x_wconf 88' lang='lat' dir='ltr'><strong>hoc</strong></span> <span class='ocrx_word' id='word_1_162' title='bbox 882 1074 925 1101; x_wconf 88' lang='lat' dir='ltr'><strong>isti</strong></span> 
     </span>
    </p>
   </div>
   <div class='ocr_carea' id='block_1_22' title="bbox 130 1120 926 1155">
    <p class='ocr_par' dir='ltr' id='par_1_22' title="bbox 130 1120 926 1155">
     <span class='ocr_line' id='line_1_22' title="bbox 130 1120 926 1155; baseline -0.009 -2"><span class='ocrx_word' id='word_1_163' title='bbox 130 1130 221 1153; x_wconf 87' lang='lat' dir='ltr'><strong>nostro</strong></span> <span class='ocrx_word' id='word_1_164' title='bbox 236 1125 356 1152; x_wconf 85' lang='lat' dir='ltr'><strong>convivio</strong></span> <span class='ocrx_word' id='word_1_165' title='bbox 372 1123 625 1155; x_wconf 80' lang='lat' dir='ltr'><strong>subministrabitur,</strong></span> <span class='ocrx_word' id='word_1_166' title='bbox 642 1129 675 1149; x_wconf 90' lang='lat' dir='ltr'><strong>ne</strong></span> <span class='ocrx_word' id='word_1_167' title='bbox 691 1121 801 1148; x_wconf 87' lang='lat' dir='ltr'><strong>Lieentii</strong></span> <span class='ocrx_word' id='word_1_168' title='bbox 814 1120 926 1147; x_wconf 81' lang='lat' dir='ltr'><strong>aviditas</strong></span> 
     </span>
    </p>
   </div>
   <div class='ocr_carea' id='block_1_23' title="bbox 131 1163 926 1206">
    <p class='ocr_par' dir='ltr' id='par_1_23' title="bbox 131 1163 926 1206">
     <span class='ocr_line' id='line_1_23' title="bbox 131 1163 926 1206; baseline -0.008 -9"><span class='ocrx_word' id='word_1_169' title='bbox 131 1171 293 1206; x_wconf 76' lang='lat' dir='ltr'><strong>negligatur:</strong></span> <span class='ocrx_word' id='word_1_170' title='bbox 305 1178 364 1196; x_wconf 90' lang='lat' dir='ltr'><strong>nam</strong></span> <span class='ocrx_word' id='word_1_171' title='bbox 376 1169 412 1201; x_wconf 89' lang='lat' dir='ltr'><strong>id,</strong></span> <span class='ocrx_word' id='word_1_172' title='bbox 425 1169 529 1202; x_wconf 90' lang='lat' dir='ltr'><strong>opinor,</strong></span> <span class='ocrx_word' id='word_1_173' title='bbox 540 1168 562 1194; x_wconf 88' lang='lat' dir='ltr'><strong>ei</strong></span> <span class='ocrx_word' id='word_1_174' title='bbox 576 1166 783 1202; x_wconf 84' lang='lat' dir='ltr'><strong>comparandum</strong></span> <span class='ocrx_word' id='word_1_175' title='bbox 794 1169 844 1197; x_wconf 86' lang='lat' dir='ltr'><strong>est,</strong></span> <span class='ocrx_word' id='word_1_176' title='bbox 854 1163 926 1200; x_wconf 88' lang='lat' dir='ltr'><strong>quod</strong></span> 
     </span>
    </p>
   </div>
   <div class='ocr_carea' id='block_1_24' title="bbox 130 1210 926 1248">
    <p class='ocr_par' dir='ltr' id='par_1_24' title="bbox 130 1210 926 1248">
     <span class='ocr_line' id='line_1_24' title="bbox 130 1210 926 1248; baseline -0.009 -4"><span class='ocrx_word' id='word_1_177' title='bbox 130 1225 191 1244; x_wconf 83' lang='lat' dir='ltr'><strong>cum</strong></span> <span class='ocrx_word' id='word_1_178' title='bbox 207 1217 272 1248; x_wconf 92' lang='lat' dir='ltr'><strong>vult,</strong></span> <span class='ocrx_word' id='word_1_179' title='bbox 288 1216 376 1243; x_wconf 86' lang='lat' dir='ltr'><strong>habet.</strong></span> <span class='ocrx_word' id='word_1_180' title='bbox 396 1214 565 1241; x_wconf 79' lang='lat' dir='ltr'><strong>Manifestum</strong></span> <span class='ocrx_word' id='word_1_181' title='bbox 584 1220 643 1240; x_wconf 86' lang='lat' dir='ltr'><strong>esse</strong></span> <span class='ocrx_word' id='word_1_182' title='bbox 661 1212 794 1239; x_wconf 85' lang='lat' dir='ltr'><strong>dixerunt.</strong></span> <span class='ocrx_word' id='word_1_183' title='bbox 809 1210 838 1238; x_wconf 90' lang='lat' dir='ltr'><strong>ld</strong></span> <span class='ocrx_word' id='word_1_184' title='bbox 851 1218 926 1246; x_wconf 77' lang='lat' dir='ltr'><strong>ergo,</strong></span> 
     </span>
    </p>
   </div>
   <div class='ocr_carea' id='block_1_25' title="bbox 131 1257 926 1298">
    <p class='ocr_par' dir='ltr' id='par_1_25' title="bbox 131 1257 926 1298">
     <span class='ocr_line' id='line_1_25' title="bbox 131 1257 926 1298; baseline -0.009 -8"><span class='ocrx_word' id='word_1_185' title='bbox 131 1264 249 1298; x_wconf 87' lang='lat' dir='ltr'><strong>inquam,</strong></span> <span class='ocrx_word' id='word_1_186' title='bbox 271 1270 376 1296; x_wconf 81' lang='lat' dir='ltr'><strong>semper</strong></span> <span class='ocrx_word' id='word_1_187' title='bbox 395 1268 517 1293; x_wconf 85' lang='lat' dir='ltr'><strong>manens,</strong></span> <span class='ocrx_word' id='word_1_188' title='bbox 534 1267 583 1286; x_wconf 89' lang='lat' dir='ltr'><strong>nec</strong></span> <span class='ocrx_word' id='word_1_189' title='bbox 602 1266 634 1286; x_wconf 83' lang='lat' dir='ltr'><strong>ex</strong></span> <span class='ocrx_word' id='word_1_190' title='bbox 651 1258 753 1285; x_wconf 82' lang='lat' dir='ltr'><strong>fortuna</strong></span> <span class='ocrx_word' id='word_1_191' title='bbox 772 1257 926 1292; x_wconf 88' lang='lat' dir='ltr'><strong>pendulum,</strong></span> 
     </span>
    </p>
   </div>
   <div class='ocr_carea' id='block_1_26' title="bbox 131 1302 928 1343">
    <p class='ocr_par' dir='ltr' id='par_1_26' title="bbox 131 1302 928 1343">
     <span class='ocr_line' id='line_1_26' title="bbox 131 1302 928 1343; baseline -0.01 -6"><span class='ocrx_word' id='word_1_192' title='bbox 131 1317 181 1337; x_wconf 89' lang='lat' dir='ltr'><strong>nec</strong></span> <span class='ocrx_word' id='word_1_193' title='bbox 198 1309 259 1336; x_wconf 91' lang='lat' dir='ltr'><strong>ullis</strong></span> <span class='ocrx_word' id='word_1_194' title='bbox 273 1309 419 1343; x_wconf 84' lang='lat' dir='ltr'><strong>subjectum</strong></span> <span class='ocrx_word' id='word_1_195' title='bbox 433 1307 539 1334; x_wconf 81' lang='lat' dir='ltr'><strong>casibus</strong></span> <span class='ocrx_word' id='word_1_196' title='bbox 554 1313 612 1333; x_wconf 87' lang='lat' dir='ltr'><strong>esse</strong></span> <span class='ocrx_word' id='word_1_197' title='bbox 625 1305 714 1332; x_wconf 87' lang='lat' dir='ltr'><strong>debet.</strong></span> <span class='ocrx_word' id='word_1_198' title='bbox 726 1304 791 1331; x_wconf 88' lang='lat' dir='ltr'><strong>Nam</strong></span> <span class='ocrx_word' id='word_1_199' title='bbox 802 1302 928 1338; x_wconf 87' lang='lat' dir='ltr'><strong>quidquid</strong></span> 
     </span>
    </p>
   </div>
   <div class='ocr_carea' id='block_1_27' title="bbox 131 1348 929 1384">
    <p class='ocr_par' dir='ltr' id='par_1_27' title="bbox 131 1348 929 1384">
     <span class='ocr_line' id='line_1_27' title="bbox 131 1348 929 1384; baseline -0.009 -2"><span class='ocrx_word' id='word_1_200' title='bbox 131 1355 245 1382; x_wconf 84' lang='lat' dir='ltr'><strong>mortale</strong></span> <span class='ocrx_word' id='word_1_201' title='bbox 268 1360 295 1381; x_wconf 89' lang='lat' dir='ltr'><strong>et</strong></span> <span class='ocrx_word' id='word_1_202' title='bbox 314 1354 441 1380; x_wconf 87' lang='lat' dir='ltr'><strong>caducum</strong></span> <span class='ocrx_word' id='word_1_203' title='bbox 458 1357 506 1382; x_wconf 85' lang='lat' dir='ltr'><strong>est,</strong></span> <span class='ocrx_word' id='word_1_204' title='bbox 525 1359 575 1378; x_wconf 90' lang='lat' dir='ltr'><strong>non</strong></span> <span class='ocrx_word' id='word_1_205' title='bbox 592 1354 678 1384; x_wconf 82' lang='lat' dir='ltr'><strong>potest</strong></span> <span class='ocrx_word' id='word_1_206' title='bbox 699 1358 713 1376; x_wconf 84' lang='lat' dir='ltr'><strong>a</strong></span> <span class='ocrx_word' id='word_1_207' title='bbox 735 1349 810 1377; x_wconf 88' lang='lat' dir='ltr'><strong>nobis</strong></span> <span class='ocrx_word' id='word_1_208' title='bbox 824 1348 929 1383; x_wconf 87' lang='lat' dir='ltr'><strong>quanth</strong></span> 
     </span>
    </p>
   </div>
   <div class='ocr_carea' id='block_1_28' title="bbox 131 1393 930 1434">
    <p class='ocr_par' dir='ltr' id='par_1_28' title="bbox 131 1393 930 1434">
     <span class='ocr_line' id='line_1_28' title="bbox 131 1393 930 1434; baseline -0.009 -7"><span class='ocrx_word' id='word_1_209' title='bbox 131 1402 264 1431; x_wconf 89' lang='lat' dir='ltr'><strong>volumus,</strong></span> <span class='ocrx_word' id='word_1_210' title='bbox 280 1405 305 1427; x_wconf 90' lang='lat' dir='ltr'><strong>et</strong></span> <span class='ocrx_word' id='word_1_211' title='bbox 320 1399 444 1434; x_wconf 85' lang='lat' dir='ltr'><strong>quamdiu</strong></span> <span class='ocrx_word' id='word_1_212' title='bbox 458 1399 578 1425; x_wconf 84' lang='lat' dir='ltr'><strong>volumus</strong></span> <span class='ocrx_word' id='word_1_213' title='bbox 593 1396 695 1423; x_wconf 87' lang='lat' dir='ltr'><strong>haberi.</strong></span> <span class='ocrx_word' id='word_1_214' title='bbox 710 1393 930 1422; x_wconf 87' lang='lat' dir='ltr'><strong>Assentiebantur</strong></span> 
     </span>
    </p>
   </div>
   <div class='ocr_carea' id='block_1_29' title="bbox 131 1439 928 1480">
    <p class='ocr_par' dir='ltr' id='par_1_29' title="bbox 131 1439 928 1480">
     <span class='ocr_line' id='line_1_29' title="bbox 131 1439 928 1480; baseline -0.009 -7"><span class='ocrx_word' id='word_1_215' title='bbox 131 1454 236 1473; x_wconf 89' lang='lat' dir='ltr'><strong>omnes.</strong></span> <span class='ocrx_word' id='word_1_216' title='bbox 251 1445 302 1473; x_wconf 90' lang='lat' dir='ltr'><strong>Sed</strong></span> <span class='ocrx_word' id='word_1_217' title='bbox 316 1445 455 1480; x_wconf 75' lang='lat' dir='ltr'><strong>Trygetius</strong></span> <span class='ocrx_word' id='word_1_218' title='bbox 467 1453 472 1469; x_wconf 84' lang='lat'><strong>:</strong></span> <span class='ocrx_word' id='word_1_219' title='bbox 485 1444 561 1474; x_wconf 84' lang='lat' dir='ltr'><strong>Sunt,</strong></span> <span class='ocrx_word' id='word_1_220' title='bbox 579 1441 678 1477; x_wconf 88' lang='lat' dir='ltr'><strong>inquit,</strong></span> <span class='ocrx_word' id='word_1_221' title='bbox 693 1441 770 1468; x_wconf 90' lang='lat' dir='ltr'><strong>multi</strong></span> <span class='ocrx_word' id='word_1_222' title='bbox 791 1439 928 1472; x_wconf 81' lang='lat' dir='ltr'><strong>fortunati,</strong></span> 
     </span>
    </p>
   </div>
   <div class='ocr_carea' id='block_1_30' title="bbox 131 1487 929 1527">
    <p class='ocr_par' dir='ltr' id='par_1_30' title="bbox 131 1487 929 1527">
     <span class='ocr_line' id='line_1_30' title="bbox 131 1487 929 1527; baseline -0.01 -7"><span class='ocrx_word' id='word_1_223' title='bbox 131 1493 176 1527; x_wconf 86' lang='lat' dir='ltr'><strong>qui</strong></span> <span class='ocrx_word' id='word_1_224' title='bbox 194 1500 240 1520; x_wconf 90' lang='lat' dir='ltr'><strong>cas</strong></span> <span class='ocrx_word' id='word_1_225' title='bbox 254 1492 322 1527; x_wconf 88' lang='lat' dir='ltr'><strong>ipsas</strong></span> <span class='ocrx_word' id='word_1_226' title='bbox 336 1499 379 1518; x_wconf 91' lang='lat' dir='ltr'><strong>rcs</strong></span> <span class='ocrx_word' id='word_1_227' title='bbox 392 1490 499 1525; x_wconf 75' lang='lat' dir='ltr'><strong>fragiles</strong></span> <span class='ocrx_word' id='word_1_228' title='bbox 511 1489 669 1523; x_wconf 86' lang='lat' dir='ltr'><strong>casibusque</strong></span> <span class='ocrx_word' id='word_1_229' title='bbox 680 1487 823 1521; x_wconf 81' lang='lat' dir='ltr'><strong>subiectas,</strong></span> <span class='ocrx_word' id='word_1_230' title='bbox 841 1491 929 1513; x_wconf 88' lang='lat' dir='ltr'><strong>tatnen</strong></span> 
     </span>
    </p>
   </div>
   <div class='ocr_carea' id='block_1_31' title="bbox 132 1533 929 1573">
    <p class='ocr_par' dir='ltr' id='par_1_31' title="bbox 132 1533 929 1573">
     <span class='ocr_line' id='line_1_31' title="bbox 132 1533 929 1573; baseline -0.01 -7"><span class='ocrx_word' id='word_1_231' title='bbox 132 1539 262 1573; x_wconf 82' lang='lat' dir='ltr'><strong>iucundas</strong></span> <span class='ocrx_word' id='word_1_232' title='bbox 281 1545 330 1573; x_wconf 92' lang='lat' dir='ltr'><strong>pro</strong></span> <span class='ocrx_word' id='word_1_233' title='bbox 351 1538 398 1564; x_wconf 85' lang='lat' dir='ltr'><strong>hac</strong></span> <span class='ocrx_word' id='word_1_234' title='bbox 414 1538 466 1563; x_wconf 86' lang='lat' dir='ltr'><strong>vita</strong></span> <span class='ocrx_word' id='word_1_235' title='bbox 485 1536 616 1563; x_wconf 86' lang='lat' dir='ltr'><strong>cumulate</strong></span> <span class='ocrx_word' id='word_1_236' title='bbox 627 1534 751 1570; x_wconf 86' lang='lat' dir='ltr'><strong>largeque</strong></span> <span class='ocrx_word' id='word_1_237' title='bbox 766 1533 929 1568; x_wconf 87' lang='lat' dir='ltr'><strong>possideant,</strong></span> 
     </span>
    </p>
   </div>
   <div class='ocr_carea' id='block_1_32' title="bbox 133 1579 928 1620">
    <p class='ocr_par' dir='ltr' id='par_1_32' title="bbox 133 1579 928 1620">
     <span class='ocr_line' id='line_1_32' title="bbox 133 1579 928 1620; baseline -0.009 -8"><span class='ocrx_word' id='word_1_238' title='bbox 133 1593 182 1612; x_wconf 80' lang='lat' dir='ltr'><strong>nec</strong></span> <span class='ocrx_word' id='word_1_239' title='bbox 198 1585 341 1620; x_wconf 84' lang='lat' dir='ltr'><strong>quidquam</strong></span> <span class='ocrx_word' id='word_1_240' title='bbox 358 1584 409 1610; x_wconf 83' lang='lat' dir='ltr'><strong>illis</strong></span> <span class='ocrx_word' id='word_1_241' title='bbox 422 1591 514 1610; x_wconf 86' lang='lat' dir='ltr'><strong>eorum</strong></span> <span class='ocrx_word' id='word_1_242' title='bbox 531 1590 590 1616; x_wconf 73' lang='lat' dir='ltr'><strong>quze</strong></span> <span class='ocrx_word' id='word_1_243' title='bbox 604 1581 696 1608; x_wconf 92' lang='lat' dir='ltr'><strong>volunt</strong></span> <span class='ocrx_word' id='word_1_244' title='bbox 708 1580 787 1608; x_wconf 89' lang='lat' dir='ltr'><strong>desit.</strong></span> <span class='ocrx_word' id='word_1_245' title='bbox 803 1579 849 1607; x_wconf 89' lang='lat' dir='ltr'><strong>Cui</strong></span> <span class='ocrx_word' id='word_1_246' title='bbox 863 1587 928 1613; x_wconf 79' lang='lat' dir='ltr'><strong>ego:</strong></span> 
     </span>
    </p>
   </div>
   <div class='ocr_carea' id='block_1_33' title="bbox 133 1624 931 1664">
    <p class='ocr_par' dir='ltr' id='par_1_33' title="bbox 133 1624 931 1664">
     <span class='ocr_line' id='line_1_33' title="bbox 133 1624 931 1664; baseline -0.009 -7"><span class='ocrx_word' id='word_1_247' title='bbox 133 1631 183 1664; x_wconf 88' lang='lat' dir='ltr'><strong>Qui</strong></span> <span class='ocrx_word' id='word_1_248' title='bbox 207 1630 292 1662; x_wconf 88' lang='lat' dir='ltr'><strong>timet,</strong></span> <span class='ocrx_word' id='word_1_249' title='bbox 309 1629 425 1663; x_wconf 86' lang='lat' dir='ltr'><strong>inquam,</strong></span> <span class='ocrx_word' id='word_1_250' title='bbox 438 1628 576 1655; x_wconf 77' lang='lat' dir='ltr'><strong>videturne</strong></span> <span class='ocrx_word' id='word_1_251' title='bbox 601 1626 646 1653; x_wconf 91' lang='lat' dir='ltr'><strong>tibi</strong></span> <span class='ocrx_word' id='word_1_252' title='bbox 666 1626 759 1653; x_wconf 86' lang='lat' dir='ltr'><strong>beatus</strong></span> <span class='ocrx_word' id='word_1_253' title='bbox 780 1624 860 1652; x_wconf 79' lang='lat' dir='ltr'><strong>esse?</strong></span> <span class='ocrx_word' id='word_1_254' title='bbox 874 1624 931 1651; x_wconf 91' lang='lat' dir='ltr'><strong>Non</strong></span> 
     </span>
    </p>
   </div>
   <div class='ocr_carea' id='block_1_34' title="bbox 135 1670 931 1710">
    <p class='ocr_par' dir='ltr' id='par_1_34' title="bbox 135 1670 931 1710">
     <span class='ocr_line' id='line_1_34' title="bbox 135 1670 931 1710; baseline -0.008 -7"><span class='ocrx_word' id='word_1_255' title='bbox 135 1676 250 1709; x_wconf 84' lang='lat' dir='ltr'><strong>videtur,</strong></span> <span class='ocrx_word' id='word_1_256' title='bbox 264 1675 357 1710; x_wconf 91' lang='lat' dir='ltr'><strong>inquit.</strong></span> <span class='ocrx_word' id='word_1_257' title='bbox 373 1675 442 1709; x_wconf 79' lang='lat' dir='ltr'><strong>Ergo</strong></span> <span class='ocrx_word' id='word_1_258' title='bbox 462 1673 532 1708; x_wconf 91' lang='lat' dir='ltr'><strong>quod</strong></span> <span class='ocrx_word' id='word_1_259' title='bbox 553 1676 624 1700; x_wconf 90' lang='lat' dir='ltr'><strong>amat</strong></span> <span class='ocrx_word' id='word_1_260' title='bbox 645 1672 757 1707; x_wconf 88' lang='lat' dir='ltr'><strong>quisque</strong></span> <span class='ocrx_word' id='word_1_261' title='bbox 772 1671 794 1698; x_wconf 92' lang='lat' dir='ltr'><strong>si</strong></span> <span class='ocrx_word' id='word_1_262' title='bbox 809 1670 931 1697; x_wconf 87' lang='lat' dir='ltr'><strong>amittere</strong></span> 
     </span>
    </p>
   </div>
   <div class='ocr_carea' id='block_1_35' title="bbox 135 1715 929 1757">
    <p class='ocr_par' dir='ltr' id='par_1_35' title="bbox 135 1715 929 1757">
     <span class='ocr_line' id='line_1_35' title="bbox 135 1715 929 1757; baseline -0.009 -8"><span class='ocrx_word' id='word_1_263' title='bbox 135 1726 234 1757; x_wconf 77' lang='lat' dir='ltr'><strong>potest,</strong></span> <span class='ocrx_word' id='word_1_264' title='bbox 263 1725 384 1755; x_wconf 82' lang='lat' dir='ltr'><strong>potestne</strong></span> <span class='ocrx_word' id='word_1_265' title='bbox 407 1727 459 1746; x_wconf 84' lang='lat' dir='ltr'><strong>non</strong></span> <span class='ocrx_word' id='word_1_266' title='bbox 488 1719 598 1745; x_wconf 72' lang='lat' dir='ltr'><strong>timore?</strong></span> <span class='ocrx_word' id='word_1_267' title='bbox 624 1717 682 1744; x_wconf 85' lang='lat' dir='ltr'><strong>Non</strong></span> <span class='ocrx_word' id='word_1_268' title='bbox 708 1720 806 1751; x_wconf 80' lang='lat' dir='ltr'><strong>potest,</strong></span> <span class='ocrx_word' id='word_1_269' title='bbox 834 1715 929 1749; x_wconf 82' lang='lat' dir='ltr'><strong>inquit.</strong></span> 
     </span>
    </p>
   </div>
   <div class='ocr_carea' id='block_1_36' title="bbox 136 1759 933 1800">
    <p class='ocr_par' dir='ltr' id='par_1_36' title="bbox 136 1759 933 1800">
     <span class='ocr_line' id='line_1_36' title="bbox 136 1759 933 1800; baseline -0.009 -6"><span class='ocrx_word' id='word_1_270' title='bbox 136 1767 228 1794; x_wconf 78' lang='lat' dir='ltr'><strong>Amitti</strong></span> <span class='ocrx_word' id='word_1_271' title='bbox 242 1771 329 1792; x_wconf 90' lang='lat' dir='ltr'><strong>autetn</strong></span> <span class='ocrx_word' id='word_1_272' title='bbox 345 1769 455 1800; x_wconf 90' lang='lat' dir='ltr'><strong>possunt</strong></span> <span class='ocrx_word' id='word_1_273' title='bbox 470 1764 513 1790; x_wconf 90' lang='lat' dir='ltr'><strong>illa</strong></span> <span class='ocrx_word' id='word_1_274' title='bbox 528 1763 642 1790; x_wconf 81' lang='lat' dir='ltr'><strong>fortuita.</strong></span> <span class='ocrx_word' id='word_1_275' title='bbox 656 1761 714 1789; x_wconf 85' lang='lat' dir='ltr'><strong>Non</strong></span> <span class='ocrx_word' id='word_1_276' title='bbox 727 1761 807 1797; x_wconf 79' lang='lat' dir='ltr'><strong>igitur</strong></span> <span class='ocrx_word' id='word_1_277' title='bbox 820 1759 877 1787; x_wconf 63' lang='lat' dir='ltr'><strong>haec</strong></span> <span class='ocrx_word' id='word_1_278' title='bbox 888 1760 933 1795; x_wconf 93' lang='lat' dir='ltr'><strong>qui</strong></span> 
     </span>
    </p>
   </div>
   <div class='ocr_carea' id='block_1_37' title="bbox 136 1806 933 1846">
    <p class='ocr_par' dir='ltr' id='par_1_37' title="bbox 136 1806 933 1846">
     <span class='ocr_line' id='line_1_37' title="bbox 136 1806 933 1846; baseline -0.009 -6"><span class='ocrx_word' id='word_1_279' title='bbox 136 1816 207 1840; x_wconf 87' lang='lat' dir='ltr'><strong>amat</strong></span> <span class='ocrx_word' id='word_1_280' title='bbox 222 1817 250 1839; x_wconf 90' lang='lat' dir='ltr'><strong>et</strong></span> <span class='ocrx_word' id='word_1_281' title='bbox 264 1812 394 1846; x_wconf 85' lang='lat' dir='ltr'><strong>possidet,</strong></span> <span class='ocrx_word' id='word_1_282' title='bbox 410 1815 497 1846; x_wconf 78' lang='lat' dir='ltr'><strong>potest</strong></span> <span class='ocrx_word' id='word_1_283' title='bbox 512 1810 565 1837; x_wconf 91' lang='lat' dir='ltr'><strong>ullo</strong></span> <span class='ocrx_word' id='word_1_284' title='bbox 581 1808 660 1836; x_wconf 90' lang='lat' dir='ltr'><strong>modo</strong></span> <span class='ocrx_word' id='word_1_285' title='bbox 672 1807 765 1835; x_wconf 89' lang='lat' dir='ltr'><strong>beatus</strong></span> <span class='ocrx_word' id='word_1_286' title='bbox 777 1814 846 1834; x_wconf 89' lang='lat' dir='ltr'><strong>esse.</strong></span> <span class='ocrx_word' id='word_1_287' title='bbox 862 1806 933 1833; x_wconf 87' lang='lat' dir='ltr'><strong>Nihil</strong></span> 
     </span>
    </p>
   </div>
   <div class='ocr_carea' id='block_1_38' title="bbox 137 1852 934 1894">
    <p class='ocr_par' dir='ltr' id='par_1_38' title="bbox 137 1852 934 1894">
     <span class='ocr_line' id='line_1_38' title="bbox 137 1852 934 1894; baseline -0.009 -9"><span class='ocrx_word' id='word_1_288' title='bbox 137 1858 303 1894; x_wconf 73' lang='lat' dir='ltr'><strong>repugnavit.</strong></span> <span class='ocrx_word' id='word_1_289' title='bbox 322 1857 376 1884; x_wconf 87' lang='lat' dir='ltr'><strong>lloc</strong></span> <span class='ocrx_word' id='word_1_290' title='bbox 398 1857 455 1883; x_wconf 84' lang='lat' dir='ltr'><strong>loco</strong></span> <span class='ocrx_word' id='word_1_291' title='bbox 478 1860 565 1882; x_wconf 85' lang='lat' dir='ltr'><strong>autem</strong></span> <span class='ocrx_word' id='word_1_292' title='bbox 587 1852 810 1881; x_wconf 78' lang='lat' dir='ltr'><strong>materzEtiamsi</strong></span> <span class='ocrx_word' id='word_1_293' title='bbox 824 1859 934 1879; x_wconf 89' lang='lat' dir='ltr'><strong>securus</strong></span> 
     </span>
    </p>
   </div>
   <div class='ocr_carea' id='block_1_39' title="bbox 137 1899 934 1939">
    <p class='ocr_par' dir='ltr' id='par_1_39' title="bbox 137 1899 934 1939">
     <span class='ocr_line' id='line_1_39' title="bbox 137 1899 934 1939; baseline -0.009 -8"><span class='ocrx_word' id='word_1_294' title='bbox 137 1905 181 1935; x_wconf 83' lang='lat' dir='ltr'><strong>sit,</strong></span> <span class='ocrx_word' id='word_1_295' title='bbox 194 1904 288 1939; x_wconf 91' lang='lat' dir='ltr'><strong>inquit,</strong></span> <span class='ocrx_word' id='word_1_296' title='bbox 303 1911 333 1931; x_wconf 86' lang='lat' dir='ltr'><strong>ea</strong></span> <span class='ocrx_word' id='word_1_297' title='bbox 347 1911 376 1930; x_wconf 87' lang='lat' dir='ltr'><strong>se</strong></span> <span class='ocrx_word' id='word_1_298' title='bbox 398 1903 486 1930; x_wconf 90' lang='lat' dir='ltr'><strong>omnia</strong></span> <span class='ocrx_word' id='word_1_299' title='bbox 507 1909 559 1928; x_wconf 91' lang='lat' dir='ltr'><strong>non</strong></span> <span class='ocrx_word' id='word_1_300' title='bbox 580 1908 640 1928; x_wconf 88' lang='lat' dir='ltr'><strong>esse</strong></span> <span class='ocrx_word' id='word_1_301' title='bbox 660 1899 832 1932; x_wconf 88' lang='lat' dir='ltr'><strong>amissurum,</strong></span> <span class='ocrx_word' id='word_1_302' title='bbox 845 1902 934 1925; x_wconf 90' lang='lat' dir='ltr'><strong>tamen</strong></span> 
     </span>
    </p>
   </div>
   <div class='ocr_carea' id='block_1_40' title="bbox 139 1944 935 1982">
    <p class='ocr_par' dir='ltr' id='par_1_40' title="bbox 139 1944 935 1982">
     <span class='ocr_line' id='line_1_40' title="bbox 139 1944 935 1982; baseline -0.009 -5"><span class='ocrx_word' id='word_1_303' title='bbox 139 1950 235 1977; x_wconf 90' lang='lat' dir='ltr'><strong>talibus</strong></span> <span class='ocrx_word' id='word_1_304' title='bbox 246 1949 335 1976; x_wconf 87' lang='lat' dir='ltr'><strong>satiari</strong></span> <span class='ocrx_word' id='word_1_305' title='bbox 348 1956 398 1974; x_wconf 93' lang='lat' dir='ltr'><strong>non</strong></span> <span class='ocrx_word' id='word_1_306' title='bbox 413 1947 519 1982; x_wconf 86' lang='lat' dir='ltr'><strong>poterit.</strong></span> <span class='ocrx_word' id='word_1_307' title='bbox 534 1947 602 1979; x_wconf 82' lang='lat' dir='ltr'><strong>Ergo</strong></span> <span class='ocrx_word' id='word_1_308' title='bbox 618 1949 644 1973; x_wconf 87' lang='lat' dir='ltr'><strong>et</strong></span> <span class='ocrx_word' id='word_1_309' title='bbox 655 1952 688 1972; x_wconf 92' lang='lat' dir='ltr'><strong>eo</strong></span> <span class='ocrx_word' id='word_1_310' title='bbox 697 1944 788 1977; x_wconf 88' lang='lat' dir='ltr'><strong>miser,</strong></span> <span class='ocrx_word' id='word_1_311' title='bbox 801 1950 855 1978; x_wconf 92' lang='lat' dir='ltr'><strong>quo</strong></span> <span class='ocrx_word' id='word_1_312' title='bbox 865 1950 935 1970; x_wconf 90' lang='lat' dir='ltr'><strong>sem-</strong></span> 
     </span>
    </p>
   </div>
   <div class='ocr_carea' id='block_1_41' title="bbox 140 1989 936 2031">
    <p class='ocr_par' dir='ltr' id='par_1_41' title="bbox 140 1989 936 2031">
     <span class='ocr_line' id='line_1_41' title="bbox 140 1989 936 2031; baseline -0.01 -7"><span class='ocrx_word' id='word_1_313' title='bbox 140 2005 186 2031; x_wconf 87' lang='lat' dir='ltr'><strong>per</strong></span> <span class='ocrx_word' id='word_1_314' title='bbox 202 2000 245 2024; x_wconf 84' lang='lat' dir='ltr'><strong>est</strong></span> <span class='ocrx_word' id='word_1_315' title='bbox 264 1996 378 2030; x_wconf 80' lang='lat' dir='ltr'><strong>indigus.</strong></span> <span class='ocrx_word' id='word_1_316' title='bbox 395 1995 441 2022; x_wconf 86' lang='lat' dir='ltr'><strong>Cui</strong></span> <span class='ocrx_word' id='word_1_317' title='bbox 457 2002 505 2029; x_wconf 80' lang='lat' dir='ltr'><strong>ego</strong></span> <span class='ocrx_word' id='word_1_318' title='bbox 516 2003 521 2020; x_wconf 89' lang='lat'><strong>:</strong></span> <span class='ocrx_word' id='word_1_319' title='bbox 532 1993 611 2026; x_wconf 86' lang='lat' dir='ltr'><strong>Quid,</strong></span> <span class='ocrx_word' id='word_1_320' title='bbox 625 1992 744 2027; x_wconf 91' lang='lat' dir='ltr'><strong>inquam,</strong></span> <span class='ocrx_word' id='word_1_321' title='bbox 757 1990 799 2017; x_wconf 86' lang='lat' dir='ltr'><strong>his</strong></span> <span class='ocrx_word' id='word_1_322' title='bbox 813 1989 936 2018; x_wconf 88' lang='lat' dir='ltr'><strong>omnibus</strong></span> 
     </span>
    </p>
   </div>
   <div class='ocr_carea' id='block_1_42' title="bbox 140 2036 935 2076">
    <p class='ocr_par' dir='ltr' id='par_1_42' title="bbox 140 2036 935 2076">
     <span class='ocr_line' id='line_1_42' title="bbox 140 2036 935 2076; baseline -0.01 -6"><span class='ocrx_word' id='word_1_323' title='bbox 140 2044 278 2070; x_wconf 86' lang='lat' dir='ltr'><strong>abundans</strong></span> <span class='ocrx_word' id='word_1_324' title='bbox 290 2043 371 2070; x_wconf 82' lang='lat' dir='ltr'><strong>rebus</strong></span> <span class='ocrx_word' id='word_1_325' title='bbox 384 2046 463 2076; x_wconf 89' lang='lat' dir='ltr'><strong>atque</strong></span> <span class='ocrx_word' id='word_1_326' title='bbox 476 2039 674 2072; x_wconf 81' lang='lat' dir='ltr'><strong>circumfluens,</strong></span> <span class='ocrx_word' id='word_1_327' title='bbox 689 2037 710 2064; x_wconf 93' lang='lat' dir='ltr'><strong>si</strong></span> <span class='ocrx_word' id='word_1_328' title='bbox 730 2036 853 2071; x_wconf 89' lang='lat' dir='ltr'><strong>cupiendi</strong></span> <span class='ocrx_word' id='word_1_329' title='bbox 876 2043 935 2063; x_wconf 88' lang='lat' dir='ltr'><strong>mo-</strong></span> 
     </span>
    </p>
   </div>
   <div class='ocr_carea' id='block_1_43' title="bbox 141 2081 935 2121">
    <p class='ocr_par' dir='ltr' id='par_1_43' title="bbox 141 2081 935 2121">
     <span class='ocr_line' id='line_1_43' title="bbox 141 2081 935 2121; baseline -0.009 -6"><span class='ocrx_word' id='word_1_330' title='bbox 141 2089 202 2115; x_wconf 93' lang='lat' dir='ltr'><strong>dum</strong></span> <span class='ocrx_word' id='word_1_331' title='bbox 217 2089 268 2115; x_wconf 86' lang='lat' dir='ltr'><strong>sibi</strong></span> <span class='ocrx_word' id='word_1_332' title='bbox 283 2092 390 2120; x_wconf 87' lang='lat' dir='ltr'><strong>statuat,</strong></span> <span class='ocrx_word' id='word_1_333' title='bbox 407 2087 497 2121; x_wconf 90' lang='lat' dir='ltr'><strong>eisquc</strong></span> <span class='ocrx_word' id='word_1_334' title='bbox 513 2088 653 2112; x_wconf 78' lang='lat' dir='ltr'><strong>contentus</strong></span> <span class='ocrx_word' id='word_1_335' title='bbox 666 2083 792 2111; x_wconf 88' lang='lat' dir='ltr'><strong>decenter</strong></span> <span class='ocrx_word' id='word_1_336' title='bbox 804 2081 935 2116; x_wconf 90' lang='lat' dir='ltr'><strong>jucunde-</strong></span> 
     </span>
    </p>
   </div>
   <div class='ocr_carea' id='block_1_44' title="bbox 141 2127 934 2169">
    <p class='ocr_par' dir='ltr' id='par_1_44' title="bbox 141 2127 934 2169">
     <span class='ocr_line' id='line_1_44' title="bbox 141 2127 934 2169; baseline -0.011 -7"><span class='ocrx_word' id='word_1_337' title='bbox 141 2143 191 2169; x_wconf 89' lang='lat' dir='ltr'><strong>que</strong></span> <span class='ocrx_word' id='word_1_338' title='bbox 207 2134 372 2169; x_wconf 84' lang='lat' dir='ltr'><strong>perfruatur;</strong></span> <span class='ocrx_word' id='word_1_339' title='bbox 388 2140 475 2159; x_wconf 87' lang='lat' dir='ltr'><strong>nonne</strong></span> <span class='ocrx_word' id='word_1_340' title='bbox 491 2131 536 2158; x_wconf 85' lang='lat' dir='ltr'><strong>tibi</strong></span> <span class='ocrx_word' id='word_1_341' title='bbox 552 2130 654 2157; x_wconf 83' lang='lat' dir='ltr'><strong>videtur</strong></span> <span class='ocrx_word' id='word_1_342' title='bbox 666 2128 778 2156; x_wconf 86' lang='lat' dir='ltr'><strong>beatus?</strong></span> <span class='ocrx_word' id='word_1_343' title='bbox 790 2127 847 2155; x_wconf 88' lang='lat' dir='ltr'><strong>Non</strong></span> <span class='ocrx_word' id='word_1_344' title='bbox 860 2134 934 2162; x_wconf 82' lang='lat' dir='ltr'><strong>ergo,</strong></span> 
     </span>
    </p>
   </div>
   <div class='ocr_carea' id='block_1_45' title="bbox 142 2172 936 2215">
    <p class='ocr_par' dir='ltr' id='par_1_45' title="bbox 142 2172 936 2215">
     <span class='ocr_line' id='line_1_45' title="bbox 142 2172 936 2215; baseline -0.01 -8"><span class='ocrx_word' id='word_1_345' title='bbox 142 2180 236 2215; x_wconf 87' lang='lat' dir='ltr'><strong>inquit,</strong></span> <span class='ocrx_word' id='word_1_346' title='bbox 253 2179 304 2206; x_wconf 90' lang='lat' dir='ltr'><strong>illis</strong></span> <span class='ocrx_word' id='word_1_347' title='bbox 320 2179 409 2212; x_wconf 87' lang='lat' dir='ltr'><strong>rebus,</strong></span> <span class='ocrx_word' id='word_1_348' title='bbox 426 2177 472 2204; x_wconf 88' lang='lat' dir='ltr'><strong>sed</strong></span> <span class='ocrx_word' id='word_1_349' title='bbox 493 2175 573 2203; x_wconf 87' lang='lat' dir='ltr'><strong>animi</strong></span> <span class='ocrx_word' id='word_1_350' title='bbox 588 2175 628 2202; x_wconf 85' lang='lat' dir='ltr'><strong>sui</strong></span> <span class='ocrx_word' id='word_1_351' title='bbox 644 2173 824 2202; x_wconf 86' lang='lat' dir='ltr'><strong>moderatione</strong></span> <span class='ocrx_word' id='word_1_352' title='bbox 843 2172 936 2200; x_wconf 87' lang='lat' dir='ltr'><strong>beatus</strong></span> 
     </span>
    </p>
   </div>
   <div class='ocr_carea' id='block_1_46' title="bbox 142 2218 935 2260">
    <p class='ocr_par' dir='ltr' id='par_1_46' title="bbox 142 2218 935 2260">
     <span class='ocr_line' id='line_1_46' title="bbox 142 2218 935 2260; baseline -0.01 -7"><span class='ocrx_word' id='word_1_353' title='bbox 142 2231 190 2253; x_wconf 82' lang='lat' dir='ltr'><strong>cst.</strong></span> <span class='ocrx_word' id='word_1_354' title='bbox 206 2226 321 2260; x_wconf 85' lang='lat' dir='ltr'><strong>Optime,</strong></span> <span class='ocrx_word' id='word_1_355' title='bbox 338 2225 459 2259; x_wconf 87' lang='lat' dir='ltr'><strong>inquam,</strong></span> <span class='ocrx_word' id='word_1_356' title='bbox 477 2230 526 2250; x_wconf 90' lang='lat' dir='ltr'><strong>nec</strong></span> <span class='ocrx_word' id='word_1_357' title='bbox 548 2222 608 2249; x_wconf 88' lang='lat' dir='ltr'><strong>huic</strong></span> <span class='ocrx_word' id='word_1_358' title='bbox 629 2219 828 2255; x_wconf 80' lang='lat' dir='ltr'><strong>interrogationi</strong></span> <span class='ocrx_word' id='word_1_359' title='bbox 853 2218 935 2252; x_wconf 89' lang='lat' dir='ltr'><strong>aliud,</strong></span> 
     </span>
    </p>
   </div>
   <div class='ocr_carea' id='block_1_47' title="bbox 143 2265 938 2303">
    <p class='ocr_par' dir='ltr' id='par_1_47' title="bbox 143 2265 938 2303">
     <span class='ocr_line' id='line_1_47' title="bbox 143 2265 938 2303; baseline -0.009 -4"><span class='ocrx_word' id='word_1_360' title='bbox 143 2279 191 2299; x_wconf 90' lang='lat' dir='ltr'><strong>nec</strong></span> <span class='ocrx_word' id='word_1_361' title='bbox 209 2272 258 2299; x_wconf 87' lang='lat' dir='ltr'><strong>abs</strong></span> <span class='ocrx_word' id='word_1_362' title='bbox 273 2276 298 2298; x_wconf 92' lang='lat' dir='ltr'><strong>te</strong></span> <span class='ocrx_word' id='word_1_363' title='bbox 313 2271 382 2298; x_wconf 89' lang='lat' dir='ltr'><strong>aliud</strong></span> <span class='ocrx_word' id='word_1_364' title='bbox 397 2268 487 2297; x_wconf 81' lang='lat' dir='ltr'><strong>debuit</strong></span> <span class='ocrx_word' id='word_1_365' title='bbox 505 2267 670 2303; x_wconf 84' lang='lat' dir='ltr'><strong>responderi.</strong></span> <span class='ocrx_word' id='word_1_366' title='bbox 685 2266 756 2302; x_wconf 85' lang='lat' dir='ltr'><strong>Ergo</strong></span> <span class='ocrx_word' id='word_1_367' title='bbox 771 2266 843 2293; x_wconf 90' lang='lat' dir='ltr'><strong>nullo</strong></span> <span class='ocrx_word' id='word_1_368' title='bbox 859 2265 938 2293; x_wconf 88' lang='lat' dir='ltr'><strong>tnodo</strong></span> 
     </span>
    </p>
   </div>
   <div class='ocr_carea' id='block_1_48' title="bbox 144 2312 938 2352">
    <p class='ocr_par' dir='ltr' id='par_1_48' title="bbox 144 2312 938 2352">
     <span class='ocr_line' id='line_1_48' title="bbox 144 2312 938 2352; baseline -0.008 -7"><span class='ocrx_word' id='word_1_369' title='bbox 144 2318 305 2351; x_wconf 85' lang='lat' dir='ltr'><strong>dubitamus,</strong></span> <span class='ocrx_word' id='word_1_370' title='bbox 330 2318 351 2345; x_wconf 89' lang='lat' dir='ltr'><strong>si</strong></span> <span class='ocrx_word' id='word_1_371' title='bbox 371 2317 430 2352; x_wconf 91' lang='lat' dir='ltr'><strong>quis</strong></span> <span class='ocrx_word' id='word_1_372' title='bbox 452 2316 547 2343; x_wconf 89' lang='lat' dir='ltr'><strong>beatus</strong></span> <span class='ocrx_word' id='word_1_373' title='bbox 570 2322 630 2342; x_wconf 87' lang='lat' dir='ltr'><strong>esse</strong></span> <span class='ocrx_word' id='word_1_374' title='bbox 651 2313 752 2347; x_wconf 86' lang='lat' dir='ltr'><strong>statuit,</strong></span> <span class='ocrx_word' id='word_1_375' title='bbox 767 2312 794 2341; x_wconf 90' lang='lat' dir='ltr'><strong>id</strong></span> <span class='ocrx_word' id='word_1_376' title='bbox 813 2320 873 2340; x_wconf 92' lang='lat' dir='ltr'><strong>eum</strong></span> <span class='ocrx_word' id='word_1_377' title='bbox 887 2312 938 2340; x_wconf 87' lang='lat' dir='ltr'><strong>sibi</strong></span> 
     </span>
    </p>
   </div>
   <div class='ocr_carea' id='block_1_49' title="bbox 144 2360 939 2399">
    <p class='ocr_par' dir='ltr' id='par_1_49' title="bbox 144 2360 939 2399">
     <span class='ocr_line' id='line_1_49' title="bbox 144 2360 939 2399; baseline -0.008 -7"><span class='ocrx_word' id='word_1_378' title='bbox 144 2372 299 2399; x_wconf 89' lang='lat' dir='ltr'><strong>comparare</strong></span> <span class='ocrx_word' id='word_1_379' title='bbox 313 2364 411 2392; x_wconf 86' lang='lat' dir='ltr'><strong>debere</strong></span> <span class='ocrx_word' id='word_1_380' title='bbox 425 2362 494 2398; x_wconf 92' lang='lat' dir='ltr'><strong>quod</strong></span> <span class='ocrx_word' id='word_1_381' title='bbox 516 2370 622 2396; x_wconf 88' lang='lat' dir='ltr'><strong>semper</strong></span> <span class='ocrx_word' id='word_1_382' title='bbox 635 2365 735 2394; x_wconf 88' lang='lat' dir='ltr'><strong>manet,</strong></span> <span class='ocrx_word' id='word_1_383' title='bbox 752 2368 801 2387; x_wconf 87' lang='lat' dir='ltr'><strong>nec</strong></span> <span class='ocrx_word' id='word_1_384' title='bbox 814 2360 866 2386; x_wconf 90' lang='lat' dir='ltr'><strong>ulla</strong></span> <span class='ocrx_word' id='word_1_385' title='bbox 886 2367 939 2387; x_wconf 74' lang='lat' dir='ltr'><strong>sa:-</strong></span> 
     </span>
    </p>
   </div>
   <div class='ocr_carea' id='block_1_50' title="bbox 145 2404 937 2444">
    <p class='ocr_par' dir='ltr' id='par_1_50' title="bbox 145 2404 937 2444">
     <span class='ocr_line' id='line_1_50' title="bbox 145 2404 937 2444; baseline -0.006 -7"><span class='ocrx_word' id='word_1_386' title='bbox 145 2410 231 2437; x_wconf 81' lang='lat' dir='ltr'><strong>\&#39;iente</strong></span> <span class='ocrx_word' id='word_1_387' title='bbox 251 2409 355 2436; x_wconf 86' lang='lat' dir='ltr'><strong>fortuna</strong></span> <span class='ocrx_word' id='word_1_388' title='bbox 375 2409 441 2444; x_wconf 85' lang='lat' dir='ltr'><strong>eripi</strong></span> <span class='ocrx_word' id='word_1_389' title='bbox 465 2412 561 2443; x_wconf 78' lang='lat' dir='ltr'><strong>potest.</strong></span> <span class='ocrx_word' id='word_1_390' title='bbox 582 2407 646 2439; x_wconf 91' lang='lat' dir='ltr'><strong>lloc,</strong></span> <span class='ocrx_word' id='word_1_391' title='bbox 668 2406 762 2441; x_wconf 88' lang='lat' dir='ltr'><strong>inquit,</strong></span> <span class='ocrx_word' id='word_1_392' title='bbox 785 2404 937 2441; x_wconf 84' lang='lat' dir='ltr'><strong>Trygetius,</strong></span> 
     </span>
    </p>
   </div>
   <div class='ocr_carea' id='block_1_51' title="bbox 145 2451 937 2489">
    <p class='ocr_par' dir='ltr' id='par_1_51' title="bbox 145 2451 937 2489">
     <span class='ocr_line' id='line_1_51' title="bbox 145 2451 937 2489; baseline -0.006 -7"><span class='ocrx_word' id='word_1_393' title='bbox 145 2455 298 2489; x_wconf 87' lang='lat' dir='ltr'><strong>jamdudum</strong></span> <span class='ocrx_word' id='word_1_394' title='bbox 307 2454 501 2481; x_wconf 89' lang='lat' dir='ltr'><strong>consensimus.</strong></span> <span class='ocrx_word' id='word_1_395' title='bbox 513 2454 592 2484; x_wconf 83' lang='lat' dir='ltr'><strong>Deus,</strong></span> <span class='ocrx_word' id='word_1_396' title='bbox 603 2452 720 2487; x_wconf 86' lang='lat' dir='ltr'><strong>inquam,</strong></span> <span class='ocrx_word' id='word_1_397' title='bbox 729 2451 803 2478; x_wconf 86' lang='lat' dir='ltr'><strong>vobis</strong></span> <span class='ocrx_word' id='word_1_398' title='bbox 809 2455 937 2485; x_wconf 70' lang='lat' dir='ltr'><strong>mternus,</strong></span> 
     </span>
    </p>
   </div>
   <div class='ocr_carea' id='block_1_52' title="bbox 146 2496 939 2537">
    <p class='ocr_par' dir='ltr' id='par_1_52' title="bbox 146 2496 939 2537">
     <span class='ocr_line' id='line_1_52' title="bbox 146 2496 939 2537; baseline -0.006 -9"><span class='ocrx_word' id='word_1_399' title='bbox 146 2508 170 2529; x_wconf 88' lang='lat' dir='ltr'><strong>ct</strong></span> <span class='ocrx_word' id='word_1_400' title='bbox 182 2509 289 2537; x_wconf 86' lang='lat' dir='ltr'><strong>semper</strong></span> <span class='ocrx_word' id='word_1_401' title='bbox 300 2509 410 2528; x_wconf 88' lang='lat' dir='ltr'><strong>manens</strong></span> <span class='ocrx_word' id='word_1_402' title='bbox 421 2500 541 2527; x_wconf 84' lang='lat' dir='ltr'><strong>videtur?</strong></span> <span class='ocrx_word' id='word_1_403' title='bbox 555 2498 610 2525; x_wconf 88' lang='lat' dir='ltr'><strong>Hoc</strong></span> <span class='ocrx_word' id='word_1_404' title='bbox 618 2498 723 2533; x_wconf 90' lang='lat' dir='ltr'><strong>quidem</strong></span> <span class='ocrx_word' id='word_1_405' title='bbox 748 2497 832 2531; x_wconf 90' lang='lat' dir='ltr'><strong>inquit</strong></span> <span class='ocrx_word' id='word_1_406' title='bbox 843 2496 939 2524; x_wconf 91' lang='lat' dir='ltr'><strong>Licen-</strong></span> 
     </span>
    </p>
   </div>
   <div class='ocr_carea' id='block_1_53' title="bbox 147 2544 940 2581">
    <p class='ocr_par' dir='ltr' id='par_1_53' title="bbox 147 2544 940 2581">
     <span class='ocr_line' id='line_1_53' title="bbox 147 2544 940 2581; baseline -0.008 -6"><span class='ocrx_word' id='word_1_407' title='bbox 147 2548 208 2581; x_wconf 86' lang='lat' dir='ltr'><strong>tius,</strong></span> <span class='ocrx_word' id='word_1_408' title='bbox 221 2549 256 2575; x_wconf 88' lang='lat' dir='ltr'><strong>ita</strong></span> <span class='ocrx_word' id='word_1_409' title='bbox 270 2552 370 2575; x_wconf 89' lang='lat' dir='ltr'><strong>certum</strong></span> <span class='ocrx_word' id='word_1_410' title='bbox 386 2551 438 2579; x_wconf 86' lang='lat' dir='ltr'><strong>est,</strong></span> <span class='ocrx_word' id='word_1_411' title='bbox 453 2551 480 2573; x_wconf 92' lang='lat' dir='ltr'><strong>ut</strong></span> <span class='ocrx_word' id='word_1_412' title='bbox 495 2544 700 2580; x_wconf 81' lang='lat' dir='ltr'><strong>interrogatione</strong></span> <span class='ocrx_word' id='word_1_413' title='bbox 712 2551 764 2571; x_wconf 92' lang='lat' dir='ltr'><strong>non</strong></span> <span class='ocrx_word' id='word_1_414' title='bbox 780 2546 872 2576; x_wconf 75' lang='lat' dir='ltr'><strong>egeat;</strong></span> <span class='ocrx_word' id='word_1_415' title='bbox 887 2550 940 2570; x_wconf 66' lang='lat' dir='ltr'><strong>cte-</strong></span> 
     </span>
    </p>
   </div>
   <div class='ocr_carea' id='block_1_54' title="bbox 148 2586 942 2629">
    <p class='ocr_par' dir='ltr' id='par_1_54' title="bbox 148 2586 942 2629">
     <span class='ocr_line' id='line_1_54' title="bbox 148 2586 942 2629; baseline -0.008 -9"><span class='ocrx_word' id='word_1_416' title='bbox 148 2594 249 2629; x_wconf 87' lang='lat' dir='ltr'><strong>terique</strong></span> <span class='ocrx_word' id='word_1_417' title='bbox 262 2600 355 2620; x_wconf 90' lang='lat' dir='ltr'><strong>omnes</strong></span> <span class='ocrx_word' id='word_1_418' title='bbox 371 2592 413 2627; x_wconf 91' lang='lat' dir='ltr'><strong>pia</strong></span> <span class='ocrx_word' id='word_1_419' title='bbox 428 2591 568 2618; x_wconf 82' lang='lat' dir='ltr'><strong>devotione</strong></span> <span class='ocrx_word' id='word_1_420' title='bbox 579 2589 779 2616; x_wconf 82' lang='lat' dir='ltr'><strong>concinuerunt.</strong></span> <span class='ocrx_word' id='word_1_421' title='bbox 795 2588 877 2615; x_wconf 90' lang='lat' dir='ltr'><strong>Deum</strong></span> <span class='ocrx_word' id='word_1_422' title='bbox 893 2586 942 2623; x_wconf 79' lang='lat' dir='ltr'><strong>igi-</strong></span> 
     </span>
    </p>
   </div>
   <div class='ocr_carea' id='block_1_55' title="bbox 148 2637 665 2674">
    <p class='ocr_par' dir='ltr' id='par_1_55' title="bbox 148 2637 665 2674">
     <span class='ocr_line' id='line_1_55' title="bbox 148 2637 665 2674; baseline -0.01 -8"><span class='ocrx_word' id='word_1_423' title='bbox 148 2643 199 2669; x_wconf 82' lang='lat' dir='ltr'><strong>tur,</strong></span> <span class='ocrx_word' id='word_1_424' title='bbox 212 2639 329 2674; x_wconf 83' lang='lat' dir='ltr'><strong>inquam,</strong></span> <span class='ocrx_word' id='word_1_425' title='bbox 344 2640 388 2673; x_wconf 87' lang='lat' dir='ltr'><strong>qui</strong></span> <span class='ocrx_word' id='word_1_426' title='bbox 403 2637 492 2670; x_wconf 83' lang='lat' dir='ltr'><strong>habet,</strong></span> <span class='ocrx_word' id='word_1_427' title='bbox 507 2637 600 2663; x_wconf 86' lang='lat' dir='ltr'><strong>beatus</strong></span> <span class='ocrx_word' id='word_1_428' title='bbox 614 2639 665 2662; x_wconf 88' lang='lat' dir='ltr'><strong>est.</strong></span> 
     </span>
    </p>
   </div>
   <div class='ocr_carea' id='block_1_56' title="bbox 183 2679 939 2719">
    <p class='ocr_par' dir='ltr' id='par_1_56' title="bbox 183 2679 939 2719">
     <span class='ocr_line' id='line_1_56' title="bbox 183 2679 939 2719; baseline -0.009 -7"><span class='ocrx_word' id='word_1_429' title='bbox 183 2685 226 2712; x_wconf 74' lang='grc'><strong>19..</strong></span> <span class='ocrx_word' id='word_1_430' title='bbox 242 2684 318 2718; x_wconf 85' lang='lat' dir='ltr'><strong>Quod</strong></span> <span class='ocrx_word' id='word_1_431' title='bbox 332 2692 392 2711; x_wconf 91' lang='lat' dir='ltr'><strong>cum</strong></span> <span class='ocrx_word' id='word_1_432' title='bbox 417 2683 561 2719; x_wconf 82' lang='lat' dir='ltr'><strong>gaudentes</strong></span> <span class='ocrx_word' id='word_1_433' title='bbox 580 2679 754 2708; x_wconf 88' lang='lat' dir='ltr'><strong>libentissime</strong></span> <span class='ocrx_word' id='word_1_434' title='bbox 770 2679 939 2714; x_wconf 86' lang='lat' dir='ltr'><strong>acciperent:</strong></span> 
     </span>
    </p>
   </div>
   <div class='ocr_carea' id='block_1_57' title="bbox 148 2723 941 2765">
    <p class='ocr_par' dir='ltr' id='par_1_57' title="bbox 148 2723 941 2765">
     <span class='ocr_line' id='line_1_57' title="bbox 148 2723 941 2765; baseline -0.01 -7"><span class='ocrx_word' id='word_1_435' title='bbox 148 2731 218 2758; x_wconf 77' lang='lat' dir='ltr'><strong>Nihil</strong></span> <span class='ocrx_word' id='word_1_436' title='bbox 231 2738 304 2765; x_wconf 86' lang='lat' dir='ltr'><strong>ergo,</strong></span> <span class='ocrx_word' id='word_1_437' title='bbox 320 2730 436 2764; x_wconf 86' lang='lat' dir='ltr'><strong>inquam,</strong></span> <span class='ocrx_word' id='word_1_438' title='bbox 452 2728 529 2755; x_wconf 90' lang='lat' dir='ltr'><strong>nobis</strong></span> <span class='ocrx_word' id='word_1_439' title='bbox 542 2727 597 2761; x_wconf 88' lang='lat' dir='ltr'><strong>jam</strong></span> <span class='ocrx_word' id='word_1_440' title='bbox 612 2724 783 2761; x_wconf 73' lang='lat' dir='ltr'><strong>quaerendum</strong></span> <span class='ocrx_word' id='word_1_441' title='bbox 797 2731 858 2751; x_wconf 90' lang='lat' dir='ltr'><strong>esse</strong></span> <span class='ocrx_word' id='word_1_442' title='bbox 869 2723 941 2751; x_wconf 90' lang='lat' dir='ltr'><strong>arbi-</strong></span> 
     </span>
    </p>
   </div>
   <div class='ocr_carea' id='block_1_58' title="bbox 149 2769 943 2810">
    <p class='ocr_par' dir='ltr' id='par_1_58' title="bbox 149 2769 943 2810">
     <span class='ocr_line' id='line_1_58' title="bbox 149 2769 943 2810; baseline -0.01 -7"><span class='ocrx_word' id='word_1_443' title='bbox 149 2782 215 2810; x_wconf 89' lang='lat' dir='ltr'><strong>tror,</strong></span> <span class='ocrx_word' id='word_1_444' title='bbox 233 2775 284 2803; x_wconf 89' lang='lat' dir='ltr'><strong>nisi</strong></span> <span class='ocrx_word' id='word_1_445' title='bbox 302 2775 362 2810; x_wconf 88' lang='lat' dir='ltr'><strong>quis</strong></span> <span class='ocrx_word' id='word_1_446' title='bbox 376 2774 511 2801; x_wconf 90' lang='lat' dir='ltr'><strong>hominum</strong></span> <span class='ocrx_word' id='word_1_447' title='bbox 536 2772 634 2799; x_wconf 85' lang='lat' dir='ltr'><strong>habeat</strong></span> <span class='ocrx_word' id='word_1_448' title='bbox 651 2771 752 2803; x_wconf 88' lang='lat' dir='ltr'><strong>Deum;</strong></span> <span class='ocrx_word' id='word_1_449' title='bbox 766 2769 858 2798; x_wconf 88' lang='lat' dir='ltr'><strong>beatus</strong></span> <span class='ocrx_word' id='word_1_450' title='bbox 872 2769 943 2796; x_wconf 88' lang='lat' dir='ltr'><strong>enim</strong></span> 
     </span>
    </p>
   </div>
   <div class='ocr_carea' id='block_1_59' title="bbox 149 2816 941 2858">
    <p class='ocr_par' dir='ltr' id='par_1_59' title="bbox 149 2816 941 2858">
     <span class='ocr_line' id='line_1_59' title="bbox 149 2816 941 2858; baseline -0.011 -7"><span class='ocrx_word' id='word_1_451' title='bbox 149 2824 268 2858; x_wconf 83' lang='lat' dir='ltr'><strong>profecto</strong></span> <span class='ocrx_word' id='word_1_452' title='bbox 283 2822 305 2850; x_wconf 90' lang='lat' dir='ltr'><strong>is</strong></span> <span class='ocrx_word' id='word_1_453' title='bbox 318 2822 377 2849; x_wconf 89' lang='lat' dir='ltr'><strong>erit.</strong></span> <span class='ocrx_word' id='word_1_454' title='bbox 396 2822 432 2848; x_wconf 90' lang='lat' dir='ltr'><strong>De</strong></span> <span class='ocrx_word' id='word_1_455' title='bbox 451 2828 503 2855; x_wconf 91' lang='lat' dir='ltr'><strong>quo</strong></span> <span class='ocrx_word' id='word_1_456' title='bbox 525 2826 615 2855; x_wconf 66' lang='lat' dir='ltr'><strong>qumro</strong></span> <span class='ocrx_word' id='word_1_457' title='bbox 635 2817 697 2854; x_wconf 89' lang='lat' dir='ltr'><strong>quid</strong></span> <span class='ocrx_word' id='word_1_458' title='bbox 717 2817 792 2845; x_wconf 85' lang='lat' dir='ltr'><strong>vobis</strong></span> <span class='ocrx_word' id='word_1_459' title='bbox 812 2816 941 2843; x_wconf 88' lang='lat' dir='ltr'><strong>videatur.</strong></span> 
     </span>
    </p>
   </div>
   <div class='ocr_carea' id='block_1_60' title="bbox 151 2861 941 2900">
    <p class='ocr_par' dir='ltr' id='par_1_60' title="bbox 151 2861 941 2900">
     <span class='ocr_line' id='line_1_60' title="bbox 151 2861 941 2900; baseline -0.013 -3"><span class='ocrx_word' id='word_1_460' title='bbox 151 2870 196 2898; x_wconf 88' lang='lat' dir='ltr'><strong>llic</strong></span> <span class='ocrx_word' id='word_1_461' title='bbox 204 2869 340 2898; x_wconf 88' lang='lat' dir='ltr'><strong>Licentius</strong></span> <span class='ocrx_word' id='word_1_462' title='bbox 352 2879 357 2896; x_wconf 89' lang='lat'>:</span> <span class='ocrx_word' id='word_1_463' title='bbox 372 2870 453 2897; x_wconf 84' lang='lat' dir='ltr'><strong>Deum</strong></span> <span class='ocrx_word' id='word_1_464' title='bbox 467 2867 556 2899; x_wconf 83' lang='lat' dir='ltr'><strong>habet,</strong></span> <span class='ocrx_word' id='word_1_465' title='bbox 568 2865 611 2900; x_wconf 91' lang='lat' dir='ltr'><strong>qui</strong></span> <span class='ocrx_word' id='word_1_466' title='bbox 624 2864 691 2892; x_wconf 85' lang='lat' dir='ltr'><strong>bene</strong></span> <span class='ocrx_word' id='word_1_467' title='bbox 701 2863 773 2891; x_wconf 90' lang='lat' dir='ltr'><strong>vivit.</strong></span> <span class='ocrx_word' id='word_1_468' title='bbox 784 2861 941 2897; x_wconf 79' lang='lat' dir='ltr'><strong>Trygetius:</strong></span> 
     </span>
    </p>
   </div>
   <div class='ocr_carea' id='block_1_61' title="bbox 815 144 1034 175">
    <p class='ocr_par' dir='ltr' id='par_1_61' title="bbox 815 144 1034 175">
     <span class='ocr_line' id='line_1_61' title="bbox 815 144 1034 175; baseline -0.005 -1"><span class='ocrx_word' id='word_1_469' title='bbox 815 145 915 175; x_wconf 80' lang='lat' dir='ltr'><strong>LIBER</strong></span> <span class='ocrx_word' id='word_1_470' title='bbox 936 144 1034 174; x_wconf 72' lang='lat' dir='ltr'><strong>UNUS.</strong></span> 
     </span>
    </p>
   </div>
   <div class='ocr_carea' id='block_1_62' title="bbox 934 1215 943 1227">
    <p class='ocr_par' dir='ltr' id='par_1_62' title="bbox 934 1215 943 1227">
     <span class='ocr_line' id='line_1_62' title="bbox 934 1215 943 1227; baseline 0 0"><span class='ocrx_word' id='word_1_471' title='bbox 934 1215 943 1227; x_wconf 73' lang='grc' dir='ltr'><strong>ο</strong></span> 
     </span>
    </p>
   </div>
   <div class='ocr_carea' id='block_1_63' title="bbox 1710 148 1763 178">
    <p class='ocr_par' dir='ltr' id='par_1_63' title="bbox 1710 148 1763 178">
     <span class='ocr_line' id='line_1_63' title="bbox 1710 148 1763 178; baseline 0.019 -1"><span class='ocrx_word' id='word_1_472' title='bbox 1710 148 1763 178; x_wconf 72' lang='grc' dir='ltr'><strong>9ΰῦ</strong></span> 
     </span>
    </p>
   </div>
   <div class='ocr_carea' id='block_1_64' title="bbox 972 203 1761 245">
    <p class='ocr_par' dir='ltr' id='par_1_64' title="bbox 972 203 1761 245">
     <span class='ocr_line' id='line_1_64' title="bbox 972 203 1761 245; baseline 0.004 -14"><span class='ocrx_word' id='word_1_473' title='bbox 972 204 1055 231; x_wconf 87' lang='lat' dir='ltr'><strong>Deum</strong></span> <span class='ocrx_word' id='word_1_474' title='bbox 1077 203 1166 237; x_wconf 87' lang='lat' dir='ltr'><strong>habet,</strong></span> <span class='ocrx_word' id='word_1_475' title='bbox 1183 204 1277 239; x_wconf 88' lang='lat' dir='ltr'><strong>inquit,</strong></span> <span class='ocrx_word' id='word_1_476' title='bbox 1292 204 1335 240; x_wconf 87' lang='lat' dir='ltr'><strong>qui</strong></span> <span class='ocrx_word' id='word_1_477' title='bbox 1349 204 1411 232; x_wconf 87' lang='lat' dir='ltr'><strong>facit</strong></span> <span class='ocrx_word' id='word_1_478' title='bbox 1423 212 1483 245; x_wconf 64' lang='lat' dir='ltr'><strong>quae</strong></span> <span class='ocrx_word' id='word_1_479' title='bbox 1499 205 1570 233; x_wconf 84' lang='lat' dir='ltr'><strong>Deus</strong></span> <span class='ocrx_word' id='word_1_480' title='bbox 1585 204 1640 233; x_wconf 90' lang='lat' dir='ltr'><strong>vult</strong></span> <span class='ocrx_word' id='word_1_481' title='bbox 1655 206 1719 234; x_wconf 81' lang='lat' dir='ltr'><strong>fieri.</strong></span> <span class='ocrx_word' id='word_1_482' title='bbox 1734 206 1761 234; x_wconf 91' lang='lat' dir='ltr'><strong>ln</strong></span> 
     </span>
    </p>
   </div>
   <div class='ocr_carea' id='block_1_65' title="bbox 971 248 1763 283">
    <p class='ocr_par' dir='ltr' id='par_1_65' title="bbox 971 248 1763 283">
     <span class='ocr_line' id='line_1_65' title="bbox 971 248 1763 283; baseline 0.003 -7"><span class='ocrx_word' id='word_1_483' title='bbox 971 248 1047 283; x_wconf 86' lang='lat' dir='ltr'><strong>cujus</strong></span> <span class='ocrx_word' id='word_1_484' title='bbox 1068 250 1227 277; x_wconf 88' lang='lat' dir='ltr'><strong>sententiam</strong></span> <span class='ocrx_word' id='word_1_485' title='bbox 1249 250 1417 278; x_wconf 87' lang='lat' dir='ltr'><strong>Lastidianus</strong></span> <span class='ocrx_word' id='word_1_486' title='bbox 1435 250 1575 278; x_wconf 87' lang='lat' dir='ltr'><strong>concessit.</strong></span> <span class='ocrx_word' id='word_1_487' title='bbox 1592 250 1662 278; x_wconf 87' lang='lat' dir='ltr'><strong>Puer</strong></span> <span class='ocrx_word' id='word_1_488' title='bbox 1675 256 1763 278; x_wconf 88' lang='lat' dir='ltr'><strong>autem</strong></span> 
     </span>
    </p>
   </div>
   <div class='ocr_carea' id='block_1_66' title="bbox 971 294 1764 332">
    <p class='ocr_par' dir='ltr' id='par_1_66' title="bbox 971 294 1764 332">
     <span class='ocr_line' id='line_1_66' title="bbox 971 294 1764 332; baseline 0.004 -11"><span class='ocrx_word' id='word_1_489' title='bbox 971 294 1016 322; x_wconf 85' lang='lat' dir='ltr'><strong>ille</strong></span> <span class='ocrx_word' id='word_1_490' title='bbox 1030 295 1155 322; x_wconf 88' lang='lat' dir='ltr'><strong>minimus</strong></span> <span class='ocrx_word' id='word_1_491' title='bbox 1167 296 1304 323; x_wconf 90' lang='lat' dir='ltr'><strong>omnium:</strong></span> <span class='ocrx_word' id='word_1_492' title='bbox 1317 296 1342 323; x_wconf 89' lang='lat' dir='ltr'><strong>ls</strong></span> <span class='ocrx_word' id='word_1_493' title='bbox 1360 296 1440 324; x_wconf 89' lang='lat' dir='ltr'><strong>habet</strong></span> <span class='ocrx_word' id='word_1_494' title='bbox 1453 296 1548 330; x_wconf 88' lang='lat' dir='ltr'><strong>Deum,</strong></span> <span class='ocrx_word' id='word_1_495' title='bbox 1564 296 1610 327; x_wconf 83' lang='lat' dir='ltr'><strong>ait,</strong></span> <span class='ocrx_word' id='word_1_496' title='bbox 1625 297 1670 331; x_wconf 89' lang='lat' dir='ltr'><strong>qui</strong></span> <span class='ocrx_word' id='word_1_497' title='bbox 1686 297 1764 332; x_wconf 89' lang='lat' dir='ltr'><strong>spiri-</strong></span> 
     </span>
    </p>
   </div>
   <div class='ocr_carea' id='block_1_67' title="bbox 971 340 1765 375">
    <p class='ocr_par' dir='ltr' id='par_1_67' title="bbox 971 340 1765 375">
     <span class='ocr_line' id='line_1_67' title="bbox 971 340 1765 375; baseline 0.004 -9"><span class='ocrx_word' id='word_1_498' title='bbox 971 343 1027 367; x_wconf 86' lang='lat' dir='ltr'><strong>tum</strong></span> <span class='ocrx_word' id='word_1_499' title='bbox 1048 340 1215 368; x_wconf 88' lang='lat' dir='ltr'><strong>immundum</strong></span> <span class='ocrx_word' id='word_1_500' title='bbox 1236 349 1288 369; x_wconf 91' lang='lat' dir='ltr'><strong>non</strong></span> <span class='ocrx_word' id='word_1_501' title='bbox 1311 341 1400 369; x_wconf 90' lang='lat' dir='ltr'><strong>habet.</strong></span> <span class='ocrx_word' id='word_1_502' title='bbox 1415 342 1499 369; x_wconf 86' lang='lat' dir='ltr'><strong>Mater</strong></span> <span class='ocrx_word' id='word_1_503' title='bbox 1518 348 1582 369; x_wconf 89' lang='lat' dir='ltr'><strong>vero</strong></span> <span class='ocrx_word' id='word_1_504' title='bbox 1605 342 1704 375; x_wconf 88' lang='lat' dir='ltr'><strong>omnia,</strong></span> <span class='ocrx_word' id='word_1_505' title='bbox 1718 342 1765 369; x_wconf 84' lang='lat' dir='ltr'><strong>sed</strong></span> 
     </span>
    </p>
   </div>
   <div class='ocr_carea' id='block_1_68' title="bbox 972 385 1766 422">
    <p class='ocr_par' dir='ltr' id='par_1_68' title="bbox 972 385 1766 422">
     <span class='ocr_line' id='line_1_68' title="bbox 972 385 1766 422; baseline 0.003 -10"><span class='ocrx_word' id='word_1_506' title='bbox 972 385 1024 413; x_wconf 88' lang='lat' dir='ltr'><strong>ltoe</strong></span> <span class='ocrx_word' id='word_1_507' title='bbox 1036 386 1152 415; x_wconf 76' lang='lat' dir='ltr'><strong>maxime</strong></span> <span class='ocrx_word' id='word_1_508' title='bbox 1164 386 1329 422; x_wconf 81' lang='lat' dir='ltr'><strong>approbavit.</strong></span> <span class='ocrx_word' id='word_1_509' title='bbox 1344 387 1469 422; x_wconf 87' lang='lat' dir='ltr'><strong>Navigius</strong></span> <span class='ocrx_word' id='word_1_510' title='bbox 1482 387 1594 415; x_wconf 89' lang='lat' dir='ltr'><strong>tacebat.</strong></span> <span class='ocrx_word' id='word_1_511' title='bbox 1608 387 1690 421; x_wconf 90' lang='lat' dir='ltr'><strong>Quem</strong></span> <span class='ocrx_word' id='word_1_512' title='bbox 1706 395 1766 415; x_wconf 92' lang='lat' dir='ltr'><strong>cum</strong></span> 
     </span>
    </p>
   </div>
   <div class='ocr_carea' id='block_1_69' title="bbox 972 430 1767 467">
    <p class='ocr_par' dir='ltr' id='par_1_69' title="bbox 972 430 1767 467">
     <span class='ocr_line' id='line_1_69' title="bbox 972 430 1767 467; baseline 0.001 -9"><span class='ocrx_word' id='word_1_513' title='bbox 972 430 1179 466; x_wconf 79' lang='lat' dir='ltr'><strong>interrogassem</strong></span> <span class='ocrx_word' id='word_1_514' title='bbox 1190 432 1253 467; x_wconf 92' lang='lat' dir='ltr'><strong>quid</strong></span> <span class='ocrx_word' id='word_1_515' title='bbox 1261 431 1381 465; x_wconf 85' lang='lat' dir='ltr'><strong>sentiret,</strong></span> <span class='ocrx_word' id='word_1_516' title='bbox 1393 432 1456 460; x_wconf 92' lang='lat' dir='ltr'><strong>illud</strong></span> <span class='ocrx_word' id='word_1_517' title='bbox 1467 432 1588 460; x_wconf 91' lang='lat' dir='ltr'><strong>ultimum</strong></span> <span class='ocrx_word' id='word_1_518' title='bbox 1597 433 1648 460; x_wconf 86' lang='lat' dir='ltr'><strong>sibi</strong></span> <span class='ocrx_word' id='word_1_519' title='bbox 1662 433 1767 467; x_wconf 84' lang='lat' dir='ltr'><strong>placere</strong></span> 
     </span>
    </p>
   </div>
   <div class='ocr_carea' id='block_1_70' title="bbox 972 476 1767 513">
    <p class='ocr_par' dir='ltr' id='par_1_70' title="bbox 972 476 1767 513">
     <span class='ocr_line' id='line_1_70' title="bbox 972 476 1767 513; baseline 0.001 -9"><span class='ocrx_word' id='word_1_520' title='bbox 972 476 1119 511; x_wconf 87' lang='lat' dir='ltr'><strong>respondit.</strong></span> <span class='ocrx_word' id='word_1_521' title='bbox 1134 477 1190 505; x_wconf 90' lang='lat' dir='ltr'><strong>Nec</strong></span> <span class='ocrx_word' id='word_1_522' title='bbox 1204 478 1340 505; x_wconf 82' lang='lat' dir='ltr'><strong>Rusticum</strong></span> <span class='ocrx_word' id='word_1_523' title='bbox 1356 478 1506 512; x_wconf 89' lang='lat' dir='ltr'><strong>percontari</strong></span> <span class='ocrx_word' id='word_1_524' title='bbox 1519 478 1606 505; x_wconf 90' lang='lat' dir='ltr'><strong>visum</strong></span> <span class='ocrx_word' id='word_1_525' title='bbox 1621 484 1662 505; x_wconf 88' lang='lat' dir='ltr'><strong>est</strong></span> <span class='ocrx_word' id='word_1_526' title='bbox 1685 478 1767 513; x_wconf 80' lang='lat' dir='ltr'><strong>negli-</strong></span> 
     </span>
    </p>
   </div>
   <div class='ocr_carea' id='block_1_71' title="bbox 972 523 1768 560">
    <p class='ocr_par' dir='ltr' id='par_1_71' title="bbox 972 523 1768 560">
     <span class='ocr_line' id='line_1_71' title="bbox 972 523 1768 560; baseline 0.001 -10"><span class='ocrx_word' id='word_1_527' title='bbox 972 523 1097 557; x_wconf 81' lang='lat' dir='ltr'><strong>gendum,</strong></span> <span class='ocrx_word' id='word_1_528' title='bbox 1112 532 1234 559; x_wconf 82' lang='lat' dir='ltr'><strong>quamam</strong></span> <span class='ocrx_word' id='word_1_529' title='bbox 1245 529 1316 552; x_wconf 82' lang='lat' dir='ltr'><strong>esset</strong></span> <span class='ocrx_word' id='word_1_530' title='bbox 1330 525 1363 552; x_wconf 89' lang='lat' dir='ltr'><strong>de</strong></span> <span class='ocrx_word' id='word_1_531' title='bbox 1376 533 1405 552; x_wconf 88' lang='lat' dir='ltr'><strong>re</strong></span> <span class='ocrx_word' id='word_1_532' title='bbox 1418 528 1489 551; x_wconf 83' lang='lat' dir='ltr'><strong>tanta</strong></span> <span class='ocrx_word' id='word_1_533' title='bbox 1500 524 1558 559; x_wconf 89' lang='lat' dir='ltr'><strong>ejus</strong></span> <span class='ocrx_word' id='word_1_534' title='bbox 1570 525 1712 557; x_wconf 84' lang='lat' dir='ltr'><strong>sententia,</strong></span> <span class='ocrx_word' id='word_1_535' title='bbox 1724 524 1768 560; x_wconf 91' lang='lat' dir='ltr'><strong>qui</strong></span> 
     </span>
    </p>
   </div>
   <div class='ocr_carea' id='block_1_72' title="bbox 973 568 1769 605">
    <p class='ocr_par' dir='ltr' id='par_1_72' title="bbox 973 568 1769 605">
     <span class='ocr_line' id='line_1_72' title="bbox 973 568 1769 605; baseline 0.001 -9"><span class='ocrx_word' id='word_1_536' title='bbox 973 568 1038 596; x_wconf 89' lang='lat' dir='ltr'><strong>mihi</strong></span> <span class='ocrx_word' id='word_1_537' title='bbox 1050 569 1188 597; x_wconf 86' lang='lat' dir='ltr'><strong>videbatur</strong></span> <span class='ocrx_word' id='word_1_538' title='bbox 1201 578 1254 597; x_wconf 87' lang='lat' dir='ltr'><strong>non</strong></span> <span class='ocrx_word' id='word_1_539' title='bbox 1269 570 1460 597; x_wconf 84' lang='lat' dir='ltr'><strong>deliberatione</strong></span> <span class='ocrx_word' id='word_1_540' title='bbox 1475 570 1560 605; x_wconf 85' lang='lat' dir='ltr'><strong>magis</strong></span> <span class='ocrx_word' id='word_1_541' title='bbox 1572 577 1653 605; x_wconf 91' lang='lat' dir='ltr'><strong>quam</strong></span> <span class='ocrx_word' id='word_1_542' title='bbox 1668 569 1769 604; x_wconf 89' lang='lat' dir='ltr'><strong>pudore</strong></span> 
     </span>
    </p>
   </div>
   <div class='ocr_carea' id='block_1_73' title="bbox 974 614 1521 650">
    <p class='ocr_par' dir='ltr' id='par_1_73' title="bbox 974 614 1521 650">
     <span class='ocr_line' id='line_1_73' title="bbox 974 614 1521 650; baseline 0.004 -10"><span class='ocrx_word' id='word_1_543' title='bbox 974 614 1115 648; x_wconf 89' lang='lat' dir='ltr'><strong>impeditus</strong></span> <span class='ocrx_word' id='word_1_544' title='bbox 1129 615 1223 647; x_wconf 87' lang='lat' dir='ltr'><strong>silere;</strong></span> <span class='ocrx_word' id='word_1_545' title='bbox 1238 615 1362 650; x_wconf 80' lang='lat' dir='ltr'><strong>Trygetio</strong></span> <span class='ocrx_word' id='word_1_546' title='bbox 1375 615 1521 643; x_wconf 88' lang='lat' dir='ltr'><strong>consensit.</strong></span> 
     </span>
    </p>
   </div>
   <div class='ocr_carea' id='block_1_74' title="bbox 1011 660 1770 696">
    <p class='ocr_par' dir='ltr' id='par_1_74' title="bbox 1011 660 1770 696">
     <span class='ocr_line' id='line_1_74' title="bbox 1011 660 1770 696; baseline 0.003 -10"><span class='ocrx_word' id='word_1_547' title='bbox 1011 660 1054 687; x_wconf 79' lang='grc'><strong>15.</strong></span> <span class='ocrx_word' id='word_1_548' title='bbox 1067 660 1133 687; x_wconf 91' lang='lat' dir='ltr'><strong>Tum</strong></span> <span class='ocrx_word' id='word_1_549' title='bbox 1153 668 1203 695; x_wconf 81' lang='lat' dir='ltr'><strong>ego</strong></span> <span class='ocrx_word' id='word_1_550' title='bbox 1215 670 1221 688; x_wconf 88' lang='lat'><strong><em>:</em></strong></span> <span class='ocrx_word' id='word_1_551' title='bbox 1235 661 1334 693; x_wconf 87' lang='lat' dir='ltr'><strong>Teneo,</strong></span> <span class='ocrx_word' id='word_1_552' title='bbox 1348 661 1465 696; x_wconf 91' lang='lat' dir='ltr'><strong>inquam,</strong></span> <span class='ocrx_word' id='word_1_553' title='bbox 1482 661 1601 688; x_wconf 91' lang='lat' dir='ltr'><strong>omnium</strong></span> <span class='ocrx_word' id='word_1_554' title='bbox 1623 661 1718 696; x_wconf 88' lang='lat' dir='ltr'><strong>placita</strong></span> <span class='ocrx_word' id='word_1_555' title='bbox 1736 661 1770 689; x_wconf 70' lang='lat' dir='ltr'><strong>de</strong></span> 
     </span>
    </p>
   </div>
   <div class='ocr_carea' id='block_1_75' title="bbox 975 706 1769 742">
    <p class='ocr_par' dir='ltr' id='par_1_75' title="bbox 975 706 1769 742">
     <span class='ocr_line' id='line_1_75' title="bbox 975 706 1769 742; baseline 0.003 -10"><span class='ocrx_word' id='word_1_556' title='bbox 975 713 1005 733; x_wconf 92' lang='lat' dir='ltr'><strong>re</strong></span> <span class='ocrx_word' id='word_1_557' title='bbox 1017 713 1112 741; x_wconf 82' lang='lat' dir='ltr'><strong>magna</strong></span> <span class='ocrx_word' id='word_1_558' title='bbox 1125 713 1200 740; x_wconf 84' lang='lat' dir='ltr'><strong>sane,</strong></span> <span class='ocrx_word' id='word_1_559' title='bbox 1213 710 1241 734; x_wconf 87' lang='lat' dir='ltr'><strong>et</strong></span> <span class='ocrx_word' id='word_1_560' title='bbox 1257 707 1326 734; x_wconf 89' lang='lat' dir='ltr'><strong>ultra</strong></span> <span class='ocrx_word' id='word_1_561' title='bbox 1346 714 1426 741; x_wconf 91' lang='lat' dir='ltr'><strong>quam</strong></span> <span class='ocrx_word' id='word_1_562' title='bbox 1448 714 1498 734; x_wconf 89' lang='lat' dir='ltr'><strong>nec</strong></span> <span class='ocrx_word' id='word_1_563' title='bbox 1520 707 1602 742; x_wconf 67' lang='lat' dir='ltr'><strong>quaeri</strong></span> <span class='ocrx_word' id='word_1_564' title='bbox 1626 706 1769 742; x_wconf 91' lang='lat' dir='ltr'><strong>quidquam</strong></span> 
     </span>
    </p>
   </div>
   <div class='ocr_carea' id='block_1_76' title="bbox 975 751 1770 788">
    <p class='ocr_par' dir='ltr' id='par_1_76' title="bbox 975 751 1770 788">
     <span class='ocr_line' id='line_1_76' title="bbox 975 751 1770 788; baseline 0.003 -10"><span class='ocrx_word' id='word_1_565' title='bbox 975 756 1091 786; x_wconf 88' lang='lat' dir='ltr'><strong>oportet,</strong></span> <span class='ocrx_word' id='word_1_566' title='bbox 1105 759 1154 779; x_wconf 89' lang='lat' dir='ltr'><strong>nec</strong></span> <span class='ocrx_word' id='word_1_567' title='bbox 1174 751 1288 779; x_wconf 89' lang='lat' dir='ltr'><strong>inveniri</strong></span> <span class='ocrx_word' id='word_1_568' title='bbox 1309 757 1407 787; x_wconf 90' lang='lat' dir='ltr'><strong>potest,</strong></span> <span class='ocrx_word' id='word_1_569' title='bbox 1423 753 1445 780; x_wconf 91' lang='lat' dir='ltr'><strong>si</strong></span> <span class='ocrx_word' id='word_1_570' title='bbox 1459 752 1538 779; x_wconf 88' lang='lat' dir='ltr'><strong>modo</strong></span> <span class='ocrx_word' id='word_1_571' title='bbox 1551 760 1621 787; x_wconf 87' lang='lat' dir='ltr'><strong>eam,</strong></span> <span class='ocrx_word' id='word_1_572' title='bbox 1635 753 1673 780; x_wconf 92' lang='lat' dir='ltr'><strong>uti</strong></span> <span class='ocrx_word' id='word_1_573' title='bbox 1686 753 1770 788; x_wconf 70' lang='lat' dir='ltr'><strong>empi-</strong></span> 
     </span>
    </p>
   </div>
   <div class='ocr_carea' id='block_1_77' title="bbox 976 797 1771 834">
    <p class='ocr_par' dir='ltr' id='par_1_77' title="bbox 976 797 1771 834">
     <span class='ocr_line' id='line_1_77' title="bbox 976 797 1771 834; baseline 0.003 -10"><span class='ocrx_word' id='word_1_574' title='bbox 976 805 1045 830; x_wconf 89' lang='lat' dir='ltr'><strong>mus,</strong></span> <span class='ocrx_word' id='word_1_575' title='bbox 1057 797 1228 825; x_wconf 88' lang='lat' dir='ltr'><strong>serenissime</strong></span> <span class='ocrx_word' id='word_1_576' title='bbox 1240 805 1272 826; x_wconf 89' lang='lat' dir='ltr'><strong>ac</strong></span> <span class='ocrx_word' id='word_1_577' title='bbox 1286 798 1466 826; x_wconf 88' lang='lat' dir='ltr'><strong>sincerissime</strong></span> <span class='ocrx_word' id='word_1_578' title='bbox 1481 798 1679 834; x_wconf 79' lang='lat' dir='ltr'><strong>investigemus.</strong></span> <span class='ocrx_word' id='word_1_579' title='bbox 1694 799 1771 833; x_wconf 87' lang='lat' dir='ltr'><strong>Quod</strong></span> 
     </span>
    </p>
   </div>
   <div class='ocr_carea' id='block_1_78' title="bbox 977 842 1771 879">
    <p class='ocr_par' dir='ltr' id='par_1_78' title="bbox 977 842 1771 879">
     <span class='ocr_line' id='line_1_78' title="bbox 977 842 1771 879; baseline 0.004 -10"><span class='ocrx_word' id='word_1_580' title='bbox 977 842 1057 870; x_wconf 91' lang='lat' dir='ltr'><strong>hodie</strong></span> <span class='ocrx_word' id='word_1_581' title='bbox 1067 843 1126 877; x_wconf 82' lang='lat' dir='ltr'><strong>quia</strong></span> <span class='ocrx_word' id='word_1_582' title='bbox 1142 843 1248 878; x_wconf 80' lang='lat' dir='ltr'><strong>longum</strong></span> <span class='ocrx_word' id='word_1_583' title='bbox 1261 847 1311 877; x_wconf 88' lang='lat' dir='ltr'><strong>est,</strong></span> <span class='ocrx_word' id='word_1_584' title='bbox 1324 847 1352 871; x_wconf 92' lang='lat' dir='ltr'><strong>et</strong></span> <span class='ocrx_word' id='word_1_585' title='bbox 1364 843 1462 871; x_wconf 90' lang='lat' dir='ltr'><strong>habent</strong></span> <span class='ocrx_word' id='word_1_586' title='bbox 1473 844 1498 871; x_wconf 91' lang='lat' dir='ltr'><strong>in</strong></span> <span class='ocrx_word' id='word_1_587' title='bbox 1510 845 1595 879; x_wconf 88' lang='lat' dir='ltr'><strong>epulis</strong></span> <span class='ocrx_word' id='word_1_588' title='bbox 1606 845 1661 872; x_wconf 90' lang='lat' dir='ltr'><strong>suis</strong></span> <span class='ocrx_word' id='word_1_589' title='bbox 1672 850 1698 873; x_wconf 93' lang='lat' dir='ltr'><strong>et</strong></span> <span class='ocrx_word' id='word_1_590' title='bbox 1713 845 1771 872; x_wconf 88' lang='lat' dir='ltr'><strong>ani-</strong></span> 
     </span>
    </p>
   </div>
   <div class='ocr_carea' id='block_1_79' title="bbox 977 881 1773 923">
    <p class='ocr_par' dir='ltr' id='par_1_79' title="bbox 977 881 1773 923">
     <span class='ocr_line' id='line_1_79' title="bbox 977 881 1773 923; baseline 0.003 -8"><span class='ocrx_word' id='word_1_591' title='bbox 977 888 1014 915; x_wconf 93' lang='lat' dir='ltr'><strong>mi</strong></span> <span class='ocrx_word' id='word_1_592' title='bbox 1029 887 1170 923; x_wconf 86' lang='lat' dir='ltr'><strong>quatndam</strong></span> <span class='ocrx_word' id='word_1_593' title='bbox 1184 881 1327 922; x_wconf 77' lang='lat' dir='ltr'><strong>luxuriem,</strong></span> <span class='ocrx_word' id='word_1_594' title='bbox 1342 888 1364 916; x_wconf 90' lang='lat' dir='ltr'><strong>si</strong></span> <span class='ocrx_word' id='word_1_595' title='bbox 1380 889 1448 916; x_wconf 88' lang='lat' dir='ltr'><strong>ultra</strong></span> <span class='ocrx_word' id='word_1_596' title='bbox 1462 889 1571 916; x_wconf 92' lang='lat' dir='ltr'><strong>modum</strong></span> <span class='ocrx_word' id='word_1_597' title='bbox 1585 890 1609 916; x_wconf 95' lang='lat' dir='ltr'><strong>in</strong></span> <span class='ocrx_word' id='word_1_598' title='bbox 1625 898 1670 917; x_wconf 89' lang='lat' dir='ltr'><strong>eas</strong></span> <span class='ocrx_word' id='word_1_599' title='bbox 1685 895 1712 917; x_wconf 90' lang='lat' dir='ltr'><strong>et</strong></span> <span class='ocrx_word' id='word_1_600' title='bbox 1724 898 1773 917; x_wconf 82' lang='lat' dir='ltr'><strong>vo-</strong></span> 
     </span>
    </p>
   </div>
   <div class='ocr_carea' id='block_1_80' title="bbox 976 934 1771 971">
    <p class='ocr_par' dir='ltr' id='par_1_80' title="bbox 976 934 1771 971">
     <span class='ocr_line' id='line_1_80' title="bbox 976 934 1771 971; baseline 0.003 -10"><span class='ocrx_word' id='word_1_601' title='bbox 976 934 1074 962; x_wconf 87' lang='lat' dir='ltr'><strong>raeiter</strong></span> <span class='ocrx_word' id='word_1_602' title='bbox 1089 934 1191 962; x_wconf 83' lang='lat' dir='ltr'><strong>irruant</strong></span> <span class='ocrx_word' id='word_1_603' title='bbox 1205 934 1251 969; x_wconf 80' lang='lat' dir='ltr'><strong>(ita</strong></span> <span class='ocrx_word' id='word_1_604' title='bbox 1262 935 1333 962; x_wconf 90' lang='lat' dir='ltr'><strong>enim</strong></span> <span class='ocrx_word' id='word_1_605' title='bbox 1347 935 1416 962; x_wconf 89' lang='lat' dir='ltr'><strong>male</strong></span> <span class='ocrx_word' id='word_1_606' title='bbox 1430 935 1625 969; x_wconf 87' lang='lat' dir='ltr'><strong>quodammodo</strong></span> <span class='ocrx_word' id='word_1_607' title='bbox 1638 936 1771 971; x_wconf 86' lang='lat' dir='ltr'><strong>digerunt;</strong></span> 
     </span>
    </p>
   </div>
   <div class='ocr_carea' id='block_1_81' title="bbox 977 980 1772 1017">
    <p class='ocr_par' dir='ltr' id='par_1_81' title="bbox 977 980 1772 1017">
     <span class='ocr_line' id='line_1_81' title="bbox 977 980 1772 1017; baseline 0 -9"><span class='ocrx_word' id='word_1_608' title='bbox 977 981 1048 1009; x_wconf 94' lang='lat' dir='ltr'><strong>unde</strong></span> <span class='ocrx_word' id='word_1_609' title='bbox 1058 980 1202 1008; x_wconf 89' lang='lat' dir='ltr'><strong>valetudini</strong></span> <span class='ocrx_word' id='word_1_610' title='bbox 1219 981 1347 1009; x_wconf 90' lang='lat' dir='ltr'><strong>mentium</strong></span> <span class='ocrx_word' id='word_1_611' title='bbox 1362 989 1415 1010; x_wconf 93' lang='lat' dir='ltr'><strong>non</strong></span> <span class='ocrx_word' id='word_1_612' title='bbox 1428 981 1515 1009; x_wconf 89' lang='lat' dir='ltr'><strong>minus</strong></span> <span class='ocrx_word' id='word_1_613' title='bbox 1528 989 1608 1016; x_wconf 88' lang='lat' dir='ltr'><strong>quam</strong></span> <span class='ocrx_word' id='word_1_614' title='bbox 1618 981 1651 1009; x_wconf 87' lang='lat' dir='ltr'><strong>ab</strong></span> <span class='ocrx_word' id='word_1_615' title='bbox 1662 982 1705 1008; x_wconf 85' lang='lat' dir='ltr'><strong>illa</strong></span> <span class='ocrx_word' id='word_1_616' title='bbox 1716 982 1772 1017; x_wconf 88' lang='lat' dir='ltr'><strong>ipsa</strong></span> 
     </span>
    </p>
   </div>
   <div class='ocr_carea' id='block_1_82' title="bbox 978 1025 1774 1063">
    <p class='ocr_par' dir='ltr' id='par_1_82' title="bbox 978 1025 1774 1063">
     <span class='ocr_line' id='line_1_82' title="bbox 978 1025 1774 1063; baseline 0 -9"><span class='ocrx_word' id='word_1_617' title='bbox 978 1026 1047 1054; x_wconf 85' lang='lat' dir='ltr'><strong>fame</strong></span> <span class='ocrx_word' id='word_1_618' title='bbox 1060 1026 1230 1055; x_wconf 89' lang='lat' dir='ltr'><strong>metuendum</strong></span> <span class='ocrx_word' id='word_1_619' title='bbox 1245 1025 1306 1063; x_wconf 89' lang='lat' dir='ltr'><strong>est),</strong></span> <span class='ocrx_word' id='word_1_620' title='bbox 1324 1027 1420 1055; x_wconf 87' lang='lat' dir='ltr'><strong>melius</strong></span> <span class='ocrx_word' id='word_1_621' title='bbox 1441 1034 1490 1054; x_wconf 91' lang='lat' dir='ltr'><strong>nos</strong></span> <span class='ocrx_word' id='word_1_622' title='bbox 1510 1027 1567 1054; x_wconf 77' lang='lat' dir='ltr'><strong>haec</strong></span> <span class='ocrx_word' id='word_1_623' title='bbox 1588 1028 1700 1062; x_wconf 84' lang='lat' dir='ltr'><strong>quaestio</strong></span> <span class='ocrx_word' id='word_1_624' title='bbox 1714 1035 1774 1055; x_wconf 85' lang='lat' dir='ltr'><strong>cras</strong></span> 
     </span>
    </p>
   </div>
   <div class='ocr_carea' id='block_1_83' title="bbox 978 1069 1774 1108">
    <p class='ocr_par' dir='ltr' id='par_1_83' title="bbox 978 1069 1774 1108">
     <span class='ocr_line' id='line_1_83' title="bbox 978 1069 1774 1108; baseline -0.001 -8"><span class='ocrx_word' id='word_1_625' title='bbox 978 1073 1137 1107; x_wconf 84' lang='lat' dir='ltr'><strong>esurientes,</strong></span> <span class='ocrx_word' id='word_1_626' title='bbox 1151 1073 1174 1101; x_wconf 95' lang='lat' dir='ltr'><strong>si</strong></span> <span class='ocrx_word' id='word_1_627' title='bbox 1189 1069 1306 1105; x_wconf 73' lang='lat' dir='ltr'><strong>videtur,</strong></span> <span class='ocrx_word' id='word_1_628' title='bbox 1316 1073 1437 1108; x_wconf 88' lang='lat' dir='ltr'><strong>accipiet.</strong></span> <span class='ocrx_word' id='word_1_629' title='bbox 1450 1073 1515 1101; x_wconf 94' lang='lat' dir='ltr'><strong>lllud</strong></span> <span class='ocrx_word' id='word_1_630' title='bbox 1530 1073 1609 1100; x_wconf 92' lang='lat' dir='ltr'><strong>modo</strong></span> <span class='ocrx_word' id='word_1_631' title='bbox 1620 1073 1733 1100; x_wconf 90' lang='lat' dir='ltr'><strong>libenter</strong></span> <span class='ocrx_word' id='word_1_632' title='bbox 1744 1073 1774 1099; x_wconf 94' lang='lat' dir='ltr'><strong>li-</strong></span> 
     </span>
    </p>
   </div>
   <div class='ocr_carea' id='block_1_84' title="bbox 979 1119 1774 1155">
    <p class='ocr_par' dir='ltr' id='par_1_84' title="bbox 979 1119 1774 1155">
     <span class='ocr_line' id='line_1_84' title="bbox 979 1119 1774 1155; baseline 0 -8"><span class='ocrx_word' id='word_1_633' title='bbox 979 1120 1088 1154; x_wconf 80' lang='lat' dir='ltr'><strong>guriatis</strong></span> <span class='ocrx_word' id='word_1_634' title='bbox 1103 1121 1175 1153; x_wconf 92' lang='lat' dir='ltr'><strong>volo,</strong></span> <span class='ocrx_word' id='word_1_635' title='bbox 1192 1119 1264 1155; x_wconf 89' lang='lat' dir='ltr'><strong>quod</strong></span> <span class='ocrx_word' id='word_1_636' title='bbox 1278 1119 1366 1147; x_wconf 91' lang='lat' dir='ltr'><strong>subito</strong></span> <span class='ocrx_word' id='word_1_637' title='bbox 1379 1119 1443 1146; x_wconf 92' lang='lat' dir='ltr'><strong>mihi</strong></span> <span class='ocrx_word' id='word_1_638' title='bbox 1457 1119 1631 1147; x_wconf 87' lang='lat' dir='ltr'><strong>ministratori</strong></span> <span class='ocrx_word' id='word_1_639' title='bbox 1645 1124 1735 1147; x_wconf 87' lang='lat' dir='ltr'><strong>vestro</strong></span> <span class='ocrx_word' id='word_1_640' title='bbox 1748 1120 1774 1147; x_wconf 93' lang='lat' dir='ltr'><strong>in</strong></span> 
     </span>
    </p>
   </div>
   <div class='ocr_carea' id='block_1_85' title="bbox 979 1164 1774 1201">
    <p class='ocr_par' dir='ltr' id='par_1_85' title="bbox 979 1164 1774 1201">
     <span class='ocr_line' id='line_1_85' title="bbox 979 1164 1774 1201; baseline -0.001 -8"><span class='ocrx_word' id='word_1_641' title='bbox 979 1172 1097 1193; x_wconf 84' lang='lat' dir='ltr'><strong>mentem</strong></span> <span class='ocrx_word' id='word_1_642' title='bbox 1110 1170 1261 1201; x_wconf 75' lang='lat' dir='ltr'><strong>suggestum</strong></span> <span class='ocrx_word' id='word_1_643' title='bbox 1276 1170 1317 1193; x_wconf 86' lang='lat' dir='ltr'><strong>est</strong></span> <span class='ocrx_word' id='word_1_644' title='bbox 1331 1164 1515 1198; x_wconf 87' lang='lat' dir='ltr'><strong>inferendum;</strong></span> <span class='ocrx_word' id='word_1_645' title='bbox 1539 1169 1566 1192; x_wconf 90' lang='lat' dir='ltr'><strong>et</strong></span> <span class='ocrx_word' id='word_1_646' title='bbox 1584 1169 1635 1197; x_wconf 82' lang='lat' dir='ltr'><strong>est,</strong></span> <span class='ocrx_word' id='word_1_647' title='bbox 1656 1165 1707 1192; x_wconf 89' lang='lat' dir='ltr'><strong>nisi</strong></span> <span class='ocrx_word' id='word_1_648' title='bbox 1722 1165 1774 1192; x_wconf 84' lang='lat' dir='ltr'><strong>fal-</strong></span> 
     </span>
    </p>
   </div>
   <div class='ocr_carea' id='block_1_86' title="bbox 980 1210 1775 1246">
    <p class='ocr_par' dir='ltr' id='par_1_86' title="bbox 980 1210 1775 1246">
     <span class='ocr_line' id='line_1_86' title="bbox 980 1210 1775 1246; baseline 0 -8"><span class='ocrx_word' id='word_1_649' title='bbox 980 1210 1031 1243; x_wconf 88' lang='lat' dir='ltr'><strong>lor,</strong></span> <span class='ocrx_word' id='word_1_650' title='bbox 1051 1211 1140 1246; x_wconf 89' lang='lat' dir='ltr'><strong>qualia</strong></span> <span class='ocrx_word' id='word_1_651' title='bbox 1164 1211 1252 1238; x_wconf 86' lang='lat' dir='ltr'><strong>solent</strong></span> <span class='ocrx_word' id='word_1_652' title='bbox 1272 1211 1365 1238; x_wconf 85' lang='lat' dir='ltr'><strong>ultima</strong></span> <span class='ocrx_word' id='word_1_653' title='bbox 1387 1210 1495 1245; x_wconf 89' lang='lat' dir='ltr'><strong>apponi,</strong></span> <span class='ocrx_word' id='word_1_654' title='bbox 1517 1210 1592 1245; x_wconf 91' lang='lat' dir='ltr'><strong>quasi</strong></span> <span class='ocrx_word' id='word_1_655' title='bbox 1615 1210 1775 1238; x_wconf 87' lang='lat' dir='ltr'><strong>scholastico</strong></span> 
     </span>
    </p>
   </div>
   <div class='ocr_carea' id='block_1_87' title="bbox 980 1256 1776 1291">
    <p class='ocr_par' dir='ltr' id='par_1_87' title="bbox 980 1256 1776 1291">
     <span class='ocr_line' id='line_1_87' title="bbox 980 1256 1776 1291; baseline -0.003 -7"><span class='ocrx_word' id='word_1_656' title='bbox 980 1257 1061 1285; x_wconf 88' lang='lat' dir='ltr'><strong>melle</strong></span> <span class='ocrx_word' id='word_1_657' title='bbox 1086 1256 1237 1284; x_wconf 86' lang='lat' dir='ltr'><strong>confectum</strong></span> <span class='ocrx_word' id='word_1_658' title='bbox 1259 1261 1339 1291; x_wconf 88' lang='lat' dir='ltr'><strong>atque</strong></span> <span class='ocrx_word' id='word_1_659' title='bbox 1360 1256 1506 1284; x_wconf 88' lang='lat' dir='ltr'><strong>conditum.</strong></span> <span class='ocrx_word' id='word_1_660' title='bbox 1531 1256 1589 1290; x_wconf 86' lang='lat' dir='ltr'><strong>Quo</strong></span> <span class='ocrx_word' id='word_1_661' title='bbox 1607 1256 1698 1283; x_wconf 90' lang='lat' dir='ltr'><strong>audito</strong></span> <span class='ocrx_word' id='word_1_662' title='bbox 1715 1263 1776 1283; x_wconf 87' lang='lat' dir='ltr'><strong>sese</strong></span> 
     </span>
    </p>
   </div>
   <div class='ocr_carea' id='block_1_88' title="bbox 980 1300 1776 1336">
    <p class='ocr_par' dir='ltr' id='par_1_88' title="bbox 980 1300 1776 1336">
     <span class='ocr_line' id='line_1_88' title="bbox 980 1300 1776 1336; baseline -0.001 -7"><span class='ocrx_word' id='word_1_663' title='bbox 980 1309 1074 1330; x_wconf 89' lang='lat' dir='ltr'><strong>omnes</strong></span> <span class='ocrx_word' id='word_1_664' title='bbox 1086 1302 1162 1336; x_wconf 88' lang='lat' dir='ltr'><strong>quasi</strong></span> <span class='ocrx_word' id='word_1_665' title='bbox 1181 1302 1207 1329; x_wconf 93' lang='lat' dir='ltr'><strong>in</strong></span> <span class='ocrx_word' id='word_1_666' title='bbox 1231 1301 1329 1329; x_wconf 88' lang='lat' dir='ltr'><strong>elatum</strong></span> <span class='ocrx_word' id='word_1_667' title='bbox 1344 1300 1473 1328; x_wconf 90' lang='lat' dir='ltr'><strong>ferculum</strong></span> <span class='ocrx_word' id='word_1_668' title='bbox 1490 1301 1667 1334; x_wconf 88' lang='lat' dir='ltr'><strong>tetenderunt,</strong></span> <span class='ocrx_word' id='word_1_669' title='bbox 1683 1308 1776 1336; x_wconf 85' lang='lat' dir='ltr'><strong>coege-</strong></span> 
     </span>
    </p>
   </div>
   <div class='ocr_carea' id='block_1_89' title="bbox 981 1346 1776 1383">
    <p class='ocr_par' dir='ltr' id='par_1_89' title="bbox 981 1346 1776 1383">
     <span class='ocr_line' id='line_1_89' title="bbox 981 1346 1776 1383; baseline -0.001 -8"><span class='ocrx_word' id='word_1_670' title='bbox 981 1352 1094 1383; x_wconf 91' lang='lat' dir='ltr'><strong>runtque</strong></span> <span class='ocrx_word' id='word_1_671' title='bbox 1109 1352 1138 1375; x_wconf 91' lang='lat' dir='ltr'><strong>ut</strong></span> <span class='ocrx_word' id='word_1_672' title='bbox 1147 1348 1237 1375; x_wconf 90' lang='lat' dir='ltr'><strong>dicere</strong></span> <span class='ocrx_word' id='word_1_673' title='bbox 1251 1355 1421 1382; x_wconf 86' lang='lat' dir='ltr'><strong>properarem</strong></span> <span class='ocrx_word' id='word_1_674' title='bbox 1429 1347 1554 1382; x_wconf 88' lang='lat' dir='ltr'><strong>quidnam</strong></span> <span class='ocrx_word' id='word_1_675' title='bbox 1567 1347 1594 1374; x_wconf 89' lang='lat' dir='ltr'><strong>id</strong></span> <span class='ocrx_word' id='word_1_676' title='bbox 1606 1351 1686 1374; x_wconf 88' lang='lat' dir='ltr'><strong>esset.</strong></span> <span class='ocrx_word' id='word_1_677' title='bbox 1696 1346 1776 1381; x_wconf 88' lang='lat' dir='ltr'><strong>Quid,</strong></span> 
     </span>
    </p>
   </div>
   <div class='ocr_carea' id='block_1_90' title="bbox 982 1392 1777 1429">
    <p class='ocr_par' dir='ltr' id='par_1_90' title="bbox 982 1392 1777 1429">
     <span class='ocr_line' id='line_1_90' title="bbox 982 1392 1777 1429; baseline -0.001 -7"><span class='ocrx_word' id='word_1_678' title='bbox 982 1395 1100 1429; x_wconf 88' lang='lat' dir='ltr'><strong>inquam,</strong></span> <span class='ocrx_word' id='word_1_679' title='bbox 1110 1394 1218 1429; x_wconf 88' lang='lat' dir='ltr'><strong>putatis,</strong></span> <span class='ocrx_word' id='word_1_680' title='bbox 1226 1394 1276 1420; x_wconf 89' lang='lat' dir='ltr'><strong>nisi</strong></span> <span class='ocrx_word' id='word_1_681' title='bbox 1286 1401 1346 1421; x_wconf 93' lang='lat' dir='ltr'><strong>cum</strong></span> <span class='ocrx_word' id='word_1_682' title='bbox 1361 1393 1527 1421; x_wconf 83' lang='lat' dir='ltr'><strong>Academicis</strong></span> <span class='ocrx_word' id='word_1_683' title='bbox 1538 1397 1621 1421; x_wconf 92' lang='lat' dir='ltr'><strong>totum</strong></span> <span class='ocrx_word' id='word_1_684' title='bbox 1635 1392 1705 1428; x_wconf 89' lang='lat' dir='ltr'><strong>quod</strong></span> <span class='ocrx_word' id='word_1_685' title='bbox 1717 1401 1777 1421; x_wconf 91' lang='lat' dir='ltr'><strong>sus-</strong></span> 
     </span>
    </p>
   </div>
   <div class='ocr_carea' id='block_1_91' title="bbox 982 1439 1778 1475">
    <p class='ocr_par' dir='ltr' id='par_1_91' title="bbox 982 1439 1778 1475">
     <span class='ocr_line' id='line_1_91' title="bbox 982 1439 1778 1475; baseline -0.003 -7"><span class='ocrx_word' id='word_1_686' title='bbox 982 1448 1139 1475; x_wconf 87' lang='lat' dir='ltr'><strong>ceperamus</strong></span> <span class='ocrx_word' id='word_1_687' title='bbox 1160 1439 1312 1467; x_wconf 84' lang='lat' dir='ltr'><strong>confectum</strong></span> <span class='ocrx_word' id='word_1_688' title='bbox 1336 1446 1396 1467; x_wconf 88' lang='lat' dir='ltr'><strong>esse</strong></span> <span class='ocrx_word' id='word_1_689' title='bbox 1418 1439 1570 1474; x_wconf 83' lang='lat' dir='ltr'><strong>negotium?</strong></span> <span class='ocrx_word' id='word_1_690' title='bbox 1591 1439 1649 1473; x_wconf 91' lang='lat' dir='ltr'><strong>Quo</strong></span> <span class='ocrx_word' id='word_1_691' title='bbox 1668 1443 1778 1474; x_wconf 88' lang='lat' dir='ltr'><strong>accepto</strong></span> 
     </span>
    </p>
   </div>
   <div class='ocr_carea' id='block_1_92' title="bbox 982 1485 1780 1520">
    <p class='ocr_par' dir='ltr' id='par_1_92' title="bbox 982 1485 1780 1520">
     <span class='ocr_line' id='line_1_92' title="bbox 982 1485 1780 1520; baseline -0.001 -7"><span class='ocrx_word' id='word_1_692' title='bbox 982 1486 1100 1517; x_wconf 85' lang='lat' dir='ltr'><strong>nomine,</strong></span> <span class='ocrx_word' id='word_1_693' title='bbox 1117 1490 1171 1513; x_wconf 84' lang='lat' dir='ltr'><strong>tres</strong></span> <span class='ocrx_word' id='word_1_694' title='bbox 1188 1485 1225 1512; x_wconf 90' lang='lat' dir='ltr'><strong>illi</strong></span> <span class='ocrx_word' id='word_1_695' title='bbox 1240 1485 1336 1520; x_wconf 85' lang='lat' dir='ltr'><strong>quibus</strong></span> <span class='ocrx_word' id='word_1_696' title='bbox 1353 1492 1399 1513; x_wconf 89' lang='lat' dir='ltr'><strong>res</strong></span> <span class='ocrx_word' id='word_1_697' title='bbox 1411 1489 1472 1512; x_wconf 91' lang='lat' dir='ltr'><strong>nota</strong></span> <span class='ocrx_word' id='word_1_698' title='bbox 1485 1488 1552 1517; x_wconf 90' lang='lat' dir='ltr'><strong>erat,</strong></span> <span class='ocrx_word' id='word_1_699' title='bbox 1563 1492 1623 1512; x_wconf 87' lang='lat' dir='ltr'><strong>sese</strong></span> <span class='ocrx_word' id='word_1_700' title='bbox 1637 1489 1780 1512; x_wconf 81' lang='lat' dir='ltr'><strong>erexerunt</strong></span> 
     </span>
    </p>
   </div>
   <div class='ocr_carea' id='block_1_93' title="bbox 983 1530 1779 1565">
    <p class='ocr_par' dir='ltr' id='par_1_93' title="bbox 983 1530 1779 1565">
     <span class='ocr_line' id='line_1_93' title="bbox 983 1530 1779 1565; baseline -0.001 -7"><span class='ocrx_word' id='word_1_701' title='bbox 983 1532 1112 1564; x_wconf 85' lang='lat' dir='ltr'><strong>alacrius;</strong></span> <span class='ocrx_word' id='word_1_702' title='bbox 1127 1535 1155 1558; x_wconf 87' lang='lat' dir='ltr'><strong>et</strong></span> <span class='ocrx_word' id='word_1_703' title='bbox 1175 1531 1249 1559; x_wconf 90' lang='lat' dir='ltr'><strong>velut</strong></span> <span class='ocrx_word' id='word_1_704' title='bbox 1266 1530 1405 1565; x_wconf 88' lang='lat' dir='ltr'><strong>porrectis.</strong></span> <span class='ocrx_word' id='word_1_705' title='bbox 1421 1534 1451 1557; x_wconf 87' lang='lat' dir='ltr'><strong>ut</strong></span> <span class='ocrx_word' id='word_1_706' title='bbox 1470 1530 1509 1563; x_wconf 83' lang='lat' dir='ltr'><strong>fit,</strong></span> <span class='ocrx_word' id='word_1_707' title='bbox 1525 1530 1646 1557; x_wconf 85' lang='lat' dir='ltr'><strong>manibus</strong></span> <span class='ocrx_word' id='word_1_708' title='bbox 1661 1530 1779 1558; x_wconf 90' lang='lat' dir='ltr'><strong>inferen-</strong></span> 
     </span>
    </p>
   </div>
   <div class='ocr_carea' id='block_1_94' title="bbox 983 1576 1778 1611">
    <p class='ocr_par' dir='ltr' id='par_1_94' title="bbox 983 1576 1778 1611">
     <span class='ocr_line' id='line_1_94' title="bbox 983 1576 1778 1611; baseline -0.001 -7"><span class='ocrx_word' id='word_1_709' title='bbox 983 1580 1037 1604; x_wconf 88' lang='lat' dir='ltr'><strong>tem</strong></span> <span class='ocrx_word' id='word_1_710' title='bbox 1056 1577 1207 1604; x_wconf 88' lang='lat' dir='ltr'><strong>ministrum</strong></span> <span class='ocrx_word' id='word_1_711' title='bbox 1230 1576 1400 1611; x_wconf 87' lang='lat' dir='ltr'><strong>adjuverunt,</strong></span> <span class='ocrx_word' id='word_1_712' title='bbox 1414 1576 1509 1611; x_wconf 84' lang='lat' dir='ltr'><strong>quibus</strong></span> <span class='ocrx_word' id='word_1_713' title='bbox 1525 1580 1667 1610; x_wconf 84' lang='lat' dir='ltr'><strong>potuerunt</strong></span> <span class='ocrx_word' id='word_1_714' title='bbox 1678 1576 1778 1610; x_wconf 87' lang='lat' dir='ltr'><strong>verbis,</strong></span> 
     </span>
    </p>
   </div>
   <div class='ocr_carea' id='block_1_95' title="bbox 984 1623 1671 1659">
    <p class='ocr_par' dir='ltr' id='par_1_95' title="bbox 984 1623 1671 1659">
     <span class='ocr_line' id='line_1_95' title="bbox 984 1623 1671 1659; baseline -0.004 -8"><span class='ocrx_word' id='word_1_715' title='bbox 984 1624 1051 1651; x_wconf 93' lang='lat' dir='ltr'><strong>nihil</strong></span> <span class='ocrx_word' id='word_1_716' title='bbox 1064 1631 1094 1651; x_wconf 88' lang='lat' dir='ltr'><strong>se</strong></span> <span class='ocrx_word' id='word_1_717' title='bbox 1104 1624 1246 1659; x_wconf 91' lang='lat' dir='ltr'><strong>jucundius</strong></span> <span class='ocrx_word' id='word_1_718' title='bbox 1260 1623 1397 1650; x_wconf 85' lang='lat' dir='ltr'><strong>audituros</strong></span> <span class='ocrx_word' id='word_1_719' title='bbox 1410 1630 1469 1650; x_wconf 89' lang='lat' dir='ltr'><strong>esse</strong></span> <span class='ocrx_word' id='word_1_720' title='bbox 1482 1627 1671 1650; x_wconf 84' lang='lat' dir='ltr'><strong>monstrantes.</strong></span> 
     </span>
    </p>
   </div>
   <div class='ocr_carea' id='block_1_96' title="bbox 1021 1667 1779 1705">
    <p class='ocr_par' dir='ltr' id='par_1_96' title="bbox 1021 1667 1779 1705">
     <span class='ocr_line' id='line_1_96' title="bbox 1021 1667 1779 1705; baseline -0.003 -8"><span class='ocrx_word' id='word_1_721' title='bbox 1021 1671 1065 1698; x_wconf 78' lang='grc'><strong>14.</strong></span> <span class='ocrx_word' id='word_1_722' title='bbox 1082 1670 1148 1697; x_wconf 87' lang='lat' dir='ltr'><strong>Tum</strong></span> <span class='ocrx_word' id='word_1_723' title='bbox 1163 1677 1214 1705; x_wconf 88' lang='lat' dir='ltr'><strong>ego</strong></span> <span class='ocrx_word' id='word_1_724' title='bbox 1229 1670 1264 1696; x_wconf 90' lang='lat' dir='ltr'><strong>ita</strong></span> <span class='ocrx_word' id='word_1_725' title='bbox 1276 1676 1333 1697; x_wconf 90' lang='lat' dir='ltr'><strong>rem</strong></span> <span class='ocrx_word' id='word_1_726' title='bbox 1348 1668 1483 1704; x_wconf 89' lang='lat' dir='ltr'><strong>proposui.</strong></span> <span class='ocrx_word' id='word_1_727' title='bbox 1499 1668 1527 1695; x_wconf 91' lang='lat' dir='ltr'><strong>Si</strong></span> <span class='ocrx_word' id='word_1_728' title='bbox 1543 1667 1712 1695; x_wconf 89' lang='lat' dir='ltr'><strong>manifestum</strong></span> <span class='ocrx_word' id='word_1_729' title='bbox 1725 1672 1779 1701; x_wconf 89' lang='lat' dir='ltr'><strong>est,</strong></span> 
     </span>
    </p>
   </div>
   <div class='ocr_carea' id='block_1_97' title="bbox 986 1714 1780 1752">
    <p class='ocr_par' dir='ltr' id='par_1_97' title="bbox 986 1714 1780 1752">
     <span class='ocr_line' id='line_1_97' title="bbox 986 1714 1780 1752; baseline -0.004 -8"><span class='ocrx_word' id='word_1_730' title='bbox 986 1717 1103 1752; x_wconf 86' lang='lat' dir='ltr'><strong>inquam.</strong></span> <span class='ocrx_word' id='word_1_731' title='bbox 1118 1716 1224 1744; x_wconf 85' lang='lat' dir='ltr'><strong>beatum</strong></span> <span class='ocrx_word' id='word_1_732' title='bbox 1238 1722 1290 1743; x_wconf 89' lang='lat' dir='ltr'><strong>non</strong></span> <span class='ocrx_word' id='word_1_733' title='bbox 1307 1722 1367 1742; x_wconf 88' lang='lat' dir='ltr'><strong>esse</strong></span> <span class='ocrx_word' id='word_1_734' title='bbox 1383 1715 1428 1750; x_wconf 90' lang='lat' dir='ltr'><strong>qui</strong></span> <span class='ocrx_word' id='word_1_735' title='bbox 1448 1714 1520 1749; x_wconf 90' lang='lat' dir='ltr'><strong>quod</strong></span> <span class='ocrx_word' id='word_1_736' title='bbox 1544 1714 1599 1741; x_wconf 91' lang='lat' dir='ltr'><strong>vult</strong></span> <span class='ocrx_word' id='word_1_737' title='bbox 1617 1722 1670 1741; x_wconf 91' lang='lat' dir='ltr'><strong>non</strong></span> <span class='ocrx_word' id='word_1_738' title='bbox 1688 1714 1780 1746; x_wconf 86' lang='lat' dir='ltr'><strong>habet,</strong></span> 
     </span>
    </p>
   </div>
   <div class='ocr_carea' id='block_1_98' title="bbox 985 1761 1782 1799">
    <p class='ocr_par' dir='ltr' id='par_1_98' title="bbox 985 1761 1782 1799">
     <span class='ocr_line' id='line_1_98' title="bbox 985 1761 1782 1799; baseline -0.004 -9"><span class='ocrx_word' id='word_1_739' title='bbox 985 1763 1055 1799; x_wconf 92' lang='lat' dir='ltr'><strong>quod</strong></span> <span class='ocrx_word' id='word_1_740' title='bbox 1067 1763 1145 1798; x_wconf 87' lang='lat' dir='ltr'><strong>paulo</strong></span> <span class='ocrx_word' id='word_1_741' title='bbox 1156 1766 1218 1790; x_wconf 87' lang='lat' dir='ltr'><strong>ante</strong></span> <span class='ocrx_word' id='word_1_742' title='bbox 1227 1761 1296 1789; x_wconf 88' lang='lat' dir='ltr'><strong>ratio</strong></span> <span class='ocrx_word' id='word_1_743' title='bbox 1302 1761 1508 1792; x_wconf 83' lang='lat' dir='ltr'><strong>demonstravit;</strong></span> <span class='ocrx_word' id='word_1_744' title='bbox 1521 1768 1600 1788; x_wconf 90' lang='lat' dir='ltr'><strong>nemo</strong></span> <span class='ocrx_word' id='word_1_745' title='bbox 1609 1764 1698 1788; x_wconf 89' lang='lat' dir='ltr'><strong>autem</strong></span> <span class='ocrx_word' id='word_1_746' title='bbox 1709 1768 1782 1796; x_wconf 80' lang='lat' dir='ltr'><strong>qua:-</strong></span> 
     </span>
    </p>
   </div>
   <div class='ocr_carea' id='block_1_99' title="bbox 986 1806 1782 1844">
    <p class='ocr_par' dir='ltr' id='par_1_99' title="bbox 986 1806 1782 1844">
     <span class='ocr_line' id='line_1_99' title="bbox 986 1806 1782 1844; baseline -0.005 -7"><span class='ocrx_word' id='word_1_747' title='bbox 986 1809 1022 1837; x_wconf 90' lang='lat' dir='ltr'><strong>rit</strong></span> <span class='ocrx_word' id='word_1_748' title='bbox 1030 1808 1101 1844; x_wconf 92' lang='lat' dir='ltr'><strong>quod</strong></span> <span class='ocrx_word' id='word_1_749' title='bbox 1111 1808 1231 1836; x_wconf 89' lang='lat' dir='ltr'><strong>invenire</strong></span> <span class='ocrx_word' id='word_1_750' title='bbox 1245 1815 1297 1835; x_wconf 91' lang='lat' dir='ltr'><strong>non</strong></span> <span class='ocrx_word' id='word_1_751' title='bbox 1312 1807 1378 1839; x_wconf 83' lang='lat' dir='ltr'><strong>vult,</strong></span> <span class='ocrx_word' id='word_1_752' title='bbox 1394 1811 1421 1834; x_wconf 87' lang='lat' dir='ltr'><strong>et</strong></span> <span class='ocrx_word' id='word_1_753' title='bbox 1433 1811 1558 1842; x_wconf 72' lang='lat' dir='ltr'><strong>quaerunt</strong></span> <span class='ocrx_word' id='word_1_754' title='bbox 1570 1806 1607 1833; x_wconf 93' lang='lat' dir='ltr'><strong>illi</strong></span> <span class='ocrx_word' id='word_1_755' title='bbox 1622 1813 1728 1841; x_wconf 86' lang='lat' dir='ltr'><strong>semper</strong></span> <span class='ocrx_word' id='word_1_756' title='bbox 1737 1814 1782 1834; x_wconf 82' lang='lat' dir='ltr'><strong>ve-</strong></span> 
     </span>
    </p>
   </div>
   <div class='ocr_carea' id='block_1_100' title="bbox 986 1852 1783 1889">
    <p class='ocr_par' dir='ltr' id='par_1_100' title="bbox 986 1852 1783 1889">
     <span class='ocr_line' id='line_1_100' title="bbox 986 1852 1783 1889; baseline -0.004 -6"><span class='ocrx_word' id='word_1_757' title='bbox 986 1856 1093 1884; x_wconf 84' lang='lat' dir='ltr'><strong>ritatem</strong></span> <span class='ocrx_word' id='word_1_758' title='bbox 1106 1864 1112 1883; x_wconf 89' lang='lat'>:</span> <span class='ocrx_word' id='word_1_759' title='bbox 1124 1854 1216 1883; x_wconf 84' lang='lat' dir='ltr'><strong>volunt</strong></span> <span class='ocrx_word' id='word_1_760' title='bbox 1236 1862 1300 1889; x_wconf 80' lang='lat' dir='ltr'><strong>ergo</strong></span> <span class='ocrx_word' id='word_1_761' title='bbox 1321 1853 1457 1886; x_wconf 87' lang='lat' dir='ltr'><strong>invenire;</strong></span> <span class='ocrx_word' id='word_1_762' title='bbox 1477 1853 1570 1880; x_wconf 89' lang='lat' dir='ltr'><strong>volunt</strong></span> <span class='ocrx_word' id='word_1_763' title='bbox 1586 1853 1666 1887; x_wconf 86' lang='lat' dir='ltr'><strong>igitur</strong></span> <span class='ocrx_word' id='word_1_764' title='bbox 1684 1852 1783 1881; x_wconf 87' lang='lat' dir='ltr'><strong>habere</strong></span> 
     </span>
    </p>
   </div>
   <div class='ocr_carea' id='block_1_101' title="bbox 988 1898 1783 1933">
    <p class='ocr_par' dir='ltr' id='par_1_101' title="bbox 988 1898 1783 1933">
     <span class='ocr_line' id='line_1_101' title="bbox 988 1898 1783 1933; baseline -0.006 -4"><span class='ocrx_word' id='word_1_765' title='bbox 988 1902 1168 1929; x_wconf 87' lang='lat' dir='ltr'><strong>inventionem</strong></span> <span class='ocrx_word' id='word_1_766' title='bbox 1193 1900 1322 1928; x_wconf 85' lang='lat' dir='ltr'><strong>veritatis.</strong></span> <span class='ocrx_word' id='word_1_767' title='bbox 1346 1899 1381 1927; x_wconf 82' lang='lat' dir='ltr'><strong>At</strong></span> <span class='ocrx_word' id='word_1_768' title='bbox 1403 1906 1456 1926; x_wconf 91' lang='lat' dir='ltr'><strong>non</strong></span> <span class='ocrx_word' id='word_1_769' title='bbox 1480 1899 1650 1926; x_wconf 73' lang='lat' dir='ltr'><strong>inveniunt‘:</strong></span> <span class='ocrx_word' id='word_1_770' title='bbox 1664 1898 1783 1933; x_wconf 85' lang='lat' dir='ltr'><strong>sequitur</strong></span> 
     </span>
    </p>
   </div>
   <div class='ocr_carea' id='block_1_102' title="bbox 988 1943 1783 1982">
    <p class='ocr_par' dir='ltr' id='par_1_102' title="bbox 988 1943 1783 1982">
     <span class='ocr_line' id='line_1_102' title="bbox 988 1943 1783 1982; baseline -0.008 -7"><span class='ocrx_word' id='word_1_771' title='bbox 988 1955 1036 1976; x_wconf 90' lang='lat' dir='ltr'><strong>eos</strong></span> <span class='ocrx_word' id='word_1_772' title='bbox 1049 1956 1103 1975; x_wconf 90' lang='lat' dir='ltr'><strong>non</strong></span> <span class='ocrx_word' id='word_1_773' title='bbox 1116 1947 1216 1974; x_wconf 86' lang='lat' dir='ltr'><strong>habere</strong></span> <span class='ocrx_word' id='word_1_774' title='bbox 1228 1946 1298 1982; x_wconf 89' lang='lat' dir='ltr'><strong>quod</strong></span> <span class='ocrx_word' id='word_1_775' title='bbox 1317 1946 1424 1977; x_wconf 84' lang='lat' dir='ltr'><strong>volunt;</strong></span> <span class='ocrx_word' id='word_1_776' title='bbox 1440 1949 1467 1971; x_wconf 88' lang='lat' dir='ltr'><strong>et</strong></span> <span class='ocrx_word' id='word_1_777' title='bbox 1479 1951 1512 1972; x_wconf 81' lang='lat' dir='ltr'><strong>ex</strong></span> <span class='ocrx_word' id='word_1_778' title='bbox 1525 1952 1558 1972; x_wconf 92' lang='lat' dir='ltr'><strong>eo</strong></span> <span class='ocrx_word' id='word_1_779' title='bbox 1569 1943 1689 1978; x_wconf 87' lang='lat' dir='ltr'><strong>sequitur</strong></span> <span class='ocrx_word' id='word_1_780' title='bbox 1703 1943 1783 1970; x_wconf 87' lang='lat' dir='ltr'><strong>cliam</strong></span> 
     </span>
    </p>
   </div>
   <div class='ocr_carea' id='block_1_103' title="bbox 992 1983 1784 2026">
    <p class='ocr_par' dir='ltr' id='par_1_103' title="bbox 992 1983 1784 2026">
     <span class='ocr_line' id='line_1_103' title="bbox 992 1983 1784 2026; baseline -0.009 -4"><span class='ocrx_word' id='word_1_781' title='bbox 992 1994 1084 2022; x_wconf 89' lang='lat' dir='ltr'><strong>beatos</strong></span> <span class='ocrx_word' id='word_1_782' title='bbox 1098 2001 1151 2020; x_wconf 90' lang='lat' dir='ltr'><strong>non</strong></span> <span class='ocrx_word' id='word_1_783' title='bbox 1164 1992 1361 2020; x_wconf 84' lang='lat' dir='ltr'><strong>esse.Atnemo</strong></span> <span class='ocrx_word' id='word_1_784' title='bbox 1369 1991 1485 2026; x_wconf 86' lang='lat' dir='ltr'><strong>sapiens,</strong></span> <span class='ocrx_word' id='word_1_785' title='bbox 1495 1989 1545 2017; x_wconf 92' lang='lat' dir='ltr'><strong>nisi</strong></span> <span class='ocrx_word' id='word_1_786' title='bbox 1554 1989 1647 2016; x_wconf 86' lang='lat' dir='ltr'><strong>beatus</strong></span> <span class='ocrx_word' id='word_1_787' title='bbox 1659 1997 1666 2015; x_wconf 88' lang='lat'>:</span> <span class='ocrx_word' id='word_1_788' title='bbox 1678 1983 1784 2023; x_wconf 82' lang='lat' dir='ltr'><strong>sapiens</strong></span> 
     </span>
    </p>
   </div>
   <div class='ocr_carea' id='block_1_104' title="bbox 991 2035 1783 2078">
    <p class='ocr_par' dir='ltr' id='par_1_104' title="bbox 991 2035 1783 2078">
     <span class='ocr_line' id='line_1_104' title="bbox 991 2035 1783 2078; baseline -0.011 -8"><span class='ocrx_word' id='word_1_789' title='bbox 991 2043 1072 2078; x_wconf 81' lang='lat' dir='ltr'><strong>igitur</strong></span> <span class='ocrx_word' id='word_1_790' title='bbox 1082 2041 1256 2069; x_wconf 81' lang='lat' dir='ltr'><strong>Academicus</strong></span> <span class='ocrx_word' id='word_1_791' title='bbox 1263 2047 1314 2066; x_wconf 93' lang='lat' dir='ltr'><strong>non</strong></span> <span class='ocrx_word' id='word_1_792' title='bbox 1324 2043 1375 2066; x_wconf 90' lang='lat' dir='ltr'><strong>cst.</strong></span> <span class='ocrx_word' id='word_1_793' title='bbox 1384 2038 1432 2065; x_wconf 86' lang='lat' dir='ltr'><strong>Hic</strong></span> <span class='ocrx_word' id='word_1_794' title='bbox 1447 2041 1556 2072; x_wconf 88' lang='lat' dir='ltr'><strong>repente</strong></span> <span class='ocrx_word' id='word_1_795' title='bbox 1565 2036 1611 2068; x_wconf 90' lang='lat' dir='ltr'><strong>illi,</strong></span> <span class='ocrx_word' id='word_1_796' title='bbox 1618 2035 1694 2071; x_wconf 85' lang='lat' dir='ltr'><strong>quasi</strong></span> <span class='ocrx_word' id='word_1_797' title='bbox 1701 2039 1783 2063; x_wconf 89' lang='lat' dir='ltr'><strong>totum</strong></span> 
     </span>
    </p>
   </div>
   <div class='ocr_carea' id='block_1_105' title="bbox 989 2081 1786 2123">
    <p class='ocr_par' dir='ltr' id='par_1_105' title="bbox 989 2081 1786 2123">
     <span class='ocr_line' id='line_1_105' title="bbox 989 2081 1786 2123; baseline -0.01 -8"><span class='ocrx_word' id='word_1_798' title='bbox 989 2086 1124 2123; x_wconf 85' lang='lat' dir='ltr'><strong>rapientes</strong></span> <span class='ocrx_word' id='word_1_799' title='bbox 1131 2086 1355 2113; x_wconf 81' lang='lat' dir='ltr'><strong>exclamaverunt.</strong></span> <span class='ocrx_word' id='word_1_800' title='bbox 1362 2083 1414 2111; x_wconf 91' lang='lat' dir='ltr'><strong>Sed</strong></span> <span class='ocrx_word' id='word_1_801' title='bbox 1423 2081 1557 2110; x_wconf 86' lang='lat' dir='ltr'><strong>Licentius</strong></span> <span class='ocrx_word' id='word_1_802' title='bbox 1565 2081 1689 2109; x_wconf 86' lang='lat' dir='ltr'><strong>attentius</strong></span> <span class='ocrx_word' id='word_1_803' title='bbox 1695 2085 1722 2108; x_wconf 89' lang='lat' dir='ltr'><strong>et</strong></span> <span class='ocrx_word' id='word_1_804' title='bbox 1727 2087 1786 2108; x_wconf 75' lang='lat' dir='ltr'><strong>eau—</strong></span> 
     </span>
    </p>
   </div>
   <div class='ocr_carea' id='block_1_106' title="bbox 990 2126 1785 2163">
    <p class='ocr_par' dir='ltr' id='par_1_106' title="bbox 990 2126 1785 2163">
     <span class='ocr_line' id='line_1_106' title="bbox 990 2126 1785 2163; baseline -0.011 -2"><span class='ocrx_word' id='word_1_805' title='bbox 990 2134 1043 2162; x_wconf 92' lang='lat' dir='ltr'><strong>tins</strong></span> <span class='ocrx_word' id='word_1_806' title='bbox 1053 2133 1193 2161; x_wconf 86' lang='lat' dir='ltr'><strong>advertens</strong></span> <span class='ocrx_word' id='word_1_807' title='bbox 1204 2131 1290 2158; x_wconf 90' lang='lat' dir='ltr'><strong>timuit</strong></span> <span class='ocrx_word' id='word_1_808' title='bbox 1297 2130 1490 2161; x_wconf 85' lang='lat' dir='ltr'><strong>assensionem,</strong></span> <span class='ocrx_word' id='word_1_809' title='bbox 1499 2133 1578 2163; x_wconf 87' lang='lat' dir='ltr'><strong>atqtte</strong></span> <span class='ocrx_word' id='word_1_810' title='bbox 1592 2127 1720 2162; x_wconf 87' lang='lat' dir='ltr'><strong>subjecit:</strong></span> <span class='ocrx_word' id='word_1_811' title='bbox 1732 2126 1785 2153; x_wconf 61' lang='lat' dir='ltr'><strong>lla.</strong></span> 
     </span>
    </p>
   </div>
   <div class='ocr_carea' id='block_1_107' title="bbox 991 2173 1785 2215">
    <p class='ocr_par' dir='ltr' id='par_1_107' title="bbox 991 2173 1785 2215">
     <span class='ocr_line' id='line_1_107' title="bbox 991 2173 1785 2215; baseline -0.011 -8"><span class='ocrx_word' id='word_1_812' title='bbox 991 2179 1036 2215; x_wconf 89' lang='lat' dir='ltr'><strong>pui</strong></span> <span class='ocrx_word' id='word_1_813' title='bbox 1055 2179 1161 2215; x_wconf 92' lang='lat' dir='ltr'><strong>quidem</strong></span> <span class='ocrx_word' id='word_1_814' title='bbox 1182 2177 1317 2205; x_wconf 86' lang='lat' dir='ltr'><strong>vobiscum</strong></span> <span class='ocrx_word' id='word_1_815' title='bbox 1328 2196 1336 2209; x_wconf 90' lang='lat'><strong>,</strong></span> <span class='ocrx_word' id='word_1_816' title='bbox 1351 2175 1483 2210; x_wconf 88' lang='lat' dir='ltr'><strong>siquidem</strong></span> <span class='ocrx_word' id='word_1_817' title='bbox 1498 2173 1646 2201; x_wconf 81' lang='lat' dir='ltr'><strong>exclamavi</strong></span> <span class='ocrx_word' id='word_1_818' title='bbox 1661 2173 1705 2200; x_wconf 93' lang='lat' dir='ltr'><strong>illa</strong></span> <span class='ocrx_word' id='word_1_819' title='bbox 1719 2179 1785 2200; x_wconf 91' lang='lat' dir='ltr'><strong>con-</strong></span> 
     </span>
    </p>
   </div>
   <div class='ocr_carea' id='block_1_108' title="bbox 991 2219 1785 2253">
    <p class='ocr_par' dir='ltr' id='par_1_108' title="bbox 991 2219 1785 2253">
     <span class='ocr_line' id='line_1_108' title="bbox 991 2219 1785 2253; baseline -0.009 0"><span class='ocrx_word' id='word_1_820' title='bbox 991 2225 1110 2253; x_wconf 90' lang='lat' dir='ltr'><strong>clusione</strong></span> <span class='ocrx_word' id='word_1_821' title='bbox 1117 2227 1276 2251; x_wconf 92' lang='lat' dir='ltr'><strong>commotus.</strong></span> <span class='ocrx_word' id='word_1_822' title='bbox 1288 2221 1342 2249; x_wconf 85' lang='lat' dir='ltr'><strong>Sed</strong></span> <span class='ocrx_word' id='word_1_823' title='bbox 1353 2221 1418 2248; x_wconf 90' lang='lat' dir='ltr'><strong>nihil</strong></span> <span class='ocrx_word' id='word_1_824' title='bbox 1430 2220 1492 2247; x_wconf 90' lang='lat' dir='ltr'><strong>hinc</strong></span> <span class='ocrx_word' id='word_1_825' title='bbox 1503 2219 1638 2247; x_wconf 87' lang='lat' dir='ltr'><strong>admittam</strong></span> <span class='ocrx_word' id='word_1_826' title='bbox 1654 2219 1680 2245; x_wconf 95' lang='lat' dir='ltr'><strong>in</strong></span> <span class='ocrx_word' id='word_1_827' title='bbox 1698 2219 1785 2246; x_wconf 57' lang='lat' dir='ltr'><strong>visce‘</strong></span> 
     </span>
    </p>
   </div>
   <div class='ocr_carea' id='block_1_109' title="bbox 990 2263 1786 2303">
    <p class='ocr_par' dir='ltr' id='par_1_109' title="bbox 990 2263 1786 2303">
     <span class='ocr_line' id='line_1_109' title="bbox 990 2263 1786 2303; baseline -0.01 -5"><span class='ocrx_word' id='word_1_828' title='bbox 990 2278 1031 2303; x_wconf 82' lang='lat' dir='ltr'><strong>ra,</strong></span> <span class='ocrx_word' id='word_1_829' title='bbox 1047 2273 1075 2297; x_wconf 88' lang='lat' dir='ltr'><strong>et</strong></span> <span class='ocrx_word' id='word_1_830' title='bbox 1093 2272 1194 2303; x_wconf 89' lang='lat' dir='ltr'><strong>partem</strong></span> <span class='ocrx_word' id='word_1_831' title='bbox 1208 2274 1294 2294; x_wconf 89' lang='lat' dir='ltr'><strong>meam</strong></span> <span class='ocrx_word' id='word_1_832' title='bbox 1306 2265 1419 2294; x_wconf 85' lang='lat' dir='ltr'><strong>servabo</strong></span> <span class='ocrx_word' id='word_1_833' title='bbox 1431 2264 1526 2301; x_wconf 84' lang='lat' dir='ltr'><strong>Alypio</strong></span> <span class='ocrx_word' id='word_1_834' title='bbox 1542 2273 1549 2291; x_wconf 89' lang='lat'><strong><em>:</em></strong></span> <span class='ocrx_word' id='word_1_835' title='bbox 1568 2272 1630 2291; x_wconf 90' lang='lat' dir='ltr'><strong>nam</strong></span> <span class='ocrx_word' id='word_1_836' title='bbox 1645 2268 1690 2291; x_wconf 85' lang='lat' dir='ltr'><strong>aut</strong></span> <span class='ocrx_word' id='word_1_837' title='bbox 1707 2263 1786 2291; x_wconf 87' lang='lat' dir='ltr'><strong>simul</strong></span> 
     </span>
    </p>
   </div>
   <div class='ocr_carea' id='block_1_110' title="bbox 990 2310 1786 2344">
    <p class='ocr_par' dir='ltr' id='par_1_110' title="bbox 990 2310 1786 2344">
     <span class='ocr_line' id='line_1_110' title="bbox 990 2310 1786 2344; baseline -0.011 0"><span class='ocrx_word' id='word_1_838' title='bbox 990 2324 1050 2344; x_wconf 90' lang='lat' dir='ltr'><strong>eam</strong></span> <span class='ocrx_word' id='word_1_839' title='bbox 1061 2322 1165 2343; x_wconf 87' lang='lat' dir='ltr'><strong>meeum</strong></span> <span class='ocrx_word' id='word_1_840' title='bbox 1177 2313 1285 2344; x_wconf 86' lang='lat' dir='ltr'><strong>lambet,</strong></span> <span class='ocrx_word' id='word_1_841' title='bbox 1294 2317 1340 2339; x_wconf 90' lang='lat' dir='ltr'><strong>aut</strong></span> <span class='ocrx_word' id='word_1_842' title='bbox 1352 2319 1395 2339; x_wconf 90' lang='lat' dir='ltr'><strong>me</strong></span> <span class='ocrx_word' id='word_1_843' title='bbox 1406 2310 1560 2338; x_wconf 87' lang='lat' dir='ltr'><strong>admonebit</strong></span> <span class='ocrx_word' id='word_1_844' title='bbox 1576 2317 1624 2337; x_wconf 85' lang='lat' dir='ltr'><strong>cur</strong></span> <span class='ocrx_word' id='word_1_845' title='bbox 1637 2317 1691 2336; x_wconf 91' lang='lat' dir='ltr'><strong>non</strong></span> <span class='ocrx_word' id='word_1_846' title='bbox 1705 2316 1786 2343; x_wconf 90' lang='lat' dir='ltr'><strong>opor-</strong></span> 
     </span>
    </p>
   </div>
   <div class='ocr_carea' id='block_1_111' title="bbox 993 2353 1786 2396">
    <p class='ocr_par' dir='ltr' id='par_1_111' title="bbox 993 2353 1786 2396">
     <span class='ocr_line' id='line_1_111' title="bbox 993 2353 1786 2396; baseline -0.014 -6"><span class='ocrx_word' id='word_1_847' title='bbox 993 2366 1048 2390; x_wconf 89' lang='lat' dir='ltr'><strong>teat</strong></span> <span class='ocrx_word' id='word_1_848' title='bbox 1064 2361 1204 2396; x_wconf 86' lang='lat' dir='ltr'><strong>attingere.</strong></span> <span class='ocrx_word' id='word_1_849' title='bbox 1218 2358 1319 2391; x_wconf 87' lang='lat' dir='ltr'><strong>Dulcia,</strong></span> <span class='ocrx_word' id='word_1_850' title='bbox 1334 2358 1443 2392; x_wconf 89' lang='lat' dir='ltr'><strong>inquam</strong></span> <span class='ocrx_word' id='word_1_851' title='bbox 1454 2375 1461 2389; x_wconf 93' lang='lat'><strong>,</strong></span> <span class='ocrx_word' id='word_1_852' title='bbox 1474 2355 1557 2390; x_wconf 85' lang='lat' dir='ltr'><strong>magis</strong></span> <span class='ocrx_word' id='word_1_853' title='bbox 1571 2359 1691 2382; x_wconf 88' lang='lat' dir='ltr'><strong>metuere</strong></span> <span class='ocrx_word' id='word_1_854' title='bbox 1705 2353 1786 2380; x_wconf 87' lang='lat' dir='ltr'><strong>Navi-</strong></span> 
     </span>
    </p>
   </div>
   <div class='ocr_carea' id='block_1_112' title="bbox 991 2399 1786 2443">
    <p class='ocr_par' dir='ltr' id='par_1_112' title="bbox 991 2399 1786 2443">
     <span class='ocr_line' id='line_1_112' title="bbox 991 2399 1786 2443; baseline -0.013 -8"><span class='ocrx_word' id='word_1_855' title='bbox 991 2408 1050 2443; x_wconf 79' lang='lat' dir='ltr'><strong>gius</strong></span> <span class='ocrx_word' id='word_1_856' title='bbox 1063 2406 1182 2439; x_wconf 85' lang='lat' dir='ltr'><strong>deberet,</strong></span> <span class='ocrx_word' id='word_1_857' title='bbox 1198 2404 1291 2439; x_wconf 87' lang='lat' dir='ltr'><strong>splene</strong></span> <span class='ocrx_word' id='word_1_858' title='bbox 1304 2402 1410 2430; x_wconf 83' lang='lat' dir='ltr'><strong>vitiOso.</strong></span> <span class='ocrx_word' id='word_1_859' title='bbox 1424 2402 1473 2429; x_wconf 88' lang='lat' dir='ltr'><strong>llic</strong></span> <span class='ocrx_word' id='word_1_860' title='bbox 1487 2401 1531 2429; x_wconf 93' lang='lat' dir='ltr'><strong>ille</strong></span> <span class='ocrx_word' id='word_1_861' title='bbox 1543 2400 1680 2428; x_wconf 84' lang='lat' dir='ltr'><strong>arridens:</strong></span> <span class='ocrx_word' id='word_1_862' title='bbox 1693 2399 1786 2430; x_wconf 80' lang='lat' dir='ltr'><strong>Plane,</strong></span> 
     </span>
    </p>
   </div>
   <div class='ocr_carea' id='block_1_113' title="bbox 993 2445 1787 2491">
    <p class='ocr_par' dir='ltr' id='par_1_113' title="bbox 993 2445 1787 2491">
     <span class='ocr_line' id='line_1_113' title="bbox 993 2445 1787 2491; baseline -0.015 -8"><span class='ocrx_word' id='word_1_863' title='bbox 993 2455 1088 2491; x_wconf 91' lang='lat' dir='ltr'><strong>inquit,</strong></span> <span class='ocrx_word' id='word_1_864' title='bbox 1100 2461 1144 2481; x_wconf 91' lang='lat' dir='ltr'><strong>me</strong></span> <span class='ocrx_word' id='word_1_865' title='bbox 1158 2452 1218 2480; x_wconf 87' lang='lat' dir='ltr'><strong>talia</strong></span> <span class='ocrx_word' id='word_1_866' title='bbox 1232 2450 1375 2478; x_wconf 88' lang='lat' dir='ltr'><strong>sanabunt.</strong></span> <span class='ocrx_word' id='word_1_867' title='bbox 1389 2449 1454 2476; x_wconf 84' lang='lat' dir='ltr'><strong>Nam</strong></span> <span class='ocrx_word' id='word_1_868' title='bbox 1468 2448 1560 2475; x_wconf 90' lang='lat' dir='ltr'><strong>nescio</strong></span> <span class='ocrx_word' id='word_1_869' title='bbox 1573 2445 1706 2481; x_wconf 88' lang='lat' dir='ltr'><strong>quomodo</strong></span> <span class='ocrx_word' id='word_1_870' title='bbox 1720 2452 1787 2472; x_wconf 84' lang='lat' dir='ltr'><strong>con-</strong></span> 
     </span>
    </p>
   </div>
   <div class='ocr_carea' id='block_1_114' title="bbox 992 2491 1790 2531">
    <p class='ocr_par' dir='ltr' id='par_1_114' title="bbox 992 2491 1790 2531">
     <span class='ocr_line' id='line_1_114' title="bbox 992 2491 1790 2531; baseline -0.015 -2"><span class='ocrx_word' id='word_1_871' title='bbox 992 2505 1092 2529; x_wconf 87' lang='lat' dir='ltr'><strong>tortum</strong></span> <span class='ocrx_word' id='word_1_872' title='bbox 1107 2500 1159 2527; x_wconf 89' lang='lat' dir='ltr'><strong>hoc</strong></span> <span class='ocrx_word' id='word_1_873' title='bbox 1168 2503 1195 2526; x_wconf 89' lang='lat' dir='ltr'><strong>et</strong></span> <span class='ocrx_word' id='word_1_874' title='bbox 1209 2497 1370 2528; x_wconf 86' lang='lat' dir='ltr'><strong>aculeatum,</strong></span> <span class='ocrx_word' id='word_1_875' title='bbox 1381 2495 1450 2531; x_wconf 93' lang='lat' dir='ltr'><strong>quod</strong></span> <span class='ocrx_word' id='word_1_876' title='bbox 1462 2493 1583 2529; x_wconf 84' lang='lat' dir='ltr'><strong>posuisti,</strong></span> <span class='ocrx_word' id='word_1_877' title='bbox 1597 2496 1626 2519; x_wconf 89' lang='lat' dir='ltr'><strong>ut</strong></span> <span class='ocrx_word' id='word_1_878' title='bbox 1638 2492 1675 2519; x_wconf 87' lang='lat' dir='ltr'><strong>ait</strong></span> <span class='ocrx_word' id='word_1_879' title='bbox 1685 2491 1738 2524; x_wconf 88' lang='lat' dir='ltr'><strong>ille,</strong></span> <span class='ocrx_word' id='word_1_880' title='bbox 1756 2491 1790 2518; x_wconf 89' lang='lat' dir='ltr'><strong>de</strong></span> 
     </span>
    </p>
   </div>
   <div class='ocr_carea' id='block_1_115' title="bbox 993 2536 1787 2581">
    <p class='ocr_par' dir='ltr' id='par_1_115' title="bbox 993 2536 1787 2581">
     <span class='ocr_line' id='line_1_115' title="bbox 993 2536 1787 2581; baseline -0.018 -5"><span class='ocrx_word' id='word_1_881' title='bbox 993 2547 1072 2575; x_wconf 89' lang='lat' dir='ltr'><strong>melle</strong></span> <span class='ocrx_word' id='word_1_882' title='bbox 1085 2545 1219 2581; x_wconf 81' lang='lat' dir='ltr'><strong>Hymetio,</strong></span> <span class='ocrx_word' id='word_1_883' title='bbox 1243 2543 1341 2571; x_wconf 82' lang='lat' dir='ltr'><strong>acriter</strong></span> <span class='ocrx_word' id='word_1_884' title='bbox 1359 2542 1436 2569; x_wconf 87' lang='lat' dir='ltr'><strong>dulce</strong></span> <span class='ocrx_word' id='word_1_885' title='bbox 1457 2544 1508 2571; x_wconf 79' lang='lat' dir='ltr'><strong>est,</strong></span> <span class='ocrx_word' id='word_1_886' title='bbox 1522 2538 1640 2572; x_wconf 86' lang='lat' dir='ltr'><strong>nihilque</strong></span> <span class='ocrx_word' id='word_1_887' title='bbox 1659 2536 1732 2564; x_wconf 83' lang='lat' dir='ltr'><strong>inﬂat</strong></span> <span class='ocrx_word' id='word_1_888' title='bbox 1748 2537 1787 2563; x_wconf 83' lang='lat' dir='ltr'><strong>vi-</strong></span> 
     </span>
    </p>
   </div>
   <div class='ocr_carea' id='block_1_116' title="bbox 994 2586 1830 2626">
    <p class='ocr_par' dir='ltr' id='par_1_116' title="bbox 994 2586 1830 2626">
     <span class='ocr_line' id='line_1_116' title="bbox 994 2586 1830 2626; baseline -0.016 -4"><span class='ocrx_word' id='word_1_889' title='bbox 994 2602 1080 2622; x_wconf 84' lang='lat' dir='ltr'><strong>scera.</strong></span> <span class='ocrx_word' id='word_1_890' title='bbox 1088 2593 1176 2626; x_wconf 86' lang='lat' dir='ltr'><strong>Quare</strong></span> <span class='ocrx_word' id='word_1_891' title='bbox 1184 2595 1269 2619; x_wconf 92' lang='lat' dir='ltr'><strong>totum</strong></span> <span class='ocrx_word' id='word_1_892' title='bbox 1281 2590 1372 2621; x_wconf 85' lang='lat' dir='ltr'><strong>etiam,</strong></span> <span class='ocrx_word' id='word_1_893' title='bbox 1384 2587 1471 2623; x_wconf 86' lang='lat' dir='ltr'><strong>palato</strong></span> <span class='ocrx_word' id='word_1_894' title='bbox 1483 2586 1644 2621; x_wconf 87' lang='lat' dir='ltr'><strong>aliquantum</strong></span> <span class='ocrx_word' id='word_1_895' title='bbox 1656 2590 1788 2615; x_wconf 85' lang='lat' dir='ltr'><strong>remorso,</strong></span> <span class='ocrx_word' id='word_1_896' title='bbox 1828 2611 1830 2617; x_wconf 32' lang='grc' dir='ltr'><strong>ν</strong></span> 
     </span>
    </p>
   </div>
   <div class='ocr_carea' id='block_1_117' title="bbox 996 2629 1788 2672">
    <p class='ocr_par' dir='ltr' id='par_1_117' title="bbox 996 2629 1788 2672">
     <span class='ocr_line' id='line_1_117' title="bbox 996 2629 1788 2672; baseline -0.016 -5"><span class='ocrx_word' id='word_1_897' title='bbox 996 2644 1084 2667; x_wconf 89' lang='lat' dir='ltr'><strong>tamen</strong></span> <span class='ocrx_word' id='word_1_898' title='bbox 1101 2641 1132 2665; x_wconf 86' lang='lat' dir='ltr'><strong>ut</strong></span> <span class='ocrx_word' id='word_1_899' title='bbox 1151 2643 1259 2672; x_wconf 90' lang='lat' dir='ltr'><strong>possum</strong></span> <span class='ocrx_word' id='word_1_900' title='bbox 1284 2633 1459 2662; x_wconf 88' lang='lat' dir='ltr'><strong>libentissime</strong></span> <span class='ocrx_word' id='word_1_901' title='bbox 1481 2632 1507 2658; x_wconf 90' lang='lat' dir='ltr'><strong>in</strong></span> <span class='ocrx_word' id='word_1_902' title='bbox 1528 2629 1656 2658; x_wconf 89' lang='lat' dir='ltr'><strong>medullas</strong></span> <span class='ocrx_word' id='word_1_903' title='bbox 1676 2629 1788 2664; x_wconf 85' lang='lat' dir='ltr'><strong>trajicio.</strong></span> 
     </span>
    </p>
   </div>
   <div class='ocr_carea' id='block_1_118' title="bbox 996 2675 1840 2715">
    <p class='ocr_par' dir='ltr' id='par_1_118' title="bbox 996 2675 1840 2715">
     <span class='ocr_line' id='line_1_118' title="bbox 996 2675 1840 2715; baseline -0.015 -2"><span class='ocrx_word' id='word_1_904' title='bbox 996 2685 1054 2713; x_wconf 87' lang='lat' dir='ltr'><strong>Non</strong></span> <span class='ocrx_word' id='word_1_905' title='bbox 1065 2684 1136 2712; x_wconf 88' lang='lat' dir='ltr'><strong>enim</strong></span> <span class='ocrx_word' id='word_1_906' title='bbox 1151 2682 1230 2710; x_wconf 88' lang='lat' dir='ltr'><strong>video</strong></span> <span class='ocrx_word' id='word_1_907' title='bbox 1242 2679 1377 2715; x_wconf 90' lang='lat' dir='ltr'><strong>quomodo</strong></span> <span class='ocrx_word' id='word_1_908' title='bbox 1390 2676 1512 2712; x_wconf 74' lang='lat' dir='ltr'><strong>redargui</strong></span> <span class='ocrx_word' id='word_1_909' title='bbox 1526 2675 1609 2711; x_wconf 88' lang='lat' dir='ltr'><strong>possit</strong></span> <span class='ocrx_word' id='word_1_910' title='bbox 1620 2675 1670 2702; x_wconf 88' lang='lat' dir='ltr'><strong>ista</strong></span> <span class='ocrx_word' id='word_1_911' title='bbox 1680 2675 1789 2703; x_wconf 72' lang='lat' dir='ltr'><strong>conclu—</strong></span> <span class='ocrx_word' id='word_1_912' title='bbox 1827 2675 1840 2695; x_wconf 67' lang='grc' dir='ltr'><strong>ε</strong></span> 
     </span>
    </p>
   </div>
   <div class='ocr_carea' id='block_1_119' title="bbox 996 2720 1789 2758">
    <p class='ocr_par' dir='ltr' id='par_1_119' title="bbox 996 2720 1789 2758">
     <span class='ocr_line' id='line_1_119' title="bbox 996 2720 1789 2758; baseline -0.015 0"><span class='ocrx_word' id='word_1_913' title='bbox 996 2731 1047 2758; x_wconf 90' lang='lat' dir='ltr'><strong>sio.</strong></span> <span class='ocrx_word' id='word_1_914' title='bbox 1072 2730 1185 2757; x_wconf 85' lang='lat' dir='ltr'><strong>Prorsus</strong></span> <span class='ocrx_word' id='word_1_915' title='bbox 1207 2726 1281 2754; x_wconf 93' lang='lat' dir='ltr'><strong>nullo</strong></span> <span class='ocrx_word' id='word_1_916' title='bbox 1303 2723 1384 2752; x_wconf 90' lang='lat' dir='ltr'><strong>modo</strong></span> <span class='ocrx_word' id='word_1_917' title='bbox 1407 2726 1506 2758; x_wconf 87' lang='lat' dir='ltr'><strong>potest,</strong></span> <span class='ocrx_word' id='word_1_918' title='bbox 1529 2720 1615 2755; x_wconf 88' lang='lat' dir='ltr'><strong>inquit</strong></span> <span class='ocrx_word' id='word_1_919' title='bbox 1638 2720 1789 2756; x_wconf 81' lang='lat' dir='ltr'><strong>Trygetins.</strong></span> 
     </span>
    </p>
   </div>
   <div class='ocr_carea' id='block_1_120' title="bbox 996 2766 1788 2811">
    <p class='ocr_par' dir='ltr' id='par_1_120' title="bbox 996 2766 1788 2811">
     <span class='ocr_line' id='line_1_120' title="bbox 996 2766 1788 2811; baseline -0.018 -6"><span class='ocrx_word' id='word_1_920' title='bbox 996 2777 1083 2811; x_wconf 88' lang='lat' dir='ltr'><strong>Quare</strong></span> <span class='ocrx_word' id='word_1_921' title='bbox 1102 2773 1205 2810; x_wconf 83' lang='lat' dir='ltr'><strong>gaudeo</strong></span> <span class='ocrx_word' id='word_1_922' title='bbox 1219 2771 1322 2808; x_wconf 89' lang='lat' dir='ltr'><strong>jamdiu</strong></span> <span class='ocrx_word' id='word_1_923' title='bbox 1333 2777 1394 2798; x_wconf 87' lang='lat' dir='ltr'><strong>cum</strong></span> <span class='ocrx_word' id='word_1_924' title='bbox 1408 2768 1460 2796; x_wconf 90' lang='lat' dir='ltr'><strong>illis</strong></span> <span class='ocrx_word' id='word_1_925' title='bbox 1473 2775 1515 2795; x_wconf 93' lang='lat' dir='ltr'><strong>me</strong></span> <span class='ocrx_word' id='word_1_926' title='bbox 1529 2766 1680 2794; x_wconf 87' lang='lat' dir='ltr'><strong>inimicitias</strong></span> <span class='ocrx_word' id='word_1_927' title='bbox 1695 2772 1788 2793; x_wconf 80' lang='lat' dir='ltr'><strong>susce-</strong></span> 
     </span>
    </p>
   </div>
   <div class='ocr_carea' id='block_1_121' title="bbox 1031 2852 1657 2890">
    <p class='ocr_par' dir='ltr' id='par_1_121' title="bbox 1031 2852 1657 2890">
     <span class='ocr_line' id='line_1_121' title="bbox 1031 2852 1657 2890; baseline -0.019 -3"><span class='ocrx_word' id='word_1_928' title='bbox 1031 2863 1088 2887; x_wconf 75' lang='lat' dir='ltr'><strong>&#39;Er.</strong></span> <span class='ocrx_word' id='word_1_929' title='bbox 1101 2864 1224 2887; x_wconf 56' lang='grc' dir='ltr'><strong>γυιων.</strong></span> <span class='ocrx_word' id='word_1_930' title='bbox 1237 2859 1351 2890; x_wconf 68' lang='lat' dir='ltr'><strong>veritatis,</strong></span> <span class='ocrx_word' id='word_1_931' title='bbox 1365 2861 1387 2883; x_wconf 83' lang='lat' dir='ltr'><strong>et</strong></span> <span class='ocrx_word' id='word_1_932' title='bbox 1399 2862 1445 2882; x_wconf 84' lang='lat' dir='ltr'><strong>non</strong></span> <span class='ocrx_word' id='word_1_933' title='bbox 1466 2852 1595 2880; x_wconf 71' lang='lat' dir='ltr'><strong>inveniunt.</strong></span> <span class='ocrx_word' id='word_1_934' title='bbox 1629 2856 1657 2876; x_wconf 83' lang='grc' dir='ltr'><strong>Μ.</strong></span> 
     </span>
    </p>
   </div>
  </div>
