4096 6368
284 5174 515 5399 κά

540 454 703 529 pisse.
728 450 862 509 Nam
886 436 1073 505 nescio
1100 450 1203 514 qua
1230 434 1532 508 impellente
1559 438 1769 493 natura,
1800 425 1991 529 velunt
2022 432 2118 529 ve;

540 509 869 609 iius‘dicam,
899 540 1031 604 Deo,
1075 509 1234 590 etiam
1270 527 1514 584 nesciens
1551 517 1817 591 quomodo
1845 509 2118 570 refellendi

541 642 739 697 essent,
771 642 946 685 tamen
970 626 1047 681 eis
1074 621 1231 678 nimis
1252 613 1587 672 advorsabar.

609 727 699 782 15.
719 692 816 779 llic
833 717 1101 776 Licentius
1124 731 1139 767 :
1160 712 1290 780 Ego,
1313 705 1501 776 inquit,
1517 702 1635 757 illos
1653 696 1886 754 nondum
1906 692 2115 747 desero.

542 818 706 890 Ergo,
735 817 808 870 ait
831 808 1109 882 Trygetius
1127 846 1141 871 ,
1172 798 1421 890 dissentis
1446 811 1477 850 a
1499 786 2116 890 nobis‘ll‘iumquidna'm,

539 874 650 966 illev
676 874 863 977 inquit,
897 874 991 955 vos
1034 898 1101 952 ab
1141 891 1331 964 Alypio
1369 882 1694 977 dissentitis?
1724 880 1821 977 Ctti
1840 892 1943 977 ego
1967 874 2117 977 :A-Non

538 967 1006 1063 dubitoiinquam,
1031 984 1157 1057 quin
1182 983 1227 1037 si
1252 981 1461 1035 adesset
1487 973 1732 1046 Alypius,
1762 970 1887 1063 huic
1914 967 2116 1022 ratiun-

538 1091 672 1147 cula:
698 1060 930 1142 cederet.
965 1078 1079 1134 Non
1106 1074 1246 1130 enim
1277 1079 1383 1125 tam
1412 1064 1640 1122 absurde
1664 1060 1863 1117 sentire
1890 1064 2113 1129 poterat,

539 1188 600 1236 ut
617 1186 707 1233 aut
724 1176 909 1230 beatus
930 1169 1021 1223 ille
1039 1169 1056 1199 ί
1073 1164 1363 1224 videretur,
1380 1158 1470 1228 qui
1491 1163 1693 1211 tantum
1711 1153 1912 1208 bonum
1931 1148 2114 1212 animi,

538 1270 678 1342 quod
703 1263 1069 1321 ardentissime
1090 1257 1250 1312 vellet
1278 1252 1495 1315 habere,
1520 1263 1629 1303 non
1655 1244 2017 1342 haberet,gaut
2050 1238 2117 1292 il-

538 1334 618 1413 los
643 1355 782 1411 nolle
808 1349 1044 1407 invenire
1069 1346 1364 1404 veritatem,
1391 1346 1481 1393 aut
1512 1352 1634 1393 eum
1672 1335 1761 1405 qui
1799 1334 1985 1388 beatus
2009 1343 2115 1384 non

537 1450 606 1505 sit
631 1462 749 1504 esse
773 1444 1066 1513 sapientem
1089 1457 1102 1491 :
1125 1451 1246 1491 nam
1269 1433 1352 1488 his
1379 1432 1564 1495 tribus,
1588 1427 1737 1499 quasi
1755 1425 1934 1491 melle,
1954 1422 2113 1489 farre,

536 1549 694 1609 atque
721 1532 943 1599 nucleis,
975 1527 1103 1583 illud
1144 1524 1285 1595 quod
1327 1521 1520 1577 metuis
1554 1526 1786 1590 gustare,
1816 1513 2117 1609 confectum

536 1605 842 1691 est’.lllene,
866 1622 1063 1692 inquit;
1084 1617 1208 1673 huic
1244 1624 1350 1669 tam
1392 1626 1570 1683 parvae
1611 1620 1895 1679 puerorum
1936 1605 2117 1658 illece-

536 1720 645 1774 brae
684 1715 918 1780 cederet,
944 1707 1380 1765 Academicorum
1425 1709 1568 1757 tanta
1608 1700 1849 1754 ubertate
1884 1695 2115 1759 deserta,

536 1826 640 1881 qua
689 1806 975 1862 inundante
1006 1802 1107 1855 hoc
1150 1797 1334 1853 nescio
1382 1794 1508 1864 quid
1536 1792 1696 1881 breve
1724 1796 1814 1843 aut
1838 1788 2112 1881 obruetur,

534 1874 627 1955 aut
651 1892 1020 1968 pertrahetur?
1049 1887 1210 1956 Quasi
1239 1899 1389 1951 vero,
1422 1884 1657 1952 inquam,
1679 1879 1890 1949 longum
1918 1874 2115 1944 aliquid

537 2006 636 2046 nos
674 2000 995 2059 qumramus,
1036 1979 1331 2052 praesertim
1377 1975 1631 2030 adversus
1666 1972 1911 2043 Alypium
1947 1987 1961 2025 :
1993 1983 2115 2023 nam

537 2097 643 2137 non
671 2077 1011 2135 mediocriter
1039 2087 1198 2143 parva
1229 2072 1328 2124 ista
1357 2082 1476 2124 esse
1514 2065 1667 2121 fortia
1705 2072 1760 2119 et
1795 2063 1963 2128 utilia,
1986 2061 2116 2115 satis

536 2172 637 2227 sibi
668 2171 779 2239 ipse
822 2168 889 2223 de
928 2180 1024 2219 suo
1070 2176 1293 2231 corpore
1330 2164 1806 2227 argumentaretur.
1834 2155 1915 2209 Tu
1940 2160 2113 2207 autem

492 2292 493 2295 η
535 2265 625 2333 qui
654 2258 861 2330 clegisti
888 2257 954 2335 de
978 2253 1212 2309 absentis
1237 2252 1547 2306 auctoritate
1586 2247 1836 2319 pendere,
1863 2244 1989 2315 quid
2015 2245 2114 2297 ho-

534 2368 651 2408 rum
687 2365 793 2404 non
838 2334 1069 2417 prebas?
1094 2342 1279 2398 Utrum
1324 2341 1536 2395 beatum
1562 2353 1667 2393 non
1696 2353 1835 2405 esse,
1862 2336 1948 2407 qui
1973 2334 2115 2405 quod

532 2444 644 2497 vult
682 2455 787 2495 non
819 2437 1016 2492 habet?
1037 2451 1102 2489 an
1132 2434 1250 2488 illos
1281 2446 1444 2503 negas
1467 2430 1603 2486 velle
1627 2429 1824 2484 habere
1848 2428 2114 2483 inventam

536 2532 838 2595 veritatem,
868 2541 1026 2598 quam
1072 2525 1415 2579 vehementer
1456 2520 1766 2591 inquirunt?
1809 2534 1875 2573 an
1908 2518 2116 2572 videtur

532 2624 628 2679 tibi
655 2622 929 2692 quisquam
950 2618 1162 2687 sapiens
1182 2631 1289 2669 non
1314 2614 1536 2669 beatus?
1564 2614 1789 2668 Prorsus
1810 2612 1992 2667 beatus
2008 2619 2111 2677 est,

533 2713 723 2782 inquit,
755 2710 843 2779 qui
872 2707 1013 2778 quod
1039 2705 1151 2761 vult
1179 2720 1286 2759 non
1315 2703 1506 2769 habet,
1535 2704 1686 2774 quasi
1723 2702 2116 2758 stomachanter

531 2802 794 2857 arridens.
845 2797 996 2864 Quod
1048 2811 1171 2850 cum
1212 2794 1454 2865 juberem
1504 2802 1562 2848 ut
1608 2794 1970 2849 scriberetur:
1999 2793 2113 2849 Non

531 2895 662 2960 dixi,
700 2894 872 2962 inquit
918 2892 1238 2948 exclamans.
1286 2889 1439 2957 Quod
1483 2890 1610 2944 item
1660 2904 1779 2944 cum
1823 2904 2113 2944 annuerem

534 2986 695 3041 scribi
720 3003 732 3038 :
754 2985 895 3047 Dixi,
926 2983 1112 3054 inquit.
1136 2983 1309 3053 Atque
1339 2996 1440 3052 ego
1473 2981 1653 3037 semel.
1678 2996 2031 3052 praeceperam
2058 2990 2116 3037 ut

531 3075 734 3130 nullum
759 3074 979 3129 verbum
1004 3081 1198 3144 praeter
1223 3073 1423 3127 litteras
1450 3071 1778 3127 funderetur.
1817 3072 1893 3127 Ita
1931 3072 2113 3128 adole-

531 3175 765 3221 scentem
787 3164 925 3219 inter
941 3162 1313 3219 verecundiam
1328 3173 1486 3233 atque
1502 3163 1849 3218 constantiam
1875 3164 2111 3235 exagita-

533 3268 642 3313 tum
677 3257 938 3313 tenebam.

605 3348 691 3403 16.
718 3347 822 3403 Sed
862 3362 980 3401 eum
1020 3346 1103 3402 his
1128 3345 1304 3401 verbis
1326 3360 1446 3401 eum
1470 3345 1731 3415 iocantes,
1759 3346 1907 3415 quasi
1932 3345 1997 3401 ad
2023 3362 2112 3402 ve-

531 3440 782 3496 scendam
806 3439 1114 3508 particulam
1141 3452 1287 3492 suam
1308 3452 1740 3507 provocaremus,
1763 3437 2111 3492 animadverti

532 3540 755 3586 czt-teros
780 3530 857 3585 rei
888 3530 1047 3584 totius
1076 3529 1308 3599 ignaros,
1335 3527 1429 3582 sed
1452 3528 1590 3583 scire
1609 3529 1881 3598 cupientes
1896 3528 2019 3598 quid
2042 3528 2115 3582 in-

533 3632 613 3676 ter
636 3637 734 3676 nos
766 3621 909 3675 solos
938 3629 1043 3673 tam
1082 3618 1314 3688 jucunde
1340 3626 1605 3687 ageretur,
1632 3618 1746 3672 sine
1774 3619 1883 3672 risu
1913 3633 2007 3673 nos
2034 3618 2114 3671 in-

531 3714 687 3768 tueri.
716 3712 815 3780 Qui
837 3712 964 3765 mihi
992 3724 1208 3780 prorsus
1228 3709 1428 3763 similes
1443 3709 1543 3764 visi
1562 3717 1703 3773 sunt,
1721 3708 1860 3778 quod
1880 3710 2113 3779 plerum-

532 3818 634 3872 que
676 3803 790 3858 fieri
833 3803 999 3865 solet,
1032 3800 1097 3854 iis
1121 3800 1212 3869 qui
1240 3814 1361 3853 cum
1391 3799 1669 3867 epulantur
1698 3799 1834 3853 inter
1860 3797 2111 3853 avidissi-

531 3910 649 3949 mos
676 3894 1153 3962 rapacissimosque
1174 3891 1443 3957 convivas,
1481 3905 1513 3944 a
1550 3890 1801 3960 rapiendo
1827 3892 1910 3945 vel
1934 3892 2112 3960 gravi-

532 3990 637 4039 tate
662 4000 781 4038 sese
813 3984 1099 4048 abstinent,
1125 3983 1205 4036 vel
1231 3981 1434 4051 pudore
1464 3990 1746 4037 terrentur.
1780 3983 1843 4036 Et
1866 3983 1987 4053 quia
2013 3999 2113 4054 ego

532 4076 900 4137 iuvitaveram,
929 4082 983 4127 et
1017 4072 1195 4142 magni
1223 4072 1493 4142 cujusdam
1533 4072 1761 4127 hominis
1810 4088 2108 4141 personam,

531 4178 691 4236 atque
732 4175 789 4219 ut
835 4174 1001 4220 totum
1045 4164 1322 4233 explicem,
1347 4164 1455 4219 veri
1490 4164 1718 4220 hominis
1745 4165 1902 4219 etiam
1930 4165 1981 4219 in
2008 4166 2112 4222 illis

531 4259 703 4327 epulis
730 4257 1064 4311 invitatorem
1085 4256 1355 4326 gerebam,
1375 4256 1637 4312 sustinere
1656 4271 1760 4311 non
1784 4256 1948 4326 potui,
1967 4272 2113 4312 com—

537 4350 808 4419 movitque
838 4349 1061 4404 me’illa
1103 4349 1432 4419 intrqualitas
1461 4364 1657 4405 mensae
1696 4358 1891 4404 nostra:
1925 4359 1980 4405 et
2005 4349 2113 4404 dis-

533 4440 828 4509 crepantia.
868 4440 1036 4495 Art-isi
1082 4440 1258 4494 matri.
1302 4440 1478 4509 Atque
1522 4440 1607 4493 illa
1645 4439 1914 4495 liberrime
1970 4440 2110 4510 quod

534 4533 708 4587 minus
747 4530 1031 4596 habebant,
1062 4531 1212 4601 quasi
1261 4529 1327 4586 de
1368 4546 1464 4586 suo
1508 4530 1723 4587 cellario
1763 4531 2109 4600 promendum

534 4624 803 4692 imperans
840 4639 853 4674 :
893 4621 1010 4677 Jam
1051 4621 1137 4677 dic
1182 4622 1355 4689 nobis,
1386 4610 1574 4692 inquit,
1606 4629 1659 4676 et
1683 4622 1845 4677 redde
1884 4623 1972 4692 qui
2006 4622 2114 4677 sint

531 4714 618 4768 isti
649 4711 971 4778 Academici,
1000 4720 1057 4767 et
1095 4712 1221 4782 quid
1261 4713 1361 4768 sibi
1388 4711 1589 4768 velint?
1611 4712 1705 4768 Cui
1734 4713 1966 4769 breviter
1990 4730 2108 4769 cum

530 4807 893 4876 exposuissem
920 4814 1227 4875 aperteque,
1255 4805 1327 4859 ita
1372 4812 1429 4859 ut
1469 4820 1625 4860 nemo
1665 4805 1870 4860 illorum
1898 4805 2111 4875 ignarus

530 4894 870 4950 abscederet:
896 4895 985 4950 lsti
1030 4894 1291 4961 homines,
1320 4895 1506 4964 inquit,
1535 4894 1799 4951 caducarii
1840 4904 1962 4950 sunt
1984 4896 2111 4968 (quo
2132 4947 2145 4957 ,

536 4989 751 5043 nomine
775 4988 933 5058 vulgo
956 4987 1093 5057 apud
1116 5001 1214 5042 nos
1231 4998 1505 5053 vocantur,
1523 5002 1657 5057 quos
1671 4987 1950 5042 comitialis
1969 5002 2112 5042 mor-

533 5079 634 5133 bus
680 5078 994 5151 subvertit),
1026 5087 1079 5133 et
1106 5079 1264 5133 simul
1289 5078 1514 5133 surrexit
1534 5086 1590 5132 ut
1609 5079 1810 5143 abiret;
1837 5085 1997 5148 atque
2025 5079 2111 5135 hic

531 5183 721 5224 omnes
748 5170 853 5225 laeti
881 5184 945 5225 ac
972 5169 1226 5235 ridentes,
1255 5167 1566 5239 interposito
1606 5168 1708 5225 line
1745 5168 2106 5226 discessimus.

594 5325 611 5356 ι
642 5323 750 5385 Illi,
775 5327 911 5387 juxta
934 5330 1007 5373 Er.
1030 5331 1223 5387 bonust.

593 5387 615 5417 ²
638 5383 744 5455 ayss;
763 5383 988 5455 undecim
1012 5401 1025 5436 :
1056 5394 1109 5435 In
1129 5383 1228 5455 illis
1249 5383 1402 5455 epulis
1438 5383 1735 5455 imitatorem
1767 5388 1999 5455 sustinere
2029 5392 2113 5455 dog

530 5446 687 5511 cauti,
714 5447 961 5511 commovit
977 5460 1053 5498 me
1073 5447 1163 5511 ;_ad
1181 5446 1330 5511 quam
1340 5446 1609 5511 lectionem
1624 5463 1774 5511 prope
1789 5452 2111 5503 acceduntalii

529 5509 627 5572 duo
657 5510 741 5572 qui
772 5510 960 5567 ferunt,
992 5506 1285 5560 sustinebam
1314 5508 1474 5569 docti,
1510 5506 1756 5562 cmninmi't
1786 5525 1878 5563 me.
1913 5520 2113 5562 Fortenn

529 5569 760 5635 docuerat
790 5572 1068 5635 Theodorus
1085 5572 1169 5635 cui
1205 5572 1460 5635 tractandae
1491 5585 1574 5622 res
1609 5581 1778 5623 essent
1808 5587 1918 5623 cum
1963 5575 2113 5635 impe-

530 5631 854 5699 ritioribusgin
881 5632 1171 5699 ejuscemodi
1204 5630 1470 5699 colloquiis.
1508 5635 1552 5683 ld
1585 5636 1711 5699 quod
1739 5636 1966 5699 suspicari
2000 5630 2113 5689 licet

530 5702 590 5740 ex
616 5694 697 5742 lit).
726 5696 743 5743 -l
774 5697 836 5745 de
860 5696 1053 5753 Ordine,
1072 5708 1174 5754 cap.
1206 5693 1277 5742 ll.

1593 314 1682 373 DE
1719 304 1946 367 BEATA
1985 299 2168 368 VITA,
2209 302 2265 357 S.
2308 301 2677 359 AUGUSTINI

3712 297 3817 353 968

2224 414 2451 472 CAPUT
2490 415 2578 469 lll.
2598 446 2668 457 —--
2695 412 2977 485 Disputatio
2997 411 3229 466 secundae
3246 410 3363 465 diei.
3383 408 3507 476 Qui:
3537 408 3696 463 Deum
3718 411 3818 462 ha-

2294 509 2404 562 beat
2427 524 2484 563 eo
2512 506 2663 561 modo
2696 516 2751 559 ut
2784 505 2955 559 beatus
2990 503 3076 558 sit.
3108 502 3331 574 Spiritus
3368 500 3660 555 immundus
3689 504 3817 555 duo-

2293 600 2385 655 bus
2408 598 2570 653 modis
2590 596 2840 667 appellari
2859 594 3004 650 solet.

2296 693 2384 748 l7.
2417 689 2678 746 Postridie
2714 696 2893 743 autem
2930 701 3052 742 cum
3078 688 3205 741 item
3233 693 3355 755 post
3380 683 3684 754 prandium,
3713 683 3810 738 sed

2222 782 2491 853 aliquanto
2517 794 2676 851 quam
2715 778 2883 849 pridie
2923 777 3116 844 serius,
3146 776 3309 832 iidem
3349 774 3653 844 ibidemque
3680 789 3813 828 con-

2224 867 2799 936 sedissemuszTarde,
2828 868 3067 937 inquam,
3108 866 3331 920 venistis
3368 865 3436 919 ad
3475 863 3814 919 convivium:

2220 961 2361 1031 quod
2390 961 2539 1017 vobis
2568 975 2675 1015 non
2700 959 2963 1014 cruditate
2990 957 3249 1013 accidisse
3268 957 3516 1022 arbitror,
3547 955 3643 1011 sed
3675 970 3813 1025 pau-

2220 1051 2393 1105 citatis
2433 1049 2749 1105 ferculorum
2777 1048 3094 1113 securitate;
3124 1046 3267 1117 quod
3308 1061 3415 1101 non
3451 1054 3560 1100 tam
3603 1053 3819 1101 mature

2221 1126 2635 1214 aggrediendum
2662 1142 2834 1196 visum
2865 1148 2970 1206 est,
2999 1139 3140 1209 quod
3161 1140 3266 1195 cito
3280 1152 3376 1193 vos
3403 1152 3693 1208 peresuros
3721 1152 3821 1206 pu-

2221 1235 2391 1289 tastis.
2421 1232 2537 1287 Non
2565 1232 2789 1286 multum
2815 1230 2956 1285 enim
2978 1229 3321 1300 reliquiarum
3347 1226 3671 1283 credendum
3694 1240 3823 1285 erat

2220 1324 2558 1391 remansisse,
2586 1323 2675 1378 ubi
2704 1322 2791 1378 die
2829 1322 2945 1391 ipso
2986 1329 3145 1391 atque
3172 1320 3506 1376 solemnitate
3552 1328 3660 1373 tam
3703 1318 3819 1372 exi-

2219 1430 2381 1486 guum
2429 1422 2701 1484 repertum
2732 1421 2866 1467 erat.
2894 1412 3144 1467 Fortasse
3179 1420 3345 1465 recte.
3374 1410 3478 1465 Sed
3495 1408 3621 1479 quid
3659 1408 3816 1463 vobis

2220 1512 2571 1577 praeparatum
2611 1504 2701 1569 sit,
2724 1518 2824 1573 ego
2867 1517 3076 1572 quoque
3115 1501 3389 1556 vobiscum
3434 1502 3637 1555 nescio.
3659 1499 3817 1554 Alius

2219 1607 2303 1653 est
2322 1596 2464 1651 enim
2491 1596 2580 1666 qui
2605 1596 2851 1650 omnibus
2867 1609 2987 1650 cum
3015 1609 3200 1648 omnes
3223 1594 3262 1661 ¹,
3290 1602 3401 1650 tum
3420 1594 3649 1648 maxime
3676 1594 3814 1647 tales

2219 1688 2403 1758 epulas
2434 1686 2672 1755 prazbere
2699 1701 2803 1740 non
2834 1693 3006 1739 cessat
3039 1702 3052 1737 ε
3098 1684 3196 1739 sed
3236 1698 3335 1737 nos
3371 1683 3438 1739 ab
3466 1682 3696 1748 edendo,
3722 1682 3813 1736 vel

2220 1776 2601 1843 imbecillitate,
2643 1775 2730 1830 vel
2780 1776 3074 1841 saturitate,
3102 1774 3187 1828 vel
3236 1773 3448 1843 negotio
3487 1773 3811 1841 plerumque

2218 1880 2699 1936 cessamus:quem
2727 1874 3031 1919 manentem
3060 1867 3112 1917 in
3148 1863 3449 1918 hominibus
3489 1862 3674 1917 beatos
3711 1876 3812 1915 eos

2219 1957 2414 2024 facere,
2445 1958 2583 2011 inter
2602 1971 2701 2010 nos
2721 1955 2856 2020 heri,
2878 1954 2932 2008 ni
2954 1953 3127 2020 fallor,
3149 1954 3236 2023 pie
3255 1961 3661 2022 constanterque
3676 1966 3811 2006 con-

2218 2056 2455 2102 venerat.
2487 2048 2618 2102 Nam
2661 2062 2784 2129 09m
2823 2047 2958 2102 ratio
2998 2046 3417 2101 demonstrasset
3439 2060 3561 2099 eum
3590 2045 3810 2099 beatum

2217 2151 2337 2192 esse
2364 2138 2456 2208 qui
2485 2137 2653 2192 Deum
2692 2137 2933 2204 haberet,
2959 2150 3059 2191 nec
3094 2135 3218 2189 huic
3253 2135 3530 2205 quisquam
3566 2144 3814 2190 vestrum

2218 2229 2495 2284 sententiae
2523 2229 2827 2296 restitisset,
2856 2229 3139 2299 quaesitum
3167 2236 3251 2282 est
3277 2227 3517 2296 quisnam
3543 2228 3696 2282 vobis
3723 2228 3813 2281 vi-

2216 2316 2435 2373 deretur
2455 2318 2622 2373 Deum
2662 2318 2880 2375 habere.
2916 2318 2994 2372 De
3034 2332 3136 2386 qua
3178 2331 3257 2384 re,
3306 2317 3350 2371 si
3384 2317 3521 2372 bene
3563 2317 3811 2379 memini,

2218 2416 2325 2463 tres
2360 2408 2640 2463 sententia:
2677 2408 2833 2464 dictae
2880 2416 3024 2462 sunt.
3050 2407 3184 2463 Nam
3220 2407 3356 2477 parti
3387 2407 3600 2477 placuit,
3632 2407 3811 2461 Deum

2217 2498 2416 2555 habere
2441 2500 2592 2554 illum
2622 2501 2711 2571 qui
2736 2515 2798 2556 ea
2828 2499 3027 2555 faceret
3051 2514 3169 2570 quae
3197 2499 3337 2555 Deus
3367 2500 3542 2555 vellet.
3573 2498 3813 2566 Quidam

2216 2598 2394 2645 autem
2420 2590 2670 2645 dixerunt
2694 2590 2835 2661 quod
2867 2591 2913 2646 is
2941 2591 3110 2647 Deum
3136 2590 3371 2655 haberet,
3417 2592 3507 2661 qui
3546 2590 3684 2645 bene
3724 2590 3815 2643 vi-

2216 2691 2384 2737 veret.
2411 2682 2651 2753 Reliquis
2680 2697 2807 2738 vero
2835 2682 2888 2737 in
2913 2682 2991 2738 eis
3018 2682 3159 2737 Deus
3179 2696 3299 2737 esse
3318 2682 3461 2737 visus
3478 2690 3580 2748 est,
3608 2682 3662 2736 in
3684 2680 3813 2751 qni-

2215 2772 2317 2847 bus
2345 2774 2433 2844 qui
2469 2772 2771 2828 immundus
2799 2772 3115 2842 appellatur,
3146 2772 3361 2842 spiritus
3385 2788 3491 2827 non
3516 2782 3617 2826 est.

2288 2864 2375 2920 18.
2404 2864 2509 2919 Sed
2534 2864 2759 2919 fortasse
2777 2878 2967 2918 omnes
2993 2863 3216 2917 diversis
3234 2863 3409 2917 verbis
3433 2876 3595 2915 unum
3626 2859 3807 2914 idem-

2215 2970 2319 3025 que
2360 2955 2619 3011 sensistis.
2657 2954 2787 3009 Nam
2830 2954 2877 3010 si
2922 2953 3028 3010 duo
3068 2955 3237 3023 prima
3288 2953 3708 3019 consideremus,
3738 2957 3805 3008 et

2216 3047 2389 3101 omnis
2428 3045 2518 3115 qui
2552 3044 2689 3099 bene
2736 3044 2904 3111 vivit,
2941 3058 3003 3099 ea
3041 3042 3168 3099 facit
3209 3059 3327 3113 qua:
3358 3043 3471 3098 vult
3512 3043 3687 3108 Deus;
3741 3050 3811 3097 et

2216 3136 2390 3191 omnis
2425 3135 2514 3205 qui
2551 3149 2614 3190 ea
2651 3134 2775 3190 facit
2809 3150 2930 3204 qua:
2979 3134 3093 3189 vult
3129 3135 3306 3200 Deus,
3346 3134 3481 3188 bene
3509 3134 3669 3199 vivit;
3699 3148 3810 3188 nec

2215 3225 2499 3297 quidquam
2539 3234 2622 3280 est
2665 3224 2809 3279 aliud
2850 3225 2987 3280 bene
3031 3224 3250 3290 vivere,
3297 3239 3451 3293 quam
3500 3238 3562 3279 ea
3620 3224 3806 3277 facere

2214 3332 2333 3387 quze
2381 3317 2490 3371 Deo
2538 3315 2829 3385 placeant:
2873 3306 2976 3370 nisi
3023 3313 3148 3385 quid
3195 3314 3346 3369 vobis
3389 3307 3530 3367 aliud
3563 3313 3802 3368 videtur.

2215 3406 2676 3462 Assentiebantur.
2709 3406 2948 3462 Tertium
2992 3421 3119 3462 vero
3149 3404 3275 3460 illud
3304 3407 3460 3475 paulo
3494 3405 3809 3478 diligentius

2215 3496 2654 3552 considerandum
2676 3505 2775 3563 est,
2796 3506 3076 3569 propterea
3097 3498 3236 3567 quod
3255 3497 3359 3551 ritu
3378 3497 3805 3552 castissimorum

2215 3604 2491 3644 sacrorum
2528 3589 2748 3659 spiritus
2792 3589 3097 3643 immundus
3122 3590 3142 3619 ²
3164 3629 3179 3655 ,
3229 3598 3483 3657 quantum
3529 3589 3803 3659 intelligo,

2215 3679 2421 3734 duobus
2446 3679 2617 3733 modis
2644 3679 2899 3749 appellari
2925 3679 3059 3734 solet
3084 3695 3099 3732 :
3123 3679 3206 3733 vel
3236 3680 3325 3733 ille
3352 3680 3439 3748 qui
3468 3680 3809 3736 extrinsecus

2216 3771 2416 3825 invadit
2459 3770 2690 3825 animam
2735 3784 3028 3840 sensusque
3070 3770 3382 3835 conturbat,
3427 3779 3482 3825 et
3514 3769 3805 3839 quemdam

2216 3862 2520 3918 hominibus
2564 3861 2724 3916 infert
2752 3859 3022 3927 furorem;
3054 3861 3139 3916 cui
3180 3852 3507 3915 excludenda
3536 3861 3625 3930 qui
3655 3876 3805 3931 pra:-

2216 3963 2373 4021 sunt,
2405 3969 2619 4009 manum
2647 3954 2920 4022 imponere
2954 3954 3039 4008 vel
3068 3953 3371 4007 exorcizare
3402 3953 3665 4018 dicuntur,
3697 3954 3807 4008 hoc

2214 4053 2316 4110 est,
2340 4060 2433 4114 per
2448 4044 2624 4099 divina
2651 4060 2770 4100 eum
2796 4043 3088 4113 adjurando
3108 4040 3374 4112 eXpellere
3395 4061 3407 4097 :
3432 4044 3590 4099 aliter
3617 4053 3802 4100 autem

2215 4134 2409 4189 dicitur
2435 4133 2651 4204 spiritus
2680 4133 3012 4198 immundus,
3044 4134 3216 4189 omnis
3245 4135 3464 4187 omnino
3494 4134 3665 4188 anima
3693 4134 3804 4189 im-

2217 4226 2444 4292 munda;
2467 4225 2607 4296 quod
2638 4225 2770 4279 nihil
2794 4234 2876 4281 est
2907 4224 3046 4280 aliud
3077 4241 3233 4296 quam
3268 4227 3410 4282 vitiis
3435 4236 3489 4282 et
3527 4227 3805 4283 erroribus

2216 4310 2508 4385 inquinata.
2539 4313 2717 4384 Itaque
2741 4314 2835 4369 abs
2860 4322 2912 4370 te
2940 4330 3142 4384 quaero,
3174 4325 3227 4370 tu
3255 4332 3387 4386 puer
3405 4356 3422 4383 ,
3453 4316 3541 4386 qui
3572 4316 3806 4373 fortasse

2216 4404 2488 4475 aliquanto
2525 4404 2796 4460 sereniore
2819 4420 2882 4459 ac
2919 4406 3221 4475 purgatiore
3259 4406 3446 4476 spiritu
3476 4407 3631 4461 istam
3667 4422 3803 4462 sen-

2217 4496 2436 4551 tentiam
2462 4492 2761 4565 protulisti,
2792 4495 2912 4566 quis
2938 4496 3031 4551 tibi
3057 4496 3296 4551 videatur
3322 4497 3655 4553 immtmdum
3689 4499 3806 4569 spi-

2216 4588 2376 4642 ritum
2416 4603 2523 4642 non
2554 4585 2749 4643 habere
2777 4605 2792 4642 :
2820 4588 2975 4643 illene
3003 4588 3091 4658 qui
3124 4587 3421 4643 daemonem
3461 4605 3567 4644 non
3612 4590 3799 4658 habet,

2216 4692 2321 4748 quo
2347 4678 2527 4733 vesani
2557 4676 2801 4733 homines
2840 4676 2955 4732 ﬁeri
2985 4678 3192 4744 solent;
3223 4692 3290 4733 an
3320 4673 3412 4734 ille
3435 4681 3527 4750 qui
3564 4680 3800 4735 animam

2216 4783 2365 4824 suam
2389 4784 2420 4823 a
2445 4764 2588 4823 vitiis
2619 4768 2972 4839 omnibusque
3004 4766 3235 4839 peccatis
3258 4768 3568 4824 mundavit?
3593 4769 3640 4825 Is
3665 4769 3802 4827 mihi

2217 4862 2450 4930 videtur,
2480 4860 2668 4932 inquit,
2700 4859 3030 4917 immundum
3061 4862 3303 4932 spiritum
3328 4876 3434 4917 non
3456 4861 3673 4930 habere,
3705 4864 3801 4934 qui

2215 4964 2359 5010 caste
2380 4954 2528 5009 vivit.
2557 4951 2663 5011 Sed
2692 4963 2916 5021 castum,
2943 4954 3175 5025 inquam,
3206 4971 3363 5025 quem
3383 4957 3577 5011 vocas?
3603 4972 3803 5012 eumne

2215 5045 2305 5115 qui
2332 5042 2465 5100 nihil
2489 5054 2689 5116 peccat,
2716 5060 2784 5099 an
2809 5060 2932 5101 eum
2960 5045 3049 5116 qui
3078 5045 3145 5100 ab
3170 5044 3353 5101 illicito
3375 5054 3574 5102 tantum
3602 5063 3801 5103 concu-

2216 5137 2325 5193 bitu
2354 5135 2652 5207 temperet?
2677 5137 2955 5205 Quomodo
2974 5178 2991 5207 ,
3018 5136 3215 5210 inquit,
3246 5144 3423 5195 castus
3451 5146 3630 5212 potest
3658 5155 3801 5210 esse,

2216 5396 2229 5407 .
2255 5332 2415 5407 n-0,};
2435 5333 2648 5407 omnibus
2670 5333 2743 5385 vel
2763 5347 3033 5387 communes
3050 5371 3065 5397 ,
3082 5338 3222 5401 juxta
3264 5344 3338 5386 Er.
3373 5334 3457 5388 Vel
3476 5351 3587 5388 cum
3606 5352 3768 5391 armes
3785 5374 3805 5402 ,

2210 5402 2363 5505 millia
2516 5403 2628 5505 iidd.
2654 5455 2866 5527 legitur;
2888 5459 3019 5519 Quod
3031 5459 3137 5527 _ritu
3148 5459 3523 5527 castissimum
3532 5473 3807 5512 sacrorth

2217 5530 2318 5582 que,
2332 5518 2586 5582 spirituum
2607 5518 2804 5582 spiritus
2824 5518 3114 5579 inmundus,
3142 5531 3259 5582 etc.,
3286 5523 3444 5571 minus
3466 5524 3596 5572 bene
3616 5558 3630 5581 ,
3656 5530 3710 5573 ut
3733 5526 3807 5573 in-

2218 5578 2456 5654 telligitur
2494 5583 2612 5629 satis
2632 5578 2696 5654 ex
2720 5593 2794 5649 .re
2830 5582 3046 5644 subjecta
3072 5590 3123 5631 et
3147 5596 3208 5631 ex
3247 5578 3367 5654 ’ωδεχ
3390 5598 3511 5647 quos
3534 5578 3801 5654 sequimur.

2219 5642 2300 5714 llic
2333 5640 2512 5703 nempe
2545 5640 2933 5714 castissimorum'
2954 5657 3203 5695 sacrorum
3241 5640 3437 5696 nomine
3467 5640 3808 5697 dormienda»-

2220 5712 2297 5750 tur
2320 5713 2614 5753 sacramenta
2640 5711 2895 5753 initiorum.
