  <div class='ocr_page' id='page_1' title='image "/cluster/home/n/w/nwhite01/storage/ocr_20150623/32/hvd.32044015706328/504.png"; bbox 0 0 2048 3184; ppageno 0'>
   <div class='ocr_carea' id='block_1_1' title="bbox 129 154 184 183">
    <p class='ocr_par' dir='ltr' id='par_1_1' title="bbox 129 154 184 183">
     <span class='ocr_line' id='line_1_1' title="bbox 129 154 184 183; baseline -0.018 0"><span class='ocrx_word' id='word_1_1' title='bbox 129 154 184 183; x_wconf 70' lang='lat'><strong>969</strong></span> 
     </span>
    </p>
   </div>
   <div class='ocr_carea' id='block_1_2' title="bbox 131 254 922 294">
    <p class='ocr_par' dir='ltr' id='par_1_2' title="bbox 131 254 922 294">
     <span class='ocr_line' id='line_1_2' title="bbox 131 254 922 294; baseline -0.006 -10"><span class='ocrx_word' id='word_1_2' title='bbox 131 259 168 286; x_wconf 81' lang='lat' dir='ltr'><strong>ris</strong></span> <span class='ocrx_word' id='word_1_3' title='bbox 182 257 299 294; x_wconf 75' lang='lat' dir='ltr'><strong>peccatis</strong></span> <span class='ocrx_word' id='word_1_4' title='bbox 310 264 362 284; x_wconf 91' lang='lat' dir='ltr'><strong>non</strong></span> <span class='ocrx_word' id='word_1_5' title='bbox 372 256 469 284; x_wconf 88' lang='lat' dir='ltr'><strong>desinit</strong></span> <span class='ocrx_word' id='word_1_6' title='bbox 481 255 630 289; x_wconf 82' lang='lat' dir='ltr'><strong>inquinari?</strong></span> <span class='ocrx_word' id='word_1_7' title='bbox 642 254 688 282; x_wconf 84' lang='lat' dir='ltr'><strong>ille</strong></span> <span class='ocrx_word' id='word_1_8' title='bbox 699 258 740 281; x_wconf 83' lang='lat' dir='ltr'><strong>est</strong></span> <span class='ocrx_word' id='word_1_9' title='bbox 751 261 813 281; x_wconf 83' lang='lat' dir='ltr'><strong>vero</strong></span> <span class='ocrx_word' id='word_1_10' title='bbox 823 257 922 284; x_wconf 81' lang='lat' dir='ltr'><strong>castus,</strong></span> 
     </span>
    </p>
   </div>
   <div class='ocr_carea' id='block_1_3' title="bbox 140 300 923 341">
    <p class='ocr_par' dir='ltr' id='par_1_3' title="bbox 140 300 923 341">
     <span class='ocr_line' id='line_1_3' title="bbox 140 300 923 341; baseline -0.008 -9"><span class='ocrx_word' id='word_1_11' title='bbox 140 305 176 341; x_wconf 72' lang='lat' dir='ltr'><strong>[ui</strong></span> <span class='ocrx_word' id='word_1_12' title='bbox 193 304 275 332; x_wconf 77' lang='lat' dir='ltr'><strong>Deum</strong></span> <span class='ocrx_word' id='word_1_13' title='bbox 289 302 415 335; x_wconf 81' lang='lat' dir='ltr'><strong>attendit,</strong></span> <span class='ocrx_word' id='word_1_14' title='bbox 427 307 455 330; x_wconf 87' lang='lat' dir='ltr'><strong>et</strong></span> <span class='ocrx_word' id='word_1_15' title='bbox 469 301 501 329; x_wconf 86' lang='lat' dir='ltr'><strong>ad</strong></span> <span class='ocrx_word' id='word_1_16' title='bbox 516 302 601 336; x_wconf 89' lang='lat' dir='ltr'><strong>ipsum</strong></span> <span class='ocrx_word' id='word_1_17' title='bbox 619 301 705 328; x_wconf 88' lang='lat' dir='ltr'><strong>solum</strong></span> <span class='ocrx_word' id='word_1_18' title='bbox 719 308 748 328; x_wconf 90' lang='lat' dir='ltr'><strong>se</strong></span> <span class='ocrx_word' id='word_1_19' title='bbox 763 304 844 327; x_wconf 80' lang='lat' dir='ltr'><strong>tenet.</strong></span> <span class='ocrx_word' id='word_1_20' title='bbox 859 300 923 333; x_wconf 73' lang='lat' dir='ltr'><strong>Qua:</strong></span> 
     </span>
    </p>
   </div>
   <div class='ocr_carea' id='block_1_4' title="bbox 138 345 923 383">
    <p class='ocr_par' dir='ltr' id='par_1_4' title="bbox 138 345 923 383">
     <span class='ocr_line' id='line_1_4' title="bbox 138 345 923 383; baseline -0.008 -6"><span class='ocrx_word' id='word_1_21' title='bbox 138 349 214 377; x_wconf 71' lang='lat' dir='ltr'><strong>verba</strong></span> <span class='ocrx_word' id='word_1_22' title='bbox 235 348 310 383; x_wconf 83' lang='lat' dir='ltr'><strong>pueri</strong></span> <span class='ocrx_word' id='word_1_23' title='bbox 331 349 400 376; x_wconf 89' lang='lat' dir='ltr'><strong>sicut</strong></span> <span class='ocrx_word' id='word_1_24' title='bbox 419 347 489 375; x_wconf 87' lang='lat' dir='ltr'><strong>dicta</strong></span> <span class='ocrx_word' id='word_1_25' title='bbox 510 351 604 379; x_wconf 90' lang='lat' dir='ltr'><strong>erant,</strong></span> <span class='ocrx_word' id='word_1_26' title='bbox 629 353 690 374; x_wconf 85' lang='lat' dir='ltr'><strong>cum</strong></span> <span class='ocrx_word' id='word_1_27' title='bbox 711 345 842 373; x_wconf 82' lang='lat' dir='ltr'><strong>conscribi</strong></span> <span class='ocrx_word' id='word_1_28' title='bbox 858 345 923 372; x_wconf 83' lang='lat' dir='ltr'><strong>mihi</strong></span> 
     </span>
    </p>
   </div>
   <div class='ocr_carea' id='block_1_5' title="bbox 134 391 939 430">
    <p class='ocr_par' dir='ltr' id='par_1_5' title="bbox 134 391 939 430">
     <span class='ocr_line' id='line_1_5' title="bbox 134 391 939 430; baseline -0.006 -7"><span class='ocrx_word' id='word_1_29' title='bbox 134 395 295 430; x_wconf 76' lang='lat' dir='ltr'><strong>placuisset:</strong></span> <span class='ocrx_word' id='word_1_30' title='bbox 312 394 337 422; x_wconf 83' lang='lat' dir='ltr'><strong>Is</strong></span> <span class='ocrx_word' id='word_1_31' title='bbox 351 401 424 429; x_wconf 76' lang='lat' dir='ltr'><strong>ergo,</strong></span> <span class='ocrx_word' id='word_1_32' title='bbox 440 394 564 429; x_wconf 86' lang='lat' dir='ltr'><strong>inquam.</strong></span> <span class='ocrx_word' id='word_1_33' title='bbox 580 399 690 420; x_wconf 87' lang='lat' dir='ltr'><strong>necesse</strong></span> <span class='ocrx_word' id='word_1_34' title='bbox 703 396 744 419; x_wconf 83' lang='lat' dir='ltr'><strong>est</strong></span> <span class='ocrx_word' id='word_1_35' title='bbox 760 397 789 419; x_wconf 92' lang='lat' dir='ltr'><strong>ut</strong></span> <span class='ocrx_word' id='word_1_36' title='bbox 801 391 868 419; x_wconf 84' lang='lat' dir='ltr'><strong>bene</strong></span> <span class='ocrx_word' id='word_1_37' title='bbox 883 391 924 418; x_wconf 92' lang='lat' dir='ltr'><strong>vi-</strong></span> <span class='ocrx_word' id='word_1_38' title='bbox 938 409 939 412; x_wconf 61' lang='grc' dir='ltr'><strong>η</strong></span> 
     </span>
    </p>
   </div>
   <div class='ocr_carea' id='block_1_6' title="bbox 134 437 923 476">
    <p class='ocr_par' dir='ltr' id='par_1_6' title="bbox 134 437 923 476">
     <span class='ocr_line' id='line_1_6' title="bbox 134 437 923 476; baseline -0.006 -7"><span class='ocrx_word' id='word_1_39' title='bbox 134 447 194 475; x_wconf 84' lang='lat' dir='ltr'><strong>vat,</strong></span> <span class='ocrx_word' id='word_1_40' title='bbox 208 446 236 469; x_wconf 89' lang='lat' dir='ltr'><strong>et</strong></span> <span class='ocrx_word' id='word_1_41' title='bbox 249 441 295 476; x_wconf 84' lang='lat' dir='ltr'><strong>qui</strong></span> <span class='ocrx_word' id='word_1_42' title='bbox 310 441 379 469; x_wconf 91' lang='lat' dir='ltr'><strong>bene</strong></span> <span class='ocrx_word' id='word_1_43' title='bbox 392 441 458 467; x_wconf 85' lang='lat' dir='ltr'><strong>vivit</strong></span> <span class='ocrx_word' id='word_1_44' title='bbox 470 439 620 467; x_wconf 84' lang='lat' dir='ltr'><strong>necessario</strong></span> <span class='ocrx_word' id='word_1_45' title='bbox 638 439 697 466; x_wconf 88' lang='lat' dir='ltr'><strong>talis</strong></span> <span class='ocrx_word' id='word_1_46' title='bbox 709 443 767 471; x_wconf 89' lang='lat' dir='ltr'><strong>est;</strong></span> <span class='ocrx_word' id='word_1_47' title='bbox 791 438 841 465; x_wconf 90' lang='lat' dir='ltr'><strong>nisi</strong></span> <span class='ocrx_word' id='word_1_48' title='bbox 861 437 923 472; x_wconf 84' lang='lat' dir='ltr'><strong>quid</strong></span> 
     </span>
    </p>
   </div>
   <div class='ocr_carea' id='block_1_7' title="bbox 135 484 923 518">
    <p class='ocr_par' dir='ltr' id='par_1_7' title="bbox 135 484 923 518">
     <span class='ocr_line' id='line_1_7' title="bbox 135 484 923 518; baseline -0.008 -2"><span class='ocrx_word' id='word_1_49' title='bbox 135 488 184 516; x_wconf 88' lang='lat' dir='ltr'><strong>tibi</strong></span> <span class='ocrx_word' id='word_1_50' title='bbox 200 488 272 516; x_wconf 76' lang='lat' dir='ltr'><strong>aliud</strong></span> <span class='ocrx_word' id='word_1_51' title='bbox 286 487 400 515; x_wconf 85' lang='lat' dir='ltr'><strong>videtur.</strong></span> <span class='ocrx_word' id='word_1_52' title='bbox 418 485 557 514; x_wconf 91' lang='lat' dir='ltr'><strong>Concessit</strong></span> <span class='ocrx_word' id='word_1_53' title='bbox 574 492 634 513; x_wconf 91' lang='lat' dir='ltr'><strong>cum</strong></span> <span class='ocrx_word' id='word_1_54' title='bbox 654 484 768 512; x_wconf 70' lang='lat' dir='ltr'><strong>eteteris.</strong></span> <span class='ocrx_word' id='word_1_55' title='bbox 786 484 853 518; x_wconf 80' lang='lat' dir='ltr'><strong>Ergo</strong></span> <span class='ocrx_word' id='word_1_56' title='bbox 872 491 923 510; x_wconf 84' lang='lat' dir='ltr'><strong>una</strong></span> 
     </span>
    </p>
   </div>
   <div class='ocr_carea' id='block_1_8' title="bbox 135 532 608 569">
    <p class='ocr_par' dir='ltr' id='par_1_8' title="bbox 135 532 608 569">
     <span class='ocr_line' id='line_1_8' title="bbox 135 532 608 569; baseline -0.008 -7"><span class='ocrx_word' id='word_1_57' title='bbox 135 539 177 562; x_wconf 87' lang='lat' dir='ltr'><strong>est</strong></span> <span class='ocrx_word' id='word_1_58' title='bbox 190 535 241 566; x_wconf 86' lang='lat' dir='ltr'><strong>hic,</strong></span> <span class='ocrx_word' id='word_1_59' title='bbox 256 534 372 569; x_wconf 87' lang='lat' dir='ltr'><strong>inquam,</strong></span> <span class='ocrx_word' id='word_1_60' title='bbox 388 533 456 560; x_wconf 89' lang='lat' dir='ltr'><strong>dicta</strong></span> <span class='ocrx_word' id='word_1_61' title='bbox 468 532 608 560; x_wconf 91' lang='lat' dir='ltr'><strong>sententia.</strong></span> 
     </span>
    </p>
   </div>
   <div class='ocr_carea' id='block_1_9' title="bbox 172 576 923 612">
    <p class='ocr_par' dir='ltr' id='par_1_9' title="bbox 172 576 923 612">
     <span class='ocr_line' id='line_1_9' title="bbox 172 576 923 612; baseline -0.009 -4"><span class='ocrx_word' id='word_1_62' title='bbox 172 581 216 608; x_wconf 73' lang='grc'><strong>19.</strong></span> <span class='ocrx_word' id='word_1_63' title='bbox 229 579 282 607; x_wconf 89' lang='lat' dir='ltr'><strong>Sed</strong></span> <span class='ocrx_word' id='word_1_64' title='bbox 298 579 360 606; x_wconf 89' lang='lat' dir='ltr'><strong>illud</strong></span> <span class='ocrx_word' id='word_1_65' title='bbox 376 586 388 604; x_wconf 90' lang='lat' dir='ltr'><strong>a</strong></span> <span class='ocrx_word' id='word_1_66' title='bbox 403 578 478 605; x_wconf 90' lang='lat' dir='ltr'><strong>vobis</strong></span> <span class='ocrx_word' id='word_1_67' title='bbox 490 578 621 612; x_wconf 79' lang='lat' dir='ltr'><strong>paululum</strong></span> <span class='ocrx_word' id='word_1_68' title='bbox 635 584 735 611; x_wconf 58' lang='lat' dir='ltr'><strong>qutero,</strong></span> <span class='ocrx_word' id='word_1_69' title='bbox 746 576 843 602; x_wconf 90' lang='lat' dir='ltr'><strong>velitne</strong></span> <span class='ocrx_word' id='word_1_70' title='bbox 854 576 923 602; x_wconf 88' lang='lat' dir='ltr'><strong>Deus</strong></span> 
     </span>
    </p>
   </div>
   <div class='ocr_carea' id='block_1_10' title="bbox 137 623 924 658">
    <p class='ocr_par' dir='ltr' id='par_1_10' title="bbox 137 623 924 658">
     <span class='ocr_line' id='line_1_10' title="bbox 137 623 924 658; baseline -0.01 -5"><span class='ocrx_word' id='word_1_71' title='bbox 137 631 166 653; x_wconf 90' lang='lat' dir='ltr'><strong>ut</strong></span> <span class='ocrx_word' id='word_1_72' title='bbox 178 626 259 653; x_wconf 88' lang='lat' dir='ltr'><strong>homo</strong></span> <span class='ocrx_word' id='word_1_73' title='bbox 272 625 353 651; x_wconf 91' lang='lat' dir='ltr'><strong>Dcttm</strong></span> <span class='ocrx_word' id='word_1_74' title='bbox 365 624 482 658; x_wconf 62' lang='lat' dir='ltr'><strong>qtta‘rat?</strong></span> <span class='ocrx_word' id='word_1_75' title='bbox 494 623 635 649; x_wconf 79' lang='lat' dir='ltr'><strong>Dctlerunt.</strong></span> <span class='ocrx_word' id='word_1_76' title='bbox 651 623 713 648; x_wconf 90' lang='lat' dir='ltr'><strong>Item</strong></span> <span class='ocrx_word' id='word_1_77' title='bbox 725 629 828 655; x_wconf 76' lang='lat' dir='ltr'><strong>qiurro;</strong></span> <span class='ocrx_word' id='word_1_78' title='bbox 846 629 924 646; x_wconf 89' lang='lat' dir='ltr'><strong>num-</strong></span> 
     </span>
    </p>
   </div>
   <div class='ocr_carea' id='block_1_11' title="bbox 136 668 922 708">
    <p class='ocr_par' dir='ltr' id='par_1_11' title="bbox 136 668 922 708">
     <span class='ocr_line' id='line_1_11' title="bbox 136 668 922 708; baseline -0.009 -8"><span class='ocrx_word' id='word_1_79' title='bbox 136 673 261 708; x_wconf 83' lang='lat' dir='ltr'><strong>quidnam</strong></span> <span class='ocrx_word' id='word_1_80' title='bbox 278 677 416 706; x_wconf 81' lang='lat' dir='ltr'><strong>possumus</strong></span> <span class='ocrx_word' id='word_1_81' title='bbox 433 670 538 701; x_wconf 79' lang='lat' dir='ltr'><strong>dicere,</strong></span> <span class='ocrx_word' id='word_1_82' title='bbox 556 669 627 695; x_wconf 88' lang='lat' dir='ltr'><strong>illutn</strong></span> <span class='ocrx_word' id='word_1_83' title='bbox 652 668 695 703; x_wconf 85' lang='lat' dir='ltr'><strong>qui</strong></span> <span class='ocrx_word' id='word_1_84' title='bbox 715 669 795 694; x_wconf 86' lang='lat' dir='ltr'><strong>Deum</strong></span> <span class='ocrx_word' id='word_1_85' title='bbox 818 668 922 702; x_wconf 84' lang='lat' dir='ltr'><strong>qna-rit,</strong></span> 
     </span>
    </p>
   </div>
   <div class='ocr_carea' id='block_1_12' title="bbox 137 713 924 746">
    <p class='ocr_par' dir='ltr' id='par_1_12' title="bbox 137 713 924 746">
     <span class='ocr_line' id='line_1_12' title="bbox 137 713 924 746; baseline -0.009 -1"><span class='ocrx_word' id='word_1_86' title='bbox 137 717 207 745; x_wconf 81' lang='lat' dir='ltr'><strong>male</strong></span> <span class='ocrx_word' id='word_1_87' title='bbox 221 717 326 744; x_wconf 82' lang='lat' dir='ltr'><strong>vivere?</strong></span> <span class='ocrx_word' id='word_1_88' title='bbox 345 715 420 742; x_wconf 80' lang='lat' dir='ltr'><strong>Nullo</strong></span> <span class='ocrx_word' id='word_1_89' title='bbox 437 714 517 741; x_wconf 80' lang='lat' dir='ltr'><strong>modo</strong></span> <span class='ocrx_word' id='word_1_90' title='bbox 528 735 535 746; x_wconf 88' lang='lat'><strong>,</strong></span> <span class='ocrx_word' id='word_1_91' title='bbox 552 713 683 740; x_wconf 75' lang='lat' dir='ltr'><strong>dixerunt.</strong></span> <span class='ocrx_word' id='word_1_92' title='bbox 700 713 785 739; x_wconf 81' lang='lat' dir='ltr'><strong>Etiam</strong></span> <span class='ocrx_word' id='word_1_93' title='bbox 806 713 855 739; x_wconf 84' lang='lat' dir='ltr'><strong>hoc</strong></span> <span class='ocrx_word' id='word_1_94' title='bbox 869 717 924 739; x_wconf 78' lang='lat' dir='ltr'><strong>ter-</strong></span> 
     </span>
    </p>
   </div>
   <div class='ocr_carea' id='block_1_13' title="bbox 138 758 923 797">
    <p class='ocr_par' dir='ltr' id='par_1_13' title="bbox 138 758 923 797">
     <span class='ocr_line' id='line_1_13' title="bbox 138 758 923 797; baseline -0.006 -7"><span class='ocrx_word' id='word_1_95' title='bbox 138 763 201 790; x_wconf 89' lang='lat' dir='ltr'><strong>tium</strong></span> <span class='ocrx_word' id='word_1_96' title='bbox 219 761 394 797; x_wconf 83' lang='lat' dir='ltr'><strong>respondete;</strong></span> <span class='ocrx_word' id='word_1_97' title='bbox 417 758 524 795; x_wconf 72' lang='lat' dir='ltr'><strong>spiritus</strong></span> <span class='ocrx_word' id='word_1_98' title='bbox 541 760 691 786; x_wconf 91' lang='lat' dir='ltr'><strong>itntnundus</strong></span> <span class='ocrx_word' id='word_1_99' title='bbox 705 764 825 793; x_wconf 83' lang='lat' dir='ltr'><strong>potestne</strong></span> <span class='ocrx_word' id='word_1_100' title='bbox 841 759 923 786; x_wconf 87' lang='lat' dir='ltr'><strong>Deum</strong></span> 
     </span>
    </p>
   </div>
   <div class='ocr_carea' id='block_1_14' title="bbox 137 804 922 844">
    <p class='ocr_par' dir='ltr' id='par_1_14' title="bbox 137 804 922 844">
     <span class='ocr_line' id='line_1_14' title="bbox 137 804 922 844; baseline -0.009 -7"><span class='ocrx_word' id='word_1_101' title='bbox 137 809 275 844; x_wconf 75' lang='lat' dir='ltr'><strong>qumrere?</strong></span> <span class='ocrx_word' id='word_1_102' title='bbox 296 808 445 842; x_wconf 77' lang='lat' dir='ltr'><strong>Negabant,</strong></span> <span class='ocrx_word' id='word_1_103' title='bbox 463 807 624 841; x_wconf 86' lang='lat' dir='ltr'><strong>aliquantum</strong></span> <span class='ocrx_word' id='word_1_104' title='bbox 649 806 786 844; x_wconf 79' lang='lat' dir='ltr'><strong>dubitante</strong></span> <span class='ocrx_word' id='word_1_105' title='bbox 805 804 922 839; x_wconf 76' lang='lat' dir='ltr'><strong>Navigio,</strong></span> 
     </span>
    </p>
   </div>
   <div class='ocr_carea' id='block_1_15' title="bbox 137 843 925 890">
    <p class='ocr_par' dir='ltr' id='par_1_15' title="bbox 137 843 925 890">
     <span class='ocr_line' id='line_1_15' title="bbox 137 843 925 890; baseline -0.005 -9"><span class='ocrx_word' id='word_1_106' title='bbox 137 843 179 890; x_wconf 86' lang='lat' dir='ltr'><strong>qui</strong></span> <span class='ocrx_word' id='word_1_107' title='bbox 202 859 292 888; x_wconf 89' lang='lat' dir='ltr'><strong>postea</strong></span> <span class='ocrx_word' id='word_1_108' title='bbox 309 858 464 880; x_wconf 65' lang='lat' dir='ltr'><strong>cancrorum</strong></span> <span class='ocrx_word' id='word_1_109' title='bbox 481 852 589 879; x_wconf 91' lang='lat' dir='ltr'><strong>vocibus</strong></span> <span class='ocrx_word' id='word_1_110' title='bbox 602 852 682 878; x_wconf 85' lang='lat' dir='ltr'><strong>cessit</strong></span> <span class='ocrx_word' id='word_1_111' title='bbox 695 843 760 878; x_wconf 65' lang='grc' dir='ltr'>ι.Ἓί</span> <span class='ocrx_word' id='word_1_112' title='bbox 777 851 868 884; x_wconf 78' lang='lat' dir='ltr'><strong>igitur,</strong></span> <span class='ocrx_word' id='word_1_113' title='bbox 885 851 925 877; x_wconf 94' lang='lat' dir='ltr'><strong>in-</strong></span> 
     </span>
    </p>
   </div>
   <div class='ocr_carea' id='block_1_16' title="bbox 137 897 924 934">
    <p class='ocr_par' dir='ltr' id='par_1_16' title="bbox 137 897 924 934">
     <span class='ocr_line' id='line_1_16' title="bbox 137 897 924 934; baseline -0.006 -7"><span class='ocrx_word' id='word_1_114' title='bbox 137 908 227 934; x_wconf 82' lang='lat' dir='ltr'><strong>quam,</strong></span> <span class='ocrx_word' id='word_1_115' title='bbox 245 900 288 933; x_wconf 90' lang='lat' dir='ltr'><strong>qtti</strong></span> <span class='ocrx_word' id='word_1_116' title='bbox 305 899 385 926; x_wconf 87' lang='lat' dir='ltr'><strong>Deum</strong></span> <span class='ocrx_word' id='word_1_117' title='bbox 399 898 509 932; x_wconf 75' lang='lat' dir='ltr'><strong>quzerit,</strong></span> <span class='ocrx_word' id='word_1_118' title='bbox 521 897 546 924; x_wconf 91' lang='lat' dir='ltr'><strong>id</strong></span> <span class='ocrx_word' id='word_1_119' title='bbox 562 897 623 924; x_wconf 90' lang='lat' dir='ltr'><strong>facit</strong></span> <span class='ocrx_word' id='word_1_120' title='bbox 641 897 711 932; x_wconf 92' lang='lat' dir='ltr'><strong>quod</strong></span> <span class='ocrx_word' id='word_1_121' title='bbox 727 897 796 923; x_wconf 88' lang='lat' dir='ltr'><strong>Detts</strong></span> <span class='ocrx_word' id='word_1_122' title='bbox 811 897 881 928; x_wconf 90' lang='lat' dir='ltr'><strong>vult,</strong></span> <span class='ocrx_word' id='word_1_123' title='bbox 898 902 924 923; x_wconf 87' lang='lat' dir='ltr'><strong>et</strong></span> 
     </span>
    </p>
   </div>
   <div class='ocr_carea' id='block_1_17' title="bbox 137 942 923 979">
    <p class='ocr_par' dir='ltr' id='par_1_17' title="bbox 137 942 923 979">
     <span class='ocr_line' id='line_1_17' title="bbox 137 942 923 979; baseline -0.005 -7"><span class='ocrx_word' id='word_1_124' title='bbox 137 945 205 972; x_wconf 83' lang='lat' dir='ltr'><strong>bene</strong></span> <span class='ocrx_word' id='word_1_125' title='bbox 224 945 304 977; x_wconf 88' lang='lat' dir='ltr'><strong>vivit,</strong></span> <span class='ocrx_word' id='word_1_126' title='bbox 321 948 347 971; x_wconf 90' lang='lat' dir='ltr'><strong>et</strong></span> <span class='ocrx_word' id='word_1_127' title='bbox 367 944 487 979; x_wconf 80' lang='lat' dir='ltr'><strong>spiritum</strong></span> <span class='ocrx_word' id='word_1_128' title='bbox 508 943 672 969; x_wconf 90' lang='lat' dir='ltr'><strong>itnmnndutn</strong></span> <span class='ocrx_word' id='word_1_129' title='bbox 693 950 745 969; x_wconf 90' lang='lat' dir='ltr'><strong>tton</strong></span> <span class='ocrx_word' id='word_1_130' title='bbox 768 942 860 974; x_wconf 88' lang='lat' dir='ltr'><strong>habet;</strong></span> <span class='ocrx_word' id='word_1_131' title='bbox 879 942 923 977; x_wconf 87' lang='lat' dir='ltr'><strong>qui</strong></span> 
     </span>
    </p>
   </div>
   <div class='ocr_carea' id='block_1_18' title="bbox 136 988 924 1025">
    <p class='ocr_par' dir='ltr' id='par_1_18' title="bbox 136 988 924 1025">
     <span class='ocr_line' id='line_1_18' title="bbox 136 988 924 1025; baseline -0.004 -8"><span class='ocrx_word' id='word_1_132' title='bbox 136 995 225 1018; x_wconf 86' lang='lat' dir='ltr'><strong>autem</strong></span> <span class='ocrx_word' id='word_1_133' title='bbox 239 990 320 1017; x_wconf 89' lang='lat' dir='ltr'><strong>Deum</strong></span> <span class='ocrx_word' id='word_1_134' title='bbox 335 990 437 1025; x_wconf 64' lang='lat' dir='ltr'><strong>quatrit,</strong></span> <span class='ocrx_word' id='word_1_135' title='bbox 448 989 563 1015; x_wconf 88' lang='lat' dir='ltr'><strong>nondtttn</strong></span> <span class='ocrx_word' id='word_1_136' title='bbox 579 988 657 1015; x_wconf 90' lang='lat' dir='ltr'><strong>habet</strong></span> <span class='ocrx_word' id='word_1_137' title='bbox 668 988 766 1014; x_wconf 89' lang='lat' dir='ltr'><strong>Deum:</strong></span> <span class='ocrx_word' id='word_1_138' title='bbox 780 996 830 1014; x_wconf 90' lang='lat' dir='ltr'><strong>non</strong></span> <span class='ocrx_word' id='word_1_139' title='bbox 847 988 924 1022; x_wconf 82' lang='lat' dir='ltr'><strong>igitur</strong></span> 
     </span>
    </p>
   </div>
   <div class='ocr_carea' id='block_1_19' title="bbox 136 1034 923 1072">
    <p class='ocr_par' dir='ltr' id='par_1_19' title="bbox 136 1034 923 1072">
     <span class='ocr_line' id='line_1_19' title="bbox 136 1034 923 1072; baseline -0.004 -8"><span class='ocrx_word' id='word_1_140' title='bbox 136 1038 254 1072; x_wconf 84' lang='lat' dir='ltr'><strong>quisquis</strong></span> <span class='ocrx_word' id='word_1_141' title='bbox 267 1040 311 1063; x_wconf 84' lang='lat' dir='ltr'><strong>aut</strong></span> <span class='ocrx_word' id='word_1_142' title='bbox 330 1036 397 1064; x_wconf 85' lang='lat' dir='ltr'><strong>bene</strong></span> <span class='ocrx_word' id='word_1_143' title='bbox 412 1036 484 1066; x_wconf 80' lang='lat' dir='ltr'><strong>vivit,</strong></span> <span class='ocrx_word' id='word_1_144' title='bbox 499 1039 543 1061; x_wconf 89' lang='lat' dir='ltr'><strong>attt</strong></span> <span class='ocrx_word' id='word_1_145' title='bbox 557 1034 625 1068; x_wconf 88' lang='lat' dir='ltr'><strong>qttod</strong></span> <span class='ocrx_word' id='word_1_146' title='bbox 641 1035 695 1061; x_wconf 86' lang='lat' dir='ltr'><strong>vult</strong></span> <span class='ocrx_word' id='word_1_147' title='bbox 708 1034 776 1061; x_wconf 87' lang='lat' dir='ltr'><strong>Deus</strong></span> <span class='ocrx_word' id='word_1_148' title='bbox 793 1034 863 1065; x_wconf 86' lang='lat' dir='ltr'><strong>facit,</strong></span> <span class='ocrx_word' id='word_1_149' title='bbox 879 1040 923 1061; x_wconf 84' lang='lat' dir='ltr'><strong>aut</strong></span> 
     </span>
    </p>
   </div>
   <div class='ocr_carea' id='block_1_20' title="bbox 135 1080 924 1117">
    <p class='ocr_par' dir='ltr' id='par_1_20' title="bbox 135 1080 924 1117">
     <span class='ocr_line' id='line_1_20' title="bbox 135 1080 924 1117; baseline -0.003 -8"><span class='ocrx_word' id='word_1_150' title='bbox 135 1082 258 1117; x_wconf 82' lang='lat' dir='ltr'><strong>spiritum</strong></span> <span class='ocrx_word' id='word_1_151' title='bbox 269 1082 430 1109; x_wconf 88' lang='lat' dir='ltr'><strong>immnndttm</strong></span> <span class='ocrx_word' id='word_1_152' title='bbox 445 1090 495 1108; x_wconf 89' lang='lat' dir='ltr'><strong>nott</strong></span> <span class='ocrx_word' id='word_1_153' title='bbox 506 1081 592 1112; x_wconf 90' lang='lat' dir='ltr'><strong>habet,</strong></span> <span class='ocrx_word' id='word_1_154' title='bbox 603 1081 727 1107; x_wconf 87' lang='lat' dir='ltr'><strong>contitttto</strong></span> <span class='ocrx_word' id='word_1_155' title='bbox 737 1081 817 1107; x_wconf 83' lang='lat' dir='ltr'><strong>Deum</strong></span> <span class='ocrx_word' id='word_1_156' title='bbox 827 1080 924 1107; x_wconf 84' lang='lat' dir='ltr'><strong>habere</strong></span> 
     </span>
    </p>
   </div>
   <div class='ocr_carea' id='block_1_21' title="bbox 135 1126 924 1156">
    <p class='ocr_par' dir='ltr' id='par_1_21' title="bbox 135 1126 924 1156">
     <span class='ocr_line' id='line_1_21' title="bbox 135 1126 924 1156; baseline -0.004 -2"><span class='ocrx_word' id='word_1_157' title='bbox 135 1128 286 1156; x_wconf 85' lang='lat' dir='ltr'><strong>credendus</strong></span> <span class='ocrx_word' id='word_1_158' title='bbox 300 1132 350 1155; x_wconf 86' lang='lat' dir='ltr'><strong>est.</strong></span> <span class='ocrx_word' id='word_1_159' title='bbox 362 1127 410 1154; x_wconf 83' lang='lat' dir='ltr'><strong>Hic</strong></span> <span class='ocrx_word' id='word_1_160' title='bbox 423 1135 482 1153; x_wconf 91' lang='lat' dir='ltr'><strong>ettm</strong></span> <span class='ocrx_word' id='word_1_161' title='bbox 493 1135 522 1153; x_wconf 90' lang='lat' dir='ltr'><strong>se</strong></span> <span class='ocrx_word' id='word_1_162' title='bbox 537 1126 626 1153; x_wconf 71' lang='lat' dir='ltr'><strong>cancri</strong></span> <span class='ocrx_word' id='word_1_163' title='bbox 640 1126 855 1153; x_wconf 83' lang='lat' dir='ltr'><strong>conecssionibus</strong></span> <span class='ocrx_word' id='word_1_164' title='bbox 870 1126 924 1152; x_wconf 80' lang='lat' dir='ltr'><strong>suis</strong></span> 
     </span>
    </p>
   </div>
   <div class='ocr_carea' id='block_1_22' title="bbox 134 1171 923 1208">
    <p class='ocr_par' dir='ltr' id='par_1_22' title="bbox 134 1171 923 1208">
     <span class='ocr_line' id='line_1_22' title="bbox 134 1171 923 1208; baseline -0.006 -7"><span class='ocrx_word' id='word_1_165' title='bbox 134 1174 261 1208; x_wconf 86' lang='lat' dir='ltr'><strong>deceptos</strong></span> <span class='ocrx_word' id='word_1_166' title='bbox 274 1173 400 1206; x_wconf 72' lang='lat' dir='ltr'><strong>riderent,</strong></span> <span class='ocrx_word' id='word_1_167' title='bbox 416 1172 557 1207; x_wconf 77' lang='lat' dir='ltr'><strong>postulavit</strong></span> <span class='ocrx_word' id='word_1_168' title='bbox 572 1176 671 1202; x_wconf 81' lang='lat' dir='ltr'><strong>mater,</strong></span> <span class='ocrx_word' id='word_1_169' title='bbox 688 1179 747 1198; x_wconf 91' lang='lat' dir='ltr'><strong>eum</strong></span> <span class='ocrx_word' id='word_1_170' title='bbox 761 1171 803 1198; x_wconf 92' lang='lat' dir='ltr'><strong>ditt</strong></span> <span class='ocrx_word' id='word_1_171' title='bbox 820 1171 923 1205; x_wconf 74' lang='lat' dir='ltr'><strong>stupida</strong></span> 
     </span>
    </p>
   </div>
   <div class='ocr_carea' id='block_1_23' title="bbox 134 1217 924 1253">
    <p class='ocr_par' dir='ltr' id='par_1_23' title="bbox 134 1217 924 1253">
     <span class='ocr_line' id='line_1_23' title="bbox 134 1217 924 1253; baseline -0.004 -8"><span class='ocrx_word' id='word_1_172' title='bbox 134 1219 237 1252; x_wconf 75' lang='lat' dir='ltr'><strong>fuisset,</strong></span> <span class='ocrx_word' id='word_1_173' title='bbox 252 1223 281 1246; x_wconf 92' lang='grc' dir='ltr'><strong>ιιι</strong></span> <span class='ocrx_word' id='word_1_174' title='bbox 295 1219 318 1245; x_wconf 92' lang='lat' dir='ltr'><strong>ei</strong></span> <span class='ocrx_word' id='word_1_175' title='bbox 332 1219 381 1245; x_wconf 90' lang='lat' dir='ltr'><strong>hoc</strong></span> <span class='ocrx_word' id='word_1_176' title='bbox 395 1219 480 1253; x_wconf 86' lang='lat' dir='ltr'><strong>ipsum</strong></span> <span class='ocrx_word' id='word_1_177' title='bbox 494 1218 563 1252; x_wconf 87' lang='lat' dir='ltr'><strong>quod</strong></span> <span class='ocrx_word' id='word_1_178' title='bbox 575 1217 751 1244; x_wconf 82' lang='lat' dir='ltr'><strong>conclusionis</strong></span> <span class='ocrx_word' id='word_1_179' title='bbox 766 1217 924 1243; x_wconf 80' lang='lat' dir='ltr'><strong>necessitate</strong></span> 
     </span>
    </p>
   </div>
   <div class='ocr_carea' id='block_1_24' title="bbox 133 1262 923 1298">
    <p class='ocr_par' dir='ltr' id='par_1_24' title="bbox 133 1262 923 1298">
     <span class='ocr_line' id='line_1_24' title="bbox 133 1262 923 1298; baseline -0.003 -8"><span class='ocrx_word' id='word_1_180' title='bbox 133 1265 234 1292; x_wconf 76' lang='lat' dir='ltr'><strong>intorto</strong></span> <span class='ocrx_word' id='word_1_181' title='bbox 248 1264 365 1291; x_wconf 76' lang='lat' dir='ltr'><strong>dixeram</strong></span> <span class='ocrx_word' id='word_1_182' title='bbox 376 1285 383 1296; x_wconf 88' lang='lat'><strong>,</strong></span> <span class='ocrx_word' id='word_1_183' title='bbox 399 1264 553 1298; x_wconf 76' lang='lat' dir='ltr'><strong>explicando</strong></span> <span class='ocrx_word' id='word_1_184' title='bbox 577 1263 723 1290; x_wconf 81' lang='lat' dir='ltr'><strong>relaxarem</strong></span> <span class='ocrx_word' id='word_1_185' title='bbox 739 1267 816 1297; x_wconf 89' lang='lat' dir='ltr'><strong>atque</strong></span> <span class='ocrx_word' id='word_1_186' title='bbox 837 1262 923 1289; x_wconf 79' lang='lat' dir='ltr'><strong>solve-</strong></span> 
     </span>
    </p>
   </div>
   <div class='ocr_carea' id='block_1_25' title="bbox 133 1309 922 1344">
    <p class='ocr_par' dir='ltr' id='par_1_25' title="bbox 133 1309 922 1344">
     <span class='ocr_line' id='line_1_25' title="bbox 133 1309 922 1344; baseline -0.004 -6"><span class='ocrx_word' id='word_1_187' title='bbox 133 1319 202 1338; x_wconf 85' lang='lat' dir='ltr'><strong>rem.</strong></span> <span class='ocrx_word' id='word_1_188' title='bbox 216 1310 292 1344; x_wconf 85' lang='lat' dir='ltr'><strong>Quod</strong></span> <span class='ocrx_word' id='word_1_189' title='bbox 304 1319 363 1337; x_wconf 89' lang='lat' dir='ltr'><strong>cum</strong></span> <span class='ocrx_word' id='word_1_190' title='bbox 378 1310 474 1337; x_wconf 74' lang='lat' dir='ltr'><strong>factum</strong></span> <span class='ocrx_word' id='word_1_191' title='bbox 490 1314 560 1337; x_wconf 89' lang='lat' dir='ltr'><strong>esset</strong></span> <span class='ocrx_word' id='word_1_192' title='bbox 577 1319 583 1336; x_wconf 86' lang='lat'><strong>:</strong></span> <span class='ocrx_word' id='word_1_193' title='bbox 596 1309 646 1337; x_wconf 80' lang='lat' dir='ltr'><strong>Sed</strong></span> <span class='ocrx_word' id='word_1_194' title='bbox 661 1317 747 1340; x_wconf 86' lang='lat' dir='ltr'><strong>nemo,</strong></span> <span class='ocrx_word' id='word_1_195' title='bbox 765 1309 856 1343; x_wconf 90' lang='lat' dir='ltr'><strong>inquit,</strong></span> <span class='ocrx_word' id='word_1_196' title='bbox 867 1314 922 1343; x_wconf 89' lang='lat' dir='ltr'><strong>pot-</strong></span> 
     </span>
    </p>
   </div>
   <div class='ocr_carea' id='block_1_26' title="bbox 133 1354 922 1392">
    <p class='ocr_par' dir='ltr' id='par_1_26' title="bbox 133 1354 922 1392">
     <span class='ocr_line' id='line_1_26' title="bbox 133 1354 922 1392; baseline -0.004 -8"><span class='ocrx_word' id='word_1_197' title='bbox 133 1361 176 1384; x_wconf 85' lang='lat' dir='ltr'><strong>est</strong></span> <span class='ocrx_word' id='word_1_198' title='bbox 196 1357 333 1392; x_wconf 82' lang='lat' dir='ltr'><strong>pervenire</strong></span> <span class='ocrx_word' id='word_1_199' title='bbox 346 1356 379 1383; x_wconf 81' lang='lat' dir='ltr'><strong>ad</strong></span> <span class='ocrx_word' id='word_1_200' title='bbox 392 1356 483 1387; x_wconf 82' lang='lat' dir='ltr'><strong>Deum,</strong></span> <span class='ocrx_word' id='word_1_201' title='bbox 499 1355 547 1381; x_wconf 86' lang='lat' dir='ltr'><strong>nisi</strong></span> <span class='ocrx_word' id='word_1_202' title='bbox 561 1356 641 1382; x_wconf 83' lang='lat' dir='ltr'><strong>Deum</strong></span> <span class='ocrx_word' id='word_1_203' title='bbox 656 1354 798 1389; x_wconf 67' lang='lat' dir='ltr'><strong>qumslerit.</strong></span> <span class='ocrx_word' id='word_1_204' title='bbox 808 1354 922 1389; x_wconf 80' lang='lat' dir='ltr'><strong>Optime,</strong></span> 
     </span>
    </p>
   </div>
   <div class='ocr_carea' id='block_1_27' title="bbox 133 1401 922 1438">
    <p class='ocr_par' dir='ltr' id='par_1_27' title="bbox 133 1401 922 1438">
     <span class='ocr_line' id='line_1_27' title="bbox 133 1401 922 1438; baseline -0.004 -8"><span class='ocrx_word' id='word_1_205' title='bbox 133 1403 252 1438; x_wconf 85' lang='lat' dir='ltr'><strong>inquam.</strong></span> <span class='ocrx_word' id='word_1_206' title='bbox 264 1402 363 1429; x_wconf 84' lang='lat' dir='ltr'><strong>Tamen</strong></span> <span class='ocrx_word' id='word_1_207' title='bbox 378 1402 420 1436; x_wconf 86' lang='lat' dir='ltr'><strong>qni</strong></span> <span class='ocrx_word' id='word_1_208' title='bbox 439 1401 525 1428; x_wconf 89' lang='lat' dir='ltr'><strong>adlute</strong></span> <span class='ocrx_word' id='word_1_209' title='bbox 538 1401 632 1436; x_wconf 65' lang='lat' dir='ltr'><strong>qumrit</strong></span> <span class='ocrx_word' id='word_1_210' title='bbox 643 1422 649 1433; x_wconf 93' lang='lat'><strong>,</strong></span> <span class='ocrx_word' id='word_1_211' title='bbox 666 1401 782 1427; x_wconf 90' lang='lat' dir='ltr'><strong>nondum</strong></span> <span class='ocrx_word' id='word_1_212' title='bbox 795 1401 828 1428; x_wconf 86' lang='lat' dir='ltr'><strong>ad</strong></span> <span class='ocrx_word' id='word_1_213' title='bbox 842 1402 922 1428; x_wconf 87' lang='lat' dir='ltr'><strong>Deum</strong></span> 
     </span>
    </p>
   </div>
   <div class='ocr_carea' id='block_1_28' title="bbox 134 1446 924 1483">
    <p class='ocr_par' dir='ltr' id='par_1_28' title="bbox 134 1446 924 1483">
     <span class='ocr_line' id='line_1_28' title="bbox 134 1446 924 1483; baseline -0.003 -8"><span class='ocrx_word' id='word_1_214' title='bbox 134 1448 266 1483; x_wconf 80' lang='lat' dir='ltr'><strong>pervenit.</strong></span> <span class='ocrx_word' id='word_1_215' title='bbox 282 1448 384 1475; x_wconf 89' lang='lat' dir='ltr'><strong>etiamsi</strong></span> <span class='ocrx_word' id='word_1_216' title='bbox 396 1447 463 1474; x_wconf 87' lang='lat' dir='ltr'><strong>bene</strong></span> <span class='ocrx_word' id='word_1_217' title='bbox 478 1448 551 1474; x_wconf 86' lang='lat' dir='ltr'><strong>vivit.</strong></span> <span class='ocrx_word' id='word_1_218' title='bbox 564 1447 619 1474; x_wconf 85' lang='lat' dir='ltr'><strong>Non</strong></span> <span class='ocrx_word' id='word_1_219' title='bbox 633 1447 710 1481; x_wconf 81' lang='lat' dir='ltr'><strong>igitur</strong></span> <span class='ocrx_word' id='word_1_220' title='bbox 723 1446 841 1481; x_wconf 81' lang='lat' dir='ltr'><strong>quisquis</strong></span> <span class='ocrx_word' id='word_1_221' title='bbox 856 1447 924 1474; x_wconf 82' lang='lat' dir='ltr'><strong>bene</strong></span> 
     </span>
    </p>
   </div>
   <div class='ocr_carea' id='block_1_29' title="bbox 134 1492 924 1527">
    <p class='ocr_par' dir='ltr' id='par_1_29' title="bbox 134 1492 924 1527">
     <span class='ocr_line' id='line_1_29' title="bbox 134 1492 924 1527; baseline -0.001 -8"><span class='ocrx_word' id='word_1_222' title='bbox 134 1493 210 1525; x_wconf 80' lang='lat' dir='ltr'><strong>vivit,</strong></span> <span class='ocrx_word' id='word_1_223' title='bbox 229 1493 309 1520; x_wconf 87' lang='lat' dir='ltr'><strong>Deum</strong></span> <span class='ocrx_word' id='word_1_224' title='bbox 324 1492 413 1519; x_wconf 85' lang='lat' dir='ltr'><strong>habet.</strong></span> <span class='ocrx_word' id='word_1_225' title='bbox 428 1493 500 1525; x_wconf 81' lang='lat' dir='ltr'><strong>Mihi,</strong></span> <span class='ocrx_word' id='word_1_226' title='bbox 518 1493 598 1527; x_wconf 87' lang='lat' dir='ltr'><strong>inqttil</strong></span> <span class='ocrx_word' id='word_1_227' title='bbox 611 1513 617 1524; x_wconf 91' lang='lat'><strong>,</strong></span> <span class='ocrx_word' id='word_1_228' title='bbox 631 1492 734 1519; x_wconf 82' lang='lat' dir='ltr'><strong>videtur</strong></span> <span class='ocrx_word' id='word_1_229' title='bbox 749 1493 831 1519; x_wconf 88' lang='lat' dir='ltr'><strong>Deum</strong></span> <span class='ocrx_word' id='word_1_230' title='bbox 845 1500 924 1519; x_wconf 85' lang='lat' dir='ltr'><strong>nemo</strong></span> 
     </span>
    </p>
   </div>
   <div class='ocr_carea' id='block_1_30' title="bbox 134 1537 923 1572">
    <p class='ocr_par' dir='ltr' id='par_1_30' title="bbox 134 1537 923 1572">
     <span class='ocr_line' id='line_1_30' title="bbox 134 1537 923 1572; baseline -0.003 -7"><span class='ocrx_word' id='word_1_231' title='bbox 134 1546 188 1565; x_wconf 89' lang='lat' dir='ltr'><strong>non</strong></span> <span class='ocrx_word' id='word_1_232' title='bbox 200 1537 316 1565; x_wconf 86' lang='lat' dir='ltr'><strong>habere:</strong></span> <span class='ocrx_word' id='word_1_233' title='bbox 331 1538 376 1564; x_wconf 90' lang='lat' dir='ltr'><strong>sed</strong></span> <span class='ocrx_word' id='word_1_234' title='bbox 390 1545 449 1564; x_wconf 89' lang='lat' dir='ltr'><strong>eum</strong></span> <span class='ocrx_word' id='word_1_235' title='bbox 463 1537 506 1572; x_wconf 90' lang='lat' dir='ltr'><strong>qui</strong></span> <span class='ocrx_word' id='word_1_236' title='bbox 516 1538 582 1564; x_wconf 84' lang='lat' dir='ltr'><strong>bene</strong></span> <span class='ocrx_word' id='word_1_237' title='bbox 591 1538 663 1569; x_wconf 84' lang='lat' dir='ltr'><strong>vivit,</strong></span> <span class='ocrx_word' id='word_1_238' title='bbox 676 1537 755 1564; x_wconf 84' lang='lat' dir='ltr'><strong>habet</strong></span> <span class='ocrx_word' id='word_1_239' title='bbox 766 1537 923 1571; x_wconf 85' lang='lat' dir='ltr'><strong>propitium;</strong></span> 
     </span>
    </p>
   </div>
   <div class='ocr_carea' id='block_1_31' title="bbox 133 1582 924 1618">
    <p class='ocr_par' dir='ltr' id='par_1_31' title="bbox 133 1582 924 1618">
     <span class='ocr_line' id='line_1_31' title="bbox 133 1582 924 1618; baseline -0.001 -8"><span class='ocrx_word' id='word_1_240' title='bbox 133 1583 178 1618; x_wconf 89' lang='lat' dir='ltr'><strong>qui</strong></span> <span class='ocrx_word' id='word_1_241' title='bbox 201 1583 285 1616; x_wconf 86' lang='lat' dir='ltr'><strong>male,</strong></span> <span class='ocrx_word' id='word_1_242' title='bbox 302 1583 433 1610; x_wconf 85' lang='lat' dir='ltr'><strong>infestum.</strong></span> <span class='ocrx_word' id='word_1_243' title='bbox 450 1583 517 1610; x_wconf 85' lang='lat' dir='ltr'><strong>Male</strong></span> <span class='ocrx_word' id='word_1_244' title='bbox 539 1583 632 1618; x_wconf 80' lang='lat' dir='ltr'><strong>igitur,</strong></span> <span class='ocrx_word' id='word_1_245' title='bbox 658 1583 779 1617; x_wconf 87' lang='lat' dir='ltr'><strong>inquam,</strong></span> <span class='ocrx_word' id='word_1_246' title='bbox 801 1582 924 1609; x_wconf 78' lang='lat' dir='ltr'><strong>hesterno</strong></span> 
     </span>
    </p>
   </div>
   <div class='ocr_carea' id='block_1_32' title="bbox 133 1629 923 1664">
    <p class='ocr_par' dir='ltr' id='par_1_32' title="bbox 133 1629 923 1664">
     <span class='ocr_line' id='line_1_32' title="bbox 133 1629 923 1664; baseline 0.001 -9"><span class='ocrx_word' id='word_1_247' title='bbox 133 1630 178 1657; x_wconf 86' lang='lat' dir='ltr'><strong>die</strong></span> <span class='ocrx_word' id='word_1_248' title='bbox 197 1630 376 1656; x_wconf 85' lang='lat' dir='ltr'><strong>concchimus</strong></span> <span class='ocrx_word' id='word_1_249' title='bbox 391 1637 452 1656; x_wconf 91' lang='lat' dir='ltr'><strong>eum</strong></span> <span class='ocrx_word' id='word_1_250' title='bbox 475 1630 579 1656; x_wconf 86' lang='lat' dir='ltr'><strong>beatum</strong></span> <span class='ocrx_word' id='word_1_251' title='bbox 600 1637 658 1656; x_wconf 88' lang='lat' dir='ltr'><strong>esse</strong></span> <span class='ocrx_word' id='word_1_252' title='bbox 671 1630 713 1664; x_wconf 88' lang='lat' dir='ltr'><strong>qtti</strong></span> <span class='ocrx_word' id='word_1_253' title='bbox 728 1631 809 1655; x_wconf 86' lang='lat' dir='ltr'><strong>Deum</strong></span> <span class='ocrx_word' id='word_1_254' title='bbox 828 1629 923 1656; x_wconf 84' lang='lat' dir='ltr'><strong>habet:</strong></span> 
     </span>
    </p>
   </div>
   <div class='ocr_carea' id='block_1_33' title="bbox 135 1675 924 1710">
    <p class='ocr_par' dir='ltr' id='par_1_33' title="bbox 135 1675 924 1710">
     <span class='ocr_line' id='line_1_33' title="bbox 135 1675 924 1710; baseline 0.003 -9"><span class='ocrx_word' id='word_1_255' title='bbox 135 1675 265 1710; x_wconf 86' lang='lat' dir='ltr'><strong>siquidem</strong></span> <span class='ocrx_word' id='word_1_256' title='bbox 279 1676 364 1702; x_wconf 88' lang='lat' dir='ltr'><strong>omnis</strong></span> <span class='ocrx_word' id='word_1_257' title='bbox 380 1675 459 1702; x_wconf 87' lang='lat' dir='ltr'><strong>hmno</strong></span> <span class='ocrx_word' id='word_1_258' title='bbox 475 1676 556 1702; x_wconf 87' lang='lat' dir='ltr'><strong>Deum</strong></span> <span class='ocrx_word' id='word_1_259' title='bbox 571 1676 659 1708; x_wconf 83' lang='lat' dir='ltr'><strong>habet,</strong></span> <span class='ocrx_word' id='word_1_260' title='bbox 674 1683 721 1702; x_wconf 89' lang='lat' dir='ltr'><strong>nec</strong></span> <span class='ocrx_word' id='word_1_261' title='bbox 737 1680 823 1702; x_wconf 81' lang='lat' dir='ltr'><strong>tamen</strong></span> <span class='ocrx_word' id='word_1_262' title='bbox 838 1676 924 1703; x_wconf 84' lang='lat' dir='ltr'><strong>omnis</strong></span> 
     </span>
    </p>
   </div>
   <div class='ocr_carea' id='block_1_34' title="bbox 136 1720 831 1755">
    <p class='ocr_par' dir='ltr' id='par_1_34' title="bbox 136 1720 831 1755">
     <span class='ocr_line' id='line_1_34' title="bbox 136 1720 831 1755; baseline 0 -9"><span class='ocrx_word' id='word_1_263' title='bbox 136 1720 216 1747; x_wconf 86' lang='lat' dir='ltr'><strong>homo</strong></span> <span class='ocrx_word' id='word_1_264' title='bbox 229 1721 322 1748; x_wconf 89' lang='lat' dir='ltr'><strong>beatus</strong></span> <span class='ocrx_word' id='word_1_265' title='bbox 331 1725 379 1747; x_wconf 88' lang='lat' dir='ltr'><strong>est.</strong></span> <span class='ocrx_word' id='word_1_266' title='bbox 395 1721 470 1748; x_wconf 86' lang='lat' dir='ltr'><strong>Adde</strong></span> <span class='ocrx_word' id='word_1_267' title='bbox 484 1728 556 1755; x_wconf 79' lang='lat' dir='ltr'><strong>ergo,</strong></span> <span class='ocrx_word' id='word_1_268' title='bbox 572 1720 664 1755; x_wconf 83' lang='lat' dir='ltr'><strong>inquit,</strong></span> <span class='ocrx_word' id='word_1_269' title='bbox 679 1721 831 1755; x_wconf 89' lang='lat' dir='ltr'><strong>propitium.</strong></span> 
     </span>
    </p>
   </div>
   <div class='ocr_carea' id='block_1_35' title="bbox 171 1766 922 1801">
    <p class='ocr_par' dir='ltr' id='par_1_35' title="bbox 171 1766 922 1801">
     <span class='ocr_line' id='line_1_35' title="bbox 171 1766 922 1801; baseline -0.001 -7"><span class='ocrx_word' id='word_1_270' title='bbox 171 1767 218 1794; x_wconf 73' lang='grc'><strong>20.</strong></span> <span class='ocrx_word' id='word_1_271' title='bbox 233 1766 332 1794; x_wconf 84' lang='lat' dir='ltr'><strong>Saltem</strong></span> <span class='ocrx_word' id='word_1_272' title='bbox 345 1787 352 1798; x_wconf 92' lang='lat'><strong>,</strong></span> <span class='ocrx_word' id='word_1_273' title='bbox 368 1767 487 1801; x_wconf 88' lang='lat' dir='ltr'><strong>inquam,</strong></span> <span class='ocrx_word' id='word_1_274' title='bbox 509 1767 559 1793; x_wconf 87' lang='lat' dir='ltr'><strong>hoc</strong></span> <span class='ocrx_word' id='word_1_275' title='bbox 579 1767 646 1793; x_wconf 86' lang='lat' dir='ltr'><strong>inter</strong></span> <span class='ocrx_word' id='word_1_276' title='bbox 666 1774 714 1793; x_wconf 86' lang='lat' dir='ltr'><strong>nos</strong></span> <span class='ocrx_word' id='word_1_277' title='bbox 730 1767 792 1793; x_wconf 82' lang='lat' dir='ltr'><strong>satis</strong></span> <span class='ocrx_word' id='word_1_278' title='bbox 811 1771 922 1798; x_wconf 81' lang='lat' dir='ltr'><strong>constat,</strong></span> 
     </span>
    </p>
   </div>
   <div class='ocr_carea' id='block_1_36' title="bbox 136 1811 923 1846">
    <p class='ocr_par' dir='ltr' id='par_1_36' title="bbox 136 1811 923 1846">
     <span class='ocr_line' id='line_1_36' title="bbox 136 1811 923 1846; baseline -0.001 -8"><span class='ocrx_word' id='word_1_279' title='bbox 136 1820 197 1839; x_wconf 89' lang='lat' dir='ltr'><strong>eum</strong></span> <span class='ocrx_word' id='word_1_280' title='bbox 214 1812 318 1839; x_wconf 89' lang='lat' dir='ltr'><strong>beatum</strong></span> <span class='ocrx_word' id='word_1_281' title='bbox 332 1820 391 1839; x_wconf 87' lang='lat' dir='ltr'><strong>esse</strong></span> <span class='ocrx_word' id='word_1_282' title='bbox 402 1812 444 1846; x_wconf 92' lang='lat' dir='ltr'><strong>qui</strong></span> <span class='ocrx_word' id='word_1_283' title='bbox 460 1812 538 1838; x_wconf 80' lang='lat' dir='ltr'><strong>habet</strong></span> <span class='ocrx_word' id='word_1_284' title='bbox 550 1812 689 1846; x_wconf 78' lang='lat' dir='ltr'><strong>propitium</strong></span> <span class='ocrx_word' id='word_1_285' title='bbox 703 1812 802 1838; x_wconf 70' lang='lat' dir='ltr'><strong>Deum?</strong></span> <span class='ocrx_word' id='word_1_286' title='bbox 813 1811 923 1843; x_wconf 78' lang='lat' dir='ltr'><strong>Vellem,</strong></span> 
     </span>
    </p>
   </div>
   <div class='ocr_carea' id='block_1_37' title="bbox 138 1857 924 1892">
    <p class='ocr_par' dir='ltr' id='par_1_37' title="bbox 138 1857 924 1892">
     <span class='ocr_line' id='line_1_37' title="bbox 138 1857 924 1892; baseline 0 -8"><span class='ocrx_word' id='word_1_287' title='bbox 138 1858 222 1892; x_wconf 87' lang='lat' dir='ltr'><strong>inquit</strong></span> <span class='ocrx_word' id='word_1_288' title='bbox 247 1857 368 1891; x_wconf 82' lang='lat' dir='ltr'><strong>Navigitts</strong></span> <span class='ocrx_word' id='word_1_289' title='bbox 381 1877 388 1889; x_wconf 97' lang='lat'><strong>,</strong></span> <span class='ocrx_word' id='word_1_290' title='bbox 414 1857 563 1884; x_wconf 77' lang='lat' dir='ltr'><strong>eonsenlirc</strong></span> <span class='ocrx_word' id='word_1_291' title='bbox 582 1866 588 1882; x_wconf 72' lang='grc' dir='ltr'><strong>ι</strong></span> <span class='ocrx_word' id='word_1_292' title='bbox 610 1857 655 1884; x_wconf 79' lang='lat' dir='ltr'><strong>sed</strong></span> <span class='ocrx_word' id='word_1_293' title='bbox 678 1857 750 1884; x_wconf 90' lang='lat' dir='ltr'><strong>illum</strong></span> <span class='ocrx_word' id='word_1_294' title='bbox 771 1864 865 1884; x_wconf 82' lang='lat' dir='ltr'><strong>vereor</strong></span> <span class='ocrx_word' id='word_1_295' title='bbox 880 1858 924 1891; x_wconf 88' lang='lat' dir='ltr'><strong>qui</strong></span> 
     </span>
    </p>
   </div>
   <div class='ocr_carea' id='block_1_38' title="bbox 136 1902 924 1937">
    <p class='ocr_par' dir='ltr' id='par_1_38' title="bbox 136 1902 924 1937">
     <span class='ocr_line' id='line_1_38' title="bbox 136 1902 924 1937; baseline 0.001 -9"><span class='ocrx_word' id='word_1_296' title='bbox 136 1903 223 1930; x_wconf 83' lang='lat' dir='ltr'><strong>adhuc</strong></span> <span class='ocrx_word' id='word_1_297' title='bbox 239 1904 345 1936; x_wconf 60' lang='lat' dir='ltr'><strong>quaerit;</strong></span> <span class='ocrx_word' id='word_1_298' title='bbox 365 1903 510 1937; x_wconf 74' lang='lat' dir='ltr'><strong>prmsertim</strong></span> <span class='ocrx_word' id='word_1_299' title='bbox 532 1911 564 1929; x_wconf 90' lang='lat' dir='ltr'><strong>ne</strong></span> <span class='ocrx_word' id='word_1_300' title='bbox 585 1902 727 1929; x_wconf 82' lang='lat' dir='ltr'><strong>concludas</strong></span> <span class='ocrx_word' id='word_1_301' title='bbox 745 1903 849 1929; x_wconf 81' lang='lat' dir='ltr'><strong>beatum</strong></span> <span class='ocrx_word' id='word_1_302' title='bbox 866 1910 924 1929; x_wconf 77' lang='lat' dir='ltr'><strong>esse</strong></span> 
     </span>
    </p>
   </div>
   <div class='ocr_carea' id='block_1_39' title="bbox 137 1947 922 1981">
    <p class='ocr_par' dir='ltr' id='par_1_39' title="bbox 137 1947 922 1981">
     <span class='ocr_line' id='line_1_39' title="bbox 137 1947 922 1981; baseline -0.001 -7"><span class='ocrx_word' id='word_1_303' title='bbox 137 1947 335 1980; x_wconf 73' lang='lat' dir='ltr'><strong>Academicum,</strong></span> <span class='ocrx_word' id='word_1_304' title='bbox 350 1948 393 1981; x_wconf 91' lang='lat' dir='ltr'><strong>qui</strong></span> <span class='ocrx_word' id='word_1_305' title='bbox 408 1947 532 1974; x_wconf 75' lang='lat' dir='ltr'><strong>hesterno</strong></span> <span class='ocrx_word' id='word_1_306' title='bbox 546 1955 683 1979; x_wconf 86' lang='lat' dir='ltr'><strong>sermone,</strong></span> <span class='ocrx_word' id='word_1_307' title='bbox 699 1948 798 1981; x_wconf 78' lang='lat' dir='ltr'><strong>vulgari</strong></span> <span class='ocrx_word' id='word_1_308' title='bbox 817 1948 922 1981; x_wconf 84' lang='lat' dir='ltr'><strong>quidem</strong></span> 
     </span>
    </p>
   </div>
   <div class='ocr_carea' id='block_1_40' title="bbox 136 1992 922 2026">
    <p class='ocr_par' dir='ltr' id='par_1_40' title="bbox 136 1992 922 2026">
     <span class='ocr_line' id='line_1_40' title="bbox 136 1992 922 2026; baseline 0 -8"><span class='ocrx_word' id='word_1_309' title='bbox 136 1998 162 2018; x_wconf 86' lang='lat' dir='ltr'><strong>et</strong></span> <span class='ocrx_word' id='word_1_310' title='bbox 176 1993 247 2019; x_wconf 87' lang='lat' dir='ltr'><strong>male</strong></span> <span class='ocrx_word' id='word_1_311' title='bbox 262 1992 342 2019; x_wconf 92' lang='lat' dir='ltr'><strong>latino</strong></span> <span class='ocrx_word' id='word_1_312' title='bbox 352 2013 358 2023; x_wconf 83' lang='lat'><strong>,</strong></span> <span class='ocrx_word' id='word_1_313' title='bbox 372 1992 418 2019; x_wconf 88' lang='lat' dir='ltr'><strong>sed</strong></span> <span class='ocrx_word' id='word_1_314' title='bbox 437 1993 573 2026; x_wconf 84' lang='lat' dir='ltr'><strong>aptissimo</strong></span> <span class='ocrx_word' id='word_1_315' title='bbox 586 2000 649 2019; x_wconf 82' lang='lat' dir='ltr'><strong>sane</strong></span> <span class='ocrx_word' id='word_1_316' title='bbox 659 2013 666 2024; x_wconf 95' lang='lat'><strong>,</strong></span> <span class='ocrx_word' id='word_1_317' title='bbox 683 1996 712 2018; x_wconf 89' lang='lat' dir='ltr'><strong>ut</strong></span> <span class='ocrx_word' id='word_1_318' title='bbox 733 1992 795 2018; x_wconf 91' lang='lat' dir='ltr'><strong>mihi</strong></span> <span class='ocrx_word' id='word_1_319' title='bbox 811 1992 922 2024; x_wconf 89' lang='lat' dir='ltr'><strong>videtur,</strong></span> 
     </span>
    </p>
   </div>
   <div class='ocr_carea' id='block_1_41' title="bbox 136 2036 923 2070">
    <p class='ocr_par' dir='ltr' id='par_1_41' title="bbox 136 2036 923 2070">
     <span class='ocr_line' id='line_1_41' title="bbox 136 2036 923 2070; baseline -0.001 -7"><span class='ocrx_word' id='word_1_320' title='bbox 136 2038 220 2064; x_wconf 88' lang='lat' dir='ltr'><strong>verbo</strong></span> <span class='ocrx_word' id='word_1_321' title='bbox 239 2037 392 2063; x_wconf 87' lang='lat' dir='ltr'><strong>caducarius</strong></span> <span class='ocrx_word' id='word_1_322' title='bbox 412 2037 561 2063; x_wconf 84' lang='lat' dir='ltr'><strong>nominatus</strong></span> <span class='ocrx_word' id='word_1_323' title='bbox 582 2042 631 2063; x_wconf 89' lang='lat' dir='ltr'><strong>est.</strong></span> <span class='ocrx_word' id='word_1_324' title='bbox 646 2036 702 2063; x_wconf 80' lang='lat' dir='ltr'><strong>Non</strong></span> <span class='ocrx_word' id='word_1_325' title='bbox 724 2037 793 2062; x_wconf 82' lang='lat' dir='ltr'><strong>enim</strong></span> <span class='ocrx_word' id='word_1_326' title='bbox 817 2044 923 2070; x_wconf 64' lang='lat' dir='ltr'><strong>pns&lt;um</strong></span> 
     </span>
    </p>
   </div>
   <div class='ocr_carea' id='block_1_42' title="bbox 135 2080 921 2117">
    <p class='ocr_par' dir='ltr' id='par_1_42' title="bbox 135 2080 921 2117">
     <span class='ocr_line' id='line_1_42' title="bbox 135 2080 921 2117; baseline -0.001 -7"><span class='ocrx_word' id='word_1_327' title='bbox 135 2084 226 2110; x_wconf 87' lang='lat' dir='ltr'><strong>dicere</strong></span> <span class='ocrx_word' id='word_1_328' title='bbox 241 2083 339 2110; x_wconf 82' lang='lat' dir='ltr'><strong>homini</strong></span> <span class='ocrx_word' id='word_1_329' title='bbox 354 2083 435 2109; x_wconf 83' lang='lat' dir='ltr'><strong>Deum</strong></span> <span class='ocrx_word' id='word_1_330' title='bbox 451 2080 577 2117; x_wconf 68' lang='lat' dir='ltr'><strong>qutet&#39;enti</strong></span> <span class='ocrx_word' id='word_1_331' title='bbox 592 2082 730 2108; x_wconf 65' lang='lat' dir='ltr'><strong>advorsum</strong></span> <span class='ocrx_word' id='word_1_332' title='bbox 749 2083 828 2108; x_wconf 85' lang='lat' dir='ltr'><strong>Deum</strong></span> <span class='ocrx_word' id='word_1_333' title='bbox 843 2090 921 2109; x_wconf 82' lang='lat' dir='ltr'><strong>esse:</strong></span> 
     </span>
    </p>
   </div>
   <div class='ocr_carea' id='block_1_43' title="bbox 135 2128 922 2164">
    <p class='ocr_par' dir='ltr' id='par_1_43' title="bbox 135 2128 922 2164">
     <span class='ocr_line' id='line_1_43' title="bbox 135 2128 922 2164; baseline -0.004 -8"><span class='ocrx_word' id='word_1_334' title='bbox 135 2129 208 2164; x_wconf 86' lang='lat' dir='ltr'><strong>quod</strong></span> <span class='ocrx_word' id='word_1_335' title='bbox 223 2129 246 2156; x_wconf 93' lang='lat' dir='ltr'><strong>si</strong></span> <span class='ocrx_word' id='word_1_336' title='bbox 256 2128 306 2155; x_wconf 90' lang='lat' dir='ltr'><strong>dici</strong></span> <span class='ocrx_word' id='word_1_337' title='bbox 319 2128 391 2155; x_wconf 88' lang='lat' dir='ltr'><strong>nefas</strong></span> <span class='ocrx_word' id='word_1_338' title='bbox 404 2132 454 2160; x_wconf 88' lang='lat' dir='ltr'><strong>est,</strong></span> <span class='ocrx_word' id='word_1_339' title='bbox 468 2128 594 2162; x_wconf 88' lang='lat' dir='ltr'><strong>propitius</strong></span> <span class='ocrx_word' id='word_1_340' title='bbox 605 2128 671 2158; x_wconf 80' lang='lat' dir='ltr'><strong>erit;</strong></span> <span class='ocrx_word' id='word_1_341' title='bbox 685 2132 711 2153; x_wconf 90' lang='lat' dir='ltr'><strong>et</strong></span> <span class='ocrx_word' id='word_1_342' title='bbox 721 2128 764 2161; x_wconf 86' lang='lat' dir='ltr'><strong>qui</strong></span> <span class='ocrx_word' id='word_1_343' title='bbox 781 2128 922 2161; x_wconf 75' lang='lat' dir='ltr'><strong>propitium</strong></span> 
     </span>
    </p>
   </div>
   <div class='ocr_carea' id='block_1_44' title="bbox 136 2173 922 2208">
    <p class='ocr_par' dir='ltr' id='par_1_44' title="bbox 136 2173 922 2208">
     <span class='ocr_line' id='line_1_44' title="bbox 136 2173 922 2208; baseline -0.004 -6"><span class='ocrx_word' id='word_1_344' title='bbox 136 2175 221 2203; x_wconf 85' lang='lat' dir='ltr'><strong>Deum</strong></span> <span class='ocrx_word' id='word_1_345' title='bbox 243 2174 335 2207; x_wconf 84' lang='lat' dir='ltr'><strong>habet,</strong></span> <span class='ocrx_word' id='word_1_346' title='bbox 358 2175 451 2201; x_wconf 89' lang='lat' dir='ltr'><strong>beatus</strong></span> <span class='ocrx_word' id='word_1_347' title='bbox 469 2179 519 2201; x_wconf 87' lang='lat' dir='ltr'><strong>est.</strong></span> <span class='ocrx_word' id='word_1_348' title='bbox 542 2174 639 2201; x_wconf 80' lang='lat' dir='ltr'><strong>Beatus</strong></span> <span class='ocrx_word' id='word_1_349' title='bbox 658 2181 720 2208; x_wconf 82' lang='lat' dir='ltr'><strong>ergo</strong></span> <span class='ocrx_word' id='word_1_350' title='bbox 739 2173 790 2200; x_wconf 89' lang='lat' dir='ltr'><strong>erit</strong></span> <span class='ocrx_word' id='word_1_351' title='bbox 811 2174 855 2200; x_wconf 80' lang='lat' dir='ltr'><strong>ille</strong></span> <span class='ocrx_word' id='word_1_352' title='bbox 878 2173 922 2207; x_wconf 93' lang='lat' dir='ltr'><strong>qui</strong></span> 
     </span>
    </p>
   </div>
   <div class='ocr_carea' id='block_1_45' title="bbox 134 2219 923 2255">
    <p class='ocr_par' dir='ltr' id='par_1_45' title="bbox 134 2219 923 2255">
     <span class='ocr_line' id='line_1_45' title="bbox 134 2219 923 2255; baseline -0.004 -8"><span class='ocrx_word' id='word_1_353' title='bbox 134 2221 232 2255; x_wconf 79' lang='lat' dir='ltr'><strong>quzerit</strong></span> <span class='ocrx_word' id='word_1_354' title='bbox 247 2229 252 2246; x_wconf 91' lang='lat'>:</span> <span class='ocrx_word' id='word_1_355' title='bbox 267 2220 353 2247; x_wconf 88' lang='lat' dir='ltr'><strong>omnis</strong></span> <span class='ocrx_word' id='word_1_356' title='bbox 369 2224 456 2246; x_wconf 89' lang='lat' dir='ltr'><strong>atttem</strong></span> <span class='ocrx_word' id='word_1_357' title='bbox 477 2227 597 2255; x_wconf 75' lang='lat' dir='ltr'><strong>quzereus</strong></span> <span class='ocrx_word' id='word_1_358' title='bbox 620 2221 734 2246; x_wconf 81' lang='lat' dir='ltr'><strong>liOlltlllnl</strong></span> <span class='ocrx_word' id='word_1_359' title='bbox 755 2219 833 2246; x_wconf 85' lang='lat' dir='ltr'><strong>habet</strong></span> <span class='ocrx_word' id='word_1_360' title='bbox 854 2220 923 2253; x_wconf 86' lang='lat' dir='ltr'><strong>quod</strong></span> 
     </span>
    </p>
   </div>
   <div class='ocr_carea' id='block_1_46' title="bbox 134 2264 922 2301">
    <p class='ocr_par' dir='ltr' id='par_1_46' title="bbox 134 2264 922 2301">
     <span class='ocr_line' id='line_1_46' title="bbox 134 2264 922 2301; baseline -0.003 -8"><span class='ocrx_word' id='word_1_361' title='bbox 134 2267 203 2294; x_wconf 88' lang='lat' dir='ltr'><strong>vult.</strong></span> <span class='ocrx_word' id='word_1_362' title='bbox 215 2266 273 2294; x_wconf 86' lang='lat' dir='ltr'><strong>Erit</strong></span> <span class='ocrx_word' id='word_1_363' title='bbox 284 2266 361 2301; x_wconf 78' lang='lat' dir='ltr'><strong>igitur</strong></span> <span class='ocrx_word' id='word_1_364' title='bbox 371 2266 464 2293; x_wconf 84' lang='lat' dir='ltr'><strong>bealus</strong></span> <span class='ocrx_word' id='word_1_365' title='bbox 478 2266 556 2291; x_wconf 84' lang='lat' dir='ltr'><strong>homo</strong></span> <span class='ocrx_word' id='word_1_366' title='bbox 566 2266 609 2299; x_wconf 85' lang='lat' dir='ltr'><strong>qui</strong></span> <span class='ocrx_word' id='word_1_367' title='bbox 624 2265 691 2299; x_wconf 89' lang='lat' dir='ltr'><strong>qttod</strong></span> <span class='ocrx_word' id='word_1_368' title='bbox 703 2265 757 2291; x_wconf 85' lang='lat' dir='ltr'><strong>vult</strong></span> <span class='ocrx_word' id='word_1_369' title='bbox 767 2273 819 2291; x_wconf 90' lang='lat' dir='ltr'><strong>non</strong></span> <span class='ocrx_word' id='word_1_370' title='bbox 834 2264 922 2295; x_wconf 81' lang='lat' dir='ltr'><strong>habet.</strong></span> 
     </span>
    </p>
   </div>
   <div class='ocr_carea' id='block_1_47' title="bbox 135 2310 924 2348">
    <p class='ocr_par' dir='ltr' id='par_1_47' title="bbox 135 2310 924 2348">
     <span class='ocr_line' id='line_1_47' title="bbox 135 2310 924 2348; baseline -0.005 -8"><span class='ocrx_word' id='word_1_371' title='bbox 135 2313 207 2348; x_wconf 83' lang='lat' dir='ltr'><strong>quod</strong></span> <span class='ocrx_word' id='word_1_372' title='bbox 222 2312 278 2340; x_wconf 87' lang='lat' dir='ltr'><strong>heri</strong></span> <span class='ocrx_word' id='word_1_373' title='bbox 294 2313 368 2339; x_wconf 87' lang='lat' dir='ltr'><strong>nobis</strong></span> <span class='ocrx_word' id='word_1_374' title='bbox 386 2312 509 2338; x_wconf 86' lang='lat' dir='ltr'><strong>omnibus</strong></span> <span class='ocrx_word' id='word_1_375' title='bbox 526 2311 663 2337; x_wconf 80' lang='lat' dir='ltr'><strong>videbatur</strong></span> <span class='ocrx_word' id='word_1_376' title='bbox 680 2311 838 2342; x_wconf 77' lang='lat' dir='ltr'><strong>absurdum;</strong></span> <span class='ocrx_word' id='word_1_377' title='bbox 855 2310 924 2337; x_wconf 91' lang='lat' dir='ltr'><strong>unde</strong></span> 
     </span>
    </p>
   </div>
   <div class='ocr_carea' id='block_1_48' title="bbox 134 2356 922 2386">
    <p class='ocr_par' dir='ltr' id='par_1_48' title="bbox 134 2356 922 2386">
     <span class='ocr_line' id='line_1_48' title="bbox 134 2356 922 2386; baseline -0.004 -1"><span class='ocrx_word' id='word_1_378' title='bbox 134 2358 312 2386; x_wconf 55' lang='lat' dir='ltr'><strong>et‘edebamus</strong></span> <span class='ocrx_word' id='word_1_379' title='bbox 330 2357 546 2384; x_wconf 81' lang='lat' dir='ltr'><strong>Academicorum</strong></span> <span class='ocrx_word' id='word_1_380' title='bbox 566 2356 687 2383; x_wconf 83' lang='lat' dir='ltr'><strong>tenebras</strong></span> <span class='ocrx_word' id='word_1_381' title='bbox 705 2362 765 2383; x_wconf 71' lang='lat' dir='ltr'><strong>eSSe</strong></span> <span class='ocrx_word' id='word_1_382' title='bbox 780 2356 922 2383; x_wconf 84' lang='lat' dir='ltr'><strong>discussas.</strong></span> 
     </span>
    </p>
   </div>
   <div class='ocr_carea' id='block_1_49' title="bbox 135 2401 925 2437">
    <p class='ocr_par' dir='ltr' id='par_1_49' title="bbox 135 2401 925 2437">
     <span class='ocr_line' id='line_1_49' title="bbox 135 2401 925 2437; baseline -0.003 -7"><span class='ocrx_word' id='word_1_383' title='bbox 135 2405 225 2437; x_wconf 82' lang='lat' dir='ltr'><strong>Quare</strong></span> <span class='ocrx_word' id='word_1_384' title='bbox 236 2403 290 2437; x_wconf 91' lang='lat' dir='ltr'><strong>jam</strong></span> <span class='ocrx_word' id='word_1_385' title='bbox 304 2402 338 2430; x_wconf 86' lang='lat' dir='ltr'><strong>de</strong></span> <span class='ocrx_word' id='word_1_386' title='bbox 352 2403 430 2429; x_wconf 88' lang='lat' dir='ltr'><strong>nobis</strong></span> <span class='ocrx_word' id='word_1_387' title='bbox 451 2403 582 2429; x_wconf 81' lang='lat' dir='ltr'><strong>Licentius</strong></span> <span class='ocrx_word' id='word_1_388' title='bbox 602 2401 789 2435; x_wconf 88' lang='lat' dir='ltr'><strong>triumphabit;</strong></span> <span class='ocrx_word' id='word_1_389' title='bbox 808 2402 925 2436; x_wconf 79' lang='lat' dir='ltr'><strong>mihique</strong></span> 
     </span>
    </p>
   </div>
   <div class='ocr_carea' id='block_1_50' title="bbox 135 2447 925 2482">
    <p class='ocr_par' dir='ltr' id='par_1_50' title="bbox 135 2447 925 2482">
     <span class='ocr_line' id='line_1_50' title="bbox 135 2447 925 2482; baseline -0.001 -7"><span class='ocrx_word' id='word_1_390' title='bbox 135 2449 182 2475; x_wconf 74' lang='lat' dir='ltr'><strong>ilh</strong></span> <span class='ocrx_word' id='word_1_391' title='bbox 200 2448 304 2480; x_wconf 86' lang='lat' dir='ltr'><strong>dulcia,</strong></span> <span class='ocrx_word' id='word_1_392' title='bbox 324 2456 383 2482; x_wconf 73' lang='lat' dir='ltr'><strong>qua:</strong></span> <span class='ocrx_word' id='word_1_393' title='bbox 402 2452 491 2474; x_wconf 87' lang='lat' dir='ltr'><strong>contra</strong></span> <span class='ocrx_word' id='word_1_394' title='bbox 516 2447 693 2474; x_wconf 86' lang='lat' dir='ltr'><strong>valetudinem</strong></span> <span class='ocrx_word' id='word_1_395' title='bbox 714 2455 800 2474; x_wconf 87' lang='lat' dir='ltr'><strong>meam</strong></span> <span class='ocrx_word' id='word_1_396' title='bbox 826 2452 925 2474; x_wconf 81' lang='lat' dir='ltr'><strong>tentare</strong></span> 
     </span>
    </p>
   </div>
   <div class='ocr_carea' id='block_1_51' title="bbox 133 2492 924 2527">
    <p class='ocr_par' dir='ltr' id='par_1_51' title="bbox 133 2492 924 2527">
     <span class='ocr_line' id='line_1_51' title="bbox 133 2492 924 2527; baseline -0.001 -7"><span class='ocrx_word' id='word_1_397' title='bbox 133 2501 155 2520; x_wconf 85' lang='lat' dir='ltr'><strong>a&#39;</strong></span> <span class='ocrx_word' id='word_1_398' title='bbox 170 2493 238 2527; x_wconf 78' lang='lat' dir='ltr'><strong>tepi,</strong></span> <span class='ocrx_word' id='word_1_399' title='bbox 255 2492 303 2519; x_wconf 88' lang='lat' dir='ltr'><strong>has</strong></span> <span class='ocrx_word' id='word_1_400' title='bbox 315 2493 347 2519; x_wconf 87' lang='lat' dir='ltr'><strong>de</strong></span> <span class='ocrx_word' id='word_1_401' title='bbox 358 2501 400 2519; x_wconf 88' lang='lat' dir='ltr'><strong>me</strong></span> <span class='ocrx_word' id='word_1_402' title='bbox 413 2500 505 2527; x_wconf 63' lang='lat' dir='ltr'><strong>plenas</strong></span> <span class='ocrx_word' id='word_1_403' title='bbox 519 2493 634 2526; x_wconf 76' lang='lat' dir='ltr'><strong>exigere,</strong></span> <span class='ocrx_word' id='word_1_404' title='bbox 650 2492 724 2526; x_wconf 82' lang='lat' dir='ltr'><strong>quasi</strong></span> <span class='ocrx_word' id='word_1_405' title='bbox 740 2492 854 2526; x_wconf 86' lang='lat' dir='ltr'><strong>prudens</strong></span> <span class='ocrx_word' id='word_1_406' title='bbox 867 2500 924 2519; x_wconf 89' lang='lat' dir='ltr'><strong>tne-</strong></span> 
     </span>
    </p>
   </div>
   <div class='ocr_carea' id='block_1_52' title="bbox 133 2537 388 2565">
    <p class='ocr_par' dir='ltr' id='par_1_52' title="bbox 133 2537 388 2565">
     <span class='ocr_line' id='line_1_52' title="bbox 133 2537 388 2565; baseline 0 -2"><span class='ocrx_word' id='word_1_407' title='bbox 133 2537 146 2563; x_wconf 69' lang='grc' dir='ltr'><strong>τ’</strong></span> <span class='ocrx_word' id='word_1_408' title='bbox 161 2545 211 2565; x_wconf 88' lang='lat' dir='ltr'><strong>cus</strong></span> <span class='ocrx_word' id='word_1_409' title='bbox 225 2537 388 2564; x_wconf 81' lang='lat' dir='ltr'><strong>admettebit.</strong></span> 
     </span>
    </p>
   </div>
   <div class='ocr_carea' id='block_1_53' title="bbox 169 2582 924 2617">
    <p class='ocr_par' dir='ltr' id='par_1_53' title="bbox 169 2582 924 2617">
     <span class='ocr_line' id='line_1_53' title="bbox 169 2582 924 2617; baseline 0 -8"><span class='ocrx_word' id='word_1_410' title='bbox 169 2582 216 2609; x_wconf 66' lang='lat'><strong>2|.</strong></span> <span class='ocrx_word' id='word_1_411' title='bbox 235 2582 283 2609; x_wconf 91' lang='lat' dir='ltr'><strong>llic</strong></span> <span class='ocrx_word' id='word_1_412' title='bbox 303 2590 362 2609; x_wconf 81' lang='lat' dir='ltr'><strong>eum</strong></span> <span class='ocrx_word' id='word_1_413' title='bbox 380 2583 459 2609; x_wconf 88' lang='lat' dir='ltr'><strong>etiam</strong></span> <span class='ocrx_word' id='word_1_414' title='bbox 484 2587 568 2608; x_wconf 91' lang='lat' dir='ltr'><strong>mater</strong></span> <span class='ocrx_word' id='word_1_415' title='bbox 585 2582 813 2617; x_wconf 81' lang='lat' dir='ltr'><strong>arrisisset:Ego,</strong></span> <span class='ocrx_word' id='word_1_416' title='bbox 831 2583 924 2617; x_wconf 85' lang='lat' dir='ltr'><strong>inquit,</strong></span> 
     </span>
    </p>
   </div>
   <div class='ocr_carea' id='block_1_54' title="bbox 146 2627 927 2663">
    <p class='ocr_par' dir='ltr' id='par_1_54' title="bbox 146 2627 927 2663">
     <span class='ocr_line' id='line_1_54' title="bbox 146 2627 927 2663; baseline 0 -8"><span class='ocrx_word' id='word_1_417' title='bbox 146 2627 289 2663; x_wconf 70' lang='lat' dir='ltr'><strong>frygetius,</strong></span> <span class='ocrx_word' id='word_1_418' title='bbox 306 2635 358 2655; x_wconf 89' lang='lat' dir='ltr'><strong>non</strong></span> <span class='ocrx_word' id='word_1_419' title='bbox 373 2628 491 2655; x_wconf 85' lang='lat' dir='ltr'><strong>concedo</strong></span> <span class='ocrx_word' id='word_1_420' title='bbox 504 2629 627 2655; x_wconf 89' lang='lat' dir='ltr'><strong>continuo</strong></span> <span class='ocrx_word' id='word_1_421' title='bbox 639 2629 720 2655; x_wconf 88' lang='lat' dir='ltr'><strong>Deum</strong></span> <span class='ocrx_word' id='word_1_422' title='bbox 736 2629 869 2655; x_wconf 87' lang='lat' dir='ltr'><strong>adversari</strong></span> <span class='ocrx_word' id='word_1_423' title='bbox 885 2630 927 2656; x_wconf 92' lang='lat' dir='ltr'><strong>cui</strong></span> 
     </span>
    </p>
   </div>
   <div class='ocr_carea' id='block_1_55' title="bbox 139 2673 926 2709">
    <p class='ocr_par' dir='ltr' id='par_1_55' title="bbox 139 2673 926 2709">
     <span class='ocr_line' id='line_1_55' title="bbox 139 2673 926 2709; baseline -0.001 -8"><span class='ocrx_word' id='word_1_424' title='bbox 139 2682 189 2701; x_wconf 88' lang='lat' dir='ltr'><strong>non</strong></span> <span class='ocrx_word' id='word_1_425' title='bbox 203 2674 238 2701; x_wconf 86' lang='lat' dir='ltr'><strong>sit</strong></span> <span class='ocrx_word' id='word_1_426' title='bbox 251 2674 395 2709; x_wconf 86' lang='lat' dir='ltr'><strong>propitius,</strong></span> <span class='ocrx_word' id='word_1_427' title='bbox 409 2673 455 2700; x_wconf 89' lang='lat' dir='ltr'><strong>sed</strong></span> <span class='ocrx_word' id='word_1_428' title='bbox 472 2681 531 2700; x_wconf 85' lang='lat' dir='ltr'><strong>esse</strong></span> <span class='ocrx_word' id='word_1_429' title='bbox 545 2673 642 2707; x_wconf 84' lang='lat' dir='ltr'><strong>aliquid</strong></span> <span class='ocrx_word' id='word_1_430' title='bbox 663 2673 776 2700; x_wconf 83' lang='lat' dir='ltr'><strong>medium</strong></span> <span class='ocrx_word' id='word_1_431' title='bbox 792 2679 863 2707; x_wconf 91' lang='lat' dir='ltr'><strong>puto.</strong></span> <span class='ocrx_word' id='word_1_432' title='bbox 878 2674 926 2701; x_wconf 88' lang='lat' dir='ltr'><strong>Cui</strong></span> 
     </span>
    </p>
   </div>
   <div class='ocr_carea' id='block_1_56' title="bbox 137 2719 927 2754">
    <p class='ocr_par' dir='ltr' id='par_1_56' title="bbox 137 2719 927 2754">
     <span class='ocr_line' id='line_1_56' title="bbox 137 2719 927 2754; baseline -0.004 -5"><span class='ocrx_word' id='word_1_433' title='bbox 137 2728 186 2754; x_wconf 62' lang='lat' dir='ltr'><strong>ego</strong></span> <span class='ocrx_word' id='word_1_434' title='bbox 200 2729 207 2747; x_wconf 84' lang='lat'><strong>:</strong></span> <span class='ocrx_word' id='word_1_435' title='bbox 223 2720 304 2747; x_wconf 84' lang='lat' dir='ltr'><strong>Istum</strong></span> <span class='ocrx_word' id='word_1_436' title='bbox 321 2724 407 2748; x_wconf 88' lang='lat' dir='ltr'><strong>lamen</strong></span> <span class='ocrx_word' id='word_1_437' title='bbox 429 2719 579 2752; x_wconf 88' lang='lat' dir='ltr'><strong>hominem,</strong></span> <span class='ocrx_word' id='word_1_438' title='bbox 598 2719 718 2753; x_wconf 83' lang='lat' dir='ltr'><strong>inquam.</strong></span> <span class='ocrx_word' id='word_1_439' title='bbox 735 2719 849 2746; x_wconf 88' lang='lat' dir='ltr'><strong>medium</strong></span> <span class='ocrx_word' id='word_1_440' title='bbox 861 2740 868 2750; x_wconf 86' lang='lat'><strong>,</strong></span> <span class='ocrx_word' id='word_1_441' title='bbox 885 2720 927 2746; x_wconf 90' lang='lat' dir='ltr'><strong>etti</strong></span> 
     </span>
    </p>
   </div>
   <div class='ocr_carea' id='block_1_57' title="bbox 137 2764 928 2800">
    <p class='ocr_par' dir='ltr' id='par_1_57' title="bbox 137 2764 928 2800">
     <span class='ocr_line' id='line_1_57' title="bbox 137 2764 928 2800; baseline -0.003 -7"><span class='ocrx_word' id='word_1_442' title='bbox 137 2774 186 2793; x_wconf 86' lang='lat' dir='ltr'><strong>nec</strong></span> <span class='ocrx_word' id='word_1_443' title='bbox 202 2766 273 2793; x_wconf 86' lang='lat' dir='ltr'><strong>Deus</strong></span> <span class='ocrx_word' id='word_1_444' title='bbox 296 2765 425 2800; x_wconf 88' lang='lat' dir='ltr'><strong>propititts</strong></span> <span class='ocrx_word' id='word_1_445' title='bbox 440 2769 481 2791; x_wconf 86' lang='lat' dir='ltr'><strong>est</strong></span> <span class='ocrx_word' id='word_1_446' title='bbox 503 2773 552 2791; x_wconf 87' lang='lat' dir='ltr'><strong>nec</strong></span> <span class='ocrx_word' id='word_1_447' title='bbox 571 2764 681 2791; x_wconf 87' lang='lat' dir='ltr'><strong>infestus</strong></span> <span class='ocrx_word' id='word_1_448' title='bbox 694 2784 700 2795; x_wconf 89' lang='lat'><strong>,</strong></span> <span class='ocrx_word' id='word_1_449' title='bbox 721 2765 802 2791; x_wconf 90' lang='lat' dir='ltr'><strong>Deum</strong></span> <span class='ocrx_word' id='word_1_450' title='bbox 823 2772 928 2799; x_wconf 87' lang='lat' dir='ltr'><strong>quoquo</strong></span> 
     </span>
    </p>
   </div>
   <div class='ocr_carea' id='block_1_58' title="bbox 139 2810 928 2838">
    <p class='ocr_par' dir='ltr' id='par_1_58' title="bbox 139 2810 928 2838">
     <span class='ocr_line' id='line_1_58' title="bbox 139 2810 928 2838; baseline 0.001 -1"><span class='ocrx_word' id='word_1_451' title='bbox 139 2811 218 2838; x_wconf 89' lang='lat' dir='ltr'><strong>modo</strong></span> <span class='ocrx_word' id='word_1_452' title='bbox 242 2811 340 2838; x_wconf 79' lang='lat' dir='ltr'><strong>habere</strong></span> <span class='ocrx_word' id='word_1_453' title='bbox 361 2810 504 2838; x_wconf 85' lang='lat' dir='ltr'><strong>concedis?</strong></span> <span class='ocrx_word' id='word_1_454' title='bbox 522 2811 567 2837; x_wconf 86' lang='lat' dir='ltr'><strong>llic</strong></span> <span class='ocrx_word' id='word_1_455' title='bbox 597 2819 656 2837; x_wconf 86' lang='lat' dir='ltr'><strong>cum</strong></span> <span class='ocrx_word' id='word_1_456' title='bbox 676 2810 718 2838; x_wconf 87' lang='lat' dir='ltr'><strong>ille</strong></span> <span class='ocrx_word' id='word_1_457' title='bbox 740 2815 928 2838; x_wconf 78' lang='lat' dir='ltr'><strong>cunctaretur:</strong></span> 
     </span>
    </p>
   </div>
   <div class='ocr_carea' id='block_1_59' title="bbox 170 2865 575 2897">
    <p class='ocr_par' dir='ltr' id='par_1_59' title="bbox 170 2865 575 2897">
     <span class='ocr_line' id='line_1_59' title="bbox 170 2865 575 2897; baseline -0.002 -6"><span class='ocrx_word' id='word_1_458' title='bbox 170 2867 178 2883; x_wconf 84' lang='lat'>&#39;</span> <span class='ocrx_word' id='word_1_459' title='bbox 191 2870 296 2897; x_wconf 77' lang='lat' dir='ltr'><strong>Quatuor</strong></span> <span class='ocrx_word' id='word_1_460' title='bbox 308 2870 370 2895; x_wconf 72' lang='lat' dir='ltr'><strong>Mss,</strong></span> <span class='ocrx_word' id='word_1_461' title='bbox 387 2865 488 2891; x_wconf 70' lang='lat' dir='ltr'><strong>cultibus</strong></span> <span class='ocrx_word' id='word_1_462' title='bbox 500 2866 575 2890; x_wconf 64' lang='lat' dir='ltr'><strong>cesaiL</strong></span> 
     </span>
    </p>
   </div>
   <div class='ocr_carea' id='block_1_60' title="bbox 280 2908 602 2937">
    <p class='ocr_par' dir='ltr' id='par_1_60' title="bbox 280 2908 602 2937">
     <span class='ocr_line' id='line_1_60' title="bbox 280 2908 602 2937; baseline -0.003 0"><span class='ocrx_word' id='word_1_463' title='bbox 280 2908 405 2937; x_wconf 50' lang='grc' dir='ltr'>δεεστ.</span> <span class='ocrx_word' id='word_1_464' title='bbox 431 2909 566 2937; x_wconf 71' lang='grc' dir='ltr'><strong>ΛΙῘΩΓΞΤ.</strong></span> <span class='ocrx_word' id='word_1_465' title='bbox 590 2908 602 2937; x_wconf 85' lang='grc' dir='ltr'><strong>ι</strong></span> 
     </span>
    </p>
   </div>
   <div class='ocr_carea' id='block_1_61' title="bbox 836 147 1056 178">
    <p class='ocr_par' dir='ltr' id='par_1_61' title="bbox 836 147 1056 178">
     <span class='ocr_line' id='line_1_61' title="bbox 836 147 1056 178; baseline 0.005 -1"><span class='ocrx_word' id='word_1_466' title='bbox 836 147 937 177; x_wconf 75' lang='lat' dir='ltr'><strong>LIBER</strong></span> <span class='ocrx_word' id='word_1_467' title='bbox 959 149 1056 178; x_wconf 78' lang='lat' dir='ltr'><strong>UNUS.</strong></span> 
     </span>
    </p>
   </div>
   <div class='ocr_carea' id='block_1_62' title="bbox 130 207 938 247">
    <p class='ocr_par' dir='ltr' id='par_1_62' title="bbox 130 207 938 247">
     <span class='ocr_line' id='line_1_62' title="bbox 130 207 938 247; baseline -0.009 -8"><span class='ocrx_word' id='word_1_468' title='bbox 130 212 176 247; x_wconf 83' lang='lat' dir='ltr'><strong>qui</strong></span> <span class='ocrx_word' id='word_1_469' title='bbox 189 211 224 239; x_wconf 85' lang='lat' dir='ltr'><strong>ab</strong></span> <span class='ocrx_word' id='word_1_470' title='bbox 237 210 328 238; x_wconf 86' lang='lat' dir='ltr'><strong>illicito</strong></span> <span class='ocrx_word' id='word_1_471' title='bbox 339 213 440 237; x_wconf 84' lang='lat' dir='ltr'><strong>tantum</strong></span> <span class='ocrx_word' id='word_1_472' title='bbox 455 208 594 237; x_wconf 78' lang='lat' dir='ltr'><strong>concubitu</strong></span> <span class='ocrx_word' id='word_1_473' title='bbox 606 207 740 243; x_wconf 85' lang='lat' dir='ltr'><strong>abstinens</strong></span> <span class='ocrx_word' id='word_1_474' title='bbox 751 214 810 234; x_wconf 80' lang='lat' dir='ltr'><strong>sese</strong></span> <span class='ocrx_word' id='word_1_475' title='bbox 818 227 827 239; x_wconf 80' lang='grc'>,</span> <span class='ocrx_word' id='word_1_476' title='bbox 841 211 922 234; x_wconf 68' lang='grc' dir='ltr'>εωιρ-</span> <span class='ocrx_word' id='word_1_477' title='bbox 936 216 938 219; x_wconf 65' lang='grc' dir='ltr'><strong><em>τ</em></strong></span> 
     </span>
    </p>
   </div>
   <div class='ocr_carea' id='block_1_63' title="bbox 1713 163 1763 191">
    <p class='ocr_par' dir='ltr' id='par_1_63' title="bbox 1713 163 1763 191">
     <span class='ocr_line' id='line_1_63' title="bbox 1713 163 1763 191; baseline 0 0"><span class='ocrx_word' id='word_1_478' title='bbox 1713 163 1763 191; x_wconf 75' lang='grc'><strong>970</strong></span> 
     </span>
    </p>
   </div>
   <div class='ocr_carea' id='block_1_64' title="bbox 977 208 1760 249">
    <p class='ocr_par' dir='ltr' id='par_1_64' title="bbox 977 208 1760 249">
     <span class='ocr_line' id='line_1_64' title="bbox 977 208 1760 249; baseline 0.019 -15"><span class='ocrx_word' id='word_1_479' title='bbox 977 208 1054 235; x_wconf 83' lang='lat' dir='ltr'><strong>Aliud</strong></span> <span class='ocrx_word' id='word_1_480' title='bbox 1064 213 1114 240; x_wconf 85' lang='lat' dir='ltr'><strong>est,</strong></span> <span class='ocrx_word' id='word_1_481' title='bbox 1129 210 1212 245; x_wconf 85' lang='lat' dir='ltr'><strong>inquit</strong></span> <span class='ocrx_word' id='word_1_482' title='bbox 1226 216 1320 247; x_wconf 86' lang='lat' dir='ltr'><strong>mater,</strong></span> <span class='ocrx_word' id='word_1_483' title='bbox 1333 213 1414 241; x_wconf 86' lang='lat' dir='ltr'><strong>Deum</strong></span> <span class='ocrx_word' id='word_1_484' title='bbox 1430 214 1538 248; x_wconf 84' lang='lat' dir='ltr'><strong>habere,</strong></span> <span class='ocrx_word' id='word_1_485' title='bbox 1552 217 1622 245; x_wconf 88' lang='lat' dir='ltr'><strong>aliud</strong></span> <span class='ocrx_word' id='word_1_486' title='bbox 1636 227 1687 246; x_wconf 88' lang='lat' dir='ltr'><strong>non</strong></span> <span class='ocrx_word' id='word_1_487' title='bbox 1700 228 1760 249; x_wconf 81' lang='lat' dir='ltr'><strong>esse</strong></span> 
     </span>
    </p>
   </div>
   <div class='ocr_carea' id='block_1_65' title="bbox 977 253 1778 295">
    <p class='ocr_par' dir='ltr' id='par_1_65' title="bbox 977 253 1778 295">
     <span class='ocr_line' id='line_1_65' title="bbox 977 253 1778 295; baseline 0.016 -15"><span class='ocrx_word' id='word_1_488' title='bbox 977 253 1034 281; x_wconf 84' lang='lat' dir='ltr'><strong>sine</strong></span> <span class='ocrx_word' id='word_1_489' title='bbox 1049 254 1112 282; x_wconf 88' lang='lat' dir='ltr'><strong>Deo.</strong></span> <span class='ocrx_word' id='word_1_490' title='bbox 1125 256 1194 289; x_wconf 85' lang='lat' dir='ltr'><strong>Quid</strong></span> <span class='ocrx_word' id='word_1_491' title='bbox 1213 265 1291 293; x_wconf 76' lang='lat' dir='ltr'><strong>ergo,</strong></span> <span class='ocrx_word' id='word_1_492' title='bbox 1312 259 1433 294; x_wconf 87' lang='lat' dir='ltr'><strong>inquam,</strong></span> <span class='ocrx_word' id='word_1_493' title='bbox 1448 261 1541 289; x_wconf 76' lang='lat' dir='ltr'><strong>melius</strong></span> <span class='ocrx_word' id='word_1_494' title='bbox 1552 267 1605 295; x_wconf 86' lang='lat' dir='ltr'><strong>est;</strong></span> <span class='ocrx_word' id='word_1_495' title='bbox 1617 269 1703 292; x_wconf 87' lang='lat' dir='ltr'><strong>utrum</strong></span> <span class='ocrx_word' id='word_1_496' title='bbox 1715 266 1778 293; x_wconf 87' lang='lat' dir='ltr'><strong>ha-.</strong></span> 
     </span>
    </p>
   </div>
   <div class='ocr_carea' id='block_1_66' title="bbox 977 300 1779 344">
    <p class='ocr_par' dir='ltr' id='par_1_66' title="bbox 977 300 1779 344">
     <span class='ocr_line' id='line_1_66' title="bbox 977 300 1779 344; baseline 0.016 -19"><span class='ocrx_word' id='word_1_497' title='bbox 977 300 1040 326; x_wconf 82' lang='lat' dir='ltr'><strong>bere</strong></span> <span class='ocrx_word' id='word_1_498' title='bbox 1052 300 1144 334; x_wconf 73' lang='lat' dir='ltr'><strong>Deum,</strong></span> <span class='ocrx_word' id='word_1_499' title='bbox 1158 308 1192 329; x_wconf 84' lang='lat' dir='ltr'><strong>an</strong></span> <span class='ocrx_word' id='word_1_500' title='bbox 1207 310 1259 330; x_wconf 94' lang='lat' dir='ltr'><strong>non</strong></span> <span class='ocrx_word' id='word_1_501' title='bbox 1272 311 1333 331; x_wconf 88' lang='lat' dir='ltr'><strong>esse</strong></span> <span class='ocrx_word' id='word_1_502' title='bbox 1345 304 1404 332; x_wconf 89' lang='lat' dir='ltr'><strong>sine</strong></span> <span class='ocrx_word' id='word_1_503' title='bbox 1420 305 1490 333; x_wconf 82' lang='lat' dir='ltr'><strong>Deo?</strong></span> <span class='ocrx_word' id='word_1_504' title='bbox 1504 306 1651 341; x_wconf 79' lang='lat' dir='ltr'><strong>Quantum,</strong></span> <span class='ocrx_word' id='word_1_505' title='bbox 1669 308 1763 344; x_wconf 79' lang='lat' dir='ltr'><strong>inquit.</strong></span> <span class='ocrx_word' id='word_1_506' title='bbox 1777 330 1779 334; x_wconf 54' lang='grc' dir='ltr'><em>μ</em></span> 
     </span>
    </p>
   </div>
   <div class='ocr_carea' id='block_1_67' title="bbox 977 347 1765 389">
    <p class='ocr_par' dir='ltr' id='par_1_67' title="bbox 977 347 1765 389">
     <span class='ocr_line' id='line_1_67' title="bbox 977 347 1765 389; baseline 0.014 -16"><span class='ocrx_word' id='word_1_507' title='bbox 977 353 1084 381; x_wconf 83' lang='lat' dir='ltr'><strong>possum</strong></span> <span class='ocrx_word' id='word_1_508' title='bbox 1101 347 1264 384; x_wconf 78' lang='lat' dir='ltr'><strong>intelligere,</strong></span> <span class='ocrx_word' id='word_1_509' title='bbox 1280 350 1328 378; x_wconf 84' lang='lat' dir='ltr'><strong>ista</strong></span> <span class='ocrx_word' id='word_1_510' title='bbox 1343 355 1385 378; x_wconf 90' lang='lat' dir='ltr'><strong>est</strong></span> <span class='ocrx_word' id='word_1_511' title='bbox 1397 352 1527 379; x_wconf 86' lang='lat' dir='ltr'><strong>sententia</strong></span> <span class='ocrx_word' id='word_1_512' title='bbox 1541 360 1600 380; x_wconf 90' lang='lat' dir='ltr'><strong>mea</strong></span> <span class='ocrx_word' id='word_1_513' title='bbox 1616 355 1681 389; x_wconf 91' lang='lat' dir='ltr'><strong>:qui</strong></span> <span class='ocrx_word' id='word_1_514' title='bbox 1697 356 1765 384; x_wconf 82' lang='lat' dir='ltr'><strong>bene</strong></span> 
     </span>
    </p>
   </div>
   <div class='ocr_carea' id='block_1_68' title="bbox 976 391 1765 433">
    <p class='ocr_par' dir='ltr' id='par_1_68' title="bbox 976 391 1765 433">
     <span class='ocr_line' id='line_1_68' title="bbox 976 391 1765 433; baseline 0.014 -15"><span class='ocrx_word' id='word_1_515' title='bbox 976 391 1057 425; x_wconf 89' lang='lat' dir='ltr'><strong>vivit,</strong></span> <span class='ocrx_word' id='word_1_516' title='bbox 1076 392 1156 420; x_wconf 83' lang='lat' dir='ltr'><strong>habet</strong></span> <span class='ocrx_word' id='word_1_517' title='bbox 1170 394 1264 427; x_wconf 87' lang='lat' dir='ltr'><strong>Deum,</strong></span> <span class='ocrx_word' id='word_1_518' title='bbox 1278 395 1325 423; x_wconf 84' lang='lat' dir='ltr'><strong>sed</strong></span> <span class='ocrx_word' id='word_1_519' title='bbox 1339 397 1497 431; x_wconf 83' lang='lat' dir='ltr'><strong>propitiant;</strong></span> <span class='ocrx_word' id='word_1_520' title='bbox 1510 398 1555 433; x_wconf 89' lang='lat' dir='ltr'><strong>qui</strong></span> <span class='ocrx_word' id='word_1_521' title='bbox 1578 399 1659 432; x_wconf 87' lang='lat' dir='ltr'><strong>male,</strong></span> <span class='ocrx_word' id='word_1_522' title='bbox 1686 401 1765 429; x_wconf 82' lang='lat' dir='ltr'><strong>habet</strong></span> 
     </span>
    </p>
   </div>
   <div class='ocr_carea' id='block_1_69' title="bbox 977 437 1764 480">
    <p class='ocr_par' dir='ltr' id='par_1_69' title="bbox 977 437 1764 480">
     <span class='ocr_line' id='line_1_69' title="bbox 977 437 1764 480; baseline 0.014 -16"><span class='ocrx_word' id='word_1_523' title='bbox 977 437 1071 471; x_wconf 88' lang='lat' dir='ltr'><strong>Deum,</strong></span> <span class='ocrx_word' id='word_1_524' title='bbox 1084 439 1131 465; x_wconf 86' lang='lat' dir='ltr'><strong>sed</strong></span> <span class='ocrx_word' id='word_1_525' title='bbox 1143 439 1293 467; x_wconf 79' lang='lat' dir='ltr'><strong>adversum.</strong></span> <span class='ocrx_word' id='word_1_526' title='bbox 1308 440 1357 475; x_wconf 83' lang='lat' dir='ltr'><strong>Qui</strong></span> <span class='ocrx_word' id='word_1_527' title='bbox 1371 446 1458 470; x_wconf 86' lang='lat' dir='ltr'><strong>autem</strong></span> <span class='ocrx_word' id='word_1_528' title='bbox 1472 443 1558 471; x_wconf 84' lang='lat' dir='ltr'><strong>adhuc</strong></span> <span class='ocrx_word' id='word_1_529' title='bbox 1573 446 1676 480; x_wconf 50' lang='lat' dir='ltr'><strong>quam,</strong></span> <span class='ocrx_word' id='word_1_530' title='bbox 1695 454 1764 474; x_wconf 84' lang='lat' dir='ltr'><strong>nou-</strong></span> 
     </span>
    </p>
   </div>
   <div class='ocr_carea' id='block_1_70' title="bbox 977 482 1763 525">
    <p class='ocr_par' dir='ltr' id='par_1_70' title="bbox 977 482 1763 525">
     <span class='ocr_line' id='line_1_70' title="bbox 977 482 1763 525; baseline 0.014 -16"><span class='ocrx_word' id='word_1_531' title='bbox 977 482 1093 518; x_wconf 84' lang='lat' dir='ltr'><strong>dumque</strong></span> <span class='ocrx_word' id='word_1_532' title='bbox 1107 484 1223 516; x_wconf 88' lang='lat' dir='ltr'><strong>invenit,</strong></span> <span class='ocrx_word' id='word_1_533' title='bbox 1244 493 1329 520; x_wconf 89' lang='lat' dir='ltr'><strong>neque</strong></span> <span class='ocrx_word' id='word_1_534' title='bbox 1351 487 1492 522; x_wconf 84' lang='lat' dir='ltr'><strong>propitium</strong></span> <span class='ocrx_word' id='word_1_535' title='bbox 1507 496 1592 524; x_wconf 88' lang='lat' dir='ltr'><strong>neque</strong></span> <span class='ocrx_word' id='word_1_536' title='bbox 1611 491 1763 525; x_wconf 70' lang='lat' dir='ltr'><strong>adversum,</strong></span> 
     </span>
    </p>
   </div>
   <div class='ocr_carea' id='block_1_71' title="bbox 976 528 1775 568">
    <p class='ocr_par' dir='ltr' id='par_1_71' title="bbox 976 528 1775 568">
     <span class='ocr_line' id='line_1_71' title="bbox 976 528 1775 568; baseline 0.015 -14"><span class='ocrx_word' id='word_1_537' title='bbox 976 528 1024 556; x_wconf 85' lang='lat' dir='ltr'><strong>sed</strong></span> <span class='ocrx_word' id='word_1_538' title='bbox 1037 536 1090 555; x_wconf 91' lang='lat' dir='ltr'><strong>non</strong></span> <span class='ocrx_word' id='word_1_539' title='bbox 1104 533 1145 556; x_wconf 87' lang='lat' dir='ltr'><strong>est</strong></span> <span class='ocrx_word' id='word_1_540' title='bbox 1156 530 1212 557; x_wconf 87' lang='lat' dir='ltr'><strong>sine</strong></span> <span class='ocrx_word' id='word_1_541' title='bbox 1225 531 1288 558; x_wconf 89' lang='lat' dir='ltr'><strong>Deo.</strong></span> <span class='ocrx_word' id='word_1_542' title='bbox 1303 531 1435 565; x_wconf 66' lang='lat' dir='ltr'><strong>Haeceine,</strong></span> <span class='ocrx_word' id='word_1_543' title='bbox 1452 533 1568 568; x_wconf 90' lang='lat' dir='ltr'><strong>inquam,</strong></span> <span class='ocrx_word' id='word_1_544' title='bbox 1583 541 1669 563; x_wconf 87' lang='lat' dir='ltr'><strong>vestra</strong></span> <span class='ocrx_word' id='word_1_545' title='bbox 1683 538 1775 566; x_wconf 86' lang='lat' dir='ltr'><strong>etiam.</strong></span> 
     </span>
    </p>
   </div>
   <div class='ocr_carea' id='block_1_72' title="bbox 976 574 1763 616">
    <p class='ocr_par' dir='ltr' id='par_1_72' title="bbox 976 574 1763 616">
     <span class='ocr_line' id='line_1_72' title="bbox 976 574 1763 616; baseline 0.013 -16"><span class='ocrx_word' id='word_1_546' title='bbox 976 574 1105 602; x_wconf 84' lang='lat' dir='ltr'><strong>sententia</strong></span> <span class='ocrx_word' id='word_1_547' title='bbox 1116 575 1174 602; x_wconf 86' lang='lat' dir='ltr'><strong>est?</strong></span> <span class='ocrx_word' id='word_1_548' title='bbox 1183 575 1256 604; x_wconf 86' lang='lat' dir='ltr'><strong>Hanc</strong></span> <span class='ocrx_word' id='word_1_549' title='bbox 1265 583 1325 604; x_wconf 86' lang='lat' dir='ltr'><strong>esse</strong></span> <span class='ocrx_word' id='word_1_550' title='bbox 1335 577 1466 605; x_wconf 80' lang='lat' dir='ltr'><strong>dixerunt.</strong></span> <span class='ocrx_word' id='word_1_551' title='bbox 1480 578 1562 606; x_wconf 86' lang='lat' dir='ltr'><strong>Dicite</strong></span> <span class='ocrx_word' id='word_1_552' title='bbox 1575 580 1649 614; x_wconf 90' lang='lat' dir='ltr'><strong>mihi,</strong></span> <span class='ocrx_word' id='word_1_553' title='bbox 1660 587 1763 616; x_wconf 64' lang='lat' dir='ltr'><strong>quaeso,</strong></span> 
     </span>
    </p>
   </div>
   <div class='ocr_carea' id='block_1_73' title="bbox 977 620 1766 664">
    <p class='ocr_par' dir='ltr' id='par_1_73' title="bbox 977 620 1766 664">
     <span class='ocr_line' id='line_1_73' title="bbox 977 620 1766 664; baseline 0.011 -17"><span class='ocrx_word' id='word_1_554' title='bbox 977 620 1083 655; x_wconf 87' lang='lat' dir='ltr'><strong>inquam</strong></span> <span class='ocrx_word' id='word_1_555' title='bbox 1099 630 1106 648; x_wconf 88' lang='lat'><strong>:</strong></span> <span class='ocrx_word' id='word_1_556' title='bbox 1121 629 1174 649; x_wconf 93' lang='lat' dir='ltr'><strong>non</strong></span> <span class='ocrx_word' id='word_1_557' title='bbox 1186 622 1261 650; x_wconf 87' lang='lat' dir='ltr'><strong>vobis</strong></span> <span class='ocrx_word' id='word_1_558' title='bbox 1278 623 1382 651; x_wconf 83' lang='lat' dir='ltr'><strong>videtur</strong></span> <span class='ocrx_word' id='word_1_559' title='bbox 1395 632 1454 652; x_wconf 87' lang='lat' dir='ltr'><strong>esse</strong></span> <span class='ocrx_word' id='word_1_560' title='bbox 1474 626 1572 653; x_wconf 90' lang='lat' dir='ltr'><strong>homini</strong></span> <span class='ocrx_word' id='word_1_561' title='bbox 1587 627 1657 655; x_wconf 87' lang='lat' dir='ltr'><strong>Deus</strong></span> <span class='ocrx_word' id='word_1_562' title='bbox 1676 630 1766 664; x_wconf 76' lang='lat' dir='ltr'><strong>propi-</strong></span> 
     </span>
    </p>
   </div>
   <div class='ocr_carea' id='block_1_74' title="bbox 978 666 1764 713">
    <p class='ocr_par' dir='ltr' id='par_1_74' title="bbox 978 666 1764 713">
     <span class='ocr_line' id='line_1_74' title="bbox 978 666 1764 713; baseline 0.011 -21"><span class='ocrx_word' id='word_1_563' title='bbox 978 666 1029 692; x_wconf 87' lang='lat' dir='ltr'><strong>tius</strong></span> <span class='ocrx_word' id='word_1_564' title='bbox 1039 666 1080 693; x_wconf 90' lang='lat' dir='ltr'><strong>cui</strong></span> <span class='ocrx_word' id='word_1_565' title='bbox 1094 666 1179 694; x_wconf 84' lang='lat' dir='ltr'><strong>favet?</strong></span> <span class='ocrx_word' id='word_1_566' title='bbox 1190 667 1256 695; x_wconf 84' lang='lat' dir='ltr'><strong>Esse</strong></span> <span class='ocrx_word' id='word_1_567' title='bbox 1266 669 1380 696; x_wconf 79' lang='lat' dir='ltr'><strong>confessi</strong></span> <span class='ocrx_word' id='word_1_568' title='bbox 1393 675 1463 697; x_wconf 92' lang='lat' dir='ltr'><strong>sunt.</strong></span> <span class='ocrx_word' id='word_1_569' title='bbox 1477 670 1533 698; x_wconf 90' lang='lat' dir='ltr'><strong>Non</strong></span> <span class='ocrx_word' id='word_1_570' title='bbox 1546 679 1623 707; x_wconf 80' lang='lat' dir='ltr'><strong>ergo,</strong></span> <span class='ocrx_word' id='word_1_571' title='bbox 1640 673 1746 713; x_wconf 48' lang='lat' dir='ltr'><strong>inquam</strong></span> <span class='ocrx_word' id='word_1_572' title='bbox 1755 689 1764 706; x_wconf 54' lang='grc' dir='ltr'><strong>ε</strong></span> 
     </span>
    </p>
   </div>
   <div class='ocr_carea' id='block_1_75' title="bbox 978 711 1762 752">
    <p class='ocr_par' dir='ltr' id='par_1_75' title="bbox 978 711 1762 752">
     <span class='ocr_line' id='line_1_75' title="bbox 978 711 1762 752; baseline 0.013 -15"><span class='ocrx_word' id='word_1_573' title='bbox 978 711 1045 738; x_wconf 76' lang='lat' dir='ltr'><strong>favet</strong></span> <span class='ocrx_word' id='word_1_574' title='bbox 1069 711 1139 739; x_wconf 87' lang='lat' dir='ltr'><strong>Deus</strong></span> <span class='ocrx_word' id='word_1_575' title='bbox 1161 713 1289 747; x_wconf 67' lang='lat' dir='ltr'><strong>quwrenti</strong></span> <span class='ocrx_word' id='word_1_576' title='bbox 1313 721 1373 742; x_wconf 85' lang='lat' dir='ltr'><strong>sese</strong></span> <span class='ocrx_word' id='word_1_577' title='bbox 1394 714 1513 743; x_wconf 88' lang='lat' dir='ltr'><strong>homini?</strong></span> <span class='ocrx_word' id='word_1_578' title='bbox 1535 711 1762 752; x_wconf 77' lang='lat' dir='ltr'><strong>Responderunt:</strong></span> 
     </span>
    </p>
   </div>
   <div class='ocr_carea' id='block_1_76' title="bbox 977 756 1763 798">
    <p class='ocr_par' dir='ltr' id='par_1_76' title="bbox 977 756 1763 798">
     <span class='ocr_line' id='line_1_76' title="bbox 977 756 1763 798; baseline 0.011 -14"><span class='ocrx_word' id='word_1_579' title='bbox 977 756 1067 785; x_wconf 84' lang='lat' dir='ltr'><strong>Favet.</strong></span> <span class='ocrx_word' id='word_1_580' title='bbox 1080 758 1165 786; x_wconf 79' lang='lat' dir='ltr'><strong>liabet</strong></span> <span class='ocrx_word' id='word_1_581' title='bbox 1175 759 1262 794; x_wconf 75' lang='lat' dir='ltr'><strong>igitur,</strong></span> <span class='ocrx_word' id='word_1_582' title='bbox 1280 760 1395 794; x_wconf 86' lang='lat' dir='ltr'><strong>inquam,</strong></span> <span class='ocrx_word' id='word_1_583' title='bbox 1411 761 1455 796; x_wconf 93' lang='lat' dir='ltr'><strong>qui</strong></span> <span class='ocrx_word' id='word_1_584' title='bbox 1469 762 1551 790; x_wconf 86' lang='lat' dir='ltr'><strong>Deum</strong></span> <span class='ocrx_word' id='word_1_585' title='bbox 1564 765 1668 798; x_wconf 63' lang='lat' dir='ltr'><strong>quaerit,</strong></span> <span class='ocrx_word' id='word_1_586' title='bbox 1679 766 1763 793; x_wconf 90' lang='lat' dir='ltr'><strong>Deum</strong></span> 
     </span>
    </p>
   </div>
   <div class='ocr_carea' id='block_1_77' title="bbox 977 803 1762 845">
    <p class='ocr_par' dir='ltr' id='par_1_77' title="bbox 977 803 1762 845">
     <span class='ocr_line' id='line_1_77' title="bbox 977 803 1762 845; baseline 0.013 -16"><span class='ocrx_word' id='word_1_587' title='bbox 977 803 1137 838; x_wconf 89' lang='lat' dir='ltr'><strong>propitium;</strong></span> <span class='ocrx_word' id='word_1_588' title='bbox 1160 809 1186 831; x_wconf 93' lang='lat' dir='ltr'><strong>et</strong></span> <span class='ocrx_word' id='word_1_589' title='bbox 1210 806 1297 833; x_wconf 91' lang='lat' dir='ltr'><strong>omnis</strong></span> <span class='ocrx_word' id='word_1_590' title='bbox 1318 807 1361 840; x_wconf 87' lang='lat' dir='ltr'><strong>qtti</strong></span> <span class='ocrx_word' id='word_1_591' title='bbox 1392 806 1471 835; x_wconf 87' lang='lat' dir='ltr'><strong>habet</strong></span> <span class='ocrx_word' id='word_1_592' title='bbox 1496 808 1578 836; x_wconf 89' lang='lat' dir='ltr'><strong>Deum</strong></span> <span class='ocrx_word' id='word_1_593' title='bbox 1602 812 1762 845; x_wconf 83' lang='lat' dir='ltr'><strong>propitium,</strong></span> 
     </span>
    </p>
   </div>
   <div class='ocr_carea' id='block_1_78' title="bbox 976 848 1765 889">
    <p class='ocr_par' dir='ltr' id='par_1_78' title="bbox 976 848 1765 889">
     <span class='ocr_line' id='line_1_78' title="bbox 976 848 1765 889; baseline 0.013 -15"><span class='ocrx_word' id='word_1_594' title='bbox 976 848 1070 875; x_wconf 85' lang='lat' dir='ltr'><strong>beatus</strong></span> <span class='ocrx_word' id='word_1_595' title='bbox 1081 853 1132 876; x_wconf 88' lang='lat' dir='ltr'><strong>est.</strong></span> <span class='ocrx_word' id='word_1_596' title='bbox 1146 849 1242 877; x_wconf 85' lang='lat' dir='ltr'><strong>Beatus</strong></span> <span class='ocrx_word' id='word_1_597' title='bbox 1253 855 1296 877; x_wconf 87' lang='lat' dir='ltr'><strong>est</strong></span> <span class='ocrx_word' id='word_1_598' title='bbox 1311 856 1410 886; x_wconf 80' lang='lat' dir='ltr'><strong>ergoet</strong></span> <span class='ocrx_word' id='word_1_599' title='bbox 1422 852 1464 880; x_wconf 90' lang='lat' dir='ltr'><strong>ille</strong></span> <span class='ocrx_word' id='word_1_600' title='bbox 1478 854 1523 888; x_wconf 89' lang='lat' dir='ltr'><strong>qui</strong></span> <span class='ocrx_word' id='word_1_601' title='bbox 1538 856 1641 889; x_wconf 69' lang='lat' dir='ltr'><strong>quaerit.</strong></span> <span class='ocrx_word' id='word_1_602' title='bbox 1656 856 1704 889; x_wconf 87' lang='lat' dir='ltr'><strong>Qui</strong></span> <span class='ocrx_word' id='word_1_603' title='bbox 1717 865 1765 884; x_wconf 82' lang='lat' dir='ltr'><strong>au-</strong></span> 
     </span>
    </p>
   </div>
   <div class='ocr_carea' id='block_1_79' title="bbox 978 895 1764 937">
    <p class='ocr_par' dir='ltr' id='par_1_79' title="bbox 978 895 1764 937">
     <span class='ocr_line' id='line_1_79' title="bbox 978 895 1764 937; baseline 0.011 -16"><span class='ocrx_word' id='word_1_604' title='bbox 978 898 1030 921; x_wconf 80' lang='lat' dir='ltr'><strong>tent</strong></span> <span class='ocrx_word' id='word_1_605' title='bbox 1049 895 1162 929; x_wconf 65' lang='lat' dir='ltr'><strong>quaerit,</strong></span> <span class='ocrx_word' id='word_1_606' title='bbox 1187 896 1304 924; x_wconf 92' lang='lat' dir='ltr'><strong>nondttm</strong></span> <span class='ocrx_word' id='word_1_607' title='bbox 1326 897 1405 925; x_wconf 88' lang='lat' dir='ltr'><strong>habet</strong></span> <span class='ocrx_word' id='word_1_608' title='bbox 1426 899 1495 933; x_wconf 86' lang='lat' dir='ltr'><strong>quod</strong></span> <span class='ocrx_word' id='word_1_609' title='bbox 1517 900 1581 927; x_wconf 89' lang='lat' dir='ltr'><strong>vult.</strong></span> <span class='ocrx_word' id='word_1_610' title='bbox 1604 901 1662 929; x_wconf 86' lang='lat' dir='ltr'><strong>Erit</strong></span> <span class='ocrx_word' id='word_1_611' title='bbox 1684 903 1764 937; x_wconf 77' lang='lat' dir='ltr'><strong>igitur</strong></span> 
     </span>
    </p>
   </div>
   <div class='ocr_carea' id='block_1_80' title="bbox 976 940 1774 981">
    <p class='ocr_par' dir='ltr' id='par_1_80' title="bbox 976 940 1774 981">
     <span class='ocr_line' id='line_1_80' title="bbox 976 940 1774 981; baseline 0.011 -15"><span class='ocrx_word' id='word_1_612' title='bbox 976 940 1068 967; x_wconf 84' lang='lat' dir='ltr'><strong>beatus</strong></span> <span class='ocrx_word' id='word_1_613' title='bbox 1080 941 1123 975; x_wconf 90' lang='lat' dir='ltr'><strong>qui</strong></span> <span class='ocrx_word' id='word_1_614' title='bbox 1137 941 1205 975; x_wconf 84' lang='lat' dir='ltr'><strong>quod</strong></span> <span class='ocrx_word' id='word_1_615' title='bbox 1227 942 1283 969; x_wconf 88' lang='lat' dir='ltr'><strong>vult</strong></span> <span class='ocrx_word' id='word_1_616' title='bbox 1296 950 1347 969; x_wconf 93' lang='lat' dir='ltr'><strong>non</strong></span> <span class='ocrx_word' id='word_1_617' title='bbox 1363 942 1451 971; x_wconf 87' lang='lat' dir='ltr'><strong>habet.</strong></span> <span class='ocrx_word' id='word_1_618' title='bbox 1465 944 1593 979; x_wconf 79' lang='lat' dir='ltr'><strong>Prorsus,</strong></span> <span class='ocrx_word' id='word_1_619' title='bbox 1609 946 1693 981; x_wconf 90' lang='lat' dir='ltr'><strong>inquit</strong></span> <span class='ocrx_word' id='word_1_620' title='bbox 1705 955 1774 975; x_wconf 53' lang='lat' dir='ltr'><strong>mam</strong></span> 
     </span>
    </p>
   </div>
   <div class='ocr_carea' id='block_1_81' title="bbox 977 986 1764 1026">
    <p class='ocr_par' dir='ltr' id='par_1_81' title="bbox 977 986 1764 1026">
     <span class='ocr_line' id='line_1_81' title="bbox 977 986 1764 1026; baseline 0.011 -14"><span class='ocrx_word' id='word_1_621' title='bbox 977 990 1027 1018; x_wconf 75' lang='lat' dir='ltr'><strong>ter,</strong></span> <span class='ocrx_word' id='word_1_622' title='bbox 1043 994 1095 1013; x_wconf 88' lang='lat' dir='ltr'><strong>tton</strong></span> <span class='ocrx_word' id='word_1_623' title='bbox 1118 986 1182 1014; x_wconf 89' lang='lat' dir='ltr'><strong>mihi</strong></span> <span class='ocrx_word' id='word_1_624' title='bbox 1196 987 1299 1015; x_wconf 87' lang='lat' dir='ltr'><strong>videtur</strong></span> <span class='ocrx_word' id='word_1_625' title='bbox 1312 989 1405 1017; x_wconf 84' lang='lat' dir='ltr'><strong>beatus</strong></span> <span class='ocrx_word' id='word_1_626' title='bbox 1420 998 1480 1018; x_wconf 85' lang='lat' dir='ltr'><strong>esse</strong></span> <span class='ocrx_word' id='word_1_627' title='bbox 1496 991 1541 1026; x_wconf 89' lang='lat' dir='ltr'><strong>qui</strong></span> <span class='ocrx_word' id='word_1_628' title='bbox 1555 992 1625 1026; x_wconf 92' lang='lat' dir='ltr'><strong>quod</strong></span> <span class='ocrx_word' id='word_1_629' title='bbox 1638 994 1692 1020; x_wconf 82' lang='lat' dir='ltr'><strong>vult</strong></span> <span class='ocrx_word' id='word_1_630' title='bbox 1711 1002 1764 1021; x_wconf 89' lang='lat' dir='ltr'><strong>non</strong></span> 
     </span>
    </p>
   </div>
   <div class='ocr_carea' id='block_1_82' title="bbox 976 1032 1765 1072">
    <p class='ocr_par' dir='ltr' id='par_1_82' title="bbox 976 1032 1765 1072">
     <span class='ocr_line' id='line_1_82' title="bbox 976 1032 1765 1072; baseline 0.01 -13"><span class='ocrx_word' id='word_1_631' title='bbox 976 1032 1067 1060; x_wconf 79' lang='lat' dir='ltr'><strong>habet.</strong></span> <span class='ocrx_word' id='word_1_632' title='bbox 1092 1033 1173 1068; x_wconf 74' lang='lat' dir='ltr'><strong>Ergo,</strong></span> <span class='ocrx_word' id='word_1_633' title='bbox 1188 1034 1312 1069; x_wconf 86' lang='lat' dir='ltr'><strong>inquam,</strong></span> <span class='ocrx_word' id='word_1_634' title='bbox 1334 1043 1386 1063; x_wconf 93' lang='lat' dir='ltr'><strong>non</strong></span> <span class='ocrx_word' id='word_1_635' title='bbox 1406 1037 1493 1064; x_wconf 92' lang='lat' dir='ltr'><strong>omnis</strong></span> <span class='ocrx_word' id='word_1_636' title='bbox 1515 1038 1560 1072; x_wconf 92' lang='lat' dir='ltr'><strong>qui</strong></span> <span class='ocrx_word' id='word_1_637' title='bbox 1580 1038 1658 1067; x_wconf 82' lang='lat' dir='ltr'><strong>habet</strong></span> <span class='ocrx_word' id='word_1_638' title='bbox 1681 1040 1765 1067; x_wconf 88' lang='lat' dir='ltr'><strong>Deum</strong></span> 
     </span>
    </p>
   </div>
   <div class='ocr_carea' id='block_1_83' title="bbox 976 1078 1763 1118">
    <p class='ocr_par' dir='ltr' id='par_1_83' title="bbox 976 1078 1763 1118">
     <span class='ocr_line' id='line_1_83' title="bbox 976 1078 1763 1118; baseline 0.009 -13"><span class='ocrx_word' id='word_1_639' title='bbox 976 1078 1129 1113; x_wconf 87' lang='lat' dir='ltr'><strong>propitium,</strong></span> <span class='ocrx_word' id='word_1_640' title='bbox 1145 1079 1238 1107; x_wconf 82' lang='lat' dir='ltr'><strong>beatus</strong></span> <span class='ocrx_word' id='word_1_641' title='bbox 1251 1084 1299 1107; x_wconf 86' lang='lat' dir='ltr'><strong>est.</strong></span> <span class='ocrx_word' id='word_1_642' title='bbox 1313 1080 1342 1108; x_wconf 89' lang='lat' dir='ltr'><strong>Si</strong></span> <span class='ocrx_word' id='word_1_643' title='bbox 1361 1081 1411 1108; x_wconf 89' lang='lat' dir='ltr'><strong>ltoc</strong></span> <span class='ocrx_word' id='word_1_644' title='bbox 1423 1082 1494 1117; x_wconf 83' lang='lat' dir='ltr'><strong>cogit</strong></span> <span class='ocrx_word' id='word_1_645' title='bbox 1507 1083 1587 1116; x_wconf 84' lang='lat' dir='ltr'><strong>ratio,</strong></span> <span class='ocrx_word' id='word_1_646' title='bbox 1603 1083 1696 1118; x_wconf 85' lang='lat' dir='ltr'><strong>inquit.</strong></span> <span class='ocrx_word' id='word_1_647' title='bbox 1711 1093 1763 1112; x_wconf 92' lang='lat' dir='ltr'><strong>non</strong></span> 
     </span>
    </p>
   </div>
   <div class='ocr_carea' id='block_1_84' title="bbox 976 1125 1773 1161">
    <p class='ocr_par' dir='ltr' id='par_1_84' title="bbox 976 1125 1773 1161">
     <span class='ocr_line' id='line_1_84' title="bbox 976 1125 1773 1161; baseline 0.009 -11"><span class='ocrx_word' id='word_1_648' title='bbox 976 1131 1083 1158; x_wconf 88' lang='lat' dir='ltr'><strong>possum</strong></span> <span class='ocrx_word' id='word_1_649' title='bbox 1099 1132 1206 1158; x_wconf 83' lang='lat' dir='ltr'><strong>negare.</strong></span> <span class='ocrx_word' id='word_1_650' title='bbox 1222 1125 1274 1152; x_wconf 85' lang='lat' dir='ltr'><strong>ista</strong></span> <span class='ocrx_word' id='word_1_651' title='bbox 1290 1126 1384 1160; x_wconf 83' lang='lat' dir='ltr'><strong>igitur,</strong></span> <span class='ocrx_word' id='word_1_652' title='bbox 1399 1126 1505 1161; x_wconf 91' lang='lat' dir='ltr'><strong>inquam</strong></span> <span class='ocrx_word' id='word_1_653' title='bbox 1517 1148 1525 1161; x_wconf 88' lang='lat'><strong>,</strong></span> <span class='ocrx_word' id='word_1_654' title='bbox 1540 1127 1689 1156; x_wconf 83' lang='lat' dir='ltr'><strong>distributio</strong></span> <span class='ocrx_word' id='word_1_655' title='bbox 1702 1130 1773 1161; x_wconf 53' lang='lat' dir='ltr'><strong>erit,</strong></span> 
     </span>
    </p>
   </div>
   <div class='ocr_carea' id='block_1_85' title="bbox 976 1170 1763 1208">
    <p class='ocr_par' dir='ltr' id='par_1_85' title="bbox 976 1170 1763 1208">
     <span class='ocr_line' id='line_1_85' title="bbox 976 1170 1763 1208; baseline 0.008 -12"><span class='ocrx_word' id='word_1_656' title='bbox 976 1174 1005 1196; x_wconf 92' lang='lat' dir='ltr'><strong>ut</strong></span> <span class='ocrx_word' id='word_1_657' title='bbox 1018 1170 1105 1197; x_wconf 88' lang='lat' dir='ltr'><strong>omnis</strong></span> <span class='ocrx_word' id='word_1_658' title='bbox 1121 1171 1165 1206; x_wconf 88' lang='lat' dir='ltr'><strong>qui</strong></span> <span class='ocrx_word' id='word_1_659' title='bbox 1181 1171 1237 1205; x_wconf 76' lang='lat' dir='ltr'><strong>jam</strong></span> <span class='ocrx_word' id='word_1_660' title='bbox 1255 1171 1337 1199; x_wconf 86' lang='lat' dir='ltr'><strong>Deum</strong></span> <span class='ocrx_word' id='word_1_661' title='bbox 1359 1172 1457 1199; x_wconf 81' lang='lat' dir='ltr'><strong>invenit</strong></span> <span class='ocrx_word' id='word_1_662' title='bbox 1470 1177 1497 1200; x_wconf 90' lang='lat' dir='ltr'><strong>et</strong></span> <span class='ocrx_word' id='word_1_663' title='bbox 1518 1173 1659 1208; x_wconf 91' lang='lat' dir='ltr'><strong>propitittm</strong></span> <span class='ocrx_word' id='word_1_664' title='bbox 1680 1174 1763 1202; x_wconf 91' lang='lat' dir='ltr'><strong>Deum</strong></span> 
     </span>
    </p>
   </div>
   <div class='ocr_carea' id='block_1_86' title="bbox 976 1214 1765 1254">
    <p class='ocr_par' dir='ltr' id='par_1_86' title="bbox 976 1214 1765 1254">
     <span class='ocr_line' id='line_1_86' title="bbox 976 1214 1765 1254; baseline 0.008 -13"><span class='ocrx_word' id='word_1_665' title='bbox 976 1214 1081 1248; x_wconf 80' lang='lat' dir='ltr'><strong>habeat,</strong></span> <span class='ocrx_word' id='word_1_666' title='bbox 1094 1219 1121 1242; x_wconf 88' lang='lat' dir='ltr'><strong>et</strong></span> <span class='ocrx_word' id='word_1_667' title='bbox 1134 1216 1226 1243; x_wconf 86' lang='lat' dir='ltr'><strong>beatus</strong></span> <span class='ocrx_word' id='word_1_668' title='bbox 1239 1216 1273 1243; x_wconf 92' lang='lat' dir='ltr'><strong>sit</strong></span> <span class='ocrx_word' id='word_1_669' title='bbox 1289 1225 1296 1243; x_wconf 73' lang='grc' dir='ltr'>ε</span> <span class='ocrx_word' id='word_1_670' title='bbox 1311 1217 1398 1244; x_wconf 90' lang='lat' dir='ltr'><strong>omttis</strong></span> <span class='ocrx_word' id='word_1_671' title='bbox 1410 1222 1498 1246; x_wconf 89' lang='lat' dir='ltr'><strong>atttem</strong></span> <span class='ocrx_word' id='word_1_672' title='bbox 1511 1219 1555 1253; x_wconf 87' lang='lat' dir='ltr'><strong>qui</strong></span> <span class='ocrx_word' id='word_1_673' title='bbox 1572 1219 1653 1246; x_wconf 91' lang='lat' dir='ltr'><strong>Deum</strong></span> <span class='ocrx_word' id='word_1_674' title='bbox 1669 1221 1765 1254; x_wconf 63' lang='lat' dir='ltr'><strong>quaerit</strong></span> 
     </span>
    </p>
   </div>
   <div class='ocr_carea' id='block_1_87' title="bbox 977 1260 1764 1300">
    <p class='ocr_par' dir='ltr' id='par_1_87' title="bbox 977 1260 1764 1300">
     <span class='ocr_line' id='line_1_87' title="bbox 977 1260 1764 1300; baseline 0.006 -13"><span class='ocrx_word' id='word_1_675' title='bbox 977 1260 1117 1296; x_wconf 89' lang='lat' dir='ltr'><strong>propitium</strong></span> <span class='ocrx_word' id='word_1_676' title='bbox 1131 1261 1213 1288; x_wconf 84' lang='lat' dir='ltr'><strong>Deum</strong></span> <span class='ocrx_word' id='word_1_677' title='bbox 1227 1261 1333 1297; x_wconf 86' lang='lat' dir='ltr'><strong>habeat,</strong></span> <span class='ocrx_word' id='word_1_678' title='bbox 1346 1262 1394 1290; x_wconf 88' lang='lat' dir='ltr'><strong>sed</strong></span> <span class='ocrx_word' id='word_1_679' title='bbox 1406 1261 1522 1290; x_wconf 70' lang='lat' dir='ltr'><strong>nohdum</strong></span> <span class='ocrx_word' id='word_1_680' title='bbox 1533 1264 1567 1291; x_wconf 87' lang='lat' dir='ltr'><strong>sit</strong></span> <span class='ocrx_word' id='word_1_681' title='bbox 1577 1264 1764 1300; x_wconf 86' lang='lat' dir='ltr'><strong>beatus;jam-</strong></span> 
     </span>
    </p>
   </div>
   <div class='ocr_carea' id='block_1_88' title="bbox 976 1306 1763 1345">
    <p class='ocr_par' dir='ltr' id='par_1_88' title="bbox 976 1306 1763 1345">
     <span class='ocr_line' id='line_1_88' title="bbox 976 1306 1763 1345; baseline 0.008 -12"><span class='ocrx_word' id='word_1_682' title='bbox 976 1314 1040 1334; x_wconf 90' lang='lat' dir='ltr'><strong>vero</strong></span> <span class='ocrx_word' id='word_1_683' title='bbox 1053 1306 1172 1342; x_wconf 83' lang='lat' dir='ltr'><strong>quisquis</strong></span> <span class='ocrx_word' id='word_1_684' title='bbox 1186 1307 1257 1334; x_wconf 81' lang='lat' dir='ltr'><strong>vitiis</strong></span> <span class='ocrx_word' id='word_1_685' title='bbox 1278 1312 1358 1342; x_wconf 86' lang='lat' dir='ltr'><strong>atque</strong></span> <span class='ocrx_word' id='word_1_686' title='bbox 1376 1309 1491 1343; x_wconf 84' lang='lat' dir='ltr'><strong>peccatis</strong></span> <span class='ocrx_word' id='word_1_687' title='bbox 1506 1316 1521 1336; x_wconf 88' lang='lat' dir='ltr'><strong>a</strong></span> <span class='ocrx_word' id='word_1_688' title='bbox 1540 1310 1595 1337; x_wconf 87' lang='lat' dir='ltr'><strong>Deo</strong></span> <span class='ocrx_word' id='word_1_689' title='bbox 1607 1318 1637 1338; x_wconf 83' lang='lat' dir='ltr'><strong>se</strong></span> <span class='ocrx_word' id='word_1_690' title='bbox 1654 1306 1763 1345; x_wconf 68' lang='lat' dir='ltr'><strong>alienat,</strong></span> 
     </span>
    </p>
   </div>
   <div class='ocr_carea' id='block_1_89' title="bbox 976 1352 1766 1391">
    <p class='ocr_par' dir='ltr' id='par_1_89' title="bbox 976 1352 1766 1391">
     <span class='ocr_line' id='line_1_89' title="bbox 976 1352 1766 1391; baseline 0.008 -12"><span class='ocrx_word' id='word_1_691' title='bbox 976 1360 1029 1380; x_wconf 92' lang='lat' dir='ltr'><strong>non</strong></span> <span class='ocrx_word' id='word_1_692' title='bbox 1043 1352 1122 1380; x_wconf 92' lang='lat' dir='ltr'><strong>modo</strong></span> <span class='ocrx_word' id='word_1_693' title='bbox 1134 1352 1226 1380; x_wconf 89' lang='lat' dir='ltr'><strong>beatus</strong></span> <span class='ocrx_word' id='word_1_694' title='bbox 1245 1360 1297 1380; x_wconf 92' lang='lat' dir='ltr'><strong>non</strong></span> <span class='ocrx_word' id='word_1_695' title='bbox 1311 1354 1363 1388; x_wconf 82' lang='lat' dir='ltr'><strong>sit,</strong></span> <span class='ocrx_word' id='word_1_696' title='bbox 1383 1354 1431 1381; x_wconf 84' lang='lat' dir='ltr'><strong>sed</strong></span> <span class='ocrx_word' id='word_1_697' title='bbox 1445 1362 1480 1382; x_wconf 87' lang='lat' dir='ltr'><strong>ne</strong></span> <span class='ocrx_word' id='word_1_698' title='bbox 1501 1355 1556 1383; x_wconf 91' lang='lat' dir='ltr'><strong>Deo</strong></span> <span class='ocrx_word' id='word_1_699' title='bbox 1574 1356 1681 1391; x_wconf 88' lang='lat' dir='ltr'><strong>quidem</strong></span> <span class='ocrx_word' id='word_1_700' title='bbox 1695 1358 1766 1385; x_wconf 83' lang='lat' dir='ltr'><strong>vivat</strong></span> 
     </span>
    </p>
   </div>
   <div class='ocr_carea' id='block_1_90' title="bbox 976 1398 1098 1433">
    <p class='ocr_par' dir='ltr' id='par_1_90' title="bbox 976 1398 1098 1433">
     <span class='ocr_line' id='line_1_90' title="bbox 976 1398 1098 1433; baseline -0.008 -8"><span class='ocrx_word' id='word_1_701' title='bbox 976 1398 1098 1433; x_wconf 90' lang='lat' dir='ltr'><strong>propitio.</strong></span> 
     </span>
    </p>
   </div>
   <div class='ocr_carea' id='block_1_91' title="bbox 1022 1442 1763 1480">
    <p class='ocr_par' dir='ltr' id='par_1_91' title="bbox 1022 1442 1763 1480">
     <span class='ocr_line' id='line_1_91' title="bbox 1022 1442 1763 1480; baseline 0.005 -10"><span class='ocrx_word' id='word_1_702' title='bbox 1022 1443 1067 1470; x_wconf 70' lang='grc'><strong>22.</strong></span> <span class='ocrx_word' id='word_1_703' title='bbox 1083 1442 1159 1476; x_wconf 86' lang='lat' dir='ltr'><strong>Quod</strong></span> <span class='ocrx_word' id='word_1_704' title='bbox 1181 1451 1240 1471; x_wconf 92' lang='lat' dir='ltr'><strong>eum</strong></span> <span class='ocrx_word' id='word_1_705' title='bbox 1255 1444 1397 1479; x_wconf 84' lang='lat' dir='ltr'><strong>placuisset</strong></span> <span class='ocrx_word' id='word_1_706' title='bbox 1417 1446 1540 1473; x_wconf 91' lang='lat' dir='ltr'><strong>omnibus</strong></span> <span class='ocrx_word' id='word_1_707' title='bbox 1555 1455 1563 1474; x_wconf 87' lang='lat'><strong>:</strong></span> <span class='ocrx_word' id='word_1_708' title='bbox 1581 1446 1653 1474; x_wconf 74' lang='lat' dir='ltr'><strong>Bene</strong></span> <span class='ocrx_word' id='word_1_709' title='bbox 1672 1446 1763 1480; x_wconf 69' lang='lat' dir='ltr'><strong>habet,</strong></span> 
     </span>
    </p>
   </div>
   <div class='ocr_carea' id='block_1_92' title="bbox 977 1488 1764 1528">
    <p class='ocr_par' dir='ltr' id='par_1_92' title="bbox 977 1488 1764 1528">
     <span class='ocr_line' id='line_1_92' title="bbox 977 1488 1764 1528; baseline 0.004 -11"><span class='ocrx_word' id='word_1_710' title='bbox 977 1490 1100 1525; x_wconf 85' lang='lat' dir='ltr'><strong>inquam;</strong></span> <span class='ocrx_word' id='word_1_711' title='bbox 1115 1488 1163 1516; x_wconf 84' lang='lat' dir='ltr'><strong>sed</strong></span> <span class='ocrx_word' id='word_1_712' title='bbox 1174 1489 1259 1517; x_wconf 88' lang='lat' dir='ltr'><strong>adhuc</strong></span> <span class='ocrx_word' id='word_1_713' title='bbox 1268 1490 1334 1517; x_wconf 89' lang='lat' dir='ltr'><strong>illud</strong></span> <span class='ocrx_word' id='word_1_714' title='bbox 1347 1498 1450 1523; x_wconf 90' lang='lat' dir='ltr'><strong>vereor,</strong></span> <span class='ocrx_word' id='word_1_715' title='bbox 1466 1499 1500 1519; x_wconf 89' lang='lat' dir='ltr'><strong>ne</strong></span> <span class='ocrx_word' id='word_1_716' title='bbox 1510 1499 1558 1519; x_wconf 88' lang='lat' dir='ltr'><strong>vos</strong></span> <span class='ocrx_word' id='word_1_717' title='bbox 1571 1496 1678 1520; x_wconf 87' lang='lat' dir='ltr'><strong>moveat</strong></span> <span class='ocrx_word' id='word_1_718' title='bbox 1693 1493 1764 1528; x_wconf 87' lang='lat' dir='ltr'><strong>quod</strong></span> 
     </span>
    </p>
   </div>
   <div class='ocr_carea' id='block_1_93' title="bbox 974 1535 1770 1574">
    <p class='ocr_par' dir='ltr' id='par_1_93' title="bbox 974 1535 1770 1574">
     <span class='ocr_line' id='line_1_93' title="bbox 974 1535 1770 1574; baseline 0.006 -13"><span class='ocrx_word' id='word_1_719' title='bbox 974 1535 1028 1570; x_wconf 85' lang='lat' dir='ltr'><strong>jam</strong></span> <span class='ocrx_word' id='word_1_720' title='bbox 1040 1535 1162 1570; x_wconf 88' lang='lat' dir='ltr'><strong>superius</strong></span> <span class='ocrx_word' id='word_1_721' title='bbox 1176 1543 1393 1563; x_wconf 87' lang='lat' dir='ltr'><strong>concesseramus</strong></span> <span class='ocrx_word' id='word_1_722' title='bbox 1402 1557 1410 1568; x_wconf 91' lang='lat'><strong>,</strong></span> <span class='ocrx_word' id='word_1_723' title='bbox 1427 1537 1555 1564; x_wconf 88' lang='lat' dir='ltr'><strong>miserum</strong></span> <span class='ocrx_word' id='word_1_724' title='bbox 1574 1545 1633 1565; x_wconf 81' lang='lat' dir='ltr'><strong>esse</strong></span> <span class='ocrx_word' id='word_1_725' title='bbox 1646 1537 1770 1574; x_wconf 78' lang='lat' dir='ltr'><strong>quisquis</strong></span> 
     </span>
    </p>
   </div>
   <div class='ocr_carea' id='block_1_94' title="bbox 976 1580 1767 1616">
    <p class='ocr_par' dir='ltr' id='par_1_94' title="bbox 976 1580 1767 1616">
     <span class='ocr_line' id='line_1_94' title="bbox 976 1580 1767 1616; baseline 0.004 -8"><span class='ocrx_word' id='word_1_726' title='bbox 976 1580 1071 1608; x_wconf 78' lang='lat' dir='ltr'><strong>beatus</strong></span> <span class='ocrx_word' id='word_1_727' title='bbox 1082 1588 1136 1607; x_wconf 89' lang='lat' dir='ltr'><strong>non</strong></span> <span class='ocrx_word' id='word_1_728' title='bbox 1146 1580 1181 1608; x_wconf 84' lang='lat' dir='ltr'><strong>sit</strong></span> <span class='ocrx_word' id='word_1_729' title='bbox 1194 1589 1201 1606; x_wconf 86' lang='lat'><strong><em>:</em></strong></span> <span class='ocrx_word' id='word_1_730' title='bbox 1218 1581 1259 1607; x_wconf 91' lang='lat' dir='ltr'><strong>cui</strong></span> <span class='ocrx_word' id='word_1_731' title='bbox 1273 1588 1439 1616; x_wconf 89' lang='lat' dir='ltr'><strong>consequens</strong></span> <span class='ocrx_word' id='word_1_732' title='bbox 1448 1582 1499 1609; x_wconf 89' lang='lat' dir='ltr'><strong>erit</strong></span> <span class='ocrx_word' id='word_1_733' title='bbox 1509 1589 1568 1609; x_wconf 85' lang='lat' dir='ltr'><strong>esse</strong></span> <span class='ocrx_word' id='word_1_734' title='bbox 1581 1582 1706 1610; x_wconf 89' lang='lat' dir='ltr'><strong>miseruttt</strong></span> <span class='ocrx_word' id='word_1_735' title='bbox 1719 1584 1767 1611; x_wconf 82' lang='lat' dir='ltr'><strong>lto-</strong></span> 
     </span>
    </p>
   </div>
   <div class='ocr_carea' id='block_1_95' title="bbox 975 1626 1763 1662">
    <p class='ocr_par' dir='ltr' id='par_1_95' title="bbox 975 1626 1763 1662">
     <span class='ocr_line' id='line_1_95' title="bbox 975 1626 1763 1662; baseline 0.005 -10"><span class='ocrx_word' id='word_1_736' title='bbox 975 1626 1074 1653; x_wconf 87' lang='lat' dir='ltr'><strong>minem</strong></span> <span class='ocrx_word' id='word_1_737' title='bbox 1085 1626 1131 1661; x_wconf 90' lang='lat' dir='ltr'><strong>qui</strong></span> <span class='ocrx_word' id='word_1_738' title='bbox 1145 1626 1285 1660; x_wconf 87' lang='lat' dir='ltr'><strong>propitium</strong></span> <span class='ocrx_word' id='word_1_739' title='bbox 1300 1630 1372 1653; x_wconf 84' lang='lat' dir='ltr'><strong>tenet</strong></span> <span class='ocrx_word' id='word_1_740' title='bbox 1383 1626 1476 1660; x_wconf 81' lang='lat' dir='ltr'><strong>Deum,</strong></span> <span class='ocrx_word' id='word_1_741' title='bbox 1492 1635 1570 1662; x_wconf 88' lang='lat' dir='ltr'><strong>quem</strong></span> <span class='ocrx_word' id='word_1_742' title='bbox 1580 1628 1668 1656; x_wconf 87' lang='lat' dir='ltr'><strong>adhuc</strong></span> <span class='ocrx_word' id='word_1_743' title='bbox 1681 1630 1763 1656; x_wconf 88' lang='lat' dir='ltr'><strong>Deum</strong></span> 
     </span>
    </p>
   </div>
   <div class='ocr_carea' id='block_1_96' title="bbox 977 1672 1762 1708">
    <p class='ocr_par' dir='ltr' id='par_1_96' title="bbox 977 1672 1762 1708">
     <span class='ocr_line' id='line_1_96' title="bbox 977 1672 1762 1708; baseline 0.005 -10"><span class='ocrx_word' id='word_1_744' title='bbox 977 1676 1138 1707; x_wconf 70' lang='lat' dir='ltr'><strong>qumrentem</strong></span> <span class='ocrx_word' id='word_1_745' title='bbox 1159 1672 1276 1699; x_wconf 89' lang='lat' dir='ltr'><strong>nondum</strong></span> <span class='ocrx_word' id='word_1_746' title='bbox 1295 1672 1411 1700; x_wconf 79' lang='lat' dir='ltr'><strong>diximus</strong></span> <span class='ocrx_word' id='word_1_747' title='bbox 1426 1679 1487 1700; x_wconf 71' lang='lat' dir='ltr'><strong>esse</strong></span> <span class='ocrx_word' id='word_1_748' title='bbox 1500 1673 1616 1701; x_wconf 89' lang='lat' dir='ltr'><strong>beatum.</strong></span> <span class='ocrx_word' id='word_1_749' title='bbox 1631 1675 1671 1701; x_wconf 81' lang='lat' dir='ltr'><strong>An</strong></span> <span class='ocrx_word' id='word_1_750' title='bbox 1690 1683 1762 1708; x_wconf 78' lang='lat' dir='ltr'><strong>vero,</strong></span> 
     </span>
    </p>
   </div>
   <div class='ocr_carea' id='block_1_97' title="bbox 977 1717 1764 1753">
    <p class='ocr_par' dir='ltr' id='par_1_97' title="bbox 977 1717 1764 1753">
     <span class='ocr_line' id='line_1_97' title="bbox 977 1717 1764 1753; baseline 0.004 -9"><span class='ocrx_word' id='word_1_751' title='bbox 977 1717 1048 1753; x_wconf 87' lang='lat' dir='ltr'><strong>quod</strong></span> <span class='ocrx_word' id='word_1_752' title='bbox 1062 1717 1099 1744; x_wconf 85' lang='lat' dir='ltr'><strong>ait</strong></span> <span class='ocrx_word' id='word_1_753' title='bbox 1114 1717 1225 1749; x_wconf 86' lang='lat' dir='ltr'><strong>Tullius,</strong></span> <span class='ocrx_word' id='word_1_754' title='bbox 1246 1717 1390 1745; x_wconf 89' lang='lat' dir='ltr'><strong>multorum</strong></span> <span class='ocrx_word' id='word_1_755' title='bbox 1407 1717 1433 1745; x_wconf 93' lang='lat' dir='ltr'><strong>in</strong></span> <span class='ocrx_word' id='word_1_756' title='bbox 1450 1718 1527 1745; x_wconf 86' lang='lat' dir='ltr'><strong>terris</strong></span> <span class='ocrx_word' id='word_1_757' title='bbox 1541 1718 1700 1753; x_wconf 59' lang='lat' dir='ltr'><strong>praediorum</strong></span> <span class='ocrx_word' id='word_1_758' title='bbox 1715 1720 1764 1747; x_wconf 87' lang='lat' dir='ltr'><strong>do-</strong></span> 
     </span>
    </p>
   </div>
   <div class='ocr_carea' id='block_1_98' title="bbox 976 1763 1764 1800">
    <p class='ocr_par' dir='ltr' id='par_1_98' title="bbox 976 1763 1764 1800">
     <span class='ocr_line' id='line_1_98' title="bbox 976 1763 1764 1800; baseline 0.004 -10"><span class='ocrx_word' id='word_1_759' title='bbox 976 1764 1064 1790; x_wconf 85' lang='lat' dir='ltr'><strong>minos</strong></span> <span class='ocrx_word' id='word_1_760' title='bbox 1076 1763 1172 1791; x_wconf 83' lang='lat' dir='ltr'><strong>divites</strong></span> <span class='ocrx_word' id='word_1_761' title='bbox 1185 1763 1367 1798; x_wconf 86' lang='lat' dir='ltr'><strong>appellamus;</strong></span> <span class='ocrx_word' id='word_1_762' title='bbox 1384 1764 1501 1791; x_wconf 90' lang='lat' dir='ltr'><strong>omnium</strong></span> <span class='ocrx_word' id='word_1_763' title='bbox 1515 1765 1641 1792; x_wconf 88' lang='lat' dir='ltr'><strong>virtutum</strong></span> <span class='ocrx_word' id='word_1_764' title='bbox 1656 1773 1764 1800; x_wconf 81' lang='lat' dir='ltr'><strong>posses-</strong></span> 
     </span>
    </p>
   </div>
   <div class='ocr_carea' id='block_1_99' title="bbox 976 1809 1762 1844">
    <p class='ocr_par' dir='ltr' id='par_1_99' title="bbox 976 1809 1762 1844">
     <span class='ocr_line' id='line_1_99' title="bbox 976 1809 1762 1844; baseline 0.003 -7"><span class='ocrx_word' id='word_1_765' title='bbox 976 1816 1051 1837; x_wconf 79' lang='lat' dir='ltr'><strong>sores</strong></span> <span class='ocrx_word' id='word_1_766' title='bbox 1064 1816 1193 1844; x_wconf 87' lang='lat' dir='ltr'><strong>pauperes</strong></span> <span class='ocrx_word' id='word_1_767' title='bbox 1203 1809 1398 1837; x_wconf 89' lang='lat' dir='ltr'><strong>nominabimus</strong></span> <span class='ocrx_word' id='word_1_768' title='bbox 1406 1810 1417 1836; x_wconf 88' lang='lat'><strong>?</strong></span> <span class='ocrx_word' id='word_1_769' title='bbox 1426 1809 1478 1837; x_wconf 81' lang='lat' dir='ltr'><strong>Sed</strong></span> <span class='ocrx_word' id='word_1_770' title='bbox 1491 1810 1554 1838; x_wconf 84' lang='lat' dir='ltr'><strong>illud</strong></span> <span class='ocrx_word' id='word_1_771' title='bbox 1567 1811 1662 1843; x_wconf 90' lang='lat' dir='ltr'><strong>videte,</strong></span> <span class='ocrx_word' id='word_1_772' title='bbox 1675 1818 1762 1839; x_wconf 90' lang='lat' dir='ltr'><strong>utrum</strong></span> 
     </span>
    </p>
   </div>
   <div class='ocr_carea' id='block_1_100' title="bbox 976 1855 1763 1891">
    <p class='ocr_par' dir='ltr' id='par_1_100' title="bbox 976 1855 1763 1891">
     <span class='ocr_line' id='line_1_100' title="bbox 976 1855 1763 1891; baseline 0.003 -9"><span class='ocrx_word' id='word_1_773' title='bbox 976 1855 1109 1890; x_wconf 88' lang='lat' dir='ltr'><strong>quomodo</strong></span> <span class='ocrx_word' id='word_1_774' title='bbox 1123 1863 1215 1883; x_wconf 84' lang='lat' dir='ltr'><strong>verum</strong></span> <span class='ocrx_word' id='word_1_775' title='bbox 1237 1860 1279 1882; x_wconf 86' lang='lat' dir='ltr'><strong>est</strong></span> <span class='ocrx_word' id='word_1_776' title='bbox 1292 1855 1363 1890; x_wconf 89' lang='lat' dir='ltr'><strong>quod</strong></span> <span class='ocrx_word' id='word_1_777' title='bbox 1375 1856 1463 1883; x_wconf 88' lang='lat' dir='ltr'><strong>omnis</strong></span> <span class='ocrx_word' id='word_1_778' title='bbox 1481 1864 1562 1891; x_wconf 79' lang='lat' dir='ltr'><strong>egens</strong></span> <span class='ocrx_word' id='word_1_779' title='bbox 1575 1857 1656 1884; x_wconf 84' lang='lat' dir='ltr'><strong>miser</strong></span> <span class='ocrx_word' id='word_1_780' title='bbox 1668 1858 1716 1890; x_wconf 77' lang='lat' dir='ltr'><strong>sit,</strong></span> <span class='ocrx_word' id='word_1_781' title='bbox 1729 1858 1763 1884; x_wconf 92' lang='lat' dir='ltr'><strong>ita</strong></span> 
     </span>
    </p>
   </div>
   <div class='ocr_carea' id='block_1_101' title="bbox 976 1901 1763 1936">
    <p class='ocr_par' dir='ltr' id='par_1_101' title="bbox 976 1901 1763 1936">
     <span class='ocr_line' id='line_1_101' title="bbox 976 1901 1763 1936; baseline 0.003 -8"><span class='ocrx_word' id='word_1_782' title='bbox 976 1901 1011 1928; x_wconf 77' lang='lat' dir='ltr'><strong>sit</strong></span> <span class='ocrx_word' id='word_1_783' title='bbox 1023 1908 1115 1928; x_wconf 76' lang='lat' dir='ltr'><strong>verum</strong></span> <span class='ocrx_word' id='word_1_784' title='bbox 1129 1901 1200 1936; x_wconf 91' lang='lat' dir='ltr'><strong>quod</strong></span> <span class='ocrx_word' id='word_1_785' title='bbox 1214 1901 1301 1927; x_wconf 90' lang='lat' dir='ltr'><strong>omnis</strong></span> <span class='ocrx_word' id='word_1_786' title='bbox 1315 1901 1396 1928; x_wconf 85' lang='lat' dir='ltr'><strong>miser</strong></span> <span class='ocrx_word' id='word_1_787' title='bbox 1410 1906 1496 1936; x_wconf 74' lang='lat' dir='ltr'><strong>egeat.</strong></span> <span class='ocrx_word' id='word_1_788' title='bbox 1512 1902 1549 1928; x_wconf 86' lang='lat' dir='ltr'><strong>Ita</strong></span> <span class='ocrx_word' id='word_1_789' title='bbox 1568 1902 1639 1929; x_wconf 87' lang='lat' dir='ltr'><strong>enim</strong></span> <span class='ocrx_word' id='word_1_790' title='bbox 1653 1904 1704 1930; x_wconf 90' lang='lat' dir='ltr'><strong>erit</strong></span> <span class='ocrx_word' id='word_1_791' title='bbox 1716 1911 1763 1930; x_wconf 86' lang='lat' dir='ltr'><strong>ve-</strong></span> 
     </span>
    </p>
   </div>
   <div class='ocr_carea' id='block_1_102' title="bbox 976 1945 1764 1983">
    <p class='ocr_par' dir='ltr' id='par_1_102' title="bbox 976 1945 1764 1983">
     <span class='ocr_line' id='line_1_102' title="bbox 976 1945 1764 1983; baseline 0.004 -10"><span class='ocrx_word' id='word_1_792' title='bbox 976 1953 1046 1979; x_wconf 88' lang='lat' dir='ltr'><strong>rum,</strong></span> <span class='ocrx_word' id='word_1_793' title='bbox 1060 1945 1125 1973; x_wconf 87' lang='lat' dir='ltr'><strong>nihil</strong></span> <span class='ocrx_word' id='word_1_794' title='bbox 1134 1946 1205 1973; x_wconf 86' lang='lat' dir='ltr'><strong>aliud</strong></span> <span class='ocrx_word' id='word_1_795' title='bbox 1219 1953 1279 1973; x_wconf 87' lang='lat' dir='ltr'><strong>esse</strong></span> <span class='ocrx_word' id='word_1_796' title='bbox 1290 1945 1423 1973; x_wconf 87' lang='lat' dir='ltr'><strong>miseriam</strong></span> <span class='ocrx_word' id='word_1_797' title='bbox 1434 1954 1516 1981; x_wconf 87' lang='lat' dir='ltr'><strong>quam</strong></span> <span class='ocrx_word' id='word_1_798' title='bbox 1526 1951 1681 1982; x_wconf 70' lang='lat' dir='ltr'><strong>egestatem,</strong></span> <span class='ocrx_word' id='word_1_799' title='bbox 1694 1949 1764 1983; x_wconf 88' lang='lat' dir='ltr'><strong>quod</strong></span> 
     </span>
    </p>
   </div>
   <div class='ocr_carea' id='block_1_103' title="bbox 976 1984 1766 2025">
    <p class='ocr_par' dir='ltr' id='par_1_103' title="bbox 976 1984 1766 2025">
     <span class='ocr_line' id='line_1_103' title="bbox 976 1984 1766 2025; baseline 0.003 -5"><span class='ocrx_word' id='word_1_800' title='bbox 976 2000 1019 2020; x_wconf 88' lang='lat' dir='ltr'><strong>me</strong></span> <span class='ocrx_word' id='word_1_801' title='bbox 1033 2000 1114 2023; x_wconf 77' lang='lat' dir='ltr'><strong>nunc,</strong></span> <span class='ocrx_word' id='word_1_802' title='bbox 1128 2000 1188 2020; x_wconf 90' lang='lat' dir='ltr'><strong>cum</strong></span> <span class='ocrx_word' id='word_1_803' title='bbox 1201 1992 1350 2025; x_wconf 88' lang='lat' dir='ltr'><strong>diceretur,</strong></span> <span class='ocrx_word' id='word_1_804' title='bbox 1368 1992 1475 2019; x_wconf 85' lang='lat' dir='ltr'><strong>laudare</strong></span> <span class='ocrx_word' id='word_1_805' title='bbox 1492 1993 1623 2020; x_wconf 85' lang='lat' dir='ltr'><strong>sensistis.</strong></span> <span class='ocrx_word' id='word_1_806' title='bbox 1644 1994 1699 2021; x_wconf 85' lang='lat' dir='ltr'><strong>Hoc</strong></span> <span class='ocrx_word' id='word_1_807' title='bbox 1718 1984 1766 2022; x_wconf 52' lang='lat' dir='ltr'><strong>al</strong></span> 
     </span>
    </p>
   </div>
   <div class='ocr_carea' id='block_1_104' title="bbox 977 2038 1764 2074">
    <p class='ocr_par' dir='ltr' id='par_1_104' title="bbox 977 2038 1764 2074">
     <span class='ocr_line' id='line_1_104' title="bbox 977 2038 1764 2074; baseline 0.003 -8"><span class='ocrx_word' id='word_1_808' title='bbox 977 2043 1030 2066; x_wconf 90' lang='lat' dir='ltr'><strong>tem</strong></span> <span class='ocrx_word' id='word_1_809' title='bbox 1046 2038 1124 2066; x_wconf 87' lang='lat' dir='ltr'><strong>hodie</strong></span> <span class='ocrx_word' id='word_1_810' title='bbox 1138 2039 1244 2074; x_wconf 78' lang='lat' dir='ltr'><strong>longum</strong></span> <span class='ocrx_word' id='word_1_811' title='bbox 1259 2043 1301 2066; x_wconf 88' lang='lat' dir='ltr'><strong>est</strong></span> <span class='ocrx_word' id='word_1_812' title='bbox 1318 2044 1347 2066; x_wconf 89' lang='lat' dir='ltr'><strong>ut</strong></span> <span class='ocrx_word' id='word_1_813' title='bbox 1365 2046 1534 2073; x_wconf 85' lang='lat' dir='ltr'><strong>quaeramus;</strong></span> <span class='ocrx_word' id='word_1_814' title='bbox 1555 2047 1637 2074; x_wconf 87' lang='lat' dir='ltr'><strong>quare</strong></span> <span class='ocrx_word' id='word_1_815' title='bbox 1656 2045 1717 2074; x_wconf 88' lang='lat' dir='ltr'><strong>peto</strong></span> <span class='ocrx_word' id='word_1_816' title='bbox 1731 2049 1764 2068; x_wconf 87' lang='lat' dir='ltr'><strong>nc</strong></span> 
     </span>
    </p>
   </div>
   <div class='ocr_carea' id='block_1_105' title="bbox 976 2085 1765 2114">
    <p class='ocr_par' dir='ltr' id='par_1_105' title="bbox 976 2085 1765 2114">
     <span class='ocr_line' id='line_1_105' title="bbox 976 2085 1765 2114; baseline 0.003 -3"><span class='ocrx_word' id='word_1_817' title='bbox 976 2085 1081 2112; x_wconf 84' lang='lat' dir='ltr'><strong>fastidio</strong></span> <span class='ocrx_word' id='word_1_818' title='bbox 1094 2085 1168 2112; x_wconf 84' lang='lat' dir='ltr'><strong>vobis</strong></span> <span class='ocrx_word' id='word_1_819' title='bbox 1180 2085 1214 2112; x_wconf 88' lang='lat' dir='ltr'><strong>sit</strong></span> <span class='ocrx_word' id='word_1_820' title='bbox 1227 2085 1260 2111; x_wconf 90' lang='lat' dir='ltr'><strong>ad</strong></span> <span class='ocrx_word' id='word_1_821' title='bbox 1273 2085 1349 2112; x_wconf 89' lang='lat' dir='ltr'><strong>istam</strong></span> <span class='ocrx_word' id='word_1_822' title='bbox 1364 2092 1482 2111; x_wconf 88' lang='lat' dir='ltr'><strong>mensam</strong></span> <span class='ocrx_word' id='word_1_823' title='bbox 1496 2092 1556 2111; x_wconf 90' lang='lat' dir='ltr'><strong>cras</strong></span> <span class='ocrx_word' id='word_1_824' title='bbox 1570 2086 1649 2112; x_wconf 81' lang='lat' dir='ltr'><strong>etiam</strong></span> <span class='ocrx_word' id='word_1_825' title='bbox 1669 2093 1765 2114; x_wconf 86' lang='lat' dir='ltr'><strong>conve-</strong></span> 
     </span>
    </p>
   </div>
   <div class='ocr_carea' id='block_1_106' title="bbox 977 2129 1764 2163">
    <p class='ocr_par' dir='ltr' id='par_1_106' title="bbox 977 2129 1764 2163">
     <span class='ocr_line' id='line_1_106' title="bbox 977 2129 1764 2163; baseline 0.004 -7"><span class='ocrx_word' id='word_1_826' title='bbox 977 2130 1043 2156; x_wconf 91' lang='lat' dir='ltr'><strong>nire.</strong></span> <span class='ocrx_word' id='word_1_827' title='bbox 1060 2129 1135 2163; x_wconf 81' lang='lat' dir='ltr'><strong>Quod</strong></span> <span class='ocrx_word' id='word_1_828' title='bbox 1148 2136 1208 2156; x_wconf 91' lang='lat' dir='ltr'><strong>cum</strong></span> <span class='ocrx_word' id='word_1_829' title='bbox 1222 2137 1316 2156; x_wconf 90' lang='lat' dir='ltr'><strong>omnes</strong></span> <span class='ocrx_word' id='word_1_830' title='bbox 1329 2137 1358 2157; x_wconf 92' lang='lat' dir='ltr'><strong>se</strong></span> <span class='ocrx_word' id='word_1_831' title='bbox 1374 2129 1548 2157; x_wconf 85' lang='lat' dir='ltr'><strong>libentissime</strong></span> <span class='ocrx_word' id='word_1_832' title='bbox 1567 2129 1664 2158; x_wconf 85' lang='lat' dir='ltr'><strong>habere</strong></span> <span class='ocrx_word' id='word_1_833' title='bbox 1682 2131 1764 2159; x_wconf 78' lang='lat' dir='ltr'><strong>dixis-</strong></span> 
     </span>
    </p>
   </div>
   <div class='ocr_carea' id='block_1_107' title="bbox 976 2175 1245 2208">
    <p class='ocr_par' dir='ltr' id='par_1_107' title="bbox 976 2175 1245 2208">
     <span class='ocr_line' id='line_1_107' title="bbox 976 2175 1245 2208; baseline -0.004 -6"><span class='ocrx_word' id='word_1_834' title='bbox 976 2181 1045 2208; x_wconf 82' lang='lat' dir='ltr'><strong>sent,</strong></span> <span class='ocrx_word' id='word_1_835' title='bbox 1059 2175 1230 2202; x_wconf 82' lang='lat' dir='ltr'><strong>surreximus.</strong></span> <span class='ocrx_word' id='word_1_836' title='bbox 1242 2186 1245 2188; x_wconf 50' lang='grc' dir='ltr'><strong>λ</strong></span> 
     </span>
    </p>
   </div>
   <div class='ocr_carea' id='block_1_108' title="bbox 976 2219 1766 2256">
    <p class='ocr_par' dir='ltr' id='par_1_108' title="bbox 976 2219 1766 2256">
     <span class='ocr_line' id='line_1_108' title="bbox 976 2219 1766 2256; baseline 0.004 -9"><span class='ocrx_word' id='word_1_837' title='bbox 976 2220 1088 2247; x_wconf 81' lang='lat' dir='ltr'><strong>CAPUT</strong></span> <span class='ocrx_word' id='word_1_838' title='bbox 1109 2220 1152 2246; x_wconf 84' lang='lat' dir='ltr'><strong>iV.</strong></span> <span class='ocrx_word' id='word_1_839' title='bbox 1170 2234 1206 2240; x_wconf 96' lang='lat'><strong>—</strong></span> <span class='ocrx_word' id='word_1_840' title='bbox 1223 2219 1369 2254; x_wconf 73' lang='lat' dir='ltr'><strong>Disputatio</strong></span> <span class='ocrx_word' id='word_1_841' title='bbox 1390 2221 1469 2247; x_wconf 75' lang='lat' dir='ltr'><strong>terlite</strong></span> <span class='ocrx_word' id='word_1_842' title='bbox 1488 2220 1548 2247; x_wconf 76' lang='lat' dir='ltr'><strong>diei.</strong></span> <span class='ocrx_word' id='word_1_843' title='bbox 1565 2220 1605 2248; x_wconf 77' lang='lat' dir='ltr'><strong>De</strong></span> <span class='ocrx_word' id='word_1_844' title='bbox 1628 2223 1766 2256; x_wconf 66' lang='lat' dir='ltr'><strong>quaestione</strong></span> 
     </span>
    </p>
   </div>
   <div class='ocr_carea' id='block_1_109' title="bbox 1012 2265 1763 2303">
    <p class='ocr_par' dir='ltr' id='par_1_109' title="bbox 1012 2265 1763 2303">
     <span class='ocr_line' id='line_1_109' title="bbox 1012 2265 1763 2303; baseline 0.005 -12"><span class='ocrx_word' id='word_1_845' title='bbox 1012 2265 1092 2301; x_wconf 80' lang='lat' dir='ltr'><strong>pridie</strong></span> <span class='ocrx_word' id='word_1_846' title='bbox 1107 2266 1234 2301; x_wconf 74' lang='lat' dir='ltr'><strong>proposita</strong></span> <span class='ocrx_word' id='word_1_847' title='bbox 1247 2265 1388 2292; x_wconf 77' lang='lat' dir='ltr'><strong>dicendum.</strong></span> <span class='ocrx_word' id='word_1_848' title='bbox 1404 2265 1484 2292; x_wconf 70' lang='lat' dir='ltr'><strong>Miser</strong></span> <span class='ocrx_word' id='word_1_849' title='bbox 1497 2271 1535 2293; x_wconf 78' lang='lat' dir='ltr'><strong>est</strong></span> <span class='ocrx_word' id='word_1_850' title='bbox 1551 2267 1633 2294; x_wconf 71' lang='lat' dir='ltr'><strong>omnis</strong></span> <span class='ocrx_word' id='word_1_851' title='bbox 1644 2268 1688 2303; x_wconf 81' lang='lat' dir='ltr'><strong>qui</strong></span> <span class='ocrx_word' id='word_1_852' title='bbox 1698 2274 1763 2303; x_wconf 77' lang='lat' dir='ltr'><strong>eget.</strong></span> 
     </span>
    </p>
   </div>
   <div class='ocr_carea' id='block_1_110' title="bbox 1012 2310 1765 2348">
    <p class='ocr_par' dir='ltr' id='par_1_110' title="bbox 1012 2310 1765 2348">
     <span class='ocr_line' id='line_1_110' title="bbox 1012 2310 1765 2348; baseline 0.003 -10"><span class='ocrx_word' id='word_1_853' title='bbox 1012 2311 1122 2347; x_wconf 73' lang='lat' dir='ltr'><strong>Sapiens</strong></span> <span class='ocrx_word' id='word_1_854' title='bbox 1135 2318 1209 2346; x_wconf 77' lang='lat' dir='ltr'><strong>porro</strong></span> <span class='ocrx_word' id='word_1_855' title='bbox 1222 2310 1308 2346; x_wconf 82' lang='lat' dir='ltr'><strong>aliquo</strong></span> <span class='ocrx_word' id='word_1_856' title='bbox 1328 2319 1379 2337; x_wconf 85' lang='lat' dir='ltr'><strong>non</strong></span> <span class='ocrx_word' id='word_1_857' title='bbox 1399 2315 1462 2346; x_wconf 79' lang='lat' dir='ltr'><strong>eget.</strong></span> <span class='ocrx_word' id='word_1_858' title='bbox 1477 2311 1516 2338; x_wconf 81' lang='lat' dir='ltr'><strong>An</strong></span> <span class='ocrx_word' id='word_1_859' title='bbox 1533 2313 1615 2340; x_wconf 70' lang='lat' dir='ltr'><strong>omni:</strong></span> <span class='ocrx_word' id='word_1_860' title='bbox 1628 2313 1672 2348; x_wconf 88' lang='lat' dir='ltr'><strong>qui</strong></span> <span class='ocrx_word' id='word_1_861' title='bbox 1690 2314 1765 2341; x_wconf 72' lang='lat' dir='ltr'><strong>miser</strong></span> 
     </span>
    </p>
   </div>
   <div class='ocr_carea' id='block_1_111' title="bbox 1011 2355 1764 2391">
    <p class='ocr_par' dir='ltr' id='par_1_111' title="bbox 1011 2355 1764 2391">
     <span class='ocr_line' id='line_1_111' title="bbox 1011 2355 1764 2391; baseline 0 -7"><span class='ocrx_word' id='word_1_862' title='bbox 1011 2361 1047 2384; x_wconf 80' lang='lat' dir='ltr'><strong>est</strong></span> <span class='ocrx_word' id='word_1_863' title='bbox 1057 2376 1064 2389; x_wconf 82' lang='lat'><strong>,</strong></span> <span class='ocrx_word' id='word_1_864' title='bbox 1079 2360 1159 2391; x_wconf 76' lang='lat' dir='ltr'><strong>egeat.</strong></span> <span class='ocrx_word' id='word_1_865' title='bbox 1174 2355 1259 2382; x_wconf 83' lang='lat' dir='ltr'><strong>Animi</strong></span> <span class='ocrx_word' id='word_1_866' title='bbox 1271 2359 1376 2390; x_wconf 69' lang='lat' dir='ltr'><strong>egestas.</strong></span> <span class='ocrx_word' id='word_1_867' title='bbox 1391 2356 1476 2383; x_wconf 79' lang='lat' dir='ltr'><strong>Animi</strong></span> <span class='ocrx_word' id='word_1_868' title='bbox 1489 2356 1629 2391; x_wconf 81' lang='lat' dir='ltr'><strong>plenitudo.</strong></span> <span class='ocrx_word' id='word_1_869' title='bbox 1646 2358 1707 2390; x_wconf 71' lang='lat' dir='ltr'><strong>Qui:</strong></span> <span class='ocrx_word' id='word_1_870' title='bbox 1719 2357 1764 2384; x_wconf 78' lang='lat' dir='ltr'><strong>de-</strong></span> 
     </span>
    </p>
   </div>
   <div class='ocr_carea' id='block_1_112' title="bbox 1011 2402 1234 2428">
    <p class='ocr_par' dir='ltr' id='par_1_112' title="bbox 1011 2402 1234 2428">
     <span class='ocr_line' id='line_1_112' title="bbox 1011 2402 1234 2428; baseline -0.004 0"><span class='ocrx_word' id='word_1_871' title='bbox 1011 2410 1081 2428; x_wconf 83' lang='lat' dir='ltr'><strong>munt</strong></span> <span class='ocrx_word' id='word_1_872' title='bbox 1094 2402 1126 2428; x_wconf 71' lang='lat' dir='ltr'><strong>sit</strong></span> <span class='ocrx_word' id='word_1_873' title='bbox 1140 2402 1234 2428; x_wconf 71' lang='lat' dir='ltr'><strong>beatus.</strong></span> 
     </span>
    </p>
   </div>
   <div class='ocr_carea' id='block_1_113' title="bbox 1011 2447 1766 2482">
    <p class='ocr_par' dir='ltr' id='par_1_113' title="bbox 1011 2447 1766 2482">
     <span class='ocr_line' id='line_1_113' title="bbox 1011 2447 1766 2482; baseline 0 -7"><span class='ocrx_word' id='word_1_874' title='bbox 1011 2448 1056 2475; x_wconf 72' lang='grc'><strong>95.</strong></span> <span class='ocrx_word' id='word_1_875' title='bbox 1074 2448 1180 2475; x_wconf 84' lang='lat' dir='ltr'><strong>Tertius</strong></span> <span class='ocrx_word' id='word_1_876' title='bbox 1188 2452 1276 2474; x_wconf 91' lang='lat' dir='ltr'><strong>autem</strong></span> <span class='ocrx_word' id='word_1_877' title='bbox 1291 2447 1348 2474; x_wconf 86' lang='lat' dir='ltr'><strong>dies</strong></span> <span class='ocrx_word' id='word_1_878' title='bbox 1360 2447 1544 2482; x_wconf 87' lang='lat' dir='ltr'><strong>disputationis</strong></span> <span class='ocrx_word' id='word_1_879' title='bbox 1556 2452 1662 2479; x_wconf 73' lang='lat' dir='ltr'><strong>nestrat,</strong></span> <span class='ocrx_word' id='word_1_880' title='bbox 1677 2452 1766 2475; x_wconf 86' lang='lat' dir='ltr'><strong>utatu-</strong></span> 
     </span>
    </p>
   </div>
   <div class='ocr_carea' id='block_1_114' title="bbox 977 2493 1770 2529">
    <p class='ocr_par' dir='ltr' id='par_1_114' title="bbox 977 2493 1770 2529">
     <span class='ocr_line' id='line_1_114' title="bbox 977 2493 1770 2529; baseline -0.001 -7"><span class='ocrx_word' id='word_1_881' title='bbox 977 2494 1047 2522; x_wconf 87' lang='lat' dir='ltr'><strong>tlnas</strong></span> <span class='ocrx_word' id='word_1_882' title='bbox 1057 2495 1140 2521; x_wconf 87' lang='lat' dir='ltr'><strong>nubes</strong></span> <span class='ocrx_word' id='word_1_883' title='bbox 1153 2501 1211 2528; x_wconf 75' lang='lat' dir='ltr'><strong>qum</strong></span> <span class='ocrx_word' id='word_1_884' title='bbox 1224 2500 1273 2520; x_wconf 90' lang='lat' dir='ltr'><strong>nos</strong></span> <span class='ocrx_word' id='word_1_885' title='bbox 1292 2493 1421 2528; x_wconf 81' lang='lat' dir='ltr'><strong>cogebant</strong></span> <span class='ocrx_word' id='word_1_886' title='bbox 1433 2493 1458 2520; x_wconf 91' lang='lat' dir='ltr'><strong>in</strong></span> <span class='ocrx_word' id='word_1_887' title='bbox 1477 2493 1597 2526; x_wconf 83' lang='lat' dir='ltr'><strong>balneas,</strong></span> <span class='ocrx_word' id='word_1_888' title='bbox 1617 2494 1770 2529; x_wconf 84' lang='lat' dir='ltr'><strong>dissipavit,</strong></span> 
     </span>
    </p>
   </div>
   <div class='ocr_carea' id='block_1_115' title="bbox 978 2538 1765 2575">
    <p class='ocr_par' dir='ltr' id='par_1_115' title="bbox 978 2538 1765 2575">
     <span class='ocr_line' id='line_1_115' title="bbox 978 2538 1765 2575; baseline -0.001 -7"><span class='ocrx_word' id='word_1_889' title='bbox 978 2545 1135 2575; x_wconf 83' lang='lat' dir='ltr'><strong>tempusque</strong></span> <span class='ocrx_word' id='word_1_890' title='bbox 1158 2538 1369 2574; x_wconf 86' lang='lat' dir='ltr'><strong>pomeridianum</strong></span> <span class='ocrx_word' id='word_1_891' title='bbox 1397 2538 1613 2566; x_wconf 87' lang='lat' dir='ltr'><strong>candidissimum</strong></span> <span class='ocrx_word' id='word_1_892' title='bbox 1639 2539 1765 2567; x_wconf 83' lang='lat' dir='ltr'><strong>reddidit.</strong></span> 
     </span>
    </p>
   </div>
   <div class='ocr_carea' id='block_1_116' title="bbox 979 2584 1767 2621">
    <p class='ocr_par' dir='ltr' id='par_1_116' title="bbox 979 2584 1767 2621">
     <span class='ocr_line' id='line_1_116' title="bbox 979 2584 1767 2621; baseline -0.003 -6"><span class='ocrx_word' id='word_1_893' title='bbox 979 2587 1082 2615; x_wconf 83' lang='lat' dir='ltr'><strong>Placuit</strong></span> <span class='ocrx_word' id='word_1_894' title='bbox 1098 2593 1163 2621; x_wconf 77' lang='lat' dir='ltr'><strong>ergo</strong></span> <span class='ocrx_word' id='word_1_895' title='bbox 1176 2586 1201 2612; x_wconf 90' lang='lat' dir='ltr'><strong>in</strong></span> <span class='ocrx_word' id='word_1_896' title='bbox 1218 2585 1312 2620; x_wconf 84' lang='lat' dir='ltr'><strong>pratuli</strong></span> <span class='ocrx_word' id='word_1_897' title='bbox 1335 2584 1481 2619; x_wconf 86' lang='lat' dir='ltr'><strong>propinqua</strong></span> <span class='ocrx_word' id='word_1_898' title='bbox 1495 2584 1668 2618; x_wconf 85' lang='lat' dir='ltr'><strong>descendere,</strong></span> <span class='ocrx_word' id='word_1_899' title='bbox 1687 2590 1767 2621; x_wconf 83' lang='lat' dir='ltr'><strong>atque</strong></span> 
     </span>
    </p>
   </div>
   <div class='ocr_carea' id='block_1_117' title="bbox 981 2630 1768 2660">
    <p class='ocr_par' dir='ltr' id='par_1_117' title="bbox 981 2630 1768 2660">
     <span class='ocr_line' id='line_1_117' title="bbox 981 2630 1768 2660; baseline -0.001 0"><span class='ocrx_word' id='word_1_900' title='bbox 981 2633 1104 2660; x_wconf 90' lang='lat' dir='ltr'><strong>omnibus</strong></span> <span class='ocrx_word' id='word_1_901' title='bbox 1118 2632 1195 2659; x_wconf 91' lang='lat' dir='ltr'><strong>nobis</strong></span> <span class='ocrx_word' id='word_1_902' title='bbox 1208 2632 1251 2659; x_wconf 91' lang='lat' dir='ltr'><strong>ubi</strong></span> <span class='ocrx_word' id='word_1_903' title='bbox 1265 2630 1434 2658; x_wconf 88' lang='lat' dir='ltr'><strong>commodum</strong></span> <span class='ocrx_word' id='word_1_904' title='bbox 1451 2630 1536 2657; x_wconf 87' lang='lat' dir='ltr'><strong>visum</strong></span> <span class='ocrx_word' id='word_1_905' title='bbox 1551 2635 1592 2657; x_wconf 89' lang='lat' dir='ltr'><strong>est</strong></span> <span class='ocrx_word' id='word_1_906' title='bbox 1603 2631 1768 2659; x_wconf 77' lang='lat' dir='ltr'><strong>considenti-</strong></span> 
     </span>
    </p>
   </div>
   <div class='ocr_carea' id='block_1_118' title="bbox 982 2675 1768 2713">
    <p class='ocr_par' dir='ltr' id='par_1_118' title="bbox 982 2675 1768 2713">
     <span class='ocr_line' id='line_1_118' title="bbox 982 2675 1768 2713; baseline -0.003 -7"><span class='ocrx_word' id='word_1_907' title='bbox 982 2680 1040 2711; x_wconf 92' lang='lat' dir='ltr'><strong>bus,</strong></span> <span class='ocrx_word' id='word_1_908' title='bbox 1055 2679 1171 2713; x_wconf 90' lang='lat' dir='ltr'><strong>reliquus</strong></span> <span class='ocrx_word' id='word_1_909' title='bbox 1181 2677 1216 2705; x_wconf 89' lang='lat' dir='ltr'><strong>ita</strong></span> <span class='ocrx_word' id='word_1_910' title='bbox 1229 2684 1319 2704; x_wconf 85' lang='lat' dir='ltr'><strong>sermo</strong></span> <span class='ocrx_word' id='word_1_911' title='bbox 1332 2681 1452 2711; x_wconf 89' lang='lat' dir='ltr'><strong>peractus</strong></span> <span class='ocrx_word' id='word_1_912' title='bbox 1465 2680 1514 2703; x_wconf 86' lang='lat' dir='ltr'><strong>est.</strong></span> <span class='ocrx_word' id='word_1_913' title='bbox 1528 2675 1622 2703; x_wconf 91' lang='lat' dir='ltr'><strong>Omnia</strong></span> <span class='ocrx_word' id='word_1_914' title='bbox 1636 2685 1712 2711; x_wconf 85' lang='lat' dir='ltr'><strong>pene,</strong></span> <span class='ocrx_word' id='word_1_915' title='bbox 1727 2677 1768 2704; x_wconf 85' lang='lat' dir='ltr'><strong>itt-</strong></span> 
     </span>
    </p>
   </div>
   <div class='ocr_carea' id='block_1_119' title="bbox 982 2721 1767 2760">
    <p class='ocr_par' dir='ltr' id='par_1_119' title="bbox 982 2721 1767 2760">
     <span class='ocr_line' id='line_1_119' title="bbox 982 2721 1767 2760; baseline -0.001 -9"><span class='ocrx_word' id='word_1_916' title='bbox 982 2732 1061 2760; x_wconf 88' lang='lat' dir='ltr'><strong>qttam</strong></span> <span class='ocrx_word' id='word_1_917' title='bbox 1072 2745 1080 2758; x_wconf 88' lang='lat'><strong>,</strong></span> <span class='ocrx_word' id='word_1_918' title='bbox 1099 2731 1158 2759; x_wconf 73' lang='lat' dir='ltr'><strong>qua:</strong></span> <span class='ocrx_word' id='word_1_919' title='bbox 1171 2722 1343 2758; x_wconf 74' lang='lat' dir='ltr'><strong>interroganti</strong></span> <span class='ocrx_word' id='word_1_920' title='bbox 1364 2721 1427 2749; x_wconf 85' lang='lat' dir='ltr'><strong>mihi</strong></span> <span class='ocrx_word' id='word_1_921' title='bbox 1443 2722 1551 2749; x_wconf 86' lang='lat' dir='ltr'><strong>concedi</strong></span> <span class='ocrx_word' id='word_1_922' title='bbox 1569 2729 1583 2748; x_wconf 88' lang='lat' dir='ltr'><strong>a</strong></span> <span class='ocrx_word' id='word_1_923' title='bbox 1596 2722 1671 2748; x_wconf 83' lang='lat' dir='ltr'><strong>vobis</strong></span> <span class='ocrx_word' id='word_1_924' title='bbox 1687 2724 1767 2756; x_wconf 83' lang='lat' dir='ltr'><strong>volui,</strong></span> 
     </span>
    </p>
   </div>
   <div class='ocr_carea' id='block_1_120' title="bbox 983 2766 1769 2802">
    <p class='ocr_par' dir='ltr' id='par_1_120' title="bbox 983 2766 1769 2802">
     <span class='ocr_line' id='line_1_120' title="bbox 983 2766 1769 2802; baseline -0.004 -4"><span class='ocrx_word' id='word_1_925' title='bbox 983 2770 1068 2798; x_wconf 85' lang='lat' dir='ltr'><strong>habeo</strong></span> <span class='ocrx_word' id='word_1_926' title='bbox 1080 2776 1112 2796; x_wconf 92' lang='lat' dir='ltr'><strong>ac</strong></span> <span class='ocrx_word' id='word_1_927' title='bbox 1126 2773 1203 2796; x_wconf 88' lang='lat' dir='ltr'><strong>teneo</strong></span> <span class='ocrx_word' id='word_1_928' title='bbox 1215 2777 1222 2795; x_wconf 86' lang='lat'>:</span> <span class='ocrx_word' id='word_1_929' title='bbox 1236 2775 1318 2802; x_wconf 89' lang='lat' dir='ltr'><strong>quare</strong></span> <span class='ocrx_word' id='word_1_930' title='bbox 1338 2767 1467 2794; x_wconf 88' lang='lat' dir='ltr'><strong>hodierno</strong></span> <span class='ocrx_word' id='word_1_931' title='bbox 1486 2766 1528 2794; x_wconf 88' lang='lat' dir='ltr'><strong>die</strong></span> <span class='ocrx_word' id='word_1_932' title='bbox 1538 2788 1545 2799; x_wconf 96' lang='lat'><strong>,</strong></span> <span class='ocrx_word' id='word_1_933' title='bbox 1566 2774 1620 2802; x_wconf 91' lang='lat' dir='ltr'><strong>quo</strong></span> <span class='ocrx_word' id='word_1_934' title='bbox 1638 2768 1769 2802; x_wconf 86' lang='lat' dir='ltr'><strong>possimus</strong></span> 
     </span>
    </p>
   </div>
   <div class='ocr_carea' id='block_1_121' title="bbox 984 2811 1769 2847">
    <p class='ocr_par' dir='ltr' id='par_1_121' title="bbox 984 2811 1769 2847">
     <span class='ocr_line' id='line_1_121' title="bbox 984 2811 1769 2847; baseline -0.004 -3"><span class='ocrx_word' id='word_1_935' title='bbox 984 2816 1090 2844; x_wconf 89' lang='lat' dir='ltr'><strong>tandem</strong></span> <span class='ocrx_word' id='word_1_936' title='bbox 1100 2815 1152 2842; x_wconf 84' lang='lat' dir='ltr'><strong>hoc</strong></span> <span class='ocrx_word' id='word_1_937' title='bbox 1166 2817 1284 2842; x_wconf 89' lang='lat' dir='ltr'><strong>nostrum</strong></span> <span class='ocrx_word' id='word_1_938' title='bbox 1297 2812 1445 2841; x_wconf 88' lang='lat' dir='ltr'><strong>convivium</strong></span> <span class='ocrx_word' id='word_1_939' title='bbox 1460 2811 1549 2847; x_wconf 84' lang='lat' dir='ltr'><strong>aliquo</strong></span> <span class='ocrx_word' id='word_1_940' title='bbox 1562 2812 1704 2841; x_wconf 80' lang='lat' dir='ltr'><strong>intervallo</strong></span> <span class='ocrx_word' id='word_1_941' title='bbox 1712 2813 1769 2842; x_wconf 71' lang='lat' dir='ltr'><strong>dte-</strong></span> 
     </span>
    </p>
   </div>
   <div class='ocr_carea' id='block_1_122' title="bbox 988 2858 1772 2896">
    <p class='ocr_par' dir='ltr' id='par_1_122' title="bbox 988 2858 1772 2896">
     <span class='ocr_line' id='line_1_122' title="bbox 988 2858 1772 2896; baseline -0.003 -6"><span class='ocrx_word' id='word_1_942' title='bbox 988 2870 1045 2891; x_wconf 91' lang='lat' dir='ltr'><strong>rum</strong></span> <span class='ocrx_word' id='word_1_943' title='bbox 1060 2861 1232 2896; x_wconf 77' lang='lat' dir='ltr'><strong>distinguere,</strong></span> <span class='ocrx_word' id='word_1_944' title='bbox 1249 2864 1293 2887; x_wconf 91' lang='lat' dir='ltr'><strong>aut</strong></span> <span class='ocrx_word' id='word_1_945' title='bbox 1306 2859 1388 2889; x_wconf 87' lang='lat' dir='ltr'><strong>nihil,</strong></span> <span class='ocrx_word' id='word_1_946' title='bbox 1407 2862 1451 2885; x_wconf 84' lang='lat' dir='ltr'><strong>aut</strong></span> <span class='ocrx_word' id='word_1_947' title='bbox 1470 2865 1522 2885; x_wconf 91' lang='lat' dir='ltr'><strong>non</strong></span> <span class='ocrx_word' id='word_1_948' title='bbox 1537 2858 1648 2886; x_wconf 90' lang='lat' dir='ltr'><strong>multum</strong></span> <span class='ocrx_word' id='word_1_949' title='bbox 1663 2860 1728 2893; x_wconf 86' lang='lat' dir='ltr'><strong>erit,</strong></span> <span class='ocrx_word' id='word_1_950' title='bbox 1743 2866 1772 2889; x_wconf 87' lang='lat' dir='ltr'><strong>ut</strong></span> 
     </span>
    </p>
   </div>
   <div class='ocr_carea' id='block_1_123' title="bbox 1412 2905 1652 2942">
    <p class='ocr_par' dir='ltr' id='par_1_123' title="bbox 1412 2905 1652 2942">
     <span class='ocr_line' id='line_1_123' title="bbox 1412 2905 1652 2942; baseline 0 -9"><span class='ocrx_word' id='word_1_951' title='bbox 1412 2905 1652 2942; x_wconf 70' lang='lat' dir='ltr'><strong>(Tremo—nne.)</strong></span> 
     </span>
    </p>
   </div>
  </div>
