2048 3184
259 170 307 198 971

254 226 368 261 opinor,
382 223 451 258 quod
465 221 529 250 mihi
541 227 588 248 vos
598 217 758 253 respondere
769 222 878 244 necesse
890 214 934 242 sit.
945 213 1047 240 Dictum

256 273 336 301 enim
350 275 408 300 erat
422 273 549 301 amatre,
569 266 635 294 nihil
653 264 723 292 aliud
743 270 802 291 esse
823 261 955 289 miseriam
970 266 1048 294 quam

256 321 419 353 egestatem,
431 313 607 347 convenitque
628 311 697 338 inter
714 316 773 342 nos,
794 314 887 335 omnes
900 305 943 353 qui
956 308 1050 339 egeant

261 352 378 391 miseros
388 368 458 389 esse.
469 359 523 387 Sed
536 363 624 385 utrum
636 355 822 384 omnes'etiam
837 352 928 380 miseri
944 355 1049 385 egeant,

266 407 392 436 tmnmtiia
403 406 513 442 quaestio
526 407 586 435 est,
599 409 678 438 quam
699 401 824 429 hcstemo
836 398 879 425 die
892 405 944 425 non
965 396 1051 431 potui-

267 462 328 482 mus
338 453 481 488 expiicaru.
494 450 550 479 Hoc
560 452 647 477 autem
662 448 697 475 ita
708 454 736 474 se
753 446 864 478 habere,
884 445 906 471 si
918 444 986 471 ratio
1002 443 1051 470 de-

268 498 469 530 monstraverit,
493 494 686 532 perfectissime
713 493 848 520 inventum
878 494 919 518 est
948 489 993 524 qui
1017 489 1053 516 sit

268 546 380 572 beatus:
394 543 445 571 erit
455 542 526 570 enim
540 541 583 568 ille
595 539 639 575 qui
652 546 705 566 non
719 541 789 573 eget.
807 536 900 564 Omnis
916 535 987 562 enim
999 541 1052 561 non

270 592 360 623 miser,
374 590 468 617 beatus
477 583 527 616 est.
542 586 640 614 Beatus
652 588 695 612 est
707 590 771 618 ergo
783 582 827 617 qui
841 585 958 616 egestate
970 583 1052 611 caret,

269 638 291 664 si
306 643 384 671 quam
401 634 514 662 dicimus
531 635 676 668 egestatem
686 650 693 663 ,
711 628 833 657 eamdem
848 627 981 655 miseriam
995 633 1054 653 esse

271 680 427 718 constitvit.

287 746 290 749 -
304 727 350 754 24.
363 716 431 760 Quid
441 725 523 757 enim,
534 723 571 751 ait
581 719 738 759 Trygetius?
748 727 799 747 non
814 722 902 754 potest
914 725 946 745 ex
960 724 993 744 eo
999 716 1054 751 jam

269 771 376 805 conﬁci,
391 777 497 798 omnem
508 776 562 797 non
573 773 694 804 egentem
707 766 892 797 beatumesse,
906 770 958 799 quo
972 763 1055 790 mani-

272 820 367 846 festum
388 821 431 846 est
451 823 558 843 omnem
577 814 625 850 qui
649 817 724 848 egeat
746 819 805 839 esse
825 809 972 850 miserum}
990 809 1056 836 Nam

265 864 437 892 concessisse
451 870 499 889 nos
511 860 630 891 memini.
642 858 707 886 nihil
721 865 781 885 esse
794 856 908 884 medium
922 855 991 882 inter
1005 854 1056 881 mi-

272 917 362 937 serum
374 913 402 937 et
413 908 530 936 beatum.
543 905 695 941 Aliquidne,
708 904 825 938 inquam,
839 902 910 929 inter
924 905 1056 928 mortuum

267 962 300 983 et
317 954 406 982 vivum
428 953 475 981 tibi
496 951 613 979 medium
637 949 741 977 videtur
764 946 842 974 esset
864 952 953 973 nonne
971 944 1057 972 omnis

274 1001 354 1027 homo
368 1002 414 1026 aut
423 999 498 1026 vivus
507 1001 553 1025 aut
563 1000 682 1023 mortuus
695 993 757 1022 esti
769 992 880 1025 Fateor,
894 990 995 1025 inquit,
1009 997 1057 1016 ne-

271 1053 325 1081 que
345 1045 389 1073 bic
411 1051 471 1072 esse
492 1042 592 1078 aliquid
614 1041 729 1069 medium
744 1039 810 1067 :scd
829 1044 954 1073 quorsum
971 1035 1058 1063 istud?

273 1091 350 1124 Quia,
365 1090 482 1125 inquam,
495 1089 575 1116 etiam
585 1086 654 1115 istud
665 1090 692 1114 te
703 1084 779 1112 fateri
790 1083 881 1116 credo,
892 1089 998 1109 omnem
1013 1081 1058 1115 qui

274 1139 336 1163 ante
344 1142 443 1162 annum
455 1133 574 1168 sepultus
583 1135 634 1163 est,
645 1138 705 1158 csse
717 1134 859 1157 mortuum.
868 1127 926 1155 Non
937 1126 1057 1162 negabat.

275 1180 364 1214 Quid!
379 1179 466 1207 omnis
477 1178 522 1213 qui
533 1182 596 1205 ante
607 1184 704 1204 annum
718 1174 836 1209 sepultus
848 1181 900 1200 non
913 1176 963 1205 est,
978 1171 1059 1198 vivit?

273 1226 341 1259 Non,
356 1226 408 1258 ait,
429 1223 559 1259 sequitur.
574 1223 654 1258 Ergo,
669 1222 786 1256 inquam,
801 1227 854 1247 non
866 1218 984 1253 sequitur
996 1221 1025 1244 ut
1037 1218 1069 1246 si.

273 1272 360 1299 mnis
379 1271 423 1306 qui
443 1274 506 1306 eget
525 1269 606 1296 miser
625 1271 684 1301 est,
699 1266 787 1294 omnis
809 1267 854 1300 qui
876 1271 928 1291 non
948 1268 1008 1299 eget
1026 1263 1061 1290 sit

274 1319 377 1350 beatus,
390 1316 511 1352 quamvis
524 1316 593 1342 inter
615 1313 741 1341 miserum
759 1315 786 1339 et
803 1311 926 1343 beatum,
943 1313 973 1336 ut
991 1309 1061 1336 inter

274 1364 362 1391 vivum
373 1367 401 1390 et
414 1365 559 1393 mortuum,
569 1358 689 1387 medium
698 1357 763 1384 nihil
777 1355 889 1383 inveniri
900 1358 988 1390 queat.

310 1409 358 1437 '25.
372 1407 449 1443 Quod
458 1414 519 1435 cum
529 1405 611 1440 aliqui
623 1411 714 1432 eorum
724 1402 803 1437 paulo
813 1400 912 1428 tardius
920 1399 1061 1427 intellexis-

275 1458 345 1487 sent,
370 1460 414 1480 me
434 1452 461 1479 id
479 1451 574 1487 quibus
590 1449 662 1485 potui
679 1447 766 1476 verbis
783 1446 817 1474 ad
839 1453 930 1473 eorum
952 1452 1059 1472 sensum

276 1497 481 1527 accommodatis
501 1495 638 1531 aperiente
656 1498 737 1529 atque
753 1495 875 1520 versante
889 1499 898 1519 :
915 1490 1002 1525 Ergo,
1018 1489 1060 1516 in-

275 1552 363 1580 quam,
376 1543 501 1570 miserum
514 1548 574 1569 esse
584 1546 690 1568 omnem
698 1538 743 1574 qui
753 1542 838 1573 egeat,
853 1537 954 1564 dubitat
965 1542 1059 1563 nemo:

276 1599 326 1618 nec
341 1597 389 1618 nos
404 1593 503 1617 terrent
516 1587 636 1623 quadam
648 1585 805 1621 sapientium
818 1583 923 1619 corpori
936 1589 1061 1610 necessa-

275 1637 325 1664 ria.
342 1635 401 1663 Non
416 1634 485 1662 enim
498 1633 537 1662 eis
548 1636 608 1668 eget
620 1632 683 1667 ipse»
690 1631 804 1663 animus,
816 1629 843 1656 in
857 1635 909 1664 quo
924 1628 1008 1663 posita
1021 1630 1062 1654 est

274 1682 327 1709 vita
342 1681 428 1709 beata.
440 1679 498 1714 Ipse
506 1678 576 1706 enim
584 1677 719 1712 perlectus
729 1679 770 1703 est
779 1682 787 1707 ;
800 1674 886 1701 nullus
898 1677 986 1700 autem
1001 1680 1060 1707 ρει-ς

276 1727 361 1755 fectus
374 1726 462 1761 aliquo
474 1729 533 1760 eget
549 1733 555 1750 :
569 1728 597 1751 et
614 1722 685 1758 quod
701 1721 805 1749 videtur
817 1719 927 1755 corpori.
941 1725 1063 1747 necessa-

276 1775 343 1800 rium
356 1775 458 1803 sumet,
475 1771 497 1797 si
517 1768 647 1800 adiuerit;
674 1768 696 1795 si
715 1775 768 1794 non
787 1765 916 1799 adiuerit,
931 1772 984 1792 non
1001 1772 1061 1792 eum

276 1818 385 1845 istarum
399 1824 487 1844 rerum
500 1815 605 1850 franget
618 1813 717 1848 inopia.
727 1812 819 1841 Otnnis
832 1818 947 1846 namque
956 1810 1062 1845 sapiens

277 1863 353 1890 fortis
372 1866 432 1894 est;
453 1861 540 1888 nullus
558 1863 645 1887 autem
667 1859 742 1887 fortis
761 1857 860 1893 aliquid
877 1857 982 1884 metuit.
1003 1856 1061 1883 Non

276 1908 356 1943 igitur
369 1906 463 1934 metuit
474 1905 580 1941 sapiens
593 1908 639 1932 aut
651 1907 763 1931 tnortem
778 1901 897 1945 corporis
906 1921 914 1934 ,
927 1905 973 1928 aut
985 1900 1061 1928 dolo-

277 1961 330 1985 res,
344 1952 439 1987 quibus
452 1949 581 1985 pellendis
594 1949 637 1977 vel
652 1948 764 1976 vitandis
780 1948 824 1975 vel
837 1946 990 1974 diﬁ‘erendis
1001 1950 1063 1975 sunt

278 1988 426 2026 tEuessaria
442 1996 502 2029 illa,
517 2003 630 2030 quorum
644 1994 669 2022 ei
684 1998 775 2029 potest
794 1993 947 2028 contingere
963 1992 1060 2028 inopia.

278 2042 331 2071 Sed
341 2047 430 2070 tamen
441 2049 494 2068 non
506 2040 602 2068 desinit
614 2040 653 2067 eis
661 2040 729 2067 bene
739 2038 787 2071 uti,
797 2039 819 2066 si
829 2039 885 2074 ipsa
894 2045 946 2065 non
956 2036 1061 2065 desunt.

279 2088 422 2116 Verissima
434 2090 475 2114 est
488 2086 558 2114 enim
572 2085 617 2113 illa
629 2085 773 2112 sententia:

290 2153 293 2155 .
337 2136 394 2158 nam
404 2136 432 2158 tu
440 2131 505 2164 quod
515 2131 593 2157 vitare
603 2130 682 2162 possis
691 2129 790 2155 stultum
801 2129 929 2154 amittere
940 2132 987 2154 est.

506 2173 617 2209 (Terent.
630 2173 657 2199 in
671 2172 802 2204 Eunucho,
814 2176 864 2198 act.
876 2172 902 2205 4,
917 2180 983 2198 rem.
995 2171 1012 2198 6
1024 2170 1035 2206 )

279 2220 378 2249 Vitabit
388 2228 452 2256 ergo
465 2223 577 2247 mortem
599 2226 630 2247 ac
647 2219 777 2251 dolerent,
790 2223 916 2253 quantum
933 2222 1019 2253 potest
1037 2221 1063 2245 et

278 2271 406 2304 quantum
427 2267 518 2298 decet;
539 2273 573 2294 ne
586 2266 609 2293 si
624 2265 732 2292 minime
751 2265 883 2297 vitaverit,
905 2271 957 2291 non
978 2271 1010 2291 ex
1029 2271 1063 2291 eo

279 2314 360 2342 miser
373 2313 408 2341 sit
428 2312 488 2348 quia
511 2311 569 2339 haec
589 2311 726 2344 accidunt,
749 2310 797 2339 sed
817 2310 877 2345 quia
901 2310 983 2337 vitare
1002 2317 1063 2337 cum

279 2363 378 2394 posset,
392 2358 495 2386 noluit:
509 2356 579 2392 quod
591 2355 759 2384 manifestum
769 2356 885 2383 stultitia!
898 2356 999 2390 signum
1010 2359 1062 2383 est.

279 2405 336 2432 Erit
347 2411 411 2439 ergo
423 2404 471 2431 ista
485 2410 538 2430 non
549 2402 652 2433 vitans,
672 2408 724 2428 non
744 2408 834 2428 earum
851 2408 938 2428 rcrttm
958 2408 1064 2435 perpes-

279 2450 353 2478 sione
363 2470 371 2482 ,
384 2449 432 2478 sed
443 2448 554 2476 stultitia
568 2447 660 2475 miser.
674 2447 701 2475 Si
721 2451 808 2473 autem
821 2454 873 2473 non
886 2446 997 2474 valuerit
1007 2447 1063 2474 eri-

279 2501 345 2529 tare,
361 2502 423 2523 cum
437 2494 464 2522 id
477 2493 571 2521 sedulo
581 2500 613 2521 ac
625 2492 751 2520 decenter
763 2492 856 2527 egerit.
873 2500 924 2519 non
939 2499 999 2519 eum
1014 2492 1064 2521 ista

278 2542 406 2570 inuentis
427 2540 553 2568 miserum
577 2538 684 2567 facient.
710 2539 815 2566 Etenim
837 2543 864 2566 ct
882 2538 927 2566 illa
945 2538 1064 2573 ejusdem

277 2587 372 2615 comici
385 2585 515 2614 sententia
530 2592 583 2613 non
598 2585 686 2612 minus
698 2591 759 2612 vera
772 2588 814 2612 est
826 2592 833 2611 :

399 2628 890 2661 Quonimtnonpotestidﬂeriquodvis,

321 2695 324 2697 .
354 2672 616 2705 idvelisquodposit.

626 2712 680 2748 (Id.
692 2712 718 2740 in
728 2712 835 2746 Andria,
846 2717 895 2740 act.
906 2712 934 2746 Ξ,
945 2721 1011 2740 scen.
1025 2714 1062 2750 i.)

280 2759 417 2793 Quomodo
431 2760 481 2787 erit
493 2759 590 2792 miser,
605 2759 647 2787 cui
661 2759 726 2787 nihil
740 2759 837 2787 accidit
856 2765 953 2794 praeter
971 2760 1063 2788 volun-

281 2805 380 2833 tatem?
393 2805 458 2839 Quia
468 2804 538 2840 quod
552 2804 604 2833 sibi
617 2804 689 2832 videt
700 2812 752 2832 non
763 2812 841 2840 posse
851 2806 1000 2840 provenire,
1012 2814 1064 2834 non

282 2856 366 2887 potest
378 2852 455 2880 velle.
471 2850 555 2880 liabet
568 2851 639 2880 enim
654 2859 742 2879 rerum
755 2852 960 2880 certiSSimarum
971 2853 1062 2880 volun-

805 159 848 186 DE
869 156 980 185 BEATA
1001 153 1092 188 VI'i'A,
1112 153 1140 180 b‘.
1161 154 1342 183 AUGL'STINI

1838 157 1893 184 97"!

1104 215 1196 244 tatem,
1213 212 1238 239 id
1253 217 1304 245 est,
1319 216 1350 240 ut
1365 211 1492 247 quidquid
1506 213 1570 248 agit,
1587 219 1641 241 non
1653 217 1714 249 agat
1727 214 1777 242 nisi
1789 222 1821 242 ex
1836 216 1892 242 vir-

1105 258 1168 284 tutis
1179 257 1292 291 quodam
1308 258 1464 293 praescripto
1476 263 1503 286 et
1511 258 1599 286 divina
1610 259 1668 294 iege
1676 259 1821 294 sapientiae,
1833 268 1895 295 quae

1106 303 1177 330 nullo
1189 304 1223 330 ab
1235 311 1268 331 eo
1283 308 1360 338 pacto
1371 304 1438 339 eripi
1448 308 1569 339 possunt.
1606 315 1609 318 ·

1140 348 1184 375 26.
1199 348 1256 376 Jam
1267 356 1338 376 nunc
1351 348 1447 381 videte,
1462 353 1549 376 utrum
1563 349 1643 377 etiam
1656 350 1743 377 otnnis
1753 351 1797 386 qui
1810 351 1895 379 miser

1105 398 1162 426 est,
1178 398 1263 429 cgcat.
1280 394 1344 421 Nam
1361 394 1422 422 huic
1434 395 1576 422 sententia:
1587 395 1764 423 concedendre
1777 396 1893 424 dilticul—

1106 444 1186 467 tatem
1201 441 1244 468 illa
1259 448 1303 468 res
1314 440 1388 473 facit,
1401 441 1472 476 quod
1486 441 1561 468 multi
1571 440 1599 468 iu
1614 449 1707 476 magna
1723 442 1893 471 fortuitarum

1107 493 1195 513 rerum
1210 486 1285 520 copia
1305 486 1440 514 constituti
1458 490 1536 519 sunt,
1556 486 1652 521 quibus
1670 487 1706 514 ita
1725 487 1810 515 {acilia
1832 494 1896 516 sunt

1106 531 1210 563 omnia,
1222 535 1252 558 ut
1265 531 1298 558 ad
1310 539 1402 559 eorum
1416 537 1509 559 nutum
1523 537 1620 567 prasto
1634 533 1666 560 sit
1680 534 1806 568 quidquid
1817 536 1895 569 eupi-
1910 551 1912 554 -

1107 576 1175 604 ditas
1188 578 1282 612 poscit.
1297 577 1417 605 Difﬁcilis
1429 578 1535 613 quidem
1549 579 1599 606 ista
1613 579 1665 606 vita
1680 584 1729 607 est.
1744 580 1797 607 Sed
1809 580 1895 615 tinga-

1108 629 1167 649 mus
1193 622 1309 657 aiiquem
1334 623 1436 657 talem,
1468 623 1573 658 qualem
1599 624 1700 652 Tullius
1725 624 1808 653 fuisse
1830 626 1898 652 dicit

1109 666 1227 695 Oratam.
1251 667 1315 701 Quis
1337 668 1407 695 enim
1427 668 1505 696 facile
1523 668 1593 696 dicat
1617 668 1724 697 Oratam
1746 671 1754 686 ⁸
1778 674 1898 705 egestate

1109 713 1252 745 laborasse,
1265 713 1399 741 hominem
1413 714 1581 747 ditissimum,
1593 716 1813 748 amwnissimum,
1827 716 1896 744 deli-

1109 761 1301 793 ciosissimum,
1328 762 1370 788 cui
1399 769 1487 796 neque
1509 762 1542 788 ad
1569 763 1727 796 voluptatem
1751 763 1894 799 quidquam

1108 806 1201 838 defuit,
1218 814 1302 841 neque
1319 807 1350 833 ad
1365 807 1485 841 gratiam,
1500 815 1584 842 neque
1598 808 1629 834 ad
1644 808 1739 835 bonam
1750 809 1895 843 integram-
1925 828 1928 831 ι

1109 860 1159 886 quc
1175 845 1369 879 vah-tudindn?
1386 852 1450 879 Nam
1464 858 1490 879 et
1509 853 1614 887 praediis
1625 853 1857 888 qtttestuosissimis
1870 859 1898 881 et

1109 898 1199 924 amicis
1212 898 1409 931 iucundissimis
1419 918 1427 929 ,
1449 902 1575 932 quantum
1599 899 1684 931 libuit,
1698 899 1855 931 abundavit;
1870 904 1896 926 et

1110 942 1160 968 illis
1175 943 1296 969 omnibus
1309 943 1444 977 aptissime
1459 943 1492 970 ad
1506 944 1616 971 salutem
1631 945 1750 978 corporis
1764 952 1828 971 usus
1843 949 1896 977 est,
1945 968 1949 972 .

1110 989 1217 1023 ejusque
1232 989 1270 1024 (ut
1283 989 1398 1016 breviter
1412 994 1493 1015 totum
1505 990 1644 1026 explicem)
1660 998 1738 1018 omne
1749 991 1897 1018 institutum

1110 1035 1323 1069 voluntatemque
1342 1042 1448 1062 omnem
1469 1036 1601 1062 successio
1616 1043 1740 1070 prospera
1754 1042 1898 1064 consecuta

1110 1087 1159 1108 est.
1175 1081 1225 1108 Sed
1242 1081 1353 1108 fortasse
1375 1082 1473 1115 inquiet
1491 1082 1585 1116 aliquis
1604 1087 1731 1115 vestrum,
1749 1082 1809 1118 plus
1822 1082 1898 1109 illum

1110 1134 1187 1160 quam
1209 1126 1333 1159 habebat,
1350 1126 1447 1154 habere
1462 1127 1584 1153 voluisse.
1602 1127 1657 1154 lloc
1669 1127 1829 1162 ignoramus.
1844 1127 1898 1154 Sed

1110 1171 1178 1205 quod
1193 1172 1257 1197 satis
1270 1176 1310 1198 est
1325 1172 1463 1205 qumstioni
1478 1192 1484 1204 ,
1509 1171 1637 1199 faciamus
1650 1180 1709 1199 eum
1726 1181 1777 1199 non
1790 1173 1899 1200 deside-

1112 1224 1184 1243 rassc
1197 1217 1310 1251 amplius
1321 1225 1398 1251 quam
1411 1218 1527 1244 tenebat.
1539 1217 1682 1245 Videturne
1692 1217 1765 1244 vobis
1773 1218 1878 1252 eguisse
1889 1218 1901 1244 ?

1111 1262 1219 1288 Etiamsi
1233 1262 1386 1295 concedam,
1409 1263 1492 1297 inquit
1508 1263 1649 1295 Licentius,
1667 1263 1731 1290 nihil
1743 1271 1806 1290 eum
1824 1263 1901 1291 desi-

1111 1306 1228 1339 derasse,
1243 1307 1312 1341 quod
1336 1308 1362 1333 in
1386 1307 1494 1335 homine
1514 1316 1564 1335 non
1589 1309 1708 1343 sapiente
1726 1309 1816 1336 nescio
1829 1316 1901 1344 quo-

1112 1352 1190 1378 modo
1205 1352 1346 1386 accipiant;
1363 1353 1498 1380 metuebat
1520 1358 1624 1386 tamen,
1645 1357 1703 1380 crat
1720 1353 1790 1380 enim
1804 1354 1854 1387 vir,
1871 1359 1902 1381 ut

1112 1397 1217 1431 dicitur,
1232 1398 1329 1433 ingenii
1344 1406 1396 1425 non
1410 1399 1483 1430 mali,
1499 1407 1532 1426 nc
1546 1399 1589 1425 illa
1608 1401 1697 1426 otnnia
1718 1400 1768 1427 sibi
1784 1400 1825 1427 vel
1846 1408 1902 1427 uno

1111 1442 1225 1470 adverso
1244 1443 1341 1478 impetu
1365 1449 1529 1479 raperentur.
1545 1445 1601 1472 Non
1613 1446 1684 1472 enim
1700 1453 1822 1480 magnum
1841 1450 1904 1474 erat

1113 1488 1257 1523 intelligere
1270 1510 1277 1521 ,
1297 1489 1358 1516 talia
1372 1494 1476 1522 cuncta,
1493 1495 1703 1525 quantacumque
1718 1496 1823 1523 essent,
1839 1499 1902 1518 esse

1112 1535 1161 1562 sub
1181 1536 1285 1562 casibus
1307 1536 1459 1563 constituta.
1479 1536 1545 1563 Tum
1567 1544 1615 1571 ego
1636 1537 1779 1564 arridens:
1798 1537 1877 1564 Vides
1891 1558 1901 1568 .

1113 1581 1229 1615 inquam,
1246 1581 1346 1608 Licenti
1357 1603 1364 1614 ,
1389 1581 1624 1609 fortunatissimum
1646 1583 1724 1610 istum
1738 1584 1873 1611 hominem
1885 1592 1902 1611 τι

1112 1627 1189 1653 beata
1204 1627 1255 1653 vita
1271 1627 1368 1661 ingenii
1383 1627 1499 1654 bonitate
1515 1628 1678 1663 impeditum.
1690 1628 1748 1662 Quo
1758 1629 1829 1656 enim
1843 1635 1903 1656 erat

1112 1673 1224 1705 acutior,
1239 1680 1271 1700 eo
1284 1673 1389 1700 videbat
1405 1673 1447 1699 illa
1463 1674 1549 1700 omnia
1563 1681 1592 1701 se
1605 1682 1682 1708 posse
1695 1675 1834 1707 amittere;
1848 1684 1904 1709 quo

1113 1725 1185 1745 metu
1200 1719 1379 1753 frangebatur,
1396 1720 1511 1754 illudque
1526 1720 1632 1755 vulgare
1654 1722 1720 1747 satis
1742 1721 1881 1748 asserebat
1893 1732 1902 1750 :

1113 1763 1224 1790 inﬁdum
1239 1764 1372 1790 hominem
1386 1764 1456 1791 malo
1468 1771 1516 1791 suo
1529 1772 1589 1792 esse
1602 1765 1749 1792 curdatum.
1775 1770 1778 1773 '

1148 1809 1191 1835 27.
1212 1809 1260 1836 ilic
1279 1817 1338 1836 cutn
1354 1814 1380 1836 et
1398 1810 1442 1837 ille
1456 1814 1482 1836 et
1495 1811 1584 1837 cmteri
1598 1810 1748 1838 arrisissent
1762 1819 1769 1837 :
1781 1809 1848 1838 Illud
1863 1816 1905 1838 ta-

1114 1861 1185 1886 mcn,
1198 1854 1313 1888 inquam,
1325 1853 1474 1888 diligentius
1488 1854 1664 1888 attendamus,
1678 1855 1739 1890 quia
1752 1856 1802 1882 etsi
1816 1856 1904 1882 timuit

1114 1900 1177 1930 iste,
1194 1908 1244 1926 non
1259 1901 1329 1934 eguit
1343 1908 1349 1926 :
1365 1901 1433 1927 unde
1446 1901 1557 1935 quaestio
1569 1905 1620 1927 est.
1636 1901 1719 1936 Egere
1732 1906 1773 1929 est
1787 1902 1859 1928 enim
1874 1903 1903 1928 in

1116 1955 1166 1973 ncn
1181 1946 1318 1977 iiabendo.
1341 1955 1392 1973 non
1410 1947 1435 1973 in
1451 1947 1544 1973 timore
1558 1947 1694 1974 amittendi
1712 1955 1771 1982 qua:
1790 1947 1901 1974 habeas.

1116 1992 1179 2018 Erat
1200 1997 1287 2018 autem
1315 1991 1365 2019 iste
1388 1992 1486 2024 miser,
1508 1992 1567 2026 quia
1595 1992 1745 2024 metuebat,
1780 1993 1905 2027 quamvis

1115 2044 1167 2063 non
1189 2041 1287 2070 egeret.
1304 2036 1360 2062 Non
1377 2036 1456 2071 igitur
1482 2036 1568 2063 omnis
1589 2037 1632 2070 qui
1651 2036 1732 2063 miser
1752 2041 1807 2070 est,
1830 2042 1901 2072 eget.

1114 2082 1189 2114 Quod
1218 2090 1278 2109 cum
1308 2082 1505 2116 approbavisset
1530 2089 1589 2109 cum
1614 2082 1718 2109 caeteris
1740 2082 1819 2109 etiam
1844 2083 1904 2117 ipsa

1115 2127 1189 2161 cujus
1214 2128 1369 2154 sententiam
1393 2126 1584 2160 defendebam,
1603 2127 1791 2162 aliquantulum
1811 2131 1904 2155 tamen

1115 2173 1272 2199 addubitans
1297 2182 1303 2199 ε
1325 2172 1434 2205 Nescio,
1466 2173 1565 2207 inquit,
1599 2177 1701 2206 tatncn,
1730 2178 1756 2201 et
1783 2173 1902 2200 nondum

1116 2217 1192 2251 plene
1208 2217 1323 2251 intelligo
1335 2217 1468 2251 quomodo
1490 2217 1523 2243 ab
1546 2221 1661 2251 egestate
1676 2218 1758 2251 possit
1774 2217 1882 2245 miseria
1893 2237 1905 2250 ,

1115 2268 1160 2289 aut
1185 2268 1288 2297 egestas
1313 2270 1328 2289 a
1355 2263 1460 2289 miseria
1485 2263 1612 2297 separari.
1635 2263 1701 2290 Nam
1726 2268 1754 2291 et
1778 2264 1830 2291 iste
1857 2264 1904 2299 qui

1115 2310 1188 2337 dives
1202 2314 1227 2336 ct
1242 2309 1359 2344 locuples
1369 2314 1436 2341 erat,
1451 2314 1477 2336 et
1491 2309 1563 2340 nihil,
1579 2314 1608 2337 ut
1621 2309 1719 2341 dicitis,
1732 2310 1845 2346 amplius
1855 2310 1904 2338 de-

1115 2355 1260 2387 siderabat;
1276 2359 1363 2381 tamen
1382 2355 1442 2389 quia
1456 2354 1598 2387 metuebat,
1614 2362 1647 2382 ne
1660 2355 1795 2382 amitteret
1808 2355 1905 2391 egebat

1115 2401 1254 2435 sapientia.
1269 2401 1373 2436 Ergone
1390 2401 1459 2427 hunc
1469 2405 1589 2435 egentem
1603 2401 1760 2433 diceremus,
1774 2401 1797 2429 si
1812 2407 1906 2436 egeret

1116 2451 1223 2481 argento
1237 2451 1264 2473 et
1277 2446 1404 2480 pecunia;
1420 2454 1479 2473 cum
1493 2451 1583 2481 egeret
1603 2446 1740 2480 sapientia,
1758 2453 1810 2473 non
1830 2446 1905 2474 dice-

1116 2492 1224 2519 remus?
1239 2492 1287 2520 Ubi
1303 2500 1363 2519 cum
1385 2499 1477 2518 omnes
1491 2492 1611 2519 mirando
1625 2492 1838 2524 exclamassent,
1859 2499 1905 2519 me

1117 2538 1173 2572 ipso
1188 2538 1266 2565 etiam
1280 2545 1332 2564 non
1343 2537 1512 2564 mediocriter
1522 2537 1602 2564 alacri
1612 2541 1690 2571 atque
1703 2537 1774 2570 ltuto,
1785 2537 1855 2572 quod
1869 2537 1906 2564 ab

1116 2591 1146 2611 ca
1160 2584 1324 2619 potissimum
1340 2583 1438 2611 dictum
1452 2588 1524 2611 esset
1536 2583 1606 2618 quod
1618 2590 1666 2618 pro
1681 2590 1777 2618 magno
1794 2583 1829 2610 dc
1841 2583 1908 2618 phi-

1117 2630 1286 2664 lus-ephorum
1298 2629 1382 2661 libris,
1391 2634 1470 2664 atque
1479 2629 1597 2656 ultimum
1605 2629 1723 2664 proferre
1730 2637 1884 2664 paraveram
1900 2639 1906 2656 :

1118 2676 1253 2703 Videtisne
1262 2696 1269 2708 ,
1293 2675 1398 2710 inquam
1411 2695 1418 2707 ,
1438 2675 1508 2702 aliud
1523 2682 1582 2703 esse
1594 2675 1692 2702 multas
1705 2675 1844 2709 variasque
1856 2675 1906 2702 de-

1117 2722 1226 2755 ctrinas,
1241 2721 1312 2748 aliud
1327 2721 1444 2748 animum
1459 2720 1662 2748 attentissimum
1677 2720 1703 2747 in
1718 2719 1823 2748 Deum?
1836 2720 1904 2747 Nam

1117 2768 1187 2795 unde
1210 2767 1258 2794 ista
1281 2774 1340 2801 qua:
1361 2766 1506 2799 miramur,
1530 2765 1581 2793 nisi
1605 2764 1666 2792 inde
1678 2765 1843 2800 procedunt?
1856 2765 1906 2792 llic

1149 2857 1157 2874 ι
1171 2861 1222 2882 iras.
1234 2861 1287 2881 octo
1297 2862 1352 2880 cum
1362 2854 1414 2880 nati.
1426 2857 1451 2881 et
1461 2854 1657 2880 Annconstanter
1678 2854 1778 2885 habent,
1794 2857 1902 2881 oratum.
