4096 6368
468 363 572 420 975

471 490 521 532 rt
537 467 958 544 temperantiam
984 482 996 520 :
1021 471 1074 519 et
1101 459 1216 515 hmc
1245 455 1351 513 duo
1377 449 1535 507 verba
1559 441 1862 514 diligentius
1885 445 2055 494 atten-

472 573 682 626 damus.

544 659 634 718 32.
676 652 931 712 Modestia
955 649 1137 718 utique
1160 641 1301 698 dicta
1327 646 1410 694 est
1434 651 1463 689 a
1489 631 1668 696 modo,
1699 638 1748 684 et
1785 643 1817 681 a
1854 633 2059 692 tempe-

477 754 552 809 rie
578 742 946 818 temperantia.
973 739 1072 796 Ubi
1109 743 1286 790 autem
1327 727 1520 783 modus
1548 733 1631 779 est
1655 729 1814 789 atque
1856 724 2061 783 tempe-

483 848 606 906 ries,
635 805 735 895 nec
759 837 875 908 plus
893 841 973 889 est
1001 827 1290 902 quidquam
1316 834 1413 876 nec
1442 818 1638 874 minus.
1659 813 1776 882 ipsa
1803 817 1884 864 est
1904 805 2062 876 igitur

477 907 790 994 nlenitndo,
835 939 992 997 quam
1042 916 1261 990 egestati
1306 907 1628 969 contrariam
1677 911 2058 974 posueramus,

481 1027 649 1082 multo
687 987 875 1076 melius
922 987 1096 1084 quam
1117 1009 1163 1064 si
1199 1000 1574 1061 abundantiam
1621 1004 1958 1066 poneremus.
2003 987 2062 1042 in

489 1766 594 1813 no'n
621 1753 720 1809 nisi
743 1749 810 1804 ab
850 1762 950 1819 cpe
979 1744 1118 1799 dicta
1144 1746 1226 1795 est
1263 1734 1555 1805 opulentia.
1585 1723 1863 1794 Quomodo
1891 1729 2068 1774 autem

490 1828 796 1922 opitulatur,
816 1815 955 1911 quod
973 1835 1187 1891 nimium
1201 1838 1301 1892 est,
1317 1841 1434 1882 cum
1453 1817 1838 1879 incommodius
1849 1815 2073 1882 sitsaepe

681 1902 900 2006 parum?
925 1922 1190 1996 Quidquid
1225 1921 1383 1991 igitur
1410 1915 1492 1971 vel
1524 1925 1707 1984 parum
1743 1906 1825 1962 vel
1851 1902 2070 1958 nimium

491 1995 594 2097 est,
624 1995 746 2100 quia
785 1995 1119 2090 modoieget,
1165 2011 1451 2070 obnoxium
1491 2014 1571 2062 est
1598 1999 1838 2074 egestati.
1885 1995 2070 2050 Modus

494 2084 818 2192 ergojanimi
845 2084 1101 2183 sapientia
1129 2113 1229 2162 est.
1267 2099 1479 2157 Etenim
1514 2091 1768 2165 sapientia
1807 2084 2070 2144 contraria

493 2177 727 2268 stultitia:
755 2221 862 2261 non
889 2177 1127 2272 negatur,
1151 2205 1204 2251 ει
1228 2191 1448 2249 stultitia
1471 2193 1699 2259 egestas,
1730 2177 1951 2252 egestati
1980 2191 2075 2230 au-

496 2265 890 2359 temicontraria
917 2265 1208 2364 plemtndo.
1226 2281 1496 2354 Sapientia
1525 2277 1682 2348 igitur
1703 2268 1994 2343 plenitudo.
2020 2265 2075 2320 In

496 2391 821 2466 plenitudine
843 2362 1019 2441 autem
1048 2378 1258 2435 modus.
1288 2372 1477 2429 Modus
1504 2369 1664 2439 igitur
1691 2362 1852 2418 animi
1894 2362 1946 2414 in
1987 2371 2076 2412 sa-
2107 2393 2110 2396 -

494 2453 693 2558 pientia
721 2475 998 2537 est.‘Unde
1032 2471 1162 2528 illud
1191 2467 1503 2540 praeclarum
1543 2467 1646 2525 est,
1676 2465 1731 2512 et
1757 2469 1861 2510 non
1893 2453 2080 2507 imme-

495 2547 598 2633 rito
621 2573 920 2630 diffamatur
945 2567 1046 2621 hoc
1077 2563 1304 2633 primum
1328 2559 1379 2611 in
1406 2555 1515 2609 vita
1544 2565 1665 2607 esse
1691 2547 1820 2602 utile
1845 2563 1860 2599 :

983 2651 1040 2694 Ut
1058 2654 1127 2712 ae
1148 2639 1263 2712 quid
1286 2635 1444 2712 uinus.

909 2687 1216 2769 11252111}:
1238 2687 1438 2769 ancilia,
1587 2692 1632 2769 ε,
1653 2687 1886 2769 4:)

574 2777 662 2832 33.
709 2748 1224 2826 Dixeranins'autein
1261 2763 1316 2815 in
1354 2748 1572 2814 exordio
1599 2748 2080 2817 hodiernae'dispu-

499 2867 715 2923 tationis
749 2869 977 2928 nostrae,
1006 2855 1146 2928 quod
1176 2854 1220 2908 si
1248 2851 1607 2907 inveniremus
1633 2844 1763 2900 nihil
1795 2839 1935 2897 aliud
1961 2853 2082 2894 esse

501 2956 776 3014 miseriam
803 2966 961 3022 quam
1002 2955 1312 3018 egestatem,
1341 2956 1464 2995 eum
1495 2937 1710 2993 beatum
1738 2948 1857 2990 esse
1885 2931 2081 2987 fatere-

502 3069 641 3117 mur,
667 3051 753 3121 qui
784 3063 891 3103 non
916 3050 1126 3115 egeret.
1144 3040 1238 3094 Est
1259 3046 1437 3091 autem
1461 3033 1728 3088 inventum
1756 3045 1770 3081 :
1799 3041 1925 3096 ergo
1952 3023 2082 3078 bea-

502 3155 615 3201 tum
639 3119 759 3198 esse
784 3139 916 3196 nihil
944 3145 1025 3192 est
1049 3132 1192 3189 aliud
1219 3144 1377 3201 quam
1411 3143 1516 3182 non
1537 3139 1716 3196 egere,
1737 3119 1840 3176 hoc
1860 3127 1942 3174 est
1965 3131 2085 3172 esse

503 3235 818 3306 sapientem.
849 3228 907 3284 Si
935 3235 1111 3282 autem
1143 3219 1379 3293 quaeritis
1407 3215 1533 3288 quid
1559 3216 1627 3269 sit
1653 3209 1907 3282 sapientia
1940 3207 2084 3280 (nam

503 3334 559 3380 et
589 3325 754 3395 ipsam
789 3319 950 3382 ratio,
981 3324 1237 3387 quantum
1270 3311 1325 3366 in
1353 3306 1635 3380 praesentia
1674 3302 1864 3374 potuit,
1892 3299 2088 3355 evolvit

503 3389 662 3488 atque
690 3410 848 3483 eruit)
873 3427 888 3474 ;
916 3407 1048 3464 nihil
1086 3415 1167 3461 est
1192 3401 1332 3482 aliud
1371 3414 1528 3472 quam
1557 3395 1745 3452 modus
1771 3391 1955 3457 animi,
1985 3389 2088 3445 hoc

505 3517 606 3572 est,
633 3519 738 3575 quo
772 3517 892 3557 sese
926 3498 1135 3552 animus
1155 3479 1332 3558 librat,
1366 3500 1423 3544 ut
1448 3501 1618 3558 neque
1653 3488 1901 3540 excurrat
1925 3481 1976 3534 in
2008 3479 2087 3533 ni-

505 3599 695 3662 mium,
728 3607 899 3664 neque
928 3589 1060 3644 infra
1089 3600 1246 3658 quam
1277 3583 1489 3654 plenum
1517 3587 1596 3633 est
1618 3582 1944 3631 coarctetur.
1975 3570 2087 3624 Ex-

506 3688 670 3743 currit
717 3694 892 3738 autem
941 3681 992 3735 in
1035 3677 1293 3742 luxurias,
1345 3670 1754 3732 dominationes,
1788 3662 2085 3734 superbias,

507 3791 805 3846 ceteraque
831 3773 882 3829 id
905 3784 1096 3844 genus,
1137 3766 1328 3837 quibus
1368 3761 1836 3818 iinmodcratorum
1868 3754 2090 3808 misero-

509 3881 731 3939 rumque
755 3843 925 3920 animi
958 3859 1060 3915 sibi
1090 3857 1300 3912 laetitias
1328 3863 1485 3923 atque
1513 3847 1773 3921 potentias
1793 3843 2089 3914 comparari

509 3936 713 4030 putant.
753 3957 1066 4010 Coarctatur
1105 3956 1283 4001 autem
1321 3942 1585 4004 sordibus,
1615 3936 1913 4000 timoribus,
1954 3948 2088 3987 moe-

511 4024 652 4115 rere,
681 4029 988 4118 cupiditate,
1014 4049 1172 4110 atque
1191 4036 1330 4100 aliis,
1354 4043 1698 4104 quaecumque
1724 4036 1864 4091 sunt,
1899 4024 2091 4096 (litibus

513 4141 757 4196 homines
782 4138 1003 4192 miseros
1037 4132 1196 4186 etiam
1231 4125 1412 4182 miseri
1441 4121 1781 4178 confitentur.
1810 4117 1942 4173 Cum
1965 4131 2092 4172 vero

513 4236 826 4308 sapientiam
852 4208 1238 4295 contemplatur
1262 4221 1551 4282 inventam,
1579 4229 1826 4284 cumque,
1854 4221 1910 4266 ut
1936 4210 2092 4280 hujus

515 4331 664 4402 pueri
686 4325 850 4382 verbo
871 4329 1007 4384 utar,
1039 4317 1106 4372 ad
1130 4304 1307 4386 ipsam
1331 4327 1389 4366 se
1418 4316 1586 4377 tenet,
1611 4321 1708 4361 nec
1735 4320 1794 4361 se
1828 4303 1894 4358 ad
1924 4303 2092 4357 simu-

516 4425 782 4476 lacrorutn
825 4407 1107 4470 fallaCiam,
1137 4418 1359 4476 quorum
1392 4399 1597 4474 pondus
1625 4397 1897 4466 amplexus
1923 4409 1953 4448 a
1984 4394 2094 4447 Deo

514 4527 614 4568 suo
638 4507 830 4565 cadere
853 4511 1010 4572 atque
1031 4495 1265 4568 demergi
1285 4493 1440 4556 solet,
1473 4490 1580 4544 ulla
1607 4497 1905 4544 commotus
1927 4485 2094 4539 inani-

515 4611 624 4660 tate
646 4597 930 4660 convertit;
962 4591 1089 4646 nihil
1111 4584 1581 4650 immoderationis,
1604 4591 1657 4637 et
1683 4581 1801 4635 ideo
1822 4579 1950 4633 nihil
1971 4594 2097 4647 ege-

515 4695 689 4760 statis,
739 4687 869 4745 nihil
915 4685 1073 4756 igitur
1115 4679 1343 4736 miseria:
1383 4672 1726 4747 pertimescit.
1765 4670 1934 4726 Habet
1969 4683 2096 4738 ergo

518 4787 736 4844 modum
769 4795 946 4844 suum,
974 4775 1026 4830 id
1045 4782 1128 4830 est
1153 4767 1487 4841 sapientiam,
1515 4763 1752 4836 quisquis
1776 4763 1962 4818 beatus
1991 4771 2093 4814 est.

588 4881 679 4934 54.
720 4876 852 4943 Quae
894 4877 977 4926 est
1015 4875 1193 4921 autem
1235 4859 1456 4917 dicenda
1505 4855 1784 4928 sapientia,
1836 4852 1935 4908 nisi
1979 4868 2097 4921 quae

517 4972 614 5026 Dei
653 4962 926 5036 Sapientia
953 4956 1072 5016 est?
1099 4954 1416 5024 Accepimus
1454 4959 1630 5003 autem
1662 4947 1820 5001 etiam
1863 4943 2096 4998 auctori-

520 5069 629 5116 tate
659 5035 857 5122 divina,
885 5051 977 5108 Dei
1004 5047 1194 5104 Filium
1221 5043 1350 5099 nihil
1375 5056 1494 5096 esse
1519 5037 1659 5093 aliud
1687 5052 1844 5107 quam
1873 5036 1967 5090 Dei
2001 5035 2094 5091 Sac

523 5151 776 5223 pientiatn
818 5145 860 5218 (ι
900 5143 1018 5199 Cor.
1056 5155 1108 5204 i,
1138 5136 1234 5207 24)
1268 5145 1364 5190 :et
1404 5141 1487 5188 est
1527 5129 1619 5186 Dei
1665 5129 1828 5183 Filius
1865 5126 2100 5198 profecto

526 5217 687 5300 Deus.
727 5217 896 5297 Deum
925 5235 1087 5291 habet
1129 5232 1289 5302 igitur
1315 5225 1553 5298 quisquis
1583 5223 1768 5279 beatus
1809 5228 1891 5275 cst
1921 5238 1932 5273 :
1960 5217 2099 5290 quod

525 5335 773 5390 omnibus
802 5330 956 5386 nobis
976 5327 1086 5398 jam
1120 5332 1243 5378 ante
1273 5318 1488 5391 placuit,
1517 5330 1639 5370 cum
1668 5313 1771 5368 hoc
1804 5311 2101 5366 convivium

528 5425 751 5496 ingressi
790 5435 998 5476 sumus.
1039 5415 1146 5473 Sed
1193 5412 1316 5484 quid
1360 5409 1556 5481 putatis
1603 5421 1722 5463 esse
1765 5404 2100 5474 sapientiam,

527 5522 630 5576 nisi
658 5515 971 5574 veritatem?
998 5514 1169 5568 Etiam
1201 5509 1301 5564 hoc
1330 5507 1471 5563 enim
1493 5503 1690 5559 dictum
1715 5506 1833 5556 est:
1859 5497 1966 5570 Ego
1993 5513 2106 5551 sunt

541 5610 738 5667 Veritas
772 5606 950 5678 (Joan.
978 5619 1091 5669 xw,
1127 5599 1205 5673 ϐ).
1245 5597 1453 5654 Veritas
1494 5601 1670 5650 autem
1714 5598 1774 5644 ut
1809 5589 1988 5675 sit,_tit
2013 5603 2107 5658 per

531 5703 761 5772 aliquem
791 5711 1054 5754 summum
1077 5691 1312 5757 modum,
1335 5705 1365 5744 a
1389 5701 1494 5759 quo
1511 5683 1772 5758 procedit,
1798 5691 1852 5738 et
1871 5683 1923 5737 in
1949 5697 2106 5751 quem

532 5808 589 5848 se
614 5792 847 5861 perfecta
876 5785 1154 5844 convertit.
1187 5781 1289 5847 Ipsi
1316 5787 1492 5834 autem
1517 5793 1725 5834 summo
1754 5777 1912 5832 modo
1935 5775 2107 5830 nullus

1304 339 1391 392 DE
1433 331 1656 388 BEATA
1699 324 1879 388 VITA,
1919 320 1977 376 S.
2021 311 2386 374 AUGUSTINI
2427 309 2627 366 LIBER
2668 305 2868 364 UNUS.

3644 293 3753 350 9%

2161 430 2297 485 alius
2325 425 2519 483 modus
2555 421 2844 495 imponitur
2868 436 2883 476 :
2903 417 2950 473 si
2987 416 3132 474 enim
3163 428 3406 469 summus
3442 410 3631 467 modus
3659 423 3755 479 per

2161 535 2426 577 summum
2448 516 2665 574 modum
2688 511 2879 570 modus
2903 516 3007 575 est,
3038 523 3134 578 per
3157 507 3392 576 seipsum
3428 501 3620 557 modus
3648 509 3753 556 est.

2105 639 2111 669 ;
2163 613 2269 670 Sed
2299 612 2460 668 etiam
2497 622 2738 664 summus
2763 603 2958 659 modus
2993 614 3215 656 necesse
3251 607 3336 653 est
3362 605 3420 650 ut
3446 609 3610 648 verus
3637 607 3758 646 mo-

2164 705 2264 760 dus
2284 705 2372 760 sit.
2399 701 2470 759 Ut
2489 702 2648 771 igitur
2669 698 2865 753 veritas
2887 693 3050 750 modo
3075 691 3330 762 gignitur,
3358 689 3426 742 ita
3457 684 3646 740 modus
3667 698 3760 738 vce

2165 798 2322 853 ritate
2357 793 2716 864 cognoscitur.
2762 788 2944 858 Neque
2987 784 3146 855 igitur
3177 782 3377 836 veritas
3418 778 3535 832 sine
3571 775 3758 839 modo,

2167 903 2341 959 neque
2386 885 2582 941 modus
2631 882 2749 938 sine
2790 879 3018 934 veritate
3058 888 3289 944 unquam
3334 869 3451 925 fuit.
3497 867 3630 935 Quis
3675 875 3760 920 est

2169 955 2269 1034 Dei
2291 976 2496 1033 Filius?
2526 974 2735 1028 Dictum
2756 978 2859 1034 est,
2897 966 3115 1021 Veritas.
3147 963 3277 1030 Quis
3293 969 3376 1016 est
3399 958 3488 1030 qui
3522 972 3631 1012 non
3661 955 3761 1008 ha-

2167 1069 2261 1124 bet
2295 1075 2530 1139 patrem,
2562 1063 2680 1134 quis
2713 1061 2850 1115 alius
2877 1071 3036 1129 quam
3077 1069 3320 1112 summus
3349 1049 3574 1105 modus?
3599 1047 3763 1116 Quis-

2169 1163 2290 1233 quis
2303 1138 2466 1233 igitur
2484 1158 2549 1213 ad
2567 1168 2834 1211 summum
2863 1149 3078 1206 modum
3108 1162 3203 1217 per
3223 1145 3501 1199 veritatem
3529 1138 3766 1204 venerit,

2171 1228 2363 1310 beatus
2387 1259 2488 1306 est.
2521 1249 2635 1303 Hoc
2675 1253 2758 1301 est
2796 1243 2977 1297 animo
3003 1239 3168 1294 Deum
3201 1234 3420 1297 habere,
3449 1231 3504 1286 id
3541 1238 3626 1284 est
3653 1228 3767 1282 Deo

2172 1346 2296 1402 frui.
2324 1345 2530 1399 Cmtera
2556 1339 2700 1396 enim
2722 1333 2966 1408 quamvis
2989 1347 3020 1387 a
3041 1331 3151 1387 Deo
3177 1328 3494 1392 habeantur,
3529 1337 3638 1380 non
3670 1321 3765 1376 ba-

2170 1437 2298 1493 bent
2328 1436 2516 1490 Deum.
3367 1430 3369 1432 ‘

2249 1526 2338 1582 55.
2390 1519 2696 1580 Admonitio
2745 1525 2924 1572 autem
2975 1512 3252 1586 quaedam,
3313 1523 3433 1580 qua:
3486 1506 3798 1572 nobiscum~

2178 1622 2302 1692 agit,
2347 1627 2406 1673 ut
2450 1618 2617 1672 Deum
2663 1611 3028 1676 recordemur,
3069 1615 3129 1661 ut
3173 1619 3297 1661 eum
3339 1614 3665 1672 qua-ramus,
3712 1607 3774 1652 ut

2175 1691 2297 1770 eum
2320 1711 2473 1781 pulso
2496 1709 2640 1763 omni
2666 1703 2876 1760 fastidio
2895 1702 3158 1764 sitiamus,
3185 1697 3253 1752 de
3279 1695 3396 1767 ipso
3415 1693 3484 1748 ad
3507 1708 3607 1748 nos
3622 1691 3774 1746 fonte

2178 1803 2414 1859 veritatis
2446 1807 2681 1856 emanat.
2728 1797 2841 1851 Hoc
2879 1790 3224 1849 interioribus
3248 1786 3542 1842 luminibus
3571 1783 3776 1838 nostris

2174 1896 2334 1967 jnbar
2356 1894 2437 1949 sol
2465 1892 2553 1947 ille
2571 1897 2814 1946 secretus
2838 1884 3088 1942 infundit.
3117 1881 3290 1951 Hujus
3308 1887 3391 1935 est
3404 1891 3590 1933 verum
3610 1889 3778 1930 omne

2180 1965 2320 2057 quod
2346 1983 2632 2054 loquimur,
2664 1981 2822 2035 etiam
2850 1974 3063 2047 quando
3101 1972 3278 2028 adhuc
3303 1970 3386 2024 vel
3413 1969 3589 2023 minus
3625 1965 3778 2020 sanis

2183 2079 2264 2131 vel
2294 2083 2513 2146 repente
2535 2071 2734 2142 apertis
2757 2068 2929 2124 oculis
2952 2064 3204 2120 audacter
3223 2059 3486 2125 converti,
3517 2067 3574 2114 et
3601 2065 3777 2112 totum
3799 2097 3801 2100 .

2184 2167 2375 2222 intueri
2404 2163 2768 2235 trepidamus:
2796 2157 3034 2226 nihilque
3059 2152 3202 2210 aliud
3226 2152 3386 2208 etiam
3414 2149 3519 2205 hoc
3551 2155 3780 2218 apparet

2183 2273 2304 2314 esse
2351 2270 2510 2328 quam
2561 2253 2759 2318 Deum,
2812 2248 2954 2305 nulla
2994 2243 3404 2316 degeneratione
3450 2238 3782 2310 impediente

2187 2347 2500 2419 perfectum.
2531 2343 2665 2399 Nam
2687 2341 2760 2397 ibi
2784 2348 2950 2396 totum
2977 2346 3138 2407 atque
3162 2349 3322 2392 omne
3350 2330 3646 2406 perfectum
3671 2338 3779 2394 est,

2192 2441 2458 2509 simulque
2504 2445 2588 2493 est
2633 2430 3183 2504 omnipotentissimus
3230 2427 3392 2482 Deus.
3444 2423 3552 2479 Sed
3599 2432 3786 2477 tamen

2188 2532 2440 2605 quamdiu
2467 2529 2778 2602 querimus,
2813 2522 3048 2580 nondum
3077 2523 3196 2593 ipso
3220 2519 3384 2584 fonte,
3412 2525 3574 2588 atque
3602 2524 3662 2568 ut
3686 2514 3785 2568 illo

2189 2627 2353 2683 verbo
2398 2634 2537 2686 utar,
2582 2618 2910 2693 plenitudine
2967 2613 3228 2680 saturati,
3277 2610 3512 2667 nondum
3562 2608 3629 2664 ad
3684 2621 3786 2662 no-

2189 2726 2358 2772 struut
2409 2711 2626 2769 modum
2684 2724 2782 2766 nos
2834 2706 3142 2777 pervenisse
3195 2703 3494 2758 fateamur:
3527 2708 3580 2754 ct
3631 2697 3781 2764 ideo,

2190 2806 2432 2878 quamvis
2448 2804 2560 2874 jam
2581 2803 2691 2858 Deo
2709 2799 3014 2870 adiuvante,
3040 2793 3275 2850 nondum
3303 2801 3478 2848 tamen
3501 2789 3784 2859 sapientes

2191 2913 2256 2954 ac
2283 2897 2423 2954 beati
2453 2908 2658 2951 sumus.
2695 2891 2786 2946 llla
2815 2898 2901 2945 est
2940 2888 3100 2959 igitur
3129 2885 3284 2957 plena
3313 2882 3532 2939 satietas
3569 2880 3787 2934 animo-

2192 3006 2332 3055 rum,
2362 2988 2480 3044 baic
2517 2995 2599 3042 est
2622 2985 2775 3040 beata
2804 2982 2934 3048 vita,
2971 2980 3054 3050 pie
3079 2975 3418 3048 perfecteque
3459 2984 3792 3042 cognoscere

2193 3097 2226 3137 a
2253 3097 2361 3153 quo
2398 3077 2666 3135 inducaris
2709 3074 2765 3130 in
2803 3072 3106 3136 veritatem,
3144 3083 3247 3140 qua
3286 3065 3508 3121 veritate
3546 3060 3791 3133 perfrua-

2194 3175 2290 3240 ris,
2325 3188 2420 3244 per
2465 3170 2593 3241 quid
2637 3165 2973 3225 connectaris
3017 3175 3226 3217 summo
3255 3157 3474 3213 modo‘.
3517 3155 3648 3223 Qua:
3685 3154 3792 3208 tria

2103 3299 2110 3308 -
2195 3279 2361 3320 unum
2410 3263 2578 3318 Deum
2626 3255 3042 3328 intelligentibus
3085 3253 3352 3321 unamque
3400 3246 3789 3311 substantiam,

2196 3355 2430 3412 exclusis
2460 3350 2785 3412 vanitatibus
2818 3347 2981 3402 variae
3018 3340 3436 3413 superstitionis,
3473 3337 3791 3393 ostendunt.

2199 3449 2295 3504 l-lic
2323 3455 2493 3502 mater
2535 3441 2822 3513 recognitis
2866 3437 3044 3494 verbis
3078 3451 3199 3506 qua:
3240 3450 3352 3489 suae
3395 3429 3672 3487 memoriae
3698 3444 3795 3499 pec

2197 3541 2340 3594 nitus
2377 3536 2726 3600 inhaerebant,
2770 3540 2826 3587 et
2851 3529 3003 3602 quasi
3039 3527 3294 3597 evigilans
3325 3525 3376 3579 in
3419 3523 3579 3578 fidem
3609 3536 3789 3590 suam,

2197 3645 2410 3685 versum
2440 3627 2586 3683 illum
2615 3623 2909 3680 sacerdotis
2935 3620 3099 3675 nostri
3132 3634 3144 3673 :

2474 3723 2601 3768 Fovc
2624 3721 2900 3772 precantes,
2924 3711 3146 3771 “trinitas,

2647 3761 2922 3825 Milesius
2945 3774 2992 3821 in
3015 3761 3167 3835 bymi,
3188 3777 3314 3819 Deus
3333 3773 3520 3818 creator
3535 3761 3792 3823 ominum.)

2202 3866 2318 3919 beta
2347 3861 2549 3927 etTudit,
2573 3871 2730 3930 atque
2756 3856 2986 3927 subjecit
3017 3875 3031 3911 :
3055 3855 3179 3908 Haec
3205 3863 3287 3907 est
3315 3851 3463 3904 nullo
3491 3849 3798 3917 ambigente

2203 3954 2356 4009 beata
2387 3952 2514 4019 vita,
2547 3965 2664 4020 qua:
2693 3948 2799 4002 vita
2831 3947 3062 4016 perfecta
3090 3951 3191 4009 est,
3220 3941 3286 3996 ad
3313 3956 3470 4011 quam
3506 3955 3604 3993 nos
3640 3937 3796 3991 festi-

2205 4055 2392 4100 nantes
2432 4058 2588 4113 posse
2629 4038 2868 4110 perduci,
2915 4035 3084 4092 solida
3123 4033 3289 4100 fide’,
3321 4031 3486 4086 alacri
3523 4044 3641 4101 Spe,
3692 4027 3796 4081 fla-

2206 4143 2393 4206 grante
2413 4134 2671 4188 charitate
2701 4126 3127 4200 praesumendum
3157 4132 3260 4180 est.

2279 4227 2366 4281 56.
2408 4225 2567 4294 Ergo,
2600 4222 2833 4291 inquam,
2857 4219 3106 4290 quoniam
3130 4214 3318 4270 modus
3343 4213 3457 4284 ipse
3483 4227 3582 4267 nos
3611 4211 3802 4267 adme-

2205 4327 2316 4384 nct,
2341 4315 2640 4372 convivium
2670 4312 2846 4381 aliquo
2888 4307 3168 4364 intervallo
3206 4306 3414 4362 dierum
3443 4304 3796 4374 distinguere,

2205 4417 2427 4480 quantas
2469 4421 2566 4476 pro
2604 4403 2805 4458 viribus
2853 4415 3073 4472 possum
3116 4399 3314 4468 gratias
3356 4412 3456 4468 ago
3495 4409 3706 4450 summo
3744 4403 3800 4448 et

2205 4515 2333 4554 vero
2360 4499 2467 4552 Deo
2502 4495 2664 4560 Patri,
2695 4493 2918 4548 Domino
2943 4491 3216 4547 liberatori
3242 4491 3540 4544 animarum
3567 4506 3578 4541 :
3603 4487 3803 4542 deinde

2207 4590 2358 4645 vobis
2387 4589 2473 4660 qui
2503 4585 2837 4642 concorditer
2863 4584 3090 4648 invitati,
3119 4582 3300 4637 multis
3316 4581 3476 4636 etiam
3499 4595 3584 4634 me
3611 4593 3806 4634 cumu-

2213 4682 2365 4736 lastis
2400 4677 2731 4734 muneribus.
2764 4673 2896 4730 Nam
2917 4683 3120 4728 tantum
3152 4673 3203 4726 in
3231 4681 3475 4726 nostrum
3494 4685 3803 4725 sermonem

2206 4771 2528 4837 contulistis,
2567 4777 2623 4823 ut
2660 4783 2749 4823 me
2798 4781 2994 4838 negare
3030 4782 3136 4820 non
3179 4765 3400 4835 possim,
3454 4764 3522 4818 ab
3565 4763 3806 4820 invitatis

2209 4866 2342 4922 meis
2367 4878 2484 4920 esse
2509 4863 2778 4917 satiatum.
2811 4858 2906 4914 llic
2929 4859 3174 4912 omnibus
3202 4856 3556 4927 gaudentibus
3597 4863 3650 4909 et
3684 4856 3805 4908 lan-
3843 4920 3845 4922 η

2209 4956 2455 5012 dantibus
2495 4955 2658 5009 Deum
2685 4971 2698 5006 :
2725 4951 2893 5020 Quam
2921 4950 3133 5015 vellem,
3162 4947 3337 5025 inquit
3365 4948 3670 5018 Trygetius,
3701 4947 3807 5000 hoc

2210 5047 2369 5102 modo
2419 5061 2516 5100 nos
2557 5043 2791 5114 quotidie
2831 5056 3100 5112 pasceres.
3161 5039 3364 5104 Modus,
3418 5039 3658 5108 inquam,
3713 5038 3808 5093 ille

2212 5139 2408 5208 ubique
2436 5133 2730 5191 servandus
2755 5141 2858 5198 est,
2884 5131 3079 5201 ubique
3102 5129 3382 5193 amandus,
3406 5127 3449 5182 si
3473 5127 3625 5181 vobis
3653 5128 3806 5182 cordi

2212 5244 2294 5287 est
2319 5229 2384 5284 ad
2407 5228 2573 5282 Deum
2601 5225 2801 5280 reditus
2825 5227 3030 5277 noster.
3064 5221 3158 5275 llis
3182 5219 3359 5285 dictis,
3392 5217 3530 5272 facto
3558 5217 3807 5288 disputa-

2216 5321 2373 5376 tionis
2399 5319 2522 5383 fiue,
2544 5316 2906 5377 discessimus.

2279 5412 2294 5442 ί
2309 5417 2439 5467 bov.,
2452 5419 2544 5472 quo
2559 5403 2754 5472 veritate
2771 5402 3056 5472 perfrueris,
3071 5413 3157 5464 per
3173 5397 3293 5472 quid
3303 5397 3605 5472 contuetur“
3621 5407 3811 5446 sum

2217 5470 2349 5522 bono.
2372 5460 2890 5520 Sed'concinnius'alia:
2913 5460 3154 5526 editiones
3174 5460 3245 5526 ,ει
3276 5470 3380 5510 mss.
3407 5460 3657 5509 nobiscum
3678 5471 3809 5520 pra-

2215 5534 2394 5590 ferunt,
2412 5544 2508 5595 qua
2527 5527 2778 5595 veritate...
2804 5538 2988 5595 summa
3007 5523 3166 5595 modo.

2264 5581 2738 5667 ,ξῖὶουιξοίξηξϐν
2753 5589 3015 5667 legendum
3031 5599 3140 5667 eum
3285 5590 3337 5633 et
3352 5581 3576 5667 omnibus
3595 5581 3811 5641 antiquis

2219 5653 2643 5723 editionibusbad.
2667 5660 2768 5723 Am.
2794 5644 2867 5698 Er.
2893 5657 2959 5723 et_
2981 5648 3252 5718 colonicas.
3275 5659 3354 5693 an.
3543 5650 3643 5691 Non
3665 5653 3808 5723 vero,

2218 5703 2318 5771 5614i
2338 5713 2547 5781 ﬁde,_uti
2572 5713 2777 5781 habetur
2797 5711 2923 5774 apud
2945 5717 3060 5781 ξιον..
3097 5711 3352 5781 litattii'esto
3391 5706 3524 5781 lapsi]
3545 5738 3562 5764 ,
3587 5715 3704 5781 cuin
3748 5703 3812 5750 ad

2219 5762 2322 5833 hac
2338 5762 2647 5828 continenter
2670 5762 2881 5824 adtlatiir.
2911 5771 3065 5822 alacri
3085 5784 3184 5834 spe,
3202 5762 3566 5833 [iugi-amicitia
3579 5762 3713 5814 iam.
