2048 3184
256 159 308 187 979
825 156 868 182 DE
886 153 1023 187 OﬂblNE,
1044 153 1076 180 S.

260 217 425 252 negligentia:
441 225 505 243 vcro
518 215 674 252 vituperatio
689 215 772 242 multo
785 219 826 241 est
844 221 922 249 quam
937 211 1046 239 malitia:

258 262 472 297 crudelitatisque
482 263 626 298 purgatior.
642 262 731 296 ltaque
744 260 813 286 velut
825 258 992 293 compellitur
1005 265 1046 284 ra-

259 309 295 337 tio
309 313 399 337 tenere
412 316 465 336 non
476 308 614 335 immemor
627 307 741 342 pietatis,
754 310 801 333 aut
813 306 863 332 ista
875 310 980 331 terrena
993 311 1045 330 non

259 363 338 391 posse
350 363 366 382 ει
378 355 474 382 divinis
488 352 684 385 administrari,
703 356 748 379 aut
765 350 860 386 negligi
882 355 960 384 alque
981 356 1046 375 con~

259 401 341 428 tomni
354 400 441 435 potius
454 407 532 434 quam
544 399 579 426 ita
592 397 744 433 gubernari,
760 401 788 423 ut
802 395 888 423 omnis
901 395 934 422 de
946 394 1001 421 Deo
1013 393 1048 420 sit

259 446 331 473 initis
344 450 424 480 atque
437 443 593 478 inculpanda
606 442 773 477 conquestio.

294 490 323 519 2.
335 489 387 518 Sed
400 489 460 524 quis
471 493 525 516 tam
538 495 625 516 aecus
637 492 679 515 est
696 491 796 519 mente,
810 490 839 513 ut
857 484 999 520 quidquam
1020 483 1047 510 in

260 534 398 564 movendis
408 533 564 569 corporibus
572 533 682 561 rationis
696 533 705 549 ι
719 532 790 569 quod
800 535 897 566 prater
906 530 1047 557 humanam

259 581 460 617 dispositionem
474 587 506 608 ac
515 579 679 607 voluntatem
689 582 741 611 est,
751 578 847 605 divinte
856 575 981 611 potentiae
992 583 1049 602 mo-

259 626 443 661 derationique
456 625 520 654 dare
531 624 652 653 dubitet!
665 624 716 652 nisi
735 623 805 651 forte
815 627 861 650 aut
874 621 980 650 casibus
994 626 1048 649 tam

259 679 315 702 rata
328 675 338 691 ¹
349 674 491 709 subtilique
502 673 668 701 dimensione
677 672 721 700 vel
732 671 968 699 minutissimorum
983 677 1049 704 quo-

259 727 370 755 rumque
379 719 533 747 animalium
544 718 664 747 membra
678 717 839 753 figurantur;
851 719 896 743 aut
905 714 975 751 quod
986 722 1048 741 casu

258 766 318 800 quis
331 770 419 800 negat,
435 765 519 800 possit
530 764 582 792 nisi
595 764 700 791 ratione
714 763 809 790 factum
820 761 915 791 fateri;
930 764 976 787 aut
986 767 1049 787 vero

258 820 308 847 per
322 812 471 839 universam
492 816 630 844 naturam,
644 810 715 846 quod
730 810 757 837 in
778 809 888 844 singulis
902 807 1050 843 quibusque

255 858 338 885 rebus
357 857 421 885 nihil
434 861 493 885 arte
505 857 620 884 humana
641 859 778 891 satagente
796 854 946 881 ordinatum
967 853 1049 880 mira-

259 911 320 930 mur
332 923 340 935 ,
356 903 473 931 alienare
485 910 500 930 a
513 901 693 930 secretissimo
705 899 851 935 maiestatis
865 898 974 926 arbitrio
988 897 1050 925 ullis

260 948 338 983 nugis
353 956 429 975 vana:
443 947 575 983 opinionis
588 946 753 974 audebimus.
767 945 802 972 At
813 944 884 972 enim
902 943 952 971 hoc
962 943 1048 977 ipsum

260 998 302 1021 cst
316 993 419 1028 plenius
438 993 613 1028 quaestionum
627 1013 634 1025 ,
648 991 719 1028 quod
743 990 862 1019 membra
881 989 974 1025 pulicis
993 988 1049 1015 dis-

261 1039 346 1073 posita
363 1039 431 1066 mire
446 1043 526 1073 atque
535 1038 657 1066 distincta
666 1041 737 1071 sunt,
748 1044 809 1065 cutn
822 1036 922 1064 interea
934 1034 1050 1062 humana

260 1084 313 1110 vita
322 1083 553 1111 innumerabilium
568 1083 792 1118 perturbationum
807 1081 983 1109 inconstantia
992 1087 1050 1106 ver-

258 1133 334 1156 setur
346 1133 374 1157 et
384 1129 504 1157 ﬂuctuet.
522 1128 575 1156 Sed
589 1128 641 1156 hoc
656 1133 732 1164 pacto
744 1128 766 1155 si
780 1126 839 1163 quis
851 1131 905 1154 tam
920 1126 1048 1153 minutum

258 1178 399 1207 cerneret.
424 1178 453 1201 ut
476 1174 502 1202 in
524 1174 696 1202 vermiculato
718 1173 870 1208 pavimento
893 1171 959 1199 nihil
982 1171 1049 1199 ultra

260 1219 338 1246 unius
353 1219 466 1247 tessellae
488 1219 623 1246 modulum
643 1219 714 1247 acies
736 1218 793 1253 ejus
814 1217 914 1245 valeret
937 1216 1049 1249 ambire,

259 1264 420 1299 vituperaret
430 1265 559 1293 artificem
572 1265 645 1292 velut
657 1264 831 1292 ordinationis
841 1268 868 1291 et
881 1262 1052 1298 compositio-

260 1309 301 1336 nis
316 1310 453 1345 ignarum;
475 1318 508 1337 eo
522 1310 592 1345 quod
606 1310 760 1337 varietatem
783 1308 932 1344 lapillorum
947 1313 1052 1343 pertur-

257 1354 346 1382 batam
362 1358 483 1390 putaret,
503 1362 517 1381 a
533 1363 585 1390 quo
600 1354 643 1382 illa
667 1354 826 1382 emblemata
850 1353 878 1380 in
898 1353 976 1380 unius
991 1352 1050 1387 pul-

258 1400 415 1427 cltritudinis
432 1400 525 1428 facient
540 1401 711 1435 congruentia
731 1400 809 1427 simul
825 1400 897 1427 cerni
912 1399 1052 1427 collustra-

259 1445 335 1480 riquc
349 1453 401 1473 non
416 1449 535 1480 possent.
559 1445 631 1473 Nihil
645 1446 716 1473 enim
738 1444 809 1472 aliud
833 1445 920 1472 minus
940 1443 1051 1472 eruditis

260 1490 411 1519 hominibus
421 1490 526 1524 accidit,
540 1490 584 1525 qui
595 1491 744 1518 universam
758 1498 845 1518 rerum
856 1490 1050 1525 coaptationem

260 1542 339 1571 atque
352 1542 509 1564 concentum
524 1537 656 1565 imbecilla
676 1542 764 1564 mente
778 1537 918 1572 complecti
940 1542 966 1565 et
985 1544 1050 1564 con-

260 1582 378 1611 siderare
392 1590 445 1610 non
459 1583 587 1615 valentes,
599 1583 620 1610 si
631 1583 694 1618 quid
706 1590 753 1610 eos
763 1582 914 1615 oli‘enderit,
925 1583 984 1618 quia
996 1590 1052 1609 sua:

261 1628 410 1663 cogitationi
426 1636 550 1663 magnum
563 1633 614 1661 est.
629 1636 750 1664 magnam
767 1633 861 1664 putant
879 1629 958 1656 rebus
972 1628 1053 1655 inhae-

261 1681 321 1701 rere
334 1673 488 1702 fwditatem.

296 1720 322 1746 5.
338 1719 418 1754 Cujus
427 1720 525 1746 erroris
538 1720 651 1747 maxima
666 1727 745 1747 causa
760 1724 810 1753 est,
821 1719 891 1755 quod
907 1719 987 1746 homo
1001 1719 1050 1746 sibi

265 1765 321 1799 ipse
336 1770 377 1792 est
391 1765 549 1800 incognitus.
573 1764 623 1799 Qui
637 1770 723 1792 tamen
747 1770 776 1792 ut
799 1769 935 1797 senescat,
952 1772 1048 1799 magna

265 1817 333 1844 opus
344 1809 422 1837 habet
437 1810 627 1838 consuetudine
640 1811 781 1838 recedendi
798 1818 812 1838 a
827 1811 948 1838 sensibus
962 1811 983 1846 (l
1000 1811 1051 1838 Rc-

265 1859 339 1882 trnct.
356 1863 413 1890 cup.
429 1855 460 1888 5,
475 1863 501 1881 π.
516 1855 555 1890 Ξ),
570 1859 597 1882 ct
609 1856 727 1884 animum
741 1856 766 1882 in
779 1856 897 1891 seipsum
911 1856 1050 1891 colligendi

262 1904 340 1934 atque
355 1899 381 1926 in
398 1900 486 1934 scipso
501 1900 641 1927 retinendi.
658 1900 734 1933 Quod
751 1901 767 1927 ii
783 1905 885 1928 tantum
902 1908 1050 1935 assequun-

261 1950 313 1977 tur,
327 1945 370 1979 qui
382 1945 471 1980 plagas
484 1945 611 1980 quasdam
625 1946 792 1981 opinionum,
807 1954 873 1982 quas
886 1946 947 1973 vita:
961 1947 1050 1981 quoti-

262 1991 346 2018 diana:
359 1999 452 2018 cursus
464 1991 566 2026 inﬂigit.
582 1996 628 2018 aut
639 1992 783 2020 solitudine
796 1993 913 2026 inurunt,
929 1997 974 2020 aut
986 1992 1052 2021 libe-

260 2037 361 2065 ralibus
379 2037 510 2065 medieant
532 2037 689 2072 disciplinis.

357 2083 470 2111 CAPUT
483 2083 513 2110 il.
528 2098 563 2103 —
579 2083 685 2110 Dedicat
698 2084 745 2111 ltoc
758 2092 821 2119 opus
833 2083 951 2112 Zenobio.

296 2127 333 2154 ita
345 2128 414 2154 cnim
431 2128 534 2155 animtts
551 2128 600 2155 sibi
615 2128 749 2162 redditus,
761 2137 820 2164 qua:
833 2130 867 2157 sit
885 2129 1051 2164 pulchritudo

261 2173 440 2201 univcrsitatis
455 2174 589 2209 intelligit;
605 2182 663 2209 qum
679 2174 798 2209 profecto
812 2176 845 2202 ab
859 2184 910 2203 uno
921 2178 1052 2211 cognomi-

262 2223 320 2246 nata
328 2223 378 2246 est.
390 2218 542 2254 idcircoque
551 2220 620 2246 illaut
630 2219 718 2248 videre
726 2228 777 2247 non
787 2220 846 2248 licet
855 2221 949 2248 animae
957 2229 1015 2256 qua:
1024 2222 1050 2249 in

262 2265 341 2291 multa
351 2265 478 2300 procedit,
489 2269 655 2301 sectatur-que
665 2265 788 2293 aviditate
799 2267 960 2302 mitlperietn,
972 2275 1050 2302 quam

261 2312 344 2338 nescit
353 2311 408 2339 sola
418 2312 599 2348 segregatione
611 2312 786 2339 multitudinis
800 2320 878 2348 posse
887 2313 973 2340 vitari.
985 2313 1051 2340 Mul-

261 2356 397 2383 titudincm
413 2360 499 2383 autem
511 2364 563 2384 non
574 2357 709 2384 hominum
721 2357 790 2391 dico,
801 2357 847 2386 sed
863 2358 979 2385 omnium
992 2367 1050 2393 qua:

260 2408 354 2428 sensus
369 2401 481 2436 attingit.
497 2401 552 2429 Nec
572 2402 668 2429 mirere
682 2401 753 2437 quod
767 2409 800 2430 eo
819 2407 963 2437 egestatem
983 2404 1049 2438 pati-

261 2451 303 2473 tur
316 2447 409 2482 tnagis,
418 2455 471 2483 quo
484 2448 565 2483 magis
575 2449 675 2483 appetit
687 2449 761 2484 plura
774 2449 923 2484 complecti.
936 2449 969 2478 Ut
979 2450 1049 2477 enim

1098 153 1281 181 AUGUSTINI
1839 154 1894 182 980

1098 210 1124 238 in
1137 211 1237 238 circulo
1258 210 1425 245 quantumvis
1439 210 1529 245 amplo
1542 218 1623 238 unum
1642 215 1684 238 est
1704 210 1822 238 medium
1837 219 1894 246 quo

1098 261 1190 284 cuncta
1204 260 1378 291 convergunt,
1388 255 1459 291 quod
1472 260 1592 283 centrum
1606 261 1750 291 geometra
1761 261 1857 283 vocant
1869 256 1892 288 ⁸,

1102 305 1129 328 et
1141 301 1261 336 quamvis
1276 302 1355 328 totius
1368 300 1483 328 ambitus
1499 305 1587 336 partes
1604 300 1834 328 innumerabiliter
1847 307 1896 328 se-

1099 347 1153 374 cari
1168 351 1281 380 queant,
1298 346 1364 373 nihil
1378 350 1468 373 tamen
1482 350 1524 374 est
1540 351 1637 381 praeter
1652 345 1715 374 illud
1729 353 1827 379 unum,
1838 353 1894 381 quo

1099 397 1195 420 cratera
1208 393 1327 428 pariliter
1345 392 1516 420 dimetiantur
1525 412 1533 425 ,
1554 391 1664 427 etquod
1678 392 1802 419 omnibus
1814 393 1896 427 quasi

1099 438 1214 473 quodam
1240 438 1399 472 :equalitatis
1418 439 1478 472 jure
1500 437 1666 469 dominetur;
1691 437 1759 464 hinc-
1778 444 1843 464 vero
1864 437 1896 464 in

1099 484 1245 519 quamlibet
1258 488 1360 518 partem
1370 483 1392 511 si
1400 483 1490 519 egredi
1498 483 1577 516 velis,
1586 491 1619 511 eo
1628 484 1784 511 amittuntur
1790 484 1896 516 omnia,

1099 537 1153 564 quo
1167 529 1194 556 in
1213 529 1324 564 plurima
1343 529 1480 564 pergitur:
1499 528 1539 556 sic
1552 529 1658 556 animus
1678 536 1693 556 a
1713 528 1802 564 seipso
1817 528 1898 556 fusus

1100 576 1279 603 immensitate
1293 575 1406 610 quadam
1424 575 1623 608 diverberatur,
1638 579 1666 602 et
1678 582 1742 602 vera
1761 574 1897 603 mendici-

1101 626 1154 649 tate
1174 621 1332 655 conteritur,
1354 629 1414 648 cum
1438 629 1498 648 eum
1519 625 1615 649 natura
1638 628 1685 648 sua
1705 621 1776 656 cogit
1795 621 1898 657 ubique

1101 674 1180 694 unum
1196 674 1325 702 quaerere,
1341 671 1368 694 et
1382 666 1523 694 multitudo
1533 666 1652 694 invenire
1664 673 1716 694 non
1731 666 1803 693 sinit.

1136 712 1162 739 4.
1174 712 1228 740 Sed
1244 717 1271 739 et
1285 711 1343 739 haec
1364 719 1423 747 qum
1437 712 1492 739 dixi
1512 711 1599 747 qualia
1614 711 1676 745 sint,
1691 716 1719 739 et
1740 719 1799 747 qua:
1812 719 1897 739 causa

1100 762 1186 785 exstet
1199 758 1298 786 erroris
1318 758 1475 790 animarum,
1495 765 1602 793 quoque
1622 757 1702 785 modo
1725 762 1752 785 et
1771 757 1798 785 in
1811 765 1899 786 unum

1100 807 1249 838 congruant
1262 807 1341 839 atque
1353 803 1470 838 perfecta
1489 803 1542 830 sint
1556 807 1668 836 cuncta,
1683 806 1710 831 et
1728 807 1815 830 tamen
1830 810 1898 837 pec—

1102 855 1161 877 cata
1179 849 1302 884 fugienda
1323 849 1387 883 sint,
1405 849 1556 884 assequeris
1575 849 1704 884 profecto,
1726 849 1762 876 mi
1784 848 1898 876 Zenobi.

1101 895 1146 922 Sic
1160 895 1230 922 enim
1245 895 1311 922 mihi
1325 899 1416 922 notum
1432 899 1473 922 est
1487 894 1623 929 ingenium
1636 898 1721 927 tuum,
1737 898 1764 922 et
1779 895 1901 930 pulchri-

1102 941 1201 968 tudinis
1217 941 1377 968 omnimodze
1391 945 1494 968 amator
1507 940 1622 974 animus,
1638 940 1697 968 sine
1709 940 1826 968 libidinis
1842 941 1901 968 ima

1102 986 1285 1014 moderatione
1299 991 1379 1022 atque
1402 986 1533 1014 sordibus.
1555 986 1630 1020 Quod
1653 987 1756 1021 signum
1772 986 1799 1013 in
1812 991 1839 1013 te
1851 985 1900 1013 fu.

1103 1037 1168 1059 tura:
1181 1031 1317 1066 sapientia:
1340 1031 1496 1066 perniciosis
1517 1031 1704 1066 cupiditatibus
1726 1031 1817 1058 divino
1837 1031 1900 1066 iure

1102 1078 1259 1112 praescribit,
1275 1085 1309 1105 nc
1325 1082 1395 1104 tuam
1422 1085 1528 1105 causam
1543 1077 1653 1105 deseras
1667 1077 1741 1105 falsis
1751 1077 1900 1112 voluptati~

1102 1122 1151 1149 bus
1171 1122 1293 1155 illectus;
1308 1130 1361 1158 qua
1377 1122 1595 1158 praevaricatione
1614 1122 1678 1150 nihil
1693 1123 1793 1158 turpius
1807 1126 1835 1150 et
1848 1130 1899 1157 pe-

1102 1167 1242 1196 riculosius
1257 1168 1370 1195 inveniri
1385 1172 1484 1203 potest.
1507 1167 1668 1203 Assequeris
1681 1175 1745 1203 ergo
1760 1168 1820 1201 ista,
1832 1167 1901 1196 mihi

1102 1213 1191 1246 crede,
1209 1220 1268 1240 cum
1286 1213 1429 1241 eruditioni
1443 1221 1552 1248 operam
1570 1213 1694 1247 dederis,
1707 1220 1758 1248 qua
1773 1217 1902 1248 purgatur

1102 1263 1128 1286 et
1142 1260 1272 1287 excolitur
1286 1260 1401 1292 animus,
1417 1260 1490 1287 nullo
1503 1259 1583 1287 modo
1600 1264 1664 1287 ante
1676 1259 1787 1287 idoneus
1802 1259 1844 1287 cui
1857 1258 1902 1287 di-

1102 1306 1162 1332 vina
1184 1306 1286 1333 semina
1307 1306 1516 1334 committantur.
1541 1306 1617 1339 Quod
1641 1309 1725 1334 totum
1749 1305 1902 1341 cuiusmodi

1102 1353 1146 1384 sit,
1161 1357 1188 1380 et
1200 1360 1277 1387 quem
1293 1352 1392 1388 ﬂagitet
1405 1353 1536 1386 ordinem,
1551 1352 1650 1388 quidve
1672 1352 1799 1380 studiosis
1811 1355 1841 1379 et
1851 1352 1902 1380 bo-

1103 1399 1145 1426 nis
1168 1398 1237 1426 ratio
1258 1399 1408 1434 promittat.
1427 1399 1584 1435 qualemque
1607 1400 1688 1427 vitam
1710 1405 1760 1427 nos
1779 1398 1903 1427 vivamm

1102 1445 1252 1473 charissimi
1268 1446 1316 1478 tui,
1332 1448 1360 1473 et
1368 1453 1448 1481 quem
1471 1446 1584 1473 fructum
1599 1445 1633 1473 de
1657 1445 1758 1473 liberali
1771 1445 1828 1472 otio
1840 1451 1902 1472 car-

1103 1498 1206 1527 pamus,
1220 1491 1246 1518 hi
1260 1495 1286 1519 te
1298 1491 1360 1519 libri
1374 1492 1449 1525 satis,
1462 1496 1490 1519 ut
1503 1492 1607 1527 opinor,
1620 1491 1779 1523 edocebunt,
1791 1491 1902 1519 nomine

1105 1542 1149 1563 tuo
1160 1537 1237 1565 nobis
1249 1545 1328 1572 quam
1342 1542 1431 1565 nostra
1445 1536 1625 1565 elaboratioue
1634 1537 1778 1571 dulciores,
1787 1543 1903 1572 prtesel-

1105 1583 1150 1610 tim
1163 1583 1184 1610 si
1199 1586 1224 1610 te
1240 1583 1266 1609 in
1280 1583 1366 1618 ipsum
1380 1582 1511 1615 ordinem,
1524 1582 1620 1618 dequo
1634 1582 1667 1609 ad
1682 1586 1708 1609 te
1723 1582 1822 1616 scribo,
1835 1589 1895 1609 lte-

1104 1627 1169 1655 liora
1185 1628 1285 1663 eligens
1298 1628 1418 1655 inserere
1432 1632 1510 1663 atque
1525 1632 1649 1663 coaptare
1661 1627 1792 1656 volueris.

1139 1673 1165 1700 5.
1180 1672 1244 1700 Nam
1262 1681 1322 1700 cum
1336 1673 1466 1700 stomachi
1486 1673 1563 1700 dolor
1577 1673 1696 1700 scholam
1718 1680 1761 1701 me
1775 1672 1903 1701 deserere

1104 1718 1244 1752 coegisset,
1257 1719 1300 1753 qui
1312 1718 1378 1753 jam,
1395 1723 1423 1745 ut
1437 1719 1501 1751 scis,
1517 1718 1596 1745 etiam
1611 1719 1668 1746 sine
1682 1718 1735 1746 ulla
1748 1719 1794 1745 tali
1807 1726 1903 1746 neces-

1106 1764 1185 1789 sitate
1197 1762 1223 1790 in
1237 1763 1433 1798 philosophiam
1446 1763 1589 1798 confugere
1604 1764 1742 1797 moliebar,
1755 1763 1845 1791 statim
1856 1771 1903 1792 mo

1104 1808 1200 1835 contuli
1226 1807 1259 1835 ad
1283 1808 1372 1835 villam
1396 1808 1593 1836 familiarissimi
1627 1809 1710 1836 nostri
1737 1809 1899 1837 Verecundi.

1104 1853 1171 1886 Quid
1184 1853 1279 1886 dicam,
1296 1862 1328 1880 eo
1342 1853 1458 1881 libente?
1471 1853 1547 1881 Nosti
1571 1854 1672 1889 optime
1691 1854 1822 1887 hominis,
1837 1862 1900 1882 eum

1105 1899 1130 1925 in
1145 1906 1249 1931 omnes,
1261 1904 1317 1926 tum
1328 1906 1391 1926 vero
1403 1899 1430 1927 in
1440 1906 1489 1926 nos
1500 1899 1711 1926 benevolentiam
1725 1900 1899 1934 singularem.

1105 1944 1140 1971 “Ii
1164 1944 1360 1971 disserebamus
1383 1944 1452 1971 inter
1475 1952 1524 1972 nos
1547 1952 1719 1980 quaecumque
1742 1945 1902 1972 videbantur

1105 1990 1188 2023 utilia,
1202 1990 1320 2018 adhibito
1340 1997 1404 2018 sane
1424 1990 1486 2018 stilo
1507 1998 1559 2026 quo
1581 1996 1675 2019 cuncta
1700 1992 1898 2027 exciperentur,

1104 2037 1173 2073 quod
1188 2037 1307 2065 videbam
1321 2037 1471 2065 conducere
1483 2037 1628 2065 valetudini
1646 2045 1723 2065 metu.
1745 2038 1814 2065 Cum
1826 2038 1899 2065 enim

1106 2083 1229 2110 nonnulla
1243 2083 1368 2118 loquendi
1387 2091 1451 2110 cura
1466 2083 1612 2116 detinerer,
1628 2084 1700 2110 nulla
1720 2084 1790 2111 inter
1803 2083 1899 2118 dispu-

1105 2130 1213 2157 tautlum
1228 2130 1360 2164 irrepebat
1373 2129 1546 2157 immoderata
1560 2130 1705 2157 contentio.
1719 2129 1802 2157 Simul
1816 2129 1898 2157 etiam

1105 2176 1166 2203 utsi
1182 2175 1245 2211 quid
1266 2180 1385 2203 nostrum
1400 2175 1495 2203 litteris
1517 2175 1644 2203 mandare
1667 2175 1820 2210 placuisset,
1847 2183 1899 2204 nec

1103 2222 1180 2250 aliter
1191 2221 1295 2249 dicendi
1307 2222 1460 2253 necessitas,
1469 2229 1519 2249 nec
1530 2222 1603 2249 labor
1611 2222 1804 2249 recordationis
1814 2226 1896 2249 esset.

1104 2268 1223 2302 Agebant
1235 2272 1323 2295 autem
1336 2267 1385 2295 ista
1401 2275 1505 2295 mecum
1523 2267 1630 2303 Alypius
1641 2272 1666 2294 ct
1681 2267 1804 2302 Navigius
1816 2268 1899 2295 frater

1104 2320 1188 2345 meus,
1204 2316 1230 2339 et
1243 2312 1377 2340 Licentius
1395 2318 1504 2347 repente
1516 2312 1709 2341 admirabiliter
1719 2311 1831 2347 poetica:
1847 2312 1898 2340 ἀει-

1103 2358 1182 2386 ditus.
1195 2357 1347 2393 Trygetium
1368 2358 1432 2385 item
1448 2358 1524 2385 nobis
1546 2358 1639 2386 militia
1661 2358 1813 2386 reddiderat
1826 2380 1834 2390 .
1850 2357 1898 2393 qui

1104 2409 1228 2440 tauquam
1244 2409 1385 2433 veteranus
1399 2405 1533 2432 adamavit
1551 2405 1700 2432 historiam.
1714 2405 1747 2433 Et
1757 2404 1813 2441 jam
1829 2404 1856 2432 in
1869 2405 1899 2432 li-

1104 2450 1159 2478 bris
1173 2450 1292 2478 nonnihil
1305 2449 1478 2478 habebamus.

871 2513 1000 2532 ωιοιητιο
1015 2515 1051 2533 PI.
1069 2513 1280 2534 mlf'ﬂKOIUI.

290 2546 323 2580 [ιι]
333 2546 430 2580 codices
447 2546 513 2580 mille
525 2547 577 2572 fere
589 2547 934 2580 annomm'rbeodericensem
945 2552 971 2574 et
979 2550 1149 2580 (Ita-beiensem
1163 2548 1241 2574 collati
1257 2552 1313 2580 sunt
1324 2548 1470 2580 (prasentes
1479 2548 1511 2573 de
1522 2548 1610 2573 ordine
1622 2548 1698 2580 libri),
1709 2549 1737 2573 ad
1750 2549 1888 2580 Vaticanum
1899 2565 1906 2575 ι

260 2576 422 2607 \‘edastintun,
442 2577 567 2610 Thuaneos
588 2578 659 2606 duos,
682 2578 711 2603 ad
731 2579 971 2610 ttegio-atoutensem,
994 2579 1158 2610 Albiuensem,
1181 2576 1352 2608 ttiehaelinuui,
1365 2578 1549 2610 rArnulensem,
1561 2576 1698 2604 monasterii
1711 2579 1903 2610 rt‘indoeinensis

260 2613 344 2637 unum,
355 2609 471 2633 Navarrici

263 2641 318 2663 Lov.
337 2642 362 2663 et
378 2639 407 2663 ad
420 2639 540 2664 editiones
551 2640 605 2664 Bad.
617 2644 668 2664 Am.
682 2644 718 2664 t-Lr.
730 2639 784 2665 Lov.

481 2609 596 2642 (ﬁtnnasii
608 2615 692 2638 unum,
700 2608 799 2640 collegii
811 2613 852 2634 Im.
865 2613 904 2635 PP.
917 2608 1116 2637 uernat-diuorum
1126 2608 1198 2636 Paris.
1214 2617 1301 2640 untun;
1319 2611 1350 2635 ad
1364 2609 1484 2635 lectiones
1490 2608 1592 2642 quatuor
1607 2615 1660 2636 Mss.
1677 2609 1900 2642 Belgicommlptli

302 2679 556 2719 Comparavimus
574 2686 725 2722 praeterea
740 2691 788 2712 eas
811 2692 913 2714 omnes
936 2683 1195 2722 editioncst'm'tio
1217 2683 1493 2714 Retraetationum
1512 2685 1544 2714 et
1569 2682 1816 2715 Confessionum
1829 2694 1901 2715 πρεπ-

613 2720 655 2751 Μ.

301 2779 365 2817 χωρ
374 2781 524 2817 ltiss.’d'ecem
543 2783 656 2817 omittunt
666 2782 782 2817 rationis;
798 2784 842 2817 sed
857 2784 928 2815 paulo
946 2789 1000 2816 post
1015 2785 1057 2811 ba-

268 2809 328 2846 licnt
335 2810 432 2846 rationi
440 2810 528 2837 divinw
536 2812 646 2846 potentia
653 2809 865 2846 moderationiqu

300 2842 310 2856 ί
332 2842 368 2866 sic
380 2842 433 2867 Bad.
446 2846 496 2867 Αω.
506 2842 543 2868 ιιι-ζ
554 2847 579 2868 et
589 2844 679 2875 aliquot
693 2849 743 2871 uss.
757 2849 784 2870 At
795 2842 859 2876 uim,
872 2852 937 2871 ram.

267 2722 416 2750 moratas.

1137 2785 1145 2801 ⁸
1155 2783 1266 2815 rlcriquc
1279 2788 1341 2814 tt'ss.,
1353 2782 1515 2809 mathematici
1523 2787 1612 2809 rocrmt.
