2048 3184
152 155 199 184 081

432 213 565 232 νωπυτλτιο
581 214 650 231 rnuu
655 223 660 229 .

281 257 394 285 CAPUT
414 256 613 285 [IL—Occasio
627 256 814 290 disputationis.

187 306 216 333 6.
254 304 307 332 Sed
330 308 407 331 nocte
420 302 534 337 quadam
553 309 614 329 cum
628 302 794 336 evigilassem
808 302 841 329 de
854 309 938 333 more,

150 357 311 386 mecumque
337 349 393 384 ipse
417 348 514 376 tacitus
538 348 665 382 agitarem
689 355 748 382 quae
771 347 797 374 in
824 351 939 375 tuentem

153 396 243 424 nescio
268 395 337 422 unde
359 394 498 422 veniebant
514 402 520 420 :
536 401 597 420 nam
621 393 647 420 id
672 393 736 420 mihi
755 400 846 421 amore
867 393 940 420 inve-

153 441 244 469 niendi
259 440 314 468 veri
326 440 381 475 jam
394 440 420 467 in
437 439 655 467 consuetudinem
669 443 793 472 verterat,
807 438 842 466 ita
856 443 885 466 ut
895 442 941 466 aut

153 487 277 522 primum,
289 486 311 514 si
327 486 392 513 tales
404 492 474 513 certe
487 484 602 518 inerant,
612 489 658 512 aut
669 490 744 513 certe
757 485 885 518 ultimam,
898 485 940 513 di-

152 532 261 560 tn-idiam
279 536 368 559 tamen
387 530 443 559 fere
456 531 540 558 noctis
554 536 655 565 partem
669 530 780 567 pervigil
796 531 940 565 quodcum»

151 585 206 612 que
220 577 365 613 cogitarem
379 585 386 609 ;
402 584 449 604 nec
462 585 504 603 me
518 576 636 611 patiebar
650 577 855 604 adolescentium
868 578 940 604 iucu—

152 622 319 649 brationibus
339 630 355 648 a
371 622 472 656 meipso
493 623 609 654 avocari,
629 623 688 656 quia
702 626 728 649 et
743 623 780 648 illi
797 631 843 657 per
858 627 939 650 totum

152 667 224 695 diem
241 672 340 694 tantum
361 668 483 701 agebam,
498 672 526 694 ut
540 668 650 694 nimium
672 667 736 694 mihi
757 668 898 701 videretur,
918 669 939 695 si

151 713 251 748 aliquid
266 714 346 740 etiam
362 714 478 740 noctium
499 714 525 740 in
540 713 686 740 studiorum
702 714 817 741 laborem
831 722 940 748 usurpa-

150 764 229 792 rent;
242 763 268 786 et
283 759 307 785 id
321 766 335 785 a
352 767 395 786 me
417 759 465 793 ipsi
491 766 594 793 quoque
617 763 778 793 prmceptum
797 760 938 791 habebant,

151 809 180 831 ut
200 804 299 839 aliquid
313 808 339 831 et
360 808 455 838 praeter
469 804 575 831 codices
592 811 682 832 secum
698 809 816 839 agerent,
834 809 861 832 et
872 805 940 840 apud

150 857 211 877 sese
223 850 343 876 habitare
363 848 581 876 consuefacerent
595 850 711 876 animum
726 858 732 876 :
748 858 822 885 ergo,
836 855 864 877 ut
876 851 939 883 dixi,

150 895 310 930 vigilabam;
326 902 386 922 cum
406 902 469 922 ecce
488 902 563 929 aqure
578 902 659 922 sonus
678 903 747 930 pone
762 896 868 923 balneas
883 905 941 930 qua:

151 941 355 975 pr1:terlluebat,
377 940 469 968 eduxit
487 948 529 968 me
549 941 574 967 in
590 949 678 973 aures,
702 946 729 969 et
743 942 941 970 animadversus

150 990 193 1012 est
211 985 289 1012 solito
303 985 436 1012 atlentius.
461 985 552 1012 Mirum
567 985 709 1013 admodum
728 987 792 1014 mihi
805 987 942 1015 videbatur

150 1030 223 1065 «μιοά
237 1038 304 1057 nunc
315 1031 421 1062 clarius,
438 1038 506 1057 nunc
520 1031 638 1065 pressius
650 1031 742 1058 eadem
757 1039 824 1065 aqua
840 1037 942 1067 strepe-

151 1076 198 1102 bat
217 1075 334 1102 silicibus
356 1075 469 1105 irruens,
498 1075 570 1110 Coepi
585 1083 599 1102 a
620 1084 661 1103 me
684 1084 803 1111 quaerere
821 1085 940 1112 quamam

150 1129 230 1148 causa
243 1126 325 1149 esset.
342 1121 448 1154 Fateor,
464 1121 530 1148 nihil
545 1122 717 1154 occurrebat;
732 1129 792 1150 cum
808 1122 941 1150 Licentius

151 1167 220 1194 lecto
233 1174 282 1193 suo
295 1167 460 1201 importunos
475 1174 600 1201 percusso
612 1166 685 1201 juxta
697 1168 766 1202 ligno
779 1168 879 1195 soriccs
891 1174 942 1196 ter-

151 1213 215 1246 ruit,
228 1220 339 1247 seseque
352 1212 504 1247 vigilantem
517 1212 566 1239 hoc
575 1212 655 1240 modo
667 1213 801 1240 indicavit.
812 1213 859 1240 Cui
873 1222 921 1248 ego
934 1224 939 1240 2

149 1259 376 1292 Animadvertisti,
387 1259 504 1294 inquam,
513 1258 690 1295 Licenti(nam
700 1259 779 1287 video
790 1260 941 1288 tibiblusam

149 1310 221 1332 tuam
230 1305 355 1332 lnmenad
364 1305 553 1332 lucubrandum
562 1306 714 1333 accendisse
723 1305 747 1342 [l
757 1306 868 1334 Retract.
878 1316 900 1334 ο.
913 1308 939 1340 5,

149 1358 176 1376 ιι.
187 1349 380 1386 2]),quomodo
392 1351 492 1378 canalis
506 1351 556 1378 istc
569 1351 749 1378 inconstanter
764 1352 858 1380 sonet?
870 1352 938 1385 Jam,

150 1396 246 1430 inquit,
261 1395 323 1422 mihi
341 1395 390 1423 hoc
403 1404 454 1423 non
471 1400 512 1423 est
525 1404 633 1423 novum.
648 1396 713 1423 Nam
725 1396 857 1424 desiderio
869 1405 942 1424 sere~

151 1440 241 1481 uitatis
256 1448 317 1467 cum
331 1441 533 1475 expergefactus
548 1441 690 1476 aliquando
702 1449 792 1468 aurem
806 1442 941 1469 admovis-

149 1494 218 1520 sem,
242 1494 275 1513 ne
286 1486 371 1514 imber
388 1488 530 1521 ingrueret,
550 1487 601 1514 hoc
613 1488 707 1522 agebat
721 1496 787 1520 aqua
802 1488 850 1515 ista
871 1489 941 1523 quod

150 1539 230 1558 huic.
252 1531 414 1566 Approbavit
433 1532 581 1567 Trygetius.
606 1533 671 1559 Nam
685 1536 712 1560 et
731 1533 827 1567 ipsein
847 1534 940 1561 eodem

148 1577 267 1605 conclavi
283 1577 350 1605 lecto
369 1585 417 1604 suo
434 1578 534 1605 cubans
554 1578 687 1613 vigilabat,
711 1578 786 1605 nobis
802 1580 941 1606 nescienti-

148 1623 200 1650 bus
212 1632 218 1648 :
230 1628 306 1650 erant
319 1624 388 1650 enim
404 1623 519 1651 tenebrat
531 1632 539 1656 ;
553 1624 623 1659 quod
642 1624 667 1651 in
683 1625 755 1652 italia
769 1625 847 1652 etiam
863 1634 941 1659 pecu-

150 1670 234 1698 niosis
247 1678 329 1705 prope
342 1678 452 1698 necesse
466 1675 515 1697 est.

185 1717 213 1744 7.
234 1717 304 1752 Ergo
323 1717 366 1744 ubi
380 1717 431 1744 ridi
446 1716 563 1744 scholam
585 1720 713 1750 nostram,
729 1722 940 1751 quantacumque

149 1762 251 1795 aderat,
266 1770 326 1789 nam
339 1767 366 1789 et
385 1762 495 1797 Alypius
506 1768 532 1789 ct
550 1762 674 1796 Navigius
688 1762 716 1789 in
735 1762 825 1789 urbem
844 1763 938 1795 ierant,

150 1808 228 1836 etiam
243 1809 295 1836 illis
309 1808 380 1835 horis
393 1816 444 1835 non
455 1808 579 1843 sopitam,
594 1813 620 1835 et
633 1816 675 1835 me
695 1816 786 1835 cursus
803 1809 846 1836 ille
860 1817 941 1844 aqua—

151 1861 208 1880 rum
221 1853 320 1888 aliquid
335 1853 368 1880 de
380 1861 409 1881 se
423 1854 511 1880 dicrre
522 1854 699 1881 admonebat:
714 1854 843 1888 Quidnam
855 1855 938 1887 vobis,

151 1900 268 1934 inquam,
283 1899 386 1926 videtur
398 1906 457 1926 esse
478 1907 565 1926 causa:
578 1899 648 1934 quod
661 1900 699 1926 sic
716 1900 825 1927 alternat
839 1900 882 1927 hic
895 1908 939 1926 sn—

150 1945 219 1972 nus?
244 1945 301 1972 Non
320 1944 390 1972 enim
415 1952 572 1978 quemquam
598 1948 719 1978 putamus
740 1945 779 1971 his
802 1945 874 1972 horis
898 1946 937 1972 vel

152 1990 273 2023 transitu,
290 1990 329 2016 vel
348 1997 377 2017 re
393 1990 481 2024 aliqua
502 1989 612 2017 lavanda
629 1990 706 2017 toties
726 1990 799 2016 illutn
823 1996 938 2017 meatum

151 2037 330 2072 interpellare.
345 2036 415 2070 Quid
428 2041 513 2071 putas,
526 2036 609 2071 inquit
622 2036 764 2068 Licentius,
781 2036 830 2063 nisi
844 2038 937 2064 alicubi

149 2082 210 2110 folia
224 2082 404 2116 cujuscemodi
418 2090 477 2117 qum
496 2088 623 2109 autumno
638 2086 765 2116 perpetuo
779 2082 938 2117 copioseque

151 2128 286 2160 decidunt,
301 2128 429 2163 angustiis
441 2128 539 2154 canalis
550 2128 689 2154 interlrusa
704 2126 788 2153 evinci
800 2127 938 2161 aliquando

149 2179 227 2207 atque
236 2173 331 2202 cedere
340 2182 347 2204 ς
358 2173 400 2201 ubi
410 2178 497 2200 autem
507 2173 575 2200 unda
583 2180 640 2207 qua:
649 2172 765 2206 urgebat,
776 2170 937 2206 pertransiel

150 2220 197 2252 rit,
209 2227 315 2247 rursum
326 2219 413 2254 colligi
425 2223 503 2254 atque
514 2219 604 2254 stipari
616 2227 622 2245 ε
632 2217 779 2252 autaliquid
788 2218 857 2244 aliud
866 2218 938 2244 vario

149 2273 212 2292 casu
233 2265 355 2292 foliorum
376 2264 520 2291 natantium
536 2264 602 2296 fieri,
619 2263 689 2298 quod
703 2263 736 2290 ad
749 2263 823 2290 illum
839 2263 935 2290 [luxum

150 2319 220 2338 nunc
231 2310 429 2343 refrenandum,
438 2317 507 2336 nunc
519 2309 690 2336 emittendum
702 2309 823 2336 similiter
833 2309 937 2336 valeat?

151 2356 240 2383 Visum
252 2360 292 2383 est
302 2355 365 2382 mihi
378 2354 513 2389 probabile
522 2354 590 2381 aliud
602 2362 654 2381 non
665 2354 780 2387 habenti,
789 2354 938 2381 confessus-

148 2409 199 2435 que
210 2408 279 2432 sum,
293 2400 403 2428 laudans
422 2400 553 2435 ingenium
568 2400 634 2434 ejus,
649 2399 714 2426 nihil
728 2407 769 2426 me
785 2400 915 2427 invenisse
927 2421 934 2433 ,

148 2454 207 2474 eum
222 2447 267 2473 diu
286 2447 439 2481 quaesissem
460 2455 506 2473 cur
519 2446 553 2473 ita
567 2450 648 2473 esset.

182 2493 208 2520 8.
230 2492 297 2519 Tum
322 2492 476 2526 interposito
500 2492 603 2518 modico
625 2491 730 2518 silentio
747 2491 870 2524 :Merito,
894 2491 935 2519 in-

148 2547 239 2573 quam,
260 2544 289 2566 tu
299 2538 363 2566 nihil
378 2538 527 2570 mirabaris,
546 2542 573 2565 et
583 2538 650 2571 apud
665 2538 807 2572 Calliopam
822 2542 846 2565 te
867 2538 935 2564 intus

149 2585 268 2612 tenebas.
289 2584 392 2617 Merito,
409 2584 492 2618 inquit
507 2583 550 2610 ille
566 2592 572 2610 :
587 2583 633 2610 sed
654 2582 732 2610 modo
752 2583 829 2617 plane
841 2583 934 2610 dedisti

148 2630 213 2657 mihi
240 2638 362 2666 magnum
386 2630 485 2656 mirari.
512 2629 642 2661 Quidnam
665 2629 714 2655 hoc
738 2633 788 2661 est,
812 2629 935 2663 inquam?

148 2675 223 2710 Quod
233 2680 273 2708 tu,
286 2676 380 2710 inquit,
396 2675 444 2703 ista
458 2675 568 2701 miratus
579 2682 617 2700 es.
639 2673 713 2701 Unde
723 2675 792 2701 enim
804 2674 881 2706 solet,
896 2674 934 2701 in-

148 2728 238 2755 quam,
253 2720 351 2748 oboriri
373 2720 524 2752 admiratio,
540 2725 586 2746 aut
604 2727 662 2754 qua:
675 2719 752 2754 hujus
774 2720 829 2747 vitii
851 2725 934 2747 mater

148 2771 188 2794 est
202 2766 308 2803 (lbid.),
318 2767 368 2794 nisi
383 2774 426 2793 res
440 2766 544 2793 insolita
554 2769 649 2800 praeter
662 2767 828 2793 manifestum
843 2774 933 2793 eausa-

149 2819 207 2839 rum
226 2811 367 2840 ordinem?
387 2812 418 2838 Et
434 2811 479 2839 ille
495 2820 502 2838 :
517 2811 617 2838 Prazter
630 2811 806 2844 manifestum,
830 2811 931 2846 inquit,

149 2858 265 2893 accipio;
281 2866 339 2885 nam
355 2863 449 2892 przeter
461 2857 580 2885 ordinem
596 2857 659 2884 nihil
672 2857 736 2884 mihi
751 2857 807 2885 fieri
820 2857 929 2885 videtur

838 150 936 178 LIBER
956 151 1090 180 PRIMUS.

1726 162 1778 191 982

997 209 1044 238 liic
1058 219 1107 247 ego
1120 214 1234 241 erectior
1247 222 1294 249 spe
1314 215 1442 244 alacriore
1455 223 1533 250 quant
1548 218 1621 246 soleo
1634 227 1702 253 esse,
1718 230 1778 249 cum

994 257 1092 292 aliquid
1112 258 1199 287 abitis
1221 261 1336 295 requiro,
1355 262 1426 297 quod
1440 270 1496 290 rem
1511 266 1610 291 tantam
1623 268 1650 292 et
1663 269 1715 293 tam
1732 274 1777 294 su-

994 303 1059 336 bito,
1073 304 1130 332 beri
1145 313 1213 340 pene
1222 306 1256 333 ad
1269 306 1318 334 ista
1328 314 1482 341 conversus,
1492 309 1668 338 adolescentis
1675 311 1779 340 animus

993 350 1169 386 concepisset,
1185 352 1254 380 nulla
1266 360 1381 388 unquam
1401 353 1434 381 de
1448 354 1489 382 bis
1501 355 1580 383 rebus
1594 356 1662 385 inter
1671 365 1720 386 nos
1732 366 1782 386 an.

994 399 1034 424 tea
1057 397 1204 432 quaestione
1226 399 1321 433 agitata
1344 408 1351 426 :
1371 399 1457 432 Bene,
1479 400 1601 436 inquam,
1622 402 1708 436 bene;
1732 404 1780 432 sed

995 449 1103 476 prorsus
1114 442 1182 470 bene
1195 443 1304 471 multum
1320 445 1436 478 sensisti,
1450 446 1559 473 multum
1570 455 1649 475 ausus
1664 455 1694 476 es
1708 457 1715 476 :
1731 449 1781 477 hoc

993 487 1057 515 milti
1069 488 1168 519 crede:
1189 488 1269 524 longo
1288 489 1426 518 intervallo
1438 492 1602 520 transcendis
1615 493 1779 526 Heliconem.

993 532 1026 559 ad
1044 533 1121 567 cujus
1132 534 1259 562 verticem
1272 538 1397 570 tauquam
1415 536 1452 563 ad
1462 537 1559 564 coelum
1581 538 1722 573 pervenire
1733 547 1780 567 co-

994 579 1076 607 naris.
1100 580 1153 607 Sed
1176 582 1319 615 pcrvellem
1340 582 1448 610 adesses
1468 583 1530 611 huic
1550 585 1699 618 sententias,
1719 593 1779 613 nam

993 632 1051 652 eam
1062 624 1220 654 labefactare
1231 627 1346 654 tcntabo.
1363 627 1437 661 Sine,
1449 628 1543 663 inquit,
1558 629 1638 656 modo
1650 637 1694 658 me
1703 630 1779 664 mihi,

994 677 1084 705 quasso
1104 674 1147 703 te;
1171 679 1230 699 nam
1245 672 1321 700 valde
1332 672 1357 699 in
1372 673 1444 703 aliud
1465 673 1566 701 intendi
1587 674 1716 703 animum.
1732 675 1780 703 llic

993 724 1043 751 ego
1054 724 1106 744 non
1121 717 1186 745 nihil
1200 722 1320 745 metuens
1335 726 1368 746 ne
1380 719 1466 746 studio
1480 720 1590 754 poetica:
1604 721 1709 755 penitus
1720 729 1781 757 pro-

993 761 1099 789 volutus
1117 769 1131 789 a
1152 762 1317 798 philosophia
1338 763 1416 798 longe
1438 770 1575 799 raperetur
1593 774 1600 792 :
1616 765 1718 800 lrrilor,
1741 767 1781 794 in-

993 817 1082 844 quam,
1097 810 1144 837 abs
1159 814 1185 838 te
1194 818 1286 838 versus
1297 810 1361 838 istos
1374 815 1433 839 tuos
1445 813 1515 839 omni
1529 818 1672 840 metrorum
1683 821 1781 849 genere

994 856 1124 884 cantando
1136 861 1163 884 et
1175 857 1301 884 ululando
1316 857 1450 891 insectari,
1464 858 1508 893 qui
1522 858 1590 886 inter
1603 863 1628 887 te
1643 863 1722 895 atque
1734 868 1779 887 ve-

995 902 1098 929 ritatem
1113 902 1297 930 immaniorem
1308 910 1410 930 murum
1420 910 1497 938 quam
1510 903 1578 931 inter
1590 908 1709 931 amantes
1722 908 1781 931 tuos

994 948 1243 983 conanturerigere;
1253 956 1312 976 nam
1322 949 1348 976 in
1357 957 1385 976 sc
1394 948 1432 976 illi
1443 948 1483 975 rei
1495 948 1585 976 inolita
1596 949 1689 976 rimula
1698 949 1782 983 respi-

994 993 1098 1020 rabant.
1122 993 1264 1029 Pyramum
1286 995 1359 1021 enim
1375 994 1420 1022 ille
1434 999 1489 1022 tum
1503 1002 1599 1022 canere
1622 995 1779 1022 instituerat.

1030 1038 1056 1065 9.
1076 1037 1150 1071 Quod
1165 1046 1225 1065 cum
1247 1039 1379 1066 severiore
1401 1047 1479 1074 quam
1499 1039 1608 1075 putabat
1622 1039 1781 1067 voce'dixis~

995 1090 1061 1117 sem,
1082 1083 1206 1111 subticuit
1228 1084 1400 1119 aliquantum.
1427 1085 1460 1112 Et
1479 1093 1528 1121 ego
1548 1086 1603 1121 jam
1623 1086 1781 1121 reliqueram

995 1134 1091 1165 empta,
1110 1135 1136 1157 et
1148 1130 1179 1157 ad
1193 1139 1234 1158 me
1247 1131 1386 1163 redieram,
1403 1138 1436 1159 ne
1455 1131 1552 1159 frustra
1566 1140 1696 1167 occupare
1711 1139 1780 1167 prae-

995 1181 1150 1211 occupatum
1165 1182 1243 1212 atque
1255 1177 1342 1212 inepte
1354 1178 1459 1205 vellem.
1473 1178 1539 1205 Tum
1553 1178 1596 1206 ille
1614 1187 1620 1206 :

1086 1224 1185 1253 Egomet
1196 1228 1252 1247 meo
1262 1222 1348 1248 indicio
1359 1223 1433 1247 miser
1443 1223 1510 1255 quasi
1521 1229 1604 1254 sorex,

996 1265 1089 1301 inquit.
1113 1273 1164 1292 non
1177 1265 1274 1292 dictum
1289 1270 1329 1293 est
1342 1266 1506 1293 commodius
1525 1266 1593 1300 apud
1606 1266 1780 1299 Terentium,

995 1318 1074 1346 quam
1095 1318 1166 1338 nunc
1185 1311 1236 1338 dici
1251 1318 1265 1337 a
1280 1319 1324 1338 tne
1344 1311 1377 1338 de
1393 1317 1434 1339 me
1455 1316 1540 1346 potest
1557 1321 1563 1338 :
1578 1312 1625 1340 sed
1640 1319 1704 1340 sane
1717 1312 1790 1339 illud-

996 1356 1117 1383 ultimum
1133 1356 1246 1384 fortasse
1260 1357 1286 1384 in
1299 1357 1459 1384 contrarium
1475 1361 1601 1384 vertetur.
1622 1357 1697 1390 Quod
1710 1358 1780 1385 enim

995 1402 1032 1429 ait
1044 1402 1096 1435 ille,

1359 1447 1433 1473 Hodie
1445 1447 1515 1479 peril,

1299 1488 1339 1521 (nt
1350 1488 1469 1520 Eunucho,
1482 1492 1529 1514 act.
1541 1488 1566 1519 5,
1577 1495 1641 1515 scut.
1653 1488 1690 1520 6.)

995 1540 1044 1568 ego
1053 1532 1132 1559 hodie
1141 1532 1207 1559 forte
1218 1531 1347 1559 inveniar.
1360 1531 1424 1559 Nam
1436 1532 1458 1558 si
1469 1539 1521 1558 non
1534 1531 1703 1559 contemnitis
1710 1531 1781 1566 quod

995 1577 1169 1613 superstitiosi
1182 1577 1269 1604 solent
1282 1576 1362 1604 etiam
1376 1576 1410 1604 de
1421 1576 1541 1603 muribus
1553 1576 1686 1611 augurari,
1700 1576 1721 1604 si
1732 1583 1782 1611 ego

995 1622 1068 1649 illum
1084 1629 1186 1649 murem
1198 1621 1240 1649 vel
1253 1622 1376 1653 soricem,
1390 1621 1435 1657 qui
1450 1629 1493 1649 me
1508 1621 1554 1648 tibi
1570 1620 1722 1655 vigilantem
1735 1620 1783 1648 de-

995 1668 1064 1701 tulit,
1085 1667 1194 1702 strepitu
1209 1674 1269 1694 meo
1287 1666 1448 1699 commonui,
1463 1666 1485 1694 si
1499 1665 1562 1701 quid
1575 1666 1643 1701 sapit
1656 1665 1743 1693 redire
1754 1665 1780 1692 in

994 1714 1080 1741 cubile
1104 1721 1181 1741 suum
1204 1720 1349 1749 secumque
1371 1713 1576 1748 conquiescere;
1591 1720 1638 1740 cur
1659 1720 1711 1743 non
1731 1720 1781 1748 ego

994 1760 1050 1794 ipse
1067 1759 1119 1787 isto
1130 1759 1241 1794 strepitu
1260 1759 1332 1786 vocis
1352 1763 1403 1786 line
1416 1766 1586 1786 commonear
1599 1758 1791 1793 philosophari-

994 1805 1081 1839 potius
1098 1812 1176 1839 quam
1197 1804 1323 1831 cantare?
1342 1804 1408 1832 Nam
1422 1804 1467 1831 illa
1480 1807 1531 1837 est,
1554 1808 1582 1831 ut
1597 1803 1643 1830 tibi
1663 1803 1781 1838 quotidie

995 1851 1115 1886 probanti
1127 1851 1185 1886 jam,
1194 1851 1262 1886 εωρί
1273 1851 1392 1884 credere,
1406 1859 1469 1878 vera
1483 1855 1509 1878 et
1523 1851 1679 1878 inconcussa
1690 1853 1779 1878 nostra

994 1897 1129 1924 habitatio.
1152 1896 1240 1930 Quare
1262 1897 1284 1924 si
1299 1896 1345 1924 tibi
1360 1896 1500 1923 molestum
1515 1903 1568 1923 non
1581 1900 1632 1927 est.
1658 1900 1737 1930 atque
1754 1895 1780 1923 id

994 1942 1051 1970 fieri
1075 1942 1173 1970 debere
1194 1941 1340 1973 arbitraris,
1362 1949 1424 1977 roga
1447 1941 1518 1976 quod
1541 1941 1755 1974 ris;defendam
1770 1961 1778 1972 ,

992 1990 1118 2022 quantum
1142 1994 1259 2022 possum,
1283 1987 1403 2014 ordinem
1425 1994 1524 2018 rerum,
1549 1986 1666 2021 nihilque
1684 1991 1780 2021 prater

993 2032 1112 2059 ordinem
1125 2032 1183 2059 fieri
1198 2039 1277 2066 posse
1288 2039 1416 2059 aSs'eram.
1432 2031 1630 2059 Tantum'enim
1645 2039 1706 2059 eum
1720 2031 1779 2059 ani-

994 2085 1038 2104 mo
1052 2077 1142 2105 imbibi
1156 2081 1236 2112 atque
1256 2076 1342 2110 hausi,
1366 2081 1395 2104 ut
1414 2077 1517 2104 etiamsi
1532 2084 1576 2105 me
1598 2076 1735 2112 quisquam
1750 2077 1778 2104 in

995 2124 1044 2152 hae
1057 2124 1235 2160 disputatione
1247 2124 1387 2158 superarit,
1399 2124 1478 2151 etiam
1495 2123 1545 2151 hoc
1552 2123 1617 2150 nulli
1626 2123 1778 2156 temeritati,

966 2180 969 2183 λ
992 2170 1039 2201 sed
1059 2177 1148 2198 rerum
1164 2170 1250 2197 ordini
1266 2170 1387 2197 tribuam.
1403 2169 1494 2205 Neque
1507 2169 1577 2196 enim
1592 2177 1635 2197 res
1648 2169 1713 2203 ipsa,
1732 2169 1788 2196 sed.

993 2216 1126 2244 Licentius
1136 2215 1313 2250 superabitur.

1062 2262 1173 2290 CAPUT
1191 2261 1236 2289 l-V.
1246 2276 1281 2282 -—
1291 2261 1366 2289 Nihil
1377 2262 1479 2289 omnino
1490 2261 1545 2289 sine
1555 2269 1631 2289 causa
1642 2262 1706 2296 ﬁeri.

1026 2307 1071 2336 10.
1100 2307 1155 2342 Ego
1177 2315 1280 2334 rursum
1304 2307 1420 2342 gaudens
1442 2307 1482 2335 eis
1506 2315 1550 2334 me
1572 2308 1685 2335 restitui.
1710 2307 1787 2334 Tum

991 2353 1115 2390 Trygetio
1130 2352 1351 2388 :Quid,inqttam,
1368 2352 1414 2380 tibi
1424 2352 1548 2380 videtur?
1562 2352 1649 2380 Faveo
1658 2352 1774 2387 quidem,

990 2398 1086 2434 inquit,
1098 2398 1185 2426 ordini
1200 2398 1357 2433 plurimum;
1373 2397 1420 2425 sed
1432 2398 1547 2425 incertus
1566 2405 1624 2425 sum
1639 2403 1736 2429 tamen,
1750 2400 1778 2424 et

991 2451 1048 2472 rem
1066 2447 1167 2472 tantam
1187 2443 1385 2479 diligentissime
1404 2443 1497 2470 discuti
1517 2444 1604 2477 cupio.
1626 2442 1754 2469 Pavorem
1767 2462 1776 2476 ,

990 2490 1107 2525 inquam,
1132 2494 1205 2517 tuum
1228 2489 1273 2517 illa
1295 2497 1358 2524 ergo
1382 2497 1443 2524 pars
1463 2488 1582 2516 habeat‘
1600 2497 1607 2516 :
1623 2496 1683 2515 nam
1705 2489 1776 2523 quod

990 2537 1107 2564 incertus
1119 2543 1160 2570 es,
1172 2536 1251 2564 etiam
1265 2543 1327 2563 cum
1347 2535 1467 2563 Licentlo
1479 2542 1511 2562 ac
1530 2534 1631 2569 meipso
1647 2534 1693 2561 tibi
1713 2538 1776 2569 puto

989 2589 1048 2610 esse
1065 2589 1217 2609 commune.
1242 2581 1363 2612 Prorsus,
1387 2580 1425 2607 ait
1446 2579 1600 2613 Licentius,
1627 2587 1677 2615 ego
1697 2579 1781 2614 hujus

988 2627 1127 2655 sententia:
1145 2632 1235 2654 certus
1245 2633 1315 2654 sum.
1335 2625 1403 2660 Quid
1417 2625 1487 2653 enim
1503 2624 1620 2653 dubitem
1636 2626 1773 2661 parietem.

988 2673 1065 2709 cujus
1083 2673 1245 2701 mentionem
1255 2672 1351 2706 fecisti,
1365 2675 1506 2707 antequam
1521 2671 1597 2706 plane
1606 2679 1636 2699 se
1648 2673 1774 2706 erexerit,

988 2719 1114 2747 diruere?
1131 2717 1189 2746 Non
1217 2718 1288 2745 enim
1308 2725 1370 2745 vere
1391 2717 1492 2753 poetica
1514 2721 1616 2744 tantum
1635 2724 1678 2745 me
1700 2725 1777 2745 aver—

988 2771 1071 2793 terea
1088 2764 1256 2801 philosophia
1280 2767 1376 2799 potest,
1399 2768 1526 2799 quantum
1548 2763 1697 2791 inveniendi
1719 2764 1774 2791 vcrl

1019 2831 1026 2847 ι
1039 2830 1113 2860 Bditi,
1124 2828 1166 2855 ille
1173 2836 1230 2862 ergo
1337 2830 1397 2862 state
1407 2836 1415 2861 ;
1426 2836 1481 2862 nam
1493 2829 1516 2854 id
1525 2830 1636 2862 Trygetio
1646 2830 1775 2862 imponitur

987 2864 1012 2885 ut
1024 2868 1067 2893 pro
1077 2867 1120 2886 sua
1129 2868 1137 2893 ι
1145 2865 1196 2887 arte
1201 2860 1385 2886 defendendum
1395 2861 1503 2886 ordinem
1514 2860 1634 2892 suscipiat.
