2048 3184
237 143 290 173 083

240 199 395 228 diffidentia.
420 199 486 231 Tum
512 198 651 235 Trygetius
664 195 839 232 gaudentibus
852 194 940 222 verbis
955 202 963 221 :
977 193 1030 221 Ha-

239 246 344 279 bemus,
366 245 462 281 inquit,
485 244 540 280 jam
560 243 631 279 quod
652 243 711 278 plus
731 246 782 273 est,
806 240 952 268 Licentium
975 246 1029 266 non

239 291 448 324 Academicum;
470 297 517 318 eos
534 290 605 317 enim
619 289 662 315 ille
681 286 873 315 studiosissime
887 285 1030 313 defendere

240 337 351 364 solebat.
362 336 426 364 Hinc
438 336 529 368 modo,
544 335 637 369 inquit,
652 334 745 360 omitte
760 340 861 367 qumso,
875 340 908 359 ne
921 340 964 359 me
978 331 1030 359 hoc

239 383 342 410 vafrum
357 382 480 417 quiddam
500 386 529 410 et
541 380 715 416 captatorium
729 387 744 406 a
760 379 850 406 nescio
870 386 921 414 qua
941 378 1030 405 divina

240 437 281 461 re,
295 436 355 464 qua:
364 428 429 455 mihi
447 431 579 454 ostentare
589 434 618 454 se
632 426 722 460 cmpit,
734 428 762 452 et
770 424 814 452 cui
827 432 870 451 me
883 423 1029 451 inhiantem

241 474 386 510 suspendo,
402 474 557 509 detorqueat
565 477 644 508 atque
656 472 812 506 disrumpat.
829 471 876 498 llic
886 478 935 506 ego
947 470 1030 497 multo

241 520 350 547 uberius
372 526 485 547 cernens
509 518 644 547 abundare
668 517 772 545 hctitias
793 524 866 544 meas
886 524 965 551 quam
989 515 1030 543 vel

241 571 334 600 optare
348 564 488 600 aliquando
509 572 589 592 ausus
610 572 681 597 sum,
697 571 802 591 versum
821 563 901 590 istum
915 561 1030 597 gestiens

242 611 321 639 effudi
333 620 341 644 ;

332 657 369 682 sic
379 660 448 683 Pater
457 657 499 686 ille
510 657 583 685 deum
595 656 673 688 faciat,
685 657 720 682 sic
730 656 793 685 altus
803 655 894 687 Apollo,

332 698 440 729 Inoipias:

607 738 710 770 (med.
723 746 749 768 κ,
760 738 815 763 su.
827 737 894 769 875.)

241 780 370 815 perducet
389 780 459 807 enim
481 780 546 815 ipse,
566 780 588 807 si
607 780 743 814 sequimur
756 787 808 814 quo
823 786 871 806 nos
884 779 922 806 ire
934 778 1009 813 jubet
1023 799 1030 812 ,

241 832 320 862 atque
333 826 376 854 ubi
391 835 489 861 ponere
504 826 605 859 sedem,
617 826 661 861 qui
672 826 716 853 dat
730 825 807 853 modo
820 826 966 860 augurium,
986 833 1033 852 no—

242 873 357 909 strisque
372 873 486 900 illabitur
507 873 603 900 animis
617 872 677 909 (Id.
700 880 738 905 Ill,
754 873 798 905 88,
818 872 879 906 89).
895 872 948 900 Nec
962 873 1031 899 enim

242 919 311 945 altus
333 919 427 953 Apollo
449 924 501 951 est,
517 919 562 953 qui
584 918 609 945 in
630 919 776 953 speluncis,
793 919 818 945 in
843 918 985 951 montibus,
1007 918 1032 945 in

244 966 407 998 nemoribus,
436 965 529 992 nidore
553 965 637 992 thuris
670 965 852 1000 pecudumque
884 965 1033 992 calamitate

243 1010 390 1044 coucitatus
401 1010 491 1045 implet
504 1010 627 1043 insanos;
642 1010 687 1038 sed
699 1010 765 1037 alius
776 1010 893 1045 profecto
905 1014 955 1043 est,
966 1009 1033 1037 alius

244 1054 289 1082 ille
314 1055 383 1083 allus
407 1055 546 1086 vcridicus,
570 1060 647 1090 atque
672 1055 728 1090 ipsa
754 1054 830 1091 (quid
852 1055 922 1082 enim
946 1055 1034 1083 verbis

244 1100 396 1137 ambiam?)
413 1100 515 1128 Veritas
530 1110 537 1128 :
554 1101 629 1137 cujus
641 1106 715 1129 vates
730 1106 791 1128 sunt
801 1102 960 1137 quicumque
973 1109 1034 1137 pos-

244 1152 306 1173 sunt
324 1154 383 1173 esse
396 1146 538 1181 sapientes.
554 1147 623 1181 Ergo
637 1146 831 1182 aggrediamur,
846 1147 956 1179 Licenti,
973 1146 1033 1174 freti

244 1192 343 1227 pietate
353 1192 479 1225 cultores,
489 1197 516 1220 et
527 1193 642 1231 vestigiis
651 1194 747 1220 nostris
758 1194 844 1228 ignem
857 1194 1034 1228 perniciosum

246 1237 408 1271 fumosarum
424 1245 466 1271 cu;
477 1237 599 1272 irlitatum
613 1239 804 1273 oppr-imamus.

280 1284 324 1317 11.
344 1284 412 1317 Jam,
427 1284 522 1319 inquit,
546 1284 687 1320 interroga,
714 1292 761 1311 oro
777 1289 811 1317 te,
829 1285 851 1312 si
866 1285 964 1319 possim
985 1284 1036 1312 hoc

245 1334 348 1356 tantum
364 1330 453 1357 nescio
472 1329 536 1364 quid
548 1329 691 1364 explicare,
712 1333 740 1357 et
752 1330 802 1357 tuis
814 1329 902 1356 verbis
917 1334 944 1357 et
958 1330 1034 1357 meis.

245 1376 301 1404 lioe
320 1377 416 1411 ipsum,
438 1376 556 1410 inquam,
573 1376 637 1403 mihi
650 1376 791 1411 responde,
806 1376 891 1411 primo
903 1376 975 1403 unde
990 1375 1037 1403 tibi

246 1422 367 1450 videatur
380 1430 447 1457 aqua
456 1421 506 1449 ista
518 1430 569 1449 non
583 1426 682 1449 temere
693 1421 740 1454 sic,
755 1421 802 1449 sed
813 1421 906 1453 ordine
915 1421 1036 1449 influere.

246 1468 312 1495 Nam
324 1468 394 1503 quod
408 1468 451 1495 illa
464 1468 585 1502 ligneolis
603 1467 738 1495 canalibus
750 1467 937 1503 superlabitur,
953 1472 979 1495 et
989 1467 1038 1495 du-

246 1514 316 1544 citur
326 1522 410 1549 usque
423 1514 448 1541 in
465 1522 527 1541 usus
541 1518 657 1544 nostros.
671 1518 758 1548 potest
771 1513 804 1541 ad
818 1514 938 1541 Ordinem
954 1514 1037 1549 perti-

246 1567 322 1592 nere.
339 1559 448 1587 Factum
463 1564 504 1587 est
515 1559 586 1586 enim
601 1559 635 1586 ah
649 1558 802 1589 hominibus
815 1559 918 1587 ratione
936 1560 1037 1587 utenti-

247 1605 308 1636 bus,
325 1608 354 1632 ut
366 1613 418 1632 uno
431 1605 489 1640 ejus
501 1605 595 1632 itinere
607 1604 686 1634 simul
696 1609 723 1632 et
736 1605 859 1632 biberent
873 1610 899 1632 et
907 1605 1036 1639 Iavarent,

247 1656 275 1678 et
289 1659 337 1686 pro
358 1651 477 1679 locorum
498 1650 739 1686 opportunitatibus
752 1657 918 1685 consequens
932 1655 990 1678 erat
1010 1654 1040 1677 ut

247 1696 284 1724 ita
299 1696 383 1724 fieret.
398 1696 474 1730 Quod
485 1704 548 1723 vero
558 1696 611 1728 illa,
624 1700 653 1723 ut
664 1696 740 1729 dicis,
752 1695 813 1723 folia
826 1697 865 1725 sic
878 1696 1037 1730 inciderunt,

248 1747 278 1773 ut
299 1742 350 1770 hoc
367 1742 439 1777 quod
453 1741 575 1769 admirati
597 1749 689 1769 sumus
708 1742 842 1775 eveniret;
858 1750 911 1777 quo
933 1742 1038 1770 tandem

247 1796 338 1817 rerum
352 1788 456 1822 ordine,
471 1796 502 1817 ac
516 1796 568 1816 non
581 1789 668 1823 potius
684 1796 748 1816 casu
762 1788 857 1816 factum
873 1789 1040 1824 putabimus?

248 1834 329 1868 Quasi
350 1842 424 1868 vero,
445 1834 529 1870 inquit
549 1834 603 1867 ille,
626 1834 702 1862 aliter
720 1838 799 1870 atque
817 1834 980 1868 ceciderunt,
994 1834 1040 1863 de-

249 1880 338 1912 buisse
351 1885 397 1907 aut
409 1881 528 1915 potuisse
542 1880 637 1908 cadere
651 1881 774 1916 cuiquam
789 1881 871 1909 videri
884 1886 980 1916 potest.
996 1889 1040 1909 se-

249 1928 389 1957 renissime
404 1928 516 1955 intuenti
529 1927 594 1955 nihil
608 1934 686 1962 posse
708 1928 765 1955 fieri
780 1928 838 1955 sine
852 1935 941 1955 causa.
954 1928 1040 1962 Quid?

247 1974 303 2008 jam
324 1975 364 2001 vis
385 1981 530 2009 persequar
555 1974 621 2000 situs
646 1973 771 2001 arborum
789 1978 867 2008 atque
884 1981 1039 2007 ramorum,

250 2020 390 2055 ipsumque
414 2018 518 2054 pondus
539 2023 666 2054 quantum
689 2023 781 2046 natura
805 2019 874 2046 foliis
896 2019 1042 2055 imposuit?

250 2065 330 2099 Quid.
346 2065 416 2093 aeris
439 2065 482 2092 vel
496 2065 671 2092 mobilitatem
693 2072 745 2100 qua
765 2064 884 2097 volitant,
899 2065 941 2093 vel
955 2065 1043 2093 molli-

252 2112 316 2138 tiem
329 2119 381 2146 qua
396 2110 568 2143 descendunt,
585 2110 725 2145 variosque
739 2110 828 2145 lapsus
841 2118 889 2146 pro
903 2111 1042 2139 affectione

251 2157 324 2190 cteli,
338 2165 386 2192 pro
397 2164 488 2190 onere,
507 2164 556 2191 pio
569 2156 659 2191 figuris
672 2157 737 2189 suis,
752 2157 910 2191 caaterisque
919 2157 1042 2184 innume-

253 2202 379 2229 rabilibus
397 2206 475 2237 atque
488 2201 686 2229 obscurioribus
701 2203 797 2236 causis,
814 2202 876 2238 quid
895 2210 938 2230 me
950 2203 1044 2230 attinet

220 2277 222 2281 ν
252 2248 390 2282 quaerere?
404 2247 499 2275 Latent
513 2248 563 2274 ista
576 2255 671 2275 sensus
683 2252 799 2281 nostros,
819 2249 924 2283 penitus
937 2249 1020 2276 latent
1035 2257 1041 2276 :

201 2326 204 2329 τ
253 2293 317 2321 illud
328 2298 413 2321 tamen
423 2293 494 2328 quod
506 2301 637 2328 aggressa:
646 2294 657 2309 ¹
667 2293 806 2328 qumstioni
816 2294 881 2321 satis
888 2297 939 2326 est,
953 2294 1044 2321 nescio

255 2339 390 2374 quomodo
408 2339 525 2366 animum
547 2346 600 2366 non
615 2339 687 2372 latet,
709 2339 775 2366 nihil
796 2339 852 2366 ﬁeri
875 2340 934 2366 sine
952 2347 1042 2367 causa.

253 2386 345 2413 Potest
354 2385 424 2413 enim
436 2384 544 2412 odiosus
552 2388 720 2419 percentator
731 2392 839 2420 pergere
847 2392 976 2420 quazrere,
985 2393 1044 2420 quae

253 2439 333 2463 causa
356 2435 414 2459 erat
428 2436 456 2458 ut
471 2431 505 2458 ibi
519 2431 628 2459 arbores
649 2431 827 2466 ponerentur?
848 2432 1024 2466 Respondebo
1035 2452 1042 2465 ,

255 2481 363 2506 secutos
375 2484 435 2504 esse
452 2476 573 2504 homines
585 2477 652 2504 uber
671 2481 760 2504 terrae.
776 2476 854 2510 Quid,
868 2478 890 2504 si
905 2477 1045 2505 fructuosa:

255 2522 366 2551 arbores
378 2529 429 2549 non
438 2526 510 2554 sunt,
519 2529 550 2549 ac
564 2526 663 2549 temere
673 2526 741 2549 naue
749 2522 829 2550 sunt?
843 2522 874 2549 Et
885 2522 928 2550 hic
936 2530 1046 2558 respon-

255 2568 335 2601 debo,
351 2576 399 2595 nos
413 2575 504 2603 parum
518 2568 608 2596 videre
623 2576 631 2601 ;
648 2576 708 2596 nam
722 2569 900 2602 temerarim,
915 2576 974 2605 qua:
988 2570 1045 2597 illas

255 2614 356 2647 genuit.
372 2621 537 2649 nequaquam
556 2620 616 2651 esse
630 2617 762 2640 naturam.
786 2613 854 2647 Quid
876 2614 969 2649 plura?
993 2616 1047 2642 Aut

256 2658 355 2694 aliquid
367 2659 425 2687 sine
436 2666 515 2687 causa
530 2659 702 2692 tieridocear,
717 2664 761 2687 aut
771 2659 837 2687 nihil
847 2660 903 2688 fieri
916 2661 966 2688 nisi
973 2665 1046 2688 certo

257 2713 396 2733 causarum
409 2706 503 2734 ordine
514 2706 624 2734 credite.

290 2785 296 2799 ¹
311 2787 363 2808 \tss.
374 2783 496 2815 plerique,
510 2788 570 2809 Deus
578 2783 659 2815 facim.
669 2787 728 2808 Tum
737 2784 893 2815 nonnulli,sic
902 2784 963 2810 ultus
974 2790 1045 2810 Iesus.

290 2815 299 2829 ι
313 2818 336 2838 tn
356 2818 393 2839 \ts.
412 2819 434 2849 ξ.
456 2815 542 2839 Αι-ωιιῑ
562 2815 677 2842 Metensis
692 2816 790 2846 legitur,
808 2816 897 2848 agresti
913 2816 1044 2848 qua'sn'oai.

256 2848 363 2871 Fortasse
373 2848 457 2876 aptius.
709 2869 713 2872 ι

816 139 858 166 DE
878 136 1014 170 0RDINE,
1034 136 1063 163 S.
1083 136 1265 165 AUGUSTINI

1137 191 1250 220 CAPUT
1265 191 1297 220 V.
1310 207 1346 213 —
1360 192 1456 220 Ordine
1468 198 1558 220 mola
1568 193 1636 220 Deus
1647 193 1816 220 administrat.

1119 238 1163 267 12.
1186 239 1233 267 Cui
1253 246 1304 274 ego
1319 248 1327 266 :
1342 239 1434 274 Licet,
1455 239 1581 274 inquam,
1604 247 1646 267 me
1667 239 1787 267 odiosum
1812 247 1876 274 per-

1083 290 1247 313 contatorem
1259 292 1358 318 voces;
1374 285 1419 312 vix
1435 285 1506 312 enim
1530 292 1637 321 possum
1655 292 1708 312 non
1728 292 1804 316 esse,
1825 285 1875 320 qui

1082 332 1230 367 expugnavi
1246 339 1280 359 ne
1299 339 1360 359 cum
1373 331 1486 367 Pyramo
1498 335 1525 358 et
1539 331 1646 367 Thysbe
1660 331 1872 366 wiloquereris;

1083 385 1190 413 pergam
1213 382 1301 404 tamen
1315 384 1435 412 quaerere
1447 376 1495 404 abs
1509 381 1545 404 te.
1560 376 1659 404 Natura
1679 377 1728 404 ista
1737 384 1816 412 quam
1830 377 1875 405 vis

1083 424 1166 451 videri
1187 423 1352 456 ordinatam,
1371 422 1414 450 cui
1426 422 1506 455 bono,
1522 427 1551 450 ut
1567 422 1602 449 de
1615 422 1720 449 caeteris
1737 422 1817 451 rebus
1831 422 1876 450 in-

1083 470 1291 497 numerabilibus
1302 474 1412 502 taceam,
1425 470 1488 496 istas
1502 470 1573 503 ipsas
1581 469 1689 495 arbores
1701 477 1759 503 qua:
1769 468 1874 496 {metus

1084 523 1135 542 non
1148 515 1270 547 afferunt,
1287 515 1451 548 procreavit?
1467 515 1500 541 At
1514 515 1560 541 illo
1574 514 1707 549 cogitante
1720 514 1782 549 quid
1797 514 1874 542 diee-

1083 565 1142 592 ret,
1159 561 1195 587 ait
1206 561 1343 595 Trygetius
1360 569 1365 586 :
1380 560 1573 594 Numquidnam
1588 568 1650 586 usus
1665 560 1832 586 arbustorum
1845 560 1874 586 in

1084 607 1147 634 solis
1159 606 1286 633 fructibus
1300 607 1430 640 praebetur
1442 606 1610 633 hominibus?
1620 605 1722 638 Quanta
1735 609 1797 632 sunt
1809 606 1874 638 alia,

1084 662 1142 688 qua:
1156 653 1257 685 umbra,
1272 661 1330 686 qua:
1343 653 1430 687 lignis,
1444 657 1578 687 postremo
1589 660 1647 686 qure
1659 652 1721 686 ipsis
1735 651 1876 679 frondibus

1085 707 1130 725 seu
1141 699 1208 725 foliis
1218 699 1297 725 fiant?
1307 698 1365 725 Noli
1374 698 1495 730 obsecro,
1507 698 1589 732 inquit
1600 698 1653 730 ille,
1664 697 1877 732 interrogationh

1084 746 1133 772 bus
1145 746 1201 779 ejus
1218 745 1274 772 haec
1289 745 1410 772 reddere.
1428 744 1630 771 Innumerabilia
1645 748 1707 770 sunt
1725 744 1796 770 enim
1814 751 1876 779 qua:

1086 791 1195 825 proferri
1206 795 1324 825 possunt,
1335 798 1366 817 ex
1373 790 1469 824 quibus
1477 790 1547 816 nulla
1556 794 1596 816 est
1606 789 1755 816 hominibus
1763 789 1874 820 utilitas,

1085 842 1129 864 aut
1142 842 1214 865 certe
1227 838 1263 864 ita
1276 838 1338 864 latet
1352 837 1394 863 vel
1411 836 1539 863 imbecilla
1554 840 1604 868 est,
1622 840 1651 862 ut
1662 836 1695 862 ab
1711 835 1874 868 hominibus,

1086 883 1232 917 prmsertim
1247 883 1331 914 nobis,
1345 883 1400 909 erui
1414 882 1554 909 defendive
1573 889 1625 908 non
1647 882 1740 916 possit.
1755 881 1815 915 Ipse
1826 889 1876 915 po-

1087 930 1137 955 tius
1151 936 1198 955 nos
1209 928 1303 956 doceat
1313 950 1319 960 ,
1332 927 1466 962 quomodo
1478 927 1575 962 aliquid
1587 927 1630 953 fiat
1643 927 1713 961 quod
1728 934 1779 953 non
1795 933 1876 953 causa

1087 975 1262 1008 prmcesserit.
1276 974 1347 1006 Post,
1362 974 1479 1008 inquam,
1496 974 1544 1000 ista
1560 973 1715 1000 videbimus.
1730 973 1788 1000 Non
1802 973 1876 1000 enim

1083 1020 1137 1054 jam
1154 1028 1196 1047 me
1210 1027 1320 1047 necesse
1340 1024 1380 1046 est
1395 1026 1454 1046 esse
1467 1019 1620 1051 doctorem,
1636 1023 1735 1045 cuqu
1757 1019 1801 1053 qui
1819 1018 1875 1053 jam

1087 1070 1167 1093 tantae
1178 1067 1214 1093 rei
1232 1071 1256 1092 te
1267 1070 1366 1092 certum
1382 1073 1442 1092 esse
1457 1066 1590 1100 professus
1603 1072 1641 1097 es,
1654 1064 1739 1091 adhuc
1752 1072 1795 1091 me
1810 1064 1877 1091 nihil

1086 1112 1208 1139 docueris
1221 1112 1329 1138 nimium
1346 1111 1447 1138 discere
1462 1113 1610 1145 cupientem
1623 1130 1630 1143 ,
1656 1115 1682 1137 et
1705 1114 1813 1145 propter
1825 1109 1878 1137 hoc

1086 1159 1171 1185 solum
1187 1158 1243 1184 dies
1257 1163 1400 1191 noctesque
1414 1157 1574 1192 vigilantem.

1123 1204 1167 1230 15.
1187 1203 1245 1237 Quo
1265 1210 1306 1229 me
1329 1202 1420 1235 mittis,
1437 1203 1541 1237 inquit?
1554 1203 1593 1229 An
1613 1203 1673 1238 quia
1687 1202 1772 1229 levius
1788 1206 1813 1229 te
1832 1209 1879 1229 se-

1087 1256 1154 1283 quor
1176 1256 1254 1283 quam
1279 1249 1327 1275 ista
1350 1248 1410 1274 folia
1435 1252 1545 1281 ventos,
1575 1248 1670 1283 quibus
1694 1248 1719 1274 in
1743 1247 1880 1282 proﬂuen-

1089 1299 1140 1320 trm
1157 1302 1251 1328 aquam
1273 1294 1414 1328 jaciuntur,
1430 1298 1459 1320 ut
1471 1294 1510 1320 eis
1523 1294 1619 1321 cadere
1641 1301 1733 1328 parum
1757 1293 1793 1321 sit
1804 1314 1811 1327 ,
1826 1293 1879 1320 nisi

1088 1340 1166 1366 etiam
1188 1339 1343 1366 trahantur?
1364 1339 1430 1366 Nam
1444 1339 1506 1374 quid
1522 1339 1591 1366 aliud
1604 1339 1655 1366 erit
1669 1347 1728 1366 cum
1744 1339 1880 1366 Licentius

1089 1390 1115 1412 et
1132 1385 1317 1419 Augustinum,
1332 1389 1358 1411 et
1372 1393 1403 1411 ea
1419 1393 1477 1419 qua:
1493 1390 1554 1411 sunt
1569 1386 1594 1411 in
1611 1384 1698 1411 media
1712 1384 1881 1419 philosophia

1089 1431 1185 1458 docet?
1200 1431 1258 1457 Noli
1272 1431 1393 1462 obsecro,
1409 1431 1532 1465 inquam,
1549 1434 1628 1457 autte
1641 1434 1742 1457 tantum
1753 1430 1879 1465 abjioere,

1089 1482 1132 1503 aut
1143 1483 1185 1503 me
1197 1476 1332 1502 extollere.
1344 1476 1410 1502 Nam
1422 1480 1448 1503 et
1459 1483 1507 1510 ego
1522 1476 1548 1502 in
1558 1475 1722 1510 philosophia
1734 1483 1799 1510 puer
1809 1483 1880 1507 sum,

1090 1526 1115 1548 et
1130 1529 1181 1548 non
1197 1522 1275 1548 nimis
1288 1529 1362 1553 curo,
1376 1528 1436 1548 cum
1450 1522 1594 1556 interrogo,
1610 1528 1657 1555 per
1667 1528 1745 1555 quem
1757 1520 1821 1547 mihi
1837 1520 1883 1547 ille

1090 1567 1258 1601 respondeat,
1275 1567 1319 1601 qui
1332 1575 1374 1593 me
1389 1567 1506 1601 quotidie
1519 1567 1657 1601 querulum
1673 1566 1768 1601 accipit
1784 1566 1881 1601 :cujus

1091 1617 1115 1639 te
1132 1612 1237 1646 quidem
1260 1612 1340 1639 credo
1355 1612 1512 1646 quandoque
1525 1617 1612 1638 vatem
1628 1611 1762 1643 futurum;
1795 1619 1883 1645 neque

1092 1657 1151 1689 hoc,
1169 1657 1335 1691 quandoque,
1354 1657 1462 1683 forsitan
1478 1657 1584 1691 longum
1597 1662 1647 1683 est.
1663 1656 1716 1684 Sed
1735 1661 1824 1684 tamen
1836 1656 1882 1683 alii

1090 1710 1196 1736 quoque
1220 1702 1333 1728 multum.
1346 1702 1453 1736 sepositi
1469 1702 1501 1728 ab
1516 1701 1664 1736 hujusmodi
1678 1701 1772 1728 studiis
1785 1701 1883 1730 docere

1091 1748 1188 1782 aliquid
1216 1752 1344 1782 possunt,
1370 1755 1429 1774 cum
1452 1747 1644 1774 disserentium
1669 1746 1790 1773 societati
1805 1746 1881 1780 quasi

1092 1793 1205 1820 vinculis
1230 1793 1465 1827 interrogationum
1488 1797 1666 1820 coarctantur.
1694 1791 1767 1819 Idem
1792 1797 1881 1819 autern

1091 1838 1188 1873 aliquid
1213 1847 1266 1865 non
1288 1843 1327 1865 est
1344 1839 1419 1864 nihil.
1437 1839 1475 1864 An
1489 1846 1541 1865 non
1554 1837 1628 1865 vides
1645 1842 1704 1870 (tuo
1718 1838 1789 1864 enim
1803 1836 1883 1864 simili

1093 1890 1152 1911 utar
1176 1883 1314 1919 libentius)
1338 1884 1381 1910 illa
1405 1884 1461 1918 ipsa
1483 1884 1544 1910 folia
1566 1891 1624 1918 quae
1652 1883 1773 1911 feruntur
1786 1884 1882 1916 ventis,

1093 1939 1151 1965 quin
1163 1930 1239 1957 undis
1253 1931 1381 1962 innatant,
1394 1930 1518 1957 resistere
1532 1930 1694 1964 aliquantum
1709 1929 1884 1964 prmcipitantl

1093 1983 1122 2002 se
1145 1975 1245 2002 flumini
1257 1995 1263 2008 ,
1279 1979 1305 2002 et
1317 1975 1350 2002 de
1363 1983 1451 2002 rerum
1465 1975 1557 2002 ordine
1571 1975 1691 2002 homines
1701 1981 1883 2007 commonere,

1093 2022 1115 2048 si
1129 2026 1214 2048 tamen
1229 2021 1280 2047 hoc
1293 2020 1362 2055 quod
1377 2021 1425 2048 abs
1436 2025 1460 2047 te
1473 2020 1632 2052 defenditur,
1648 2027 1740 2047 rerum
1753 2019 1815 2047 est?

1134 2067 1177 2094 ixi.
1199 2067 1246 2093 llic
1261 2067 1305 2094 ille
1325 2067 1393 2093 lecto
1403 2067 1482 2093 etiam
1495 2066 1618 2093 exsiliens
1630 2074 1683 2100 prae
1694 2066 1783 2093 laititia
1798 2073 1805 2092 :
1820 2065 1886 2099 Quis

1094 2117 1185 2148 neget,
1202 2114 1270 2140 Deus
1283 2120 1388 2148 magno,
1403 2112 1503 2147 inquit,
1520 2116 1545 2138 te
1558 2115 1652 2138 cuneta
1664 2111 1758 2138 ordine
1772 2110 1886 2138 admini-

1095 2159 1197 2185 strare?
1211 2158 1295 2192 Quam
1309 2166 1337 2185 se
1348 2158 1436 2185 omnia
1449 2157 1554 2184 tenent!
1571 2164 1648 2191 quam
1661 2157 1725 2183 ratis
1739 2156 1888 2184 successio-

1095 2205 1171 2231 nihus
1185 2204 1210 2230 in
1227 2203 1310 2230 nodos
1323 2211 1385 2230 suos
1399 2203 1540 2237 urgentur!
1555 2206 1651 2237 quanta
1671 2205 1699 2228 et
1710 2208 1790 2236 quam
1803 2200 1886 2228 multa

1096 2250 1162 2277 facta
1178 2254 1240 2276 sunt
1252 2255 1280 2275 ut
1295 2249 1352 2275 hmc
1370 2248 1555 2282 loqueremur!
1572 2252 1669 2282 quanta
1684 2246 1749 2273 fiunt
1762 2250 1791 2272 ut
1805 2251 1831 2273 te
1842 2245 1886 2274 in-

1095 2296 1249 2323 veniamus!
1273 2295 1349 2323 Undc
1370 2296 1441 2321 enim
1468 2295 1517 2322 hoc
1539 2295 1642 2328 ipsum,
1668 2293 1719 2320 nisi
1741 2300 1775 2320 ex
1796 2298 1887 2320 rerum

1097 2343 1190 2368 ordine
1215 2347 1303 2368 manat
1326 2345 1352 2367 et
1370 2341 1484 2374 ducitur,
1500 2340 1570 2375 quod
1591 2340 1789 2374 evigilavimus,
1816 2337 1888 2374 quod

1097 2387 1170 2414 illum
1194 2394 1288 2413 sonum
1309 2386 1461 2419 advertisti,
1487 2385 1557 2420 quod
1580 2385 1697 2420 quresisti
1720 2389 1807 2412 tecum
1822 2390 1888 2411 eau—

1097 2439 1171 2465 sam,
1195 2431 1265 2466 quod
1290 2436 1316 2458 tu
1341 2439 1446 2458 causam
1471 2431 1578 2458 tantilla:
1602 2431 1639 2457 rei
1664 2438 1717 2457 non
1740 2429 1891 2457 invenisti?

1097 2477 1180 2505 Sorex
1191 2477 1269 2504 etiam
1286 2477 1383 2511 prodit,
1401 2481 1429 2503 ut
1441 2484 1489 2511 ego
1503 2476 1614 2511 vigilans
1628 2476 1735 2510 prodar.
1749 2475 1892 2503 Postremo

1099 2528 1158 2549 tuus
1171 2523 1251 2549 etiam
1268 2522 1323 2556 ipse
1337 2529 1436 2554 sermo,
1452 2527 1477 2548 te
1487 2521 1602 2549 fortasse
1613 2521 1638 2548 id
1652 2529 1704 2548 non
1714 2526 1809 2556 agente
1825 2520 1891 2556 (non

1098 2569 1168 2596 enim
1179 2570 1300 2604 cuiquam
1310 2569 1334 2595 in
1348 2573 1477 2603 potestate
1487 2568 1600 2603 estquid
1610 2568 1699 2594 veniat
1708 2567 1735 2594 in
1746 2566 1891 2601 mentem),

1098 2615 1136 2642 sic
1158 2615 1248 2641 nescio
1262 2614 1395 2648 quomodo
1410 2614 1606 2648 circumagitur,
1622 2618 1651 2640 ut
1669 2620 1713 2640 me
1727 2612 1784 2648 ipse
1795 2611 1891 2639 doceat

1098 2660 1160 2695 quid
1175 2660 1218 2686 tibi
1233 2659 1342 2686 debeam
1354 2658 1525 2693 respondere.
1537 2658 1667 2694 Namque.
1682 2665 1730 2685 oro
1745 2662 1781 2689 te,
1794 2656 1819 2684 si
1832 2656 1891 2685 haec

1098 2713 1157 2741 qua:
1177 2713 1192 2732 a
1215 2705 1290 2732 nobis
1310 2705 1380 2732 dicta
1393 2709 1472 2736 sunt,
1489 2704 1593 2737 litteris,
1610 2708 1639 2731 ut
1650 2703 1797 2736 instituisti,
1812 2709 1891 2729 man-

1099 2752 1158 2779 data
1174 2757 1350 2786 pervagentur
1370 2751 1448 2786 paulo
1469 2750 1548 2777 latius
1567 2750 1601 2777 ad
1620 2749 1758 2777 hominum
1773 2748 1889 2780 famam;

1100 2806 1187 2825 nonne
1212 2799 1246 2824 ita
1263 2805 1305 2825 res
1322 2805 1414 2833 magna
1429 2797 1570 2830 videbitur,
1586 2801 1615 2823 ut
1634 2795 1668 2824 de
1690 2796 1733 2823 illa
1750 2795 1890 2823 consultus

1101 2844 1194 2879 aliquis
1210 2848 1282 2872 rates
1291 2851 1401 2879 magnus
1413 2848 1457 2871 aut
1465 2842 1604 2871 Chaldteus
1618 2842 1779 2877 respondere
1791 2841 1890 2870 debue-
