2048 3184
171 157 222 184 985

171 212 208 240 rit
217 233 224 245 ,
246 211 331 239 multo
344 214 406 238 ante
419 218 498 246 quam
510 209 616 238 evenit!
629 208 704 243 Quod
728 208 750 235 si
770 207 959 242 respondisset,

172 259 207 286 ita
221 258 327 286 divinus
339 257 482 290 diceretur,
497 257 532 284 ita
549 255 689 283 efferretur
702 254 822 282 laudibus
831 254 959 285 omnium,

171 309 200 331 ut
215 309 304 331 tamen
317 311 349 331 ex
364 311 397 331 eo
411 310 490 330 nemo
499 309 618 337 quaerere
630 300 741 328 auderet
755 307 802 327 cur
817 300 906 326 folium
928 299 962 325 ab

170 351 268 378 arbore
280 350 424 382 ceciderit,
439 352 484 376 aut
496 353 583 375 utrum
595 355 653 374 Inus
665 347 793 374 oberrans
803 345 900 380 jacenti
912 344 961 371 bo-

171 396 237 422 mini
251 396 379 423 molestus
393 394 491 422 fuerit?
505 393 699 428 Numquidnam
712 392 783 418 enim
800 391 860 417 talia
876 390 962 417 futura

172 440 309 475 ttuisqtlam
331 440 435 467 illorum
455 444 501 466 aut
515 447 562 473 per
576 445 606 465 se
626 437 692 465 dixit
710 436 868 471 aliquando,
888 440 933 462 aut
946 443 961 462 a

171 485 326 513 consultore
348 489 456 512 coaetus
482 488 524 511 est
547 483 658 511 dicere?
677 482 773 517 Atqui,
798 481 820 508 si
846 481 961 508 futurum

171 530 313 564 quemdam
327 530 423 557 librum
437 537 489 556 non
504 529 646 564 ignobilem
660 527 770 558 diceret,
787 532 812 554 et
826 526 851 553 id
866 534 960 554 neces-

172 576 241 602 sario
262 580 417 602 eventurum
439 575 554 606 videret,
571 582 622 600 non
638 574 707 599 enim
724 578 812 607 posset
827 573 904 598 aliter
920 572 961 599 di—

172 621 275 652 vinare;
298 621 417 655 profecto
432 620 556 655 quidquid
570 619 688 646 volitntio
705 619 832 644 foliorum
850 619 874 643 in
887 626 958 651 agro,

171 666 298 700 quidquid
321 666 446 692 vilissima
473 665 580 692 bestiola
599 665 623 691 in
639 664 717 690 domo
732 664 801 694 facit,
830 669 880 689 tam
901 667 962 690 sunt

171 713 197 739 in
218 720 306 739 rerum
328 712 420 738 ordine
435 711 600 742 necessaria,
618 718 695 744 quam
716 710 767 736 illa:
790 710 891 735 litterar.
916 709 961 736 llis

154 758 240 796 .cnim
259 758 345 784 verbis
370 757 434 783 fittnt
447 778 453 788 ,
470 764 528 790 quze
552 757 608 782 sine
629 756 680 781 illis
695 755 904 789 [incedentibus
920 755 961 781 vi-

171 803 280 829 lissimis
300 803 380 829 rebus
395 809 443 828 nec
468 802 493 827 in
520 806 634 827 mentem
653 801 742 826 venire
765 805 888 833 possent,
914 806 962 826 nec

171 856 216 875 ore
233 848 377 882 procedere
389 847 553 881 posterisque
565 846 692 872 mandari.
709 846 795 877 Quare
808 845 872 877 jam,
885 851 959 878 rogo,

170 902 249 921 nemo
264 902 294 920 ex
315 901 355 919 tne
370 898 469 927 quaerat
483 900 530 918 cur
545 891 659 925 quidque
679 891 731 916 fiat.
747 890 817 916 Satis
837 894 877 916 est
896 890 959 916 nihil

172 940 248 972 fieri,
275 939 339 965 nihil
360 938 430 973 gigni
454 937 522 972 quod
542 945 593 963 non
608 936 693 970 aliqua
706 943 784 961 causa
799 935 916 969 genuerit
930 941 961 961 ac

170 985 267 1012 moveri
272 989 290 1011 t.
639 984 646 989 '

258 1030 371 1058 CAPUT
391 1029 435 1057 Vl.
454 1045 490 1050 —-
510 1029 579 1056 Ordo
592 1028 676 1056 omnia
690 1028 871 1064 complectitur.

205 1077 249 1104 15.
271 1076 318 1103 llic
330 1082 440 1111 apparet
464 1080 506 1108 te,
533 1076 637 1109 inquam
651 1095 658 1106 ,
682 1074 786 1101 nescire
806 1074 960 1101 adolescens

171 1130 250 1157 quam
265 1123 345 1149 multa
358 1142 365 1154 ,
381 1126 408 1149 et
426 1129 441 1148 a
456 1121 577 1156 qualibus
591 1121 654 1147 viris
666 1125 757 1147 contra
770 1119 960 1146 divinationem

168 1168 237 1195 dicta
250 1168 314 1195 sint.
329 1167 382 1194 Sed
396 1166 528 1201 responde
544 1173 622 1198 nunc,
638 1173 690 1191 non
703 1169 790 1191 utrum
802 1164 848 1190 fiat
860 1163 959 1198 aliquid

167 1214 225 1240 sine
247 1220 343 1245 causa;
364 1220 424 1239 nam
440 1212 466 1239 id
486 1212 542 1247 jam
555 1211 633 1238 video
647 1215 673 1238 te
689 1210 760 1237 nolle
775 1209 936 1244 respondere
950 1217 958 1236 :

167 1259 215 1287 sed
227 1259 356 1286 ordo‘iste
371 1262 511 1292 susceptus
531 1262 591 1284 tuus
611 1257 745 1284 bonumne
758 1255 911 1290 quidquam,
925 1263 958 1283 an

168 1305 266 1331 malum
291 1304 336 1331 tibi
358 1311 418 1331 esse
433 1303 563 1331 videatur.
590 1302 624 1329 Et
650 1302 693 1329 ille
716 1301 957 1329 submurmurans:

166 1350 238 1383 Non,
254 1350 356 1385 inquit,
377 1349 416 1376 sic
434 1349 532 1383 rogasti
546 1369 553 1380 ,
574 1352 602 1374 ut
613 1355 694 1375 unum
709 1354 724 1374 e
737 1347 840 1374 duobus
862 1354 959 1381 queam

168 1395 344 1430 respondere.
359 1395 441 1422 Video
460 1394 503 1421 llic
522 1394 592 1421 enim
615 1392 756 1428 quamdam
779 1391 957 1419 medietatem.

168 1442 234 1469 Nam
245 1441 312 1469 ordo
325 1441 390 1468 mihi
404 1448 453 1468 nec
466 1440 576 1472 bonum,
592 1447 643 1467 nec
656 1439 756 1466 malum
766 1438 878 1465 videtur.
890 1437 959 1472 Quid

166 1487 259 1514 saltem
272 1494 380 1519 censes,
406 1486 514 1520 inquam
527 1506 534 1518 ,
552 1484 637 1511 ordini
650 1491 709 1512 esse
719 1483 899 1517 contrarium?
911 1483 958 1510 Ni-

166 1533 218 1564 hil,
229 1532 266 1559 ait
279 1532 331 1559 ille.
346 1531 410 1558 Nam
421 1530 554 1566 quomodo
566 1537 626 1557 esse
639 1529 800 1556 contrarium
813 1528 957 1563 quidquam

166 1581 254 1613 potest
276 1577 300 1604 ei
319 1576 357 1604 rei
372 1584 430 1611 qute
445 1580 526 1603 totum
547 1574 688 1609 occupavit
702 1595 709 1606 ,
726 1578 810 1601 totum
825 1573 958 1602 obtinuit?

165 1622 243 1656 Quod
257 1622 328 1650 enim
343 1622 394 1649 erit
408 1621 495 1648 ordini
509 1620 673 1648 contrarium
686 1639 694 1653 ,
710 1626 821 1646 necesse
835 1619 887 1645 erit
899 1626 959 1646 esse

165 1673 263 1704 pneter
273 1668 405 1696 ordinem.
421 1666 491 1694 Nihil
503 1671 592 1693 autem
604 1672 664 1693 esse
679 1669 775 1700 praeter
787 1663 909 1691 ordinem
920 1664 959 1691 vi-

165 1714 226 1745 deo.
246 1713 316 1741 Nihil
339 1713 418 1748 igitur
441 1712 527 1739 ordini
541 1716 646 1746 oportet
665 1714 758 1745 putare
779 1717 838 1737 esse
851 1714 959 1737 contra-

166 1760 244 1787 rium.
269 1759 374 1794 Ergone
387 1779 395 1792 ,
409 1758 446 1785 ait
458 1757 608 1793 Trygetius,
623 1756 773 1784 contrarius
784 1754 870 1782 ordini
884 1762 959 1782 error

166 1812 219 1831 non
243 1804 303 1831 est?
323 1803 401 1831 Nullo
416 1802 511 1835 modo,
528 1801 621 1836 inquit.
647 1800 713 1828 Nam
734 1799 867 1827 neminem
881 1799 959 1827 video

165 1857 257 1878 errare
267 1849 325 1876 sine
343 1856 432 1876 causa.
448 1847 594 1875 Causarum
613 1850 701 1874 autem
715 1846 799 1873 series
811 1845 905 1873 ordine
919 1845 959 1872 in-

165 1896 291 1923 cluditur.
307 1894 341 1922 Et
355 1901 431 1921 error
445 1894 503 1928 ipse
517 1901 569 1920 non
582 1893 667 1920 solum
679 1893 796 1927 gignitur
805 1899 895 1924 causa,
910 1891 958 1919 sed

165 1941 245 1968 etiam
258 1941 344 1976 gignit
357 1939 459 1974 aliquid
474 1939 549 1974 cujus
563 1946 644 1966 causa
657 1938 701 1965 sit.
716 1938 892 1971 Quamobrem
906 1944 959 1972 quo

167 1992 242 2015 extra
253 1987 373 2014 ordinem
387 1994 439 2013 non
450 1990 501 2018 est,
513 1992 546 2013 eo
558 1992 610 2012 non
625 1988 713 2020 potest
724 1984 812 2012 ordini
824 1991 884 2011 esse
896 1991 960 2011 con-

166 2033 275 2060 trarius.

205 2079 248 2105 t6.
270 2079 304 2105 Et
316 2085 377 2105 cum
393 2077 518 2105 tacuisset
532 2076 672 2112 Trygetius
684 2097 691 2109 ,
715 2083 816 2112 egoque
829 2076 958 2110 meipsum

168 2132 221 2151 non
236 2131 360 2158 caperem
380 2123 494 2158 gaudio,
520 2122 591 2158 quod
616 2121 736 2149 videbam
762 2121 958 2149 adolescentem

167 2170 318 2198 charissimi
329 2169 408 2196 amici
421 2169 504 2196 filium
519 2169 598 2196 etiam
609 2175 697 2195 meum
709 2168 782 2199 fieri;
798 2175 848 2195 nec
861 2167 957 2201 solum,

166 2223 259 2243 verum
283 2216 310 2242 in
333 2215 446 2242 amicum
468 2222 574 2250 quoque
597 2215 652 2250 jam
672 2214 737 2241 mihi
760 2222 868 2249 surgere
881 2218 959 2248 atque

166 2261 354 2296 grandescere,
368 2265 396 2287 et
407 2260 484 2295 cujus
493 2260 609 2287 studium
624 2260 665 2287 vel
681 2260 707 2286 in
723 2259 871 2287 mediocres
884 2259 958 2287 litte-

167 2314 210 2333 ras
233 2306 449 2340 dcsperaveram,
470 2305 546 2340 quasi
565 2310 684 2340 respecta
699 2305 706 2320 '
720 2305 889 2339 possessione
909 2312 958 2331 sua

167 2357 223 2379 toto
245 2352 345 2387 impetu
367 2351 394 2378 in
418 2350 533 2378 mediam
547 2351 638 2378 venire
657 2350 860 2385 philosophiam.
884 2350 959 2383 Quod

166 2398 229 2425 dum
246 2398 342 2425 tacitus
366 2397 449 2424 miror
464 2401 491 2425 et
505 2401 622 2428 exmstuo
634 2396 660 2422 in
677 2396 896 2430 gratulationem,
912 2403 958 2423 su-

166 2444 221 2472 bito
238 2444 282 2471 ille
299 2444 374 2479 quasi
387 2448 475 2471 mente
489 2443 602 2478 quadam
614 2447 753 2477 correptus
766 2443 898 2470 exclamat
912 2453 919 2471 :
934 2443 957 2471 0

166 2491 189 2517 si
212 2498 318 2525 possent
335 2490 425 2518 dicere
445 2490 516 2525 quod
529 2490 606 2517 volo!
623 2489 716 2524 Rogo;
741 2490 800 2521 ubi,
816 2490 861 2517 ubi
876 2490 957 2523 estis,

170 2537 269 2565 verba?
283 2537 440 2564 succurrite.
457 2537 486 2563 Et
510 2536 578 2564 bona
601 2540 629 2563 et
648 2536 715 2563 mala
736 2536 761 2562 in
780 2536 873 2563 ordine
887 2541 957 2564 sunt.

166 2583 280 2611 CAPUT
300 2582 356 2610 VII.
367 2597 405 2603 —
415 2582 485 2609 Dens
497 2590 546 2608 non
558 2581 640 2616 diligit
652 2581 720 2608 mala
730 2581 787 2608 licet
797 2581 831 2608 ad
847 2582 959 2608 ordinent

175 2642 176 2645 π
493 2628 643 2663 pertineant.

204 2676 248 2702 l7.
264 2675 388 2707 Credite,
402 2675 424 2701 si
437 2675 533 2707 vultis;
549 2682 608 2701 nam
630 2673 763 2708 quomodo
780 2673 806 2700 id
830 2673 959 2708 explicem

167 2721 269 2747 nescio.
284 2720 341 2756 Ego
357 2720 473 2747 mirabar
482 2725 509 2747 et
519 2720 647 2747 tacebam.
659 2719 799 2755 Trygetius
812 2724 900 2746 autem
916 2719 959 2747 ubi

167 2766 232 2793 vidit
248 2766 382 2793 hominem
395 2765 531 2800 paululum
546 2765 621 2800 quasi
636 2764 735 2799 digesta
749 2764 880 2792 ebrietate
893 2764 958 2792 affa-

200 2832 209 2866 '_
230 2831 412 2866 Iiny.‘dcspecta
428 2830 579 2862 possessione.
602 2831 721 2856 Alca‘teri
740 2831 835 2856 codices
856 2830 912 2856 editi
934 2834 959 2856 et

165 2864 220 2894 seri,
232 2863 249 2887 ti
260 2862 366 2891 habent,
379 2866 493 2894 respectu.

847 151 948 179 LIBER
967 151 1100 179 PRIMUS.

1752 154 1805 182 988

1012 207 1092 234 bilem
1117 207 1214 234 factum
1237 207 1422 243 redditumque
1441 208 1575 243 colloquio
1598 217 1605 235 :
1629 209 1778 237 Absurdum
1793 231 1800 242 ,

1014 253 1107 287 inquit,
1121 253 1184 280 mihi
1199 253 1309 285 videtur,
1325 253 1438 287 Licenti,
1450 258 1477 281 et
1491 254 1568 288 plane
1579 254 1694 281 alienum
1710 263 1724 282 a
1735 257 1802 283 veri.

1013 302 1068 326 tate
1080 299 1150 333 quod
1163 299 1245 331 dicis;
1259 299 1306 326 sed
1319 307 1409 334 quzeso
1421 299 1523 334 patiare
1537 307 1582 328 me
1595 300 1741 335 paululum,
1753 309 1803 329 nec

1013 345 1152 379 perturbes
1175 345 1347 373 clamitando.
1370 346 1416 373 Dic
1435 346 1506 381 quod
1529 346 1582 377 vis,
1606 345 1642 373 ait
1661 346 1726 374 ille:
1749 355 1802 374 non

1013 390 1084 417 enim
1098 395 1187 418 metuo
1200 399 1233 418 ne
1246 399 1288 418 me
1299 391 1404 418 auferas
1416 391 1450 418 ab
1462 398 1495 418 eo
1506 391 1576 426 quod
1590 391 1677 422 video,
1694 399 1724 418 ac
1734 400 1803 427 pene

1014 440 1101 463 teneo.
1115 436 1238 468 Utinam,
1255 437 1349 471 inquit,
1365 437 1398 464 ab
1420 444 1453 464 eo
1477 444 1556 471 quem
1572 436 1693 464 defendis
1710 437 1802 474 ordine

1013 481 1105 509 devius
1120 490 1172 509 non
1185 482 1222 510 sis
1232 503 1240 516 ,
1256 490 1307 510 non
1320 487 1392 510 tanta
1408 483 1432 510 in
1449 483 1531 510 Deum
1552 482 1645 511 feraris
1660 483 1700 519 (ut
1713 484 1802 512 mitius

1013 526 1116 562 loquar)
1135 527 1245 555 incuria.
1256 528 1324 561 Quid
1337 530 1407 556 enim
1422 529 1506 563 potuit
1518 528 1570 555 dici
1583 529 1666 563 magis
1681 529 1800 564 impium,

1013 579 1092 606 quam
1107 573 1187 599 etiam
1205 572 1274 599 mala
1287 573 1381 600 ordine
1393 573 1544 600 contineri?
1558 573 1637 600 Certe
1649 574 1719 601 enim
1734 575 1802 601 Deus

1013 622 1085 644 amat
1097 617 1227 645 ordinem.
1239 617 1309 645 Vere
1322 623 1403 650 amat,
1418 618 1455 645 ait
1468 618 1527 650 ille;
1544 618 1577 646 ab
1592 618 1650 652 ipso
1664 623 1762 652 manat,
1775 624 1803 647 et

1013 670 1073 690 cum
1087 663 1144 697 ipso
1156 668 1207 690 est.
1220 664 1252 690 Et
1263 665 1285 690 si
1297 664 1360 698 quid
1376 668 1462 698 potest
1471 664 1504 691 de
1514 672 1544 691 re
1559 669 1658 691 tantum
1669 665 1720 691 alta
1736 672 1801 692 con-

1013 708 1161 735 venientius
1176 708 1237 740 dici,
1253 709 1349 744 cogita,
1364 717 1471 744 qumso,
1486 709 1543 744 ipse
1553 714 1650 736 tecum.
1664 709 1718 737 Nec
1730 710 1801 737 enim

1012 760 1071 780 sum
1093 753 1203 780 idoneus
1217 754 1260 788 qui
1276 759 1302 781 te
1315 754 1365 781 ista
1376 762 1445 781 nunc
1457 755 1576 783 doceam.
1593 755 1661 788 Quid
1674 755 1799 790 cogitem,

1012 799 1098 834 inquit
1111 799 1270 834 Trygetins?
1285 800 1392 834 Accipio
1410 808 1517 834 prorsus
1536 800 1607 835 quod
1620 801 1702 833 dicis,
1718 802 1799 828 satis-

1012 852 1063 878 que
1077 844 1140 871 mihi
1156 849 1197 871 est
1213 845 1239 871 in
1254 852 1286 871 eo
1296 845 1366 879 quod
1378 845 1505 880 intelligo.
1523 846 1600 873 Certe
1613 846 1683 873 enim
1697 847 1801 875 etmala

1011 890 1101 918 dixisti
1115 890 1208 918 ordine
1223 891 1369 924 contineri,
1384 896 1411 918 et
1431 893 1516 926 ipsum
1531 892 1652 919 ordinem
1665 900 1772 921 manare
1785 900 1801 921 a

1011 943 1116 963 summo
1139 936 1194 964 Deo
1204 958 1212 970 ,
1234 941 1313 972 atque
1327 937 1360 964 ab
1379 945 1412 964 eo
1425 937 1507 973 diligi.
1523 938 1561 966 Ex
1575 946 1627 972 quo
1641 939 1760 973 sequitur
1774 945 1802 967 ut

1011 985 1038 1009 et
1048 982 1115 1009 mala
1127 982 1180 1009 sint
1192 990 1207 1009 a
1221 990 1326 1010 summo
1338 984 1401 1017 Deo,
1416 988 1443 1010 et
1458 984 1525 1010 mala
1538 985 1606 1012 Deus
1617 980 1717 1019 diligat.

1048 1028 1090 1055 l8.
1112 1028 1140 1055 ln
1152 1036 1204 1063 qua
1217 1028 1388 1056 conclusione
1403 1029 1476 1056 timui
1488 1029 1616 1057 Lieentio.
1630 1031 1664 1056 At
1674 1031 1718 1058 ille
1730 1031 1802 1065 inge.

1011 1073 1126 1101 miscens
1140 1073 1294 1101 difficultate
1305 1074 1446 1102 verborum
1462 1096 1469 1108 ,
1494 1083 1543 1102 nec
1558 1076 1666 1102 omnino
1680 1084 1803 1111 quaarens

1011 1119 1073 1154 quid
1095 1120 1268 1154 responderet
1278 1140 1285 1153 ,
1306 1120 1354 1147 sed
1369 1121 1590 1155 quemadmodum
1605 1122 1674 1156 quod
1689 1130 1802 1157 respon-

1010 1164 1127 1192 dendum
1138 1169 1196 1192 erat
1209 1170 1342 1200 promeret
1362 1174 1369 1192 :
1384 1165 1441 1194 Non
1461 1166 1546 1201 diligit
1568 1167 1636 1194 Deus
1652 1167 1719 1194 mala
1735 1188 1743 1201 ,
1759 1168 1802 1195 iu-

1010 1211 1083 1245 quit;
1106 1218 1156 1238 nec
1167 1211 1202 1238 ob
1214 1211 1301 1244 aliud,
1324 1211 1375 1239 nisi
1387 1212 1448 1246 quia
1460 1212 1562 1239 ordinis
1573 1220 1627 1239 non
1639 1217 1679 1239 est
1689 1216 1718 1240 ut
1732 1212 1802 1240 Deus

1011 1257 1079 1283 mala
1094 1256 1196 1291 diligat.
1213 1257 1245 1283 Et
1258 1256 1378 1284 ordinem
1399 1257 1459 1285 ideo
1479 1258 1591 1285 multum
1617 1258 1719 1293 diligit,
1740 1260 1802 1294 quia

1011 1311 1058 1338 per
1067 1311 1128 1330 eum
1143 1310 1197 1330 non
1210 1303 1295 1338 diligit
1309 1304 1389 1330 mala.
1405 1305 1438 1331 At
1452 1312 1515 1331 vero
1528 1304 1585 1339 ipsa
1598 1305 1667 1331 mala
1680 1305 1726 1339 qui
1738 1313 1800 1340 pos-

1010 1354 1072 1376 sunt
1091 1356 1144 1376 non
1163 1356 1223 1376 esse
1237 1348 1264 1376 in
1279 1349 1372 1376 ordine
1384 1370 1391 1382 ,
1407 1356 1467 1376 cum
1485 1349 1553 1377 Deus
1568 1350 1611 1377 illa
1623 1358 1678 1377 non
1691 1351 1802 1385 diligat?

1010 1395 1075 1422 Nam
1091 1395 1141 1422 iste
1155 1396 1210 1429 ipse
1223 1399 1264 1422 est
1284 1395 1414 1422 malorum
1429 1395 1494 1422 ordo
1513 1400 1543 1423 ut
1560 1404 1612 1423 non
1625 1396 1769 1432 diligantur
1786 1405 1802 1425 ιι

1011 1440 1076 1467 Deo.
1092 1441 1133 1466 An
1155 1447 1253 1474 parvus
1266 1447 1356 1467 rerum
1371 1440 1438 1467 ordo
1451 1440 1497 1467 tibi
1508 1440 1621 1474 videtur,
1637 1445 1667 1470 ut
1683 1446 1710 1468 et
1731 1441 1801 1469 bona

1010 1484 1081 1512 Deus
1094 1484 1204 1520 diligat,
1225 1490 1252 1512 et
1266 1492 1319 1512 non
1333 1485 1425 1520 diligat
1437 1485 1524 1513 mala?
1537 1485 1575 1512 lta
1590 1493 1640 1514 nec
1655 1491 1750 1521 praeter
1758 1495 1803 1515 or-

1010 1529 1099 1557 dinem
1111 1533 1173 1558 suut
1187 1530 1266 1563 mala,
1281 1538 1340 1565 qua:
1355 1537 1407 1557 non
1422 1530 1508 1565 diligit
1521 1531 1601 1564 Deus,
1613 1535 1641 1558 et
1654 1531 1740 1566 ipsum
1761 1537 1802 1559 ta-

1010 1583 1072 1602 men
1084 1575 1205 1603 ordinem
1218 1575 1303 1610 diligit
1317 1584 1323 1602 :
1341 1575 1391 1602 hoc
1404 1575 1491 1610 ipsum
1511 1576 1583 1603 enim
1596 1576 1681 1612 diligit
1691 1576 1802 1612 diligere

1011 1622 1081 1650 bona
1091 1642 1098 1654 ,
1113 1627 1140 1649 et
1155 1629 1206 1649 non
1218 1621 1329 1656 diligere
1345 1621 1432 1653 mala;
1448 1621 1519 1656 quod
1531 1626 1574 1649 est
1586 1622 1674 1656 magni
1689 1622 1800 1656 ordinis,

1009 1671 1037 1695 et
1059 1667 1155 1694 divina:
1174 1665 1365 1701 dispositionis.
1381 1665 1432 1699 Qui
1454 1665 1520 1693 ordo
1543 1670 1622 1700 atque
1642 1666 1800 1701 dispositio,

1010 1712 1071 1747 quia
1087 1711 1264 1739 univcrsitatis
1277 1710 1478 1745 congruentiam
1503 1711 1559 1745 ipsa
1573 1710 1742 1739 distinctione
1755 1719 1802 1740 cu-

1010 1759 1100 1792 stodit,
1116 1759 1145 1785 ﬁt
1159 1762 1187 1785 ut
1201 1758 1268 1785 mala
1282 1758 1362 1785 etiam
1376 1764 1435 1784 esse
1455 1764 1565 1785 necesse
1579 1757 1623 1784 sit.
1634 1756 1671 1784 Ita
1679 1758 1753 1792 quasi
1767 1765 1802 1786 ex

1010 1803 1146 1832 antithetis
1160 1802 1366 1838 quodammodo,
1380 1802 1450 1837 quod
1465 1802 1543 1831 nobis
1551 1803 1631 1830 etiam
1643 1803 1670 1830 in
1680 1804 1802 1832 oratione

1008 1849 1155 1884 jucundum
1169 1853 1219 1881 est,
1234 1848 1260 1875 id
1271 1852 1312 1876 est
1324 1856 1356 1876 ex
1370 1848 1521 1880 contrariis,
1535 1848 1654 1876 omnium
1664 1849 1743 1877 simul
1756 1857 1802 1878 τος

1010 1903 1069 1923 rum
1079 1895 1249 1931 pulchritudo
1260 1895 1395 1930 figuratur.

1015 1966 1027 1979 ,τ
1046 1941 1092 1970 19.
1111 1941 1174 1968 Post
1197 1940 1248 1968 hoc
1268 1940 1407 1967 intersiluit
1428 1939 1540 1968 modice.
1557 1940 1591 1967 Et
1604 1945 1714 1975 repente
1735 1949 1797 1970 sese

1011 1987 1117 2022 erigens
1136 1994 1188 2022 qua
1203 1986 1342 2022 Trygetius
1356 1986 1453 2013 lectum
1469 1986 1583 2013 habebat
1604 1995 1611 2013 :
1631 1986 1698 2013 Nam
1711 1994 1803 2021 quaro

1011 2040 1043 2062 ex
1060 2037 1095 2066 te,
1107 2039 1209 2067 qumso,
1223 2032 1318 2066 inquit,
1332 2030 1455 2066 justusne
1468 2031 1503 2058 sit
1519 2031 1606 2058 Deus?
1619 2031 1734 2059 'l'acebat
1745 2032 1800 2064 ille,

1011 2078 1090 2105 nimis
1101 2098 1108 2110 ,
1124 2082 1153 2104 ut
1167 2082 1258 2112 postea
1275 2077 1378 2108 retulit,
1394 2076 1529 2106 admirans
1547 2081 1574 2103 et
1590 2076 1701 2106 horrens
1715 2077 1803 2105 subito

1011 2123 1185 2158 condiscipuli
1200 2127 1227 2150 et
1237 2122 1373 2151 familiaris
1382 2122 1424 2149 sui
1437 2121 1555 2150 afflatum
1570 2129 1637 2149 nova
1650 2122 1803 2157 inspiratio-

1012 2177 1046 2197 ne
1058 2176 1221 2197 sermonem.
1237 2168 1294 2201 Quo
1315 2171 1437 2200 tacente,
1454 2167 1498 2195 ille
1520 2168 1556 2194 ita
1576 2172 1683 2195 secutus
1704 2172 1754 2196 est.
1774 2168 1803 2197 Si

1012 2214 1082 2242 enim
1096 2215 1179 2242 Deum
1191 2214 1292 2248 justum
1309 2220 1362 2240 non
1377 2220 1437 2240 esse
1459 2212 1645 2247 responderis,
1665 2217 1692 2240 tu
1704 2213 1803 2241 videris

1011 2260 1073 2296 quid
1083 2268 1156 2295 agas,
1170 2260 1215 2294 qui
1230 2266 1271 2286 me
1281 2258 1381 2286 dudum
1397 2258 1543 2293 impietatis
1558 2258 1696 2293 arguebas.
1711 2259 1738 2287 Si
1753 2266 1802 2287 au-

1013 2311 1077 2338 tem,
1091 2309 1121 2333 ut
1132 2305 1208 2333 nobis
1225 2304 1346 2338 traditur,
1361 2311 1463 2339 nosque
1478 2304 1561 2339 ipsius
1571 2304 1673 2332 ordinis
1684 2305 1803 2332 necessi-

1013 2356 1065 2379 tate
1079 2351 1218 2383 sentimus,
1230 2350 1318 2385 justus
1331 2353 1372 2377 est
1383 2350 1462 2382 Deus,
1476 2357 1523 2377 sua
1532 2351 1627 2385 cuique
1639 2349 1802 2377 distribuen-

1011 2398 1046 2426 do
1070 2397 1159 2432 utique
1185 2397 1271 2432 justus
1296 2401 1347 2424 est.
1373 2396 1439 2429 Quae
1459 2401 1547 2423 atttem
1573 2396 1724 2423 distributio
1749 2395 1802 2424 dici

1013 2449 1116 2480 potest,
1133 2444 1177 2471 ubi
1192 2443 1331 2471 distinctio
1346 2443 1416 2470 nulla
1431 2443 1494 2470 est?
1509 2444 1562 2470 Aut
1575 2450 1635 2477 qua).
1657 2442 1801 2476 distinctio,

1012 2490 1034 2517 si
1048 2490 1116 2517 bona
1128 2493 1190 2517 sunt
1203 2488 1308 2515 omnia?
1334 2487 1437 2521 Quidve
1451 2491 1547 2522 printer
1560 2486 1679 2514 ordinem
1690 2487 1802 2522 reperiri

1012 2538 1118 2570 potest,
1134 2534 1156 2561 si
1176 2534 1221 2561 Dei
1235 2533 1336 2567 iustitia
1349 2533 1479 2560 bonorum
1494 2532 1676 2567 malorumque
1697 2533 1802 2561 meritis

1011 2588 1058 2608 sua
1081 2582 1176 2615 cuique
1195 2579 1481 2608 reddunturiJustum
1499 2582 1588 2605 autem
1610 2578 1691 2605 Deum
1708 2586 1803 2606 omnes

1013 2627 1134 2654 fatemur.
1147 2626 1242 2654 Totum
1254 2625 1332 2660 igitur
1343 2625 1437 2653 ordine
1449 2624 1601 2653 includitur.
1611 2624 1714 2658 Quibus
1725 2624 1803 2652 dictis

1012 2673 1097 2700 resilit
1116 2680 1132 2700 e
1157 2676 1242 2699 strato
1253 2692 1261 2705 ,
1277 2676 1303 2699 ct
1321 2672 1376 2706 jam
1389 2672 1473 2699 lenior
1484 2678 1549 2699 voce
1562 2679 1623 2699 cum
1645 2672 1669 2699 ei
1692 2671 1802 2699 verbum

1011 2727 1091 2747 nemo
1111 2718 1212 2746 faceret
1226 2726 1233 2744 :
1249 2717 1354 2745 Nihilne
1375 2717 1450 2752 mihi,
1466 2717 1561 2752 inquit,
1574 2718 1616 2745 vel
1631 2722 1659 2744 tu
1671 2717 1716 2752 qui
1730 2725 1804 2745 eom-

1011 2765 1102 2800 pnlisti
1117 2764 1148 2791 ad
1161 2764 1221 2796 ista,
1239 2763 1405 2798 respondes?

1046 2811 1091 2840 20.
1106 2810 1154 2838 Cui
1165 2817 1216 2845 ego
1227 2818 1233 2837 :
1246 2809 1318 2838 Nova
1334 2817 1403 2837 nunc
1416 2808 1799 2845 religioistluecinteiucessit,

1014 2858 1079 2885 cedo
1098 2856 1219 2892 (Terent.
1245 2855 1325 2884 Andr.
1342 2860 1391 2883 act.
1408 2855 1443 2890 ιι,
1461 2863 1527 2882 scen.
1540 2853 1595 2891 5),
1608 2855 1725 2891 inquam.
1747 2855 1802 2883 Sed
