4096 6368
502 281 597 338 987
1632 274 1719 328 DE
1757 274 2033 339 ORDINE,
2077 272 2136 328 S.

497 396 642 467 quod
700 393 1005 459 vldebitur,
1064 407 1162 462 per
1219 392 1359 447 diem
1403 388 1773 459 respondebo,
1815 387 1905 457 qui
1948 382 2076 438 mihi

495 490 607 557 jam
654 486 868 543 videtur
910 485 1117 548 redire;
1168 485 1267 539 nisi
1309 485 1445 536 luna:
1486 490 1567 535 est
1601 480 1689 534 ille
1716 479 1805 547 qui
1827 478 2076 533 fenestris

497 580 671 649 fulgor
706 578 987 633 inducitur.
1017 576 1185 632 Simul
1210 585 1263 629 et
1285 573 1544 643 agendum
1567 580 1650 625 est
1676 586 1743 624 ne
1768 579 1910 624 tanta
1936 569 2073 623 bona

493 683 582 727 tua
601 713 614 736 ,
649 670 850 726 Liecnti
874 714 887 732 ,
926 670 1207 726 absorbent
1226 667 1439 722 oblivio.
1466 664 1686 733 Quando
1713 665 1855 719 enim
1876 673 2073 717 nostra:

494 768 686 820 littera:
725 780 826 818 non
866 764 962 817 sibi
1007 762 1118 816 inec
1146 761 1383 815 mandari
1425 760 1695 830 flagitent?
1724 757 1899 812 Dicam
1919 758 2072 827 plane

493 855 588 911 tibi
632 856 772 926 quod
817 855 1017 919 sentio,
1068 853 1347 921 disputabo
1386 852 1665 907 adversum
1701 862 1783 919 te,
1816 861 2069 923 quantum

492 962 737 1017 possum;
778 962 882 1001 non
918 947 1057 1000 enim
1083 946 1208 1000 mihi
1230 987 1246 1013 ,
1272 947 1315 1000 si
1340 961 1424 1000 me
1454 946 1672 1010 viceris,
1695 946 1864 1015 major
1880 946 2067 1001 trium-

491 1041 630 1112 phus
670 1040 783 1094 dari
835 1048 1018 1108 potest.
1062 1037 1117 1094 Si
1158 1047 1332 1092 autem
1373 1036 1455 1092 vel
1485 1038 1754 1091 calliditati
1789 1038 1877 1093 vel
1912 1047 2069 1092 acuto

491 1132 699 1187 cuidam
747 1131 915 1186 errori
962 1130 1272 1193 hominum,
1321 1146 1544 1199 quorum
1583 1140 1761 1199 partes
1794 1130 2068 1198 suscipere

490 1222 730 1289 tentabo,
779 1221 1001 1277 cesserit
1036 1220 1366 1275 imbecillitas
1403 1228 1486 1275 tua
1508 1261 1521 1283 ,
1558 1235 1676 1289 qua:
1714 1221 1887 1275 minus
1915 1230 2063 1291 pasta

487 1312 783 1367 eruditione
816 1310 1211 1380 disciplinarum
1244 1320 1443 1364 tantum
1478 1310 1635 1365 deum
1660 1310 1884 1366 fortasse
1902 1311 2067 1365 susti—

486 1419 614 1460 nere
654 1418 759 1458 non
817 1404 1046 1472 poterit;
1090 1418 1176 1457 res
1221 1412 1271 1455 te
1310 1403 1419 1470 ipsa
1458 1402 1817 1456 eommonebit
1853 1411 2063 1470 quantae

484 1496 577 1549 tibi
613 1496 788 1559 vires,
834 1504 893 1549 ut
934 1495 984 1548 in
1023 1509 1144 1549 eum
1177 1494 1375 1547 firmior
1397 1493 1613 1556 redeas,
1647 1492 1892 1561 parandre
1917 1494 2058 1546 sint:

482 1584 637 1638 simul
674 1585 792 1653 quia
831 1593 885 1639 et
918 1585 1070 1637 istam
1096 1583 1504 1654 disputationem
1537 1592 1770 1638 nostram
1797 1583 2061 1638 elimatius

483 1677 605 1731 volo
632 1677 944 1747 provenire;
975 1693 1079 1731 non
1105 1678 1248 1731 enim
1270 1691 1387 1730 eam
1412 1676 1612 1746 gressis
1632 1676 1846 1729 auribus
1866 1674 2055 1729 debeo.

480 1766 614 1822 Nam
656 1769 919 1823 Zenohius
954 1777 1135 1825 noster
1173 1770 1332 1822 multa
1378 1783 1583 1822 mecum
1623 1782 1763 1837 sa‘pe
1792 1768 1856 1821 de
1881 1784 2058 1822 rerum

479 1858 667 1912 ordine
690 1860 946 1924 contulit,
980 1859 1065 1913 cui
1090 1860 1193 1913 alta
1218 1859 1544 1928 percontanti
1568 1874 1831 1927 nunquam
1855 1859 2060 1912 satisfa-

480 1963 602 2002 cere
629 1949 794 2016 potui,
819 1964 913 2003 seu
939 1958 1155 2018 propter
1186 1950 1559 2003 obscuritatem
1595 1964 1791 2013 rerum,
1815 1964 1909 2003 seu
1940 1964 2061 2018 pro-

481 2049 599 2106 pter
636 2049 927 2110 temporum
964 2040 1251 2109 angusﬁas.
1279 2040 1595 2095 Crebrarum
1613 2050 1786 2095 autem
1824 2040 1910 2097 ille
1933 2056 2057 2111 pro-

481 2132 917 2185 crastinationum
939 2148 1106 2201 usque
1131 2132 1261 2187 adeo
1291 2133 1571 2202 impatiens
1600 2130 1728 2198 fuit,
1752 2142 1805 2187 ut
1829 2150 1932 2199 me,
1953 2150 2059 2204 quo

480 2222 783 2291 diligentius
807 2232 859 2277 et
878 2224 1143 2292 copiosius
1167 2224 1491 2294 respondere
1515 2238 1753 2294 cogerer,
1772 2226 1927 2279 etiam
1942 2241 2059 2279 car-

480 2312 622 2366 mine
654 2320 964 2380 provocaret
981 2353 997 2378 ,
1024 2320 1079 2366 et
1100 2313 1241 2368 bono
1266 2314 1526 2379 carmine,
1559 2314 1698 2369 unde
1725 2316 1870 2369 illum
1892 2317 2059 2385 magis

479 2414 646 2454 ames.
672 2400 775 2456 Sed
806 2416 976 2472 neque
1000 2409 1127 2457 tunc
1144 2403 1235 2458 tibi
1257 2403 1357 2473 legi
1380 2402 1547 2473 potuit
1562 2404 1629 2457 ab
1644 2404 1862 2458 istarum
1879 2420 2056 2459 rerum

480 2493 656 2548 studio
678 2482 1035 2549 remotissimo
1048 2536 1063 2559 ,
1086 2510 1259 2565 neque
1288 2510 1428 2551 nunc
1448 2504 1640 2565 potest.
1658 2495 1786 2550 Nam
1803 2496 2057 2565 profectio

479 2584 595 2652 ejus
634 2594 738 2639 tam
768 2585 1039 2654 repentina
1067 2594 1121 2639 et
1143 2585 1448 2655 perturbata
1479 2587 1575 2639 fuit
1600 2587 1821 2639 tumultu
1851 2587 1971 2652 illo,
2002 2596 2059 2643 ut

479 2676 609 2733 nihil
653 2676 873 2731 istorum
914 2678 1097 2732 venire
1135 2678 1287 2731 nobis
1315 2678 1366 2733 in
1396 2686 1623 2731 mentem
1644 2679 1873 2749 potuerit
1896 2698 1909 2732 :
1934 2694 2056 2734 nam

479 2768 529 2821 id
555 2767 856 2836 relinquere
881 2768 1008 2821 mihi
1025 2783 1348 2837 responsuro
1363 2775 1647 2834 statuerat;
1669 2777 1724 2823 et
1744 2770 1904 2824 multa
1927 2785 2058 2825 con-

478 2866 698 2911 currunt
724 2873 819 2912 cur
846 2859 895 2912 ei
925 2873 1101 2913 sermo
1128 2860 1227 2913 iste
1248 2860 1504 2914 mittatur.
1533 2860 1767 2914 Primum
1794 2870 1903 2924 est,
1935 2864 2054 2932 quia

477 2950 737 3015 debetur;
782 2950 1008 3017 deinde,
1048 2953 1169 3022 quia
1210 2951 1503 3020 cujusmodi
1546 2968 1685 3006 nunc
1709 2953 1870 3007 vitam
1891 2954 2055 3009 duca-

480 3055 628 3107 mus,
667 3043 828 3097 etiam
849 3042 927 3097 sic
952 3042 1173 3097 indicari
1201 3042 1318 3112 ejus
1347 3042 1398 3095 in
1428 3057 1525 3097 nos
1552 3042 1933 3099 benevolentia:
1956 3044 2055 3099 de-

479 3142 566 3189 cet
591 3148 605 3199 ;
636 3143 909 3203 postremo
928 3176 942 3199 ,
972 3134 1185 3205 quodin
1213 3134 1405 3205 gaudio
1423 3135 1490 3189 de
1515 3149 1610 3206 spe
1637 3145 1721 3189 tua
1746 3138 1943 3191 nemini
1963 3154 2054 3193 ce-

479 3223 569 3277 dit.
596 3223 727 3278 Nam
754 3232 944 3279 etcum
973 3239 1206 3294 praesens
1228 3234 1388 3289 esset,
1412 3240 1508 3294 pro
1525 3224 1876 3280 familiaritate
1894 3227 2056 3294 patris

482 3318 591 3382 Ini,
637 3317 717 3371 vel
765 3318 940 3387 potius
981 3318 1216 3371 omnium
1257 3318 1776 3382 nostrum,multum
1798 3318 2056 3373 sollicitus

479 3415 593 3461 erat
626 3423 693 3461 ne
723 3408 917 3477 ingenii
948 3410 1021 3462 tui
1046 3408 1288 3478 quaedam
1314 3408 1589 3475 scintillm,
1621 3424 1751 3479 quas
1777 3410 2057 3480 diligenter

477 3498 967 3559 animadvertebat,
1030 3514 1134 3553 non
1188 3508 1295 3553 tam
1350 3497 1706 3555 coniterentur
1740 3515 1866 3554 cura
1901 3516 2052 3569 mea,

477 3604 636 3657 quam
682 3598 767 3643 tua
793 3591 1255 3660 exstinguerentur
1282 3590 1501 3645 incuria.
1535 3592 1737 3645 Etcum
1763 3601 1814 3646 te
1837 3592 2056 3661 poetica

477 3695 689 3750 quoque
730 3682 1024 3736 studiosum
1066 3695 1186 3737 esse
1210 3682 1544 3751 cognoverit,
1575 3682 1652 3737 sic
1675 3683 2053 3752 gratulabitur,

479 3781 535 3824 ut
560 3787 679 3825 eum
712 3773 838 3825 mihi
859 3773 1168 3842 gestientem
1191 3772 1369 3828 videre
1389 3773 1498 3843 jam
1521 3773 1721 3827 videar.

475 3862 703 3917 CAPUT
731 3862 859 3917 Vlll.
877 3862 1211 3917 —Licentitts
1236 3864 1567 3933 philosoyltia:
1585 3880 1755 3918 amore
1769 3879 2052 3920 succensus.

548 3952 899 4025 Reprehensus
940 3971 972 4007 a
1018 3954 1258 4009 Mennim
1298 3956 1432 4027 quod
1469 3956 1649 4025 psalmi
1670 3958 1962 4012 versit-utiuti
1985 3959 2054 4013 ad

544 4046 781 4115 requisita
817 4055 1011 4099 natura:
1046 4063 1271 4116 egressus
1296 4049 1574 4102 cantitaret.
1618 4048 1924 4105 Liberalisnn
1967 4053 2051 4107 di-

474 4162 477 4165 ·
544 4139 616 4190 sci
619 4138 870 4206 plinarnm
898 4139 1107 4193 utilitas.

543 4228 637 4281 2i.
694 4227 833 4282 Nihil
893 4229 1021 4283 mihi
1066 4230 1279 4300 quidem
1332 4232 1530 4302 gratius
1585 4232 1783 4302 facies,
1828 4238 2048 4307 inquit:

474 4316 566 4369 sed
588 4357 602 4381 ,
634 4316 748 4371 sive
771 4318 1115 4374 mobilitatem
1144 4334 1314 4376 meam
1335 4329 1388 4375 et
1410 4323 1665 4392 puerilem
1690 4325 1952 4381 levitatem
1976 4329 2049 4382 ri-

474 4406 701 4473 debitis,
752 4408 865 4463 sive
902 4409 1080 4479 aliquo
1115 4425 1241 4466 vere
1272 4410 1454 4465 divino
1485 4421 1612 4466 nutu
1634 4422 1689 4469 et
1707 4416 1891 4471 ordine
1918 4416 1976 4471 fit
1996 4418 2048 4472 in

475 4498 662 4565 nobis,
696 4515 801 4553 non
834 4502 984 4556 vobis
1007 4502 1243 4557 dubitem
1269 4502 1446 4557 dicere
1467 4546 1482 4570 ,
1509 4505 1706 4575 pigrior
1728 4522 1843 4561 sum
1869 4508 1934 4561 ad
1962 4509 2045 4561 illa

474 4596 645 4643 metra
664 4591 839 4644 subito
856 4591 1107 4657 effectus;
1131 4595 1254 4656 alia,
1275 4595 1429 4663 longe
1449 4596 1547 4649 alia
1570 4599 1750 4653 nescio
1771 4598 1895 4668 quid
1920 4600 2047 4656 mihi

470 4695 611 4734 nunc
636 4681 753 4737 luce
779 4685 1122 4754 resplendnit.
1160 4686 1440 4743 Pulchrior
1474 4698 1552 4744 est
1588 4692 1938 4759 philosophia,
1972 4692 2047 4747 fa-

470 4779 605 4837 teor,
635 4770 791 4842 quam
819 4775 1059 4847 Thyshe,
1090 4794 1244 4847 quam
1273 4779 1554 4850 Pyramus,
1581 4797 1737 4849 quam
1759 4783 1845 4836 illa
1869 4784 2047 4841 Venus

468 4873 522 4917 et
541 4863 763 4934 Cupido,
788 4868 1023 4938 talesque
1038 4870 1325 4924 omnimodi
1343 4885 1553 4926 amores
1576 4890 1588 4924 :
1616 4881 1800 4928 etcum
1819 4876 2046 4945 suspirio

466 4956 664 5024 gratias
690 4957 902 5013 Christo
930 4960 1135 5028 agebat.
1169 4962 1359 5029 Accepi
1388 4977 1486 5030 ego
1519 4961 1633 5016 haec
1653 5005 1667 5029 ,
1694 4963 1819 5033 quid
1847 4964 2041 5033 dicant,

468 5046 723 5113 libenter;
764 5058 856 5103 aut
894 5050 1017 5119 quid
1064 5065 1167 5105 non
1212 5051 1418 5106 dicam?
1459 5053 1693 5121 Accipiat
1732 5056 1952 5125 quisque
1989 5066 2046 5112 ut

465 5137 625 5203 volet,
644 5137 773 5192 nihil
799 5153 947 5204 curo,
976 5141 1074 5194 nisi
1100 5140 1240 5211 quod
1268 5140 1402 5196 forte
1423 5142 1704 5198 immodice
1727 5145 2042 5213 gaudebam.

534 5226 625 5281 2‘3.
673 5228 876 5283 Interea
918 5240 1037 5300 post
1074 5233 1338 5300 paululum
1380 5233 1495 5287 dies
1521 5248 1640 5288 sese
1660 5236 1895 5304 aperuit;
1921 5252 2043 5292 sur-

464 5326 720 5371 rexcrnnt
765 5319 875 5386 illi,
918 5330 974 5375 et
1013 5336 1116 5391 ego
1158 5322 1495 5394 illacrymans
1517 5325 1679 5379 multa
1705 5326 1851 5381 oravi
1882 5344 1895 5379 :
1922 5343 2042 5382 cum

461 5406 621 5461 audio
663 5407 962 5466 Lieentium
988 5415 1347 5469 succinentem
1376 5414 1501 5469 illud
1531 5414 1901 5487 Propheticum
1924 5419 2043 5475 lacte

462 5506 626 5567 atque
658 5500 867 5570 garrule
896 5518 911 5557 :
942 5500 1079 5556 Dens
1110 5504 1366 5571 virtutum,
1388 5516 1618 5561 converte
1639 5524 1759 5572 nos;
1776 5518 1823 5561 et
1839 5510 2045 5565 ostende

464 5589 649 5654 facient
688 5595 858 5657 tuam,
900 5600 949 5646 et
981 5593 1107 5648 salvi
1152 5595 1337 5649 erimus
1372 5594 1541 5668 (Psal.
1574 5600 1858 5671 unx,8).
1888 5600 2041 5669 Quod

463 5678 634 5755 pridie
659 5688 777 5752 post
800 5686 1007 5740 canam
1027 5698 1147 5741 cum
1172 5684 1238 5741 ad
1261 5688 1507 5759 requisita
1530 5698 1729 5747 natura)
1747 5692 1885 5747 foras
1898 5694 2036 5748 exis-

2178 275 2538 335 AUGUSTINI
3666 299 3771 354 988

2184 397 2297 451 set,
2342 390 2502 458 paulo
2547 392 2743 448 clarius
2784 395 3010 461 cecinit,
3050 414 3207 468 quant
3261 409 3316 453 ιιι
3370 412 3539 458 mater
3585 419 3768 462 nostra

2183 480 2321 535 ferre
2362 493 2571 550 posset,
2610 485 2753 552 quod
2795 486 2884 541 illo
2922 488 3039 542 loco
3079 492 3201 546 talia
3237 494 3491 548 continuo
3538 501 3766 566 repetita

2179 581 2519 628 canerentur.
2549 574 2689 629 Nihil
2708 578 2851 631 enim
2876 578 3018 633 aliud
3041 581 3280 649 dicebat,
3308 586 3558 654 quoniam
3588 588 3764 657 ipsum

2178 662 2454 717 cantilena;
2491 664 2704 719 modum
2745 682 2914 736 nuper
2942 668 3221 739 hauserat,
3249 682 3303 728 et
3321 674 3561 742 amabat,
3590 686 3649 731 ut
3670 677 3729 732 fit
3747 719 3763 741 ,

2177 754 2347 809 melos
2388 754 2713 811 inusitatum.
2759 756 3063 830 Objurgavit
3096 779 3218 818 eum
3248 766 3677 837 religiosissima,
3706 781 3764 826 ut

2176 844 2315 910 scis,
2354 846 2577 913 femina,
2611 850 2679 903 ob
2705 849 2807 904 hoc
2836 851 3007 920 ipsum
3035 854 3177 923 quod
3202 856 3582 915 inconveniens
3610 861 3763 917 locus

2175 935 2382 989 eamico
2424 947 2585 992 esset.
2626 938 2774 993 Tunc
2805 941 2893 995 ille
2922 940 3162 1007 dixerat.
3182 944 3369 1013 jocans
3395 965 3409 1000 :
3442 948 3600 1015 Quasi
3629 966 3761 1005 vero

2172 1027 2217 1079 si
2243 1029 2361 1096 quis
2386 1028 2472 1083 hic
2498 1046 2584 1085 me
2605 1032 2845 1087 inimicus
2867 1034 3195 1104 includeret,
3219 1054 3327 1093 non
3351 1049 3467 1095 erat
3485 1042 3625 1097 Deus
3656 1058 3758 1098 ex-

2170 1118 2442 1173 auditurus
2471 1136 2653 1177 vocem
2686 1139 2878 1179 meam.

2238 1207 2329 1263 23.
2380 1209 2519 1281 Ergo
2565 1228 2721 1266 mane
2767 1228 2896 1270 cum
2929 1231 3209 1286 regressus
3246 1230 3387 1276 esset
3424 1223 3597 1290 solus,
3631 1240 3757 1281 nam

2169 1311 2390 1372 uterque
2429 1304 2500 1358 ob
2530 1306 2772 1360 eamdem
2801 1323 3017 1362 causam
3044 1320 3403 1378 processerat,
3429 1319 3656 1371 accessit
3683 1317 3761 1371 ad

2168 1391 2418 1448 lectulum
2454 1411 2652 1450 meum.
2692 1396 2887 1453 Verum
2915 1399 3001 1454 die
3025 1402 3184 1466 mihi,
3217 1404 3412 1473 inquit,
3436 1405 3507 1460 ita
3533 1407 3625 1461 fiat
3653 1424 3757 1463 no-

2169 1484 2249 1537 bis
2294 1486 2433 1555 quod
2473 1489 2586 1552 vis,
2613 1489 2737 1558 quid
2764 1490 2831 1545 de
2861 1507 2948 1546 me
2974 1493 3267 1549 existimes.
3296 1497 3468 1565 Atque
3492 1513 3590 1568 ego
3616 1499 3756 1554 ado-

2165 1573 2413 1630 lescentis
2453 1577 2724 1634 dexteram
2770 1581 3174 1649 apprehendens
3222 1602 3236 1638 :
3288 1586 3458 1653 Quid,
3490 1588 3753 1657 inquam,

2165 1664 2461 1720 existimem
2504 1670 2703 1734 sentis,
2750 1670 2956 1736 credis,
2982 1668 3268 1743 intelligis.
3289 1674 3474 1744 Neque
3495 1679 3637 1732 enim
3664 1694 3755 1734 ar-

2165 1755 2333 1810 bitror
2375 1744 2433 1811 te
2469 1756 2659 1812 frustra
2706 1759 2818 1814 heri
2866 1762 3063 1816 tamdiu
3092 1765 3388 1833 cecinisse,
3414 1776 3470 1819 ut
3496 1768 3761 1823 virtutum

2166 1846 2304 1901 Deus
2344 1862 2602 1903 converso
2643 1851 2733 1906 tibi
2765 1866 2825 1905 se
2855 1853 3118 1907 ostendat.
3150 1856 3223 1909 At
3249 1856 3334 1912 ille
3361 1872 3482 1911 cum
3510 1857 3751 1913 admira-

2164 1942 2307 1998 tione
2354 1944 2661 1999 recordatus
2708 1963 2720 1997 :
2766 1946 3041 2015 Magnum,
3070 1949 3269 2017 inquit,
3295 1950 3427 2003 dicis
3455 1959 3511 2004 ct
3535 1967 3748 2006 verum».

2163 2032 2276 2087 Non
2327 2035 2467 2089 enim
2516 2036 2776 2105 meipsum
2824 2052 3007 2106 parum
3050 2050 3227 2094 movet
3273 2042 3412 2110 quod
3454 2042 3611 2097 modo
3640 2051 3753 2097 tam

2162 2138 2303 2193 a‘gre
2346 2126 2608 2180 avocabar
2651 2143 2680 2179 a
2710 2128 2861 2197 nugis
2890 2129 2994 2184 illis
3014 2131 3267 2187 carminis
3293 2133 3427 2199 mei,
3456 2144 3510 2187 et
3528 2134 3639 2203 jam
3660 2150 3753 2190 re-

2163 2212 2277 2269 dire
2299 2214 2363 2268 ad
2390 2231 2481 2270 eas
2508 2218 2646 2286 piget
2672 2227 2725 2271 et
2754 2219 2932 2286 pudet,
2967 2221 3036 2273 ita
3061 2231 3202 2275 totus
3223 2223 3276 2277 in
3298 2224 3538 2293 quasdam
3554 2242 3749 2297 magna

2162 2312 2219 2357 et
2262 2306 2395 2359 mira
2437 2307 2723 2361 subvehor.
2753 2308 2939 2363 Nonne
2970 2310 3070 2365 hoc
3090 2321 3174 2366 est
3194 2327 3317 2367 vere
3346 2314 3397 2367 in
3421 2314 3586 2370 Deutn
3615 2333 3749 2371 con-

2164 2394 2344 2448 verti?
2374 2395 2541 2449 Simul
2572 2408 2626 2450 ct
2651 2398 2778 2452 illud
2804 2400 3030 2469 gaudeo,
3061 2402 3201 2471 quod
3227 2403 3418 2459 frustra
3444 2406 3573 2460 mihi
3590 2422 3749 2463 scru-

2163 2485 2323 2553 pulus
2371 2488 2762 2555 superstitionis
2808 2490 3029 2558 injectus
3072 2502 3159 2548 est
3184 2495 3323 2563 quod
3354 2496 3442 2550 tali
3475 2498 3591 2555 loco
3618 2502 3759 2555 talia

2161 2578 2498 2632 cantitabam.
2533 2578 2689 2645 Mihi,
2720 2581 2967 2651 inquam,
3010 2598 3182 2655 neque
3223 2586 3325 2641 hoc
3367 2589 3642 2658 displicet,
3687 2602 3748 2647 et

2160 2665 2227 2721 ad
2255 2667 2396 2721 illum
2424 2667 2662 2725 ordinem
2692 2682 2816 2739 puto
2849 2674 3114 2741 pertinere
3134 2685 3189 2729 ut
3209 2678 3367 2731 etiam
3397 2678 3519 2733 hinc
3542 2681 3745 2751 aliquid

2160 2758 2477 2813 diceremus.
2508 2759 2639 2815 Nam
2668 2762 2741 2815 illi
2766 2765 3015 2832 cantico,
3041 2776 3096 2820 et
3115 2766 3291 2823 locum
3322 2770 3492 2837 ipsum
3520 2786 3626 2840 quo
3650 2772 3753 2829 illa

2160 2849 2358 2905 offensa
2406 2861 2522 2919 est,
2571 2863 2625 2907 et
2671 2864 2881 2911 noctem
2918 2874 3215 2929 congruere
3254 2861 3429 2916 video.
3470 2864 3515 2917 Α
3549 2867 3755 2934 quibus

2160 2941 2300 2995 enim
2330 2942 2489 2997 rebus
2515 2955 2665 3013 putas
2691 2962 2788 2999 nos
2815 2964 2968 3003 orare
2994 2959 3051 3004 ut
3076 2961 3449 3010 convertamur
3462 2954 3530 3009 ad
3548 2956 3745 3025 Deum,

2160 3031 2378 3101 ejusque
2405 3032 2593 3088 faciem
2615 3036 2917 3105 videamus,
2944 3041 3044 3094 nisi
3063 3056 3093 3095 a
3118 3043 3345 3113 quodam
3375 3060 3530 3101 emno
3549 3061 3747 3117 corpo-

2160 3122 2235 3176 ris
2279 3132 2435 3193 atqtte
2480 3128 2762 3193 sordibus,
2817 3139 2871 3183 et
2912 3128 3040 3185 item
3078 3147 3109 3186 a
3155 3132 3387 3189 tenebris
3424 3137 3615 3205 quibus
3641 3154 3741 3193 nos

2159 3228 2309 3268 error
2361 3215 2619 3271 involvit?
2664 3219 2769 3273 Aut
2814 3220 2939 3289 quid
2979 3222 3223 3277 estaliud
3247 3226 3514 3293 converti,
3542 3228 3755 3283 nisiab
3822 3224 3829 3231 ’

2160 3304 2597 3385 immoderatione
2640 3308 2921 3377 vitiorum,
2975 3313 3167 3368 virtute
3206 3328 3270 3369 ac
3312 3320 3656 3387 temperantia
3683 3320 3739 3376 itt

2159 3411 2276 3451 sese
2317 3398 2501 3453 attoli?
2542 3398 2745 3469 Quidve
2785 3401 2930 3457 aliud
2976 3414 3058 3458 est
3095 3404 3187 3459 Dei
3212 3406 3404 3474 facies,
3439 3424 3594 3477 quam
3623 3410 3747 3481 ipsa

2158 3488 2242 3541 cui
2271 3490 2628 3557 suspiramus,
2653 3499 2709 3545 et
2732 3492 3125 3549 cuinosamatte
3137 3496 3363 3551 mundos
3377 3499 3735 3570 pulchrosque

2159 3579 2461 3647 reddimus,
2510 3583 2742 3639 veritas?
2787 3584 2975 3640 Melius
3017 3586 3120 3640 diei
3162 3602 3264 3641 non
3311 3597 3515 3657 potest,
3565 3590 3745 3660 inquit

2157 3673 2479 3727 exclamans.
2510 3675 2705 3729 Deinde
2724 3678 3057 3746 suppressius
3078 3680 3225 3749 quasi
3242 3679 3310 3733 ad
3331 3697 3515 3735 aurem
3539 3701 3553 3735 :
3583 3683 3735 3748 Vide,

2158 3780 2365 3835 quteso,
2393 3775 2590 3836 quanta
2620 3777 3001 3835 occurrerunt,
3020 3779 3076 3823 ut
3112 3771 3322 3825 credam
3362 3788 3487 3844 erga
3513 3790 3611 3830 nos
3630 3776 3737 3831 ali-

2158 3857 2282 3928 quid
2308 3858 2415 3927 jam
2451 3860 2786 3928 prosperiore
2805 3861 2993 3916 ordine
3021 3863 3157 3918 fieri.

2226 3949 2317 4003 ει.
2347 3949 2403 4004 Si
2429 3949 2691 4018 ordinem,
2720 3951 2955 4021 inquam,
2980 3968 3163 4017 curas,
3191 3954 3516 4011 redeundum
3544 3957 3636 4012 tibi
3648 3966 3741 4014 est
3754 3956 3811 4019 \

2156 4041 2222 4095 ad
2253 4042 2371 4096 illos
2392 4058 2592 4097 versus.
2620 4042 2753 4097 Nam
2780 4044 3005 4099 eruditio
3021 4046 3415 4117 disciplinarum
3439 4049 3743 4106 liberalium

2157 4134 2393 4189 modesta
2422 4150 2549 4189 sane
2578 4144 2735 4206 atque
2763 4137 3028 4192 succincta
3049 4178 3065 4203 ,
3093 4146 3147 4193 et
3169 4139 3455 4195 alacriores
3477 4150 3532 4197 et
3548 4156 3736 4211 perse-

2156 4227 2481 4280 verantiores
2523 4235 2577 4281 et
2614 4228 2937 4295 comptiores
2970 4228 3184 4286 exhibet
3223 4240 3490 4287 amatores
3532 4234 3739 4302 ample-

2154 4317 2359 4372 ctenda:
2383 4316 2613 4383 veritati,
2636 4327 2692 4371 ut
2714 4327 2768 4373 et
2794 4318 3063 4375 ardentius
3090 4330 3374 4391 appetant,
3401 4308 3454 4377 et
3477 4335 3733 4378 constam-

2156 4409 2258 4463 tius
2275 4408 2636 4477 insequantur,
2658 4416 2713 4462 et
2731 4408 3021 4463 inhaereant
3034 4420 3301 4479 postremo
3317 4412 3527 4467 dulcius
3547 4414 3595 4483 (l
3619 4413 3733 4468 Re-

2154 4508 2301 4553 tract.
2328 4516 2443 4570 sap.
2470 4500 2531 4565 3,
2570 4517 2621 4553 ιι.
2643 4500 2721 4571 2),
2748 4516 2868 4570 qure
2894 4513 3137 4569 vocatur,
3158 4502 3393 4568 Licenti,
3423 4504 3576 4559 beata
3601 4507 3731 4560 vita.
3770 4548 3795 4561 μ

2152 4592 2264 4659 Qua
2292 4592 2557 4646 nominata
2573 4632 2587 4654 ,
2620 4607 2804 4647 omnes
2824 4607 2941 4648 sese
2958 4593 3195 4663 erigunt,
3213 4604 3268 4650 et
3286 4597 3434 4665 quasi
3454 4596 3736 4652 attendunt

2153 4684 2206 4737 in
2238 4699 2424 4737 manus
2443 4723 2460 4750 ,
2501 4693 2675 4737 utrum
2715 4683 2913 4738 habeas
2939 4685 3076 4754 quod
3108 4686 3236 4740 dare
3261 4688 3429 4755 possis
3456 4689 3741 4759 egentibm

2154 4774 2413 4843 variisque
2443 4773 2640 4827 morbis
2661 4773 2945 4843 impeditis.
2968 4774 3170 4843 Quibus
3189 4777 3576 4845 sapientiacum
3590 4796 3736 4849 pra:-

2151 4869 2328 4935 cipere
2352 4867 2576 4935 coeperit
2604 4875 2662 4920 ut
2686 4868 2950 4922 medicum
2984 4867 3253 4938 perferant
3272 4908 3286 4933 ,
3310 4884 3474 4939 seque
3492 4886 3611 4925 cum
3634 4872 3738 4925 ali—

2150 4974 2252 5027 qua
2301 4959 2547 5027 patientia
2573 4960 2745 5014 curari
2772 4960 2977 5027 sinant,
3009 4960 3063 5014 in
3090 4976 3295 5029 pannos
3319 4976 3443 5015 suos
3464 4962 3728 5017 recidunt.

2150 5050 2389 5118 Quorum
2405 5052 2853 5109 concalefactione
2875 5052 3143 5117 tabificati,
3157 5053 3388 5107 scabiem
3401 5054 3732 5123 voluptatum

2150 5158 2570 5198 aerumnosarum
2592 5144 2835 5214 scalpunt
2858 5144 3124 5208 libentius,
3146 5158 3306 5213 quam
3333 5151 3392 5197 ut
3405 5145 3602 5198 monita
3616 5160 3732 5199 me-

2149 5234 2251 5288 dici
2299 5233 2566 5303 paululum
2615 5234 2745 5289 dura
2793 5242 2849 5289 et
2891 5235 3091 5290 morbis
3130 5249 3353 5287 onerosa
3384 5235 3731 5304 perpetiendo

2150 5335 2307 5395 atque
2353 5325 2628 5380 subeundo
2645 5364 2664 5392 ,
2689 5325 2973 5381 valetudini
2998 5339 3243 5380 sanorum
3273 5325 3479 5394 lucique
3502 5325 3731 5380 reddan-

2150 5427 2254 5473 tur.
2300 5418 2480 5488 ltaque
2514 5417 2605 5472 illo
2635 5416 2829 5472 summi
2860 5418 2949 5473 Dei
2972 5419 3187 5472 nomine
3210 5433 3273 5472 ac
3295 5432 3456 5473 sensu
3477 5429 3737 5487 tanquam

2151 5514 2286 5580 stipe
2310 5511 2542 5566 contenti
2572 5510 2756 5564 vivunt
2782 5510 2958 5564 miseri
2980 5552 2995 5576 ,
3026 5511 3209 5564 vivunt
3240 5518 3437 5565 tamen.
3467 5510 3612 5565 Alios
3632 5526 3732 5564 au-

2150 5610 2254 5657 tem
2290 5602 2451 5667 viros,
2471 5600 2842 5669 vel,ut-veritts
2867 5600 3141 5670 loquamur
3157 5643 3171 5667 ,
3196 5603 3323 5656 alias
3346 5602 3577 5667 animas,
3602 5602 3727 5657 dum

2152 5683 2249 5752 hoc
2269 5702 2462 5765 corpus
2488 5699 2676 5763 agunt,
2701 5690 2809 5763 jam
2839 5690 3070 5747 thalamo
3097 5708 3192 5749 suo
3218 5691 3400 5762 dignas
3421 5690 3612 5761 conjua
3642 5693 3726 5748 ille
