4096 6368
325 316 428 374 989

322 432 555 504 optimus
601 440 664 482 ac
700 421 1086 496 pulcherrimus
1112 416 1296 488 quaerit
1314 455 1328 479 ,
1356 412 1546 484 quibus
1567 426 1670 465 non
1698 411 1872 504 vivere
1891 448 1905 471 ,

326 500 420 581 sed
470 522 624 576 beate
666 518 845 570 vivere
878 512 1007 567 satis
1031 510 1119 565 sit.
1147 506 1291 562 Vade
1316 520 1441 575 ergo
1466 502 1674 557 interim
1700 500 1763 553 ad
1794 500 1912 554 illas

327 617 529 673 Musas.
557 610 960 670 Verumtamen,
981 606 1086 659 scis
1110 601 1237 672 quid
1262 609 1316 654 te
1342 599 1515 653 facere
1537 592 1734 649 velim?
1753 591 1909 656 lube,

326 710 432 772 ait,
467 703 607 775 quod
632 702 825 772 placet.
859 698 958 754 Ubi
978 710 1056 761 se,
1085 695 1319 763 inquam,
1344 689 1601 760 Pyramus
1621 696 1673 741 et
1690 685 1775 739 illa
1798 685 1913 753 ejus

327 774 501 867 supra
530 794 875 856 seminecem,
914 798 974 842 ut
1007 793 1314 840 cautaturus
1340 796 1420 845 es,
1447 776 1830 837 iuteremeriut,
1859 774 1911 828 in

326 890 519 946 dolore
561 888 699 958 ipso,
741 899 848 955 quo
884 892 1030 937 tuum
1064 891 1276 933 carmen
1313 871 1683 929 vehementius
1704 867 1910 922 inﬂam-

329 980 465 1036 mari
511 979 687 1041 decet,
729 974 895 1030 babes
929 966 1413 1025 commodissimam
1441 960 1909 1032 opportunitatem.

334 1072 526 1141 Arripe
553 1069 692 1124 illius
717 1065 876 1122 fcedre
901 1060 1133 1117 libidinis
1160 1067 1213 1114 et
1242 1054 1607 1111 incendiorum
1626 1058 1915 1106 venenato-

331 1180 451 1221 rum
472 1160 912 1223 exsecrationem,
940 1153 1133 1225 quibus
1152 1148 1447 1205 miseranda
1467 1145 1554 1200 illa
1573 1142 1909 1211 contingunt:

336 1254 532 1313 deinde
558 1261 697 1306 totus
718 1248 960 1303 attollere
975 1244 1025 1299 in
1044 1241 1251 1297 laudem
1270 1238 1387 1309 puri
1407 1245 1460 1291 et
1479 1235 1673 1291 sinceri
1692 1234 1910 1300 amoris,

331 1360 442 1415 quo
485 1346 678 1398 anima:
706 1340 901 1394 dotatae
927 1332 1219 1404 disciplinis
1246 1341 1302 1387 et
1331 1330 1525 1383 virtute
1549 1326 1795 1381 formosae
1819 1337 1910 1379 eo-

333 1437 583 1507 pulantur
625 1429 911 1486 intellectui
957 1442 1051 1497 per
1090 1421 1509 1494 pbiIOSOphiam,
1552 1416 1912 1474 etnonsolum

333 1535 561 1582 mortem
608 1523 844 1593 fugiunt,
892 1535 1075 1573 verum
1112 1516 1272 1570 etiam
1319 1513 1424 1566 vita
1462 1509 1764 1567 beatissima
1794 1523 1916 1577 per-

332 1618 599 1673 fruuntur.
626 1614 721 1669 llic
740 1612 828 1667 ille
853 1611 1044 1664 tacitus
1068 1621 1129 1662 ac
1152 1606 1243 1661 diu
1268 1603 1690 1660 consideratione
1704 1609 1909 1663 nutans,

334 1718 536 1765 metato
561 1706 731 1775 capite
759 1703 1033 1759 abscessit.

404 1819 495 1875 25.
542 1816 741 1872 Deinde
769 1830 869 1884 ego
908 1826 1118 1883 quoque
1160 1807 1399 1874 surrexi,
1447 1804 1771 1870 redditisque
1807 1803 1917 1857 Deo
1966 1837 1975 1850 .

337 1908 661 1981 quotidiauis
689 1907 846 1971 votis,
878 1906 955 1959 ire
974 1917 1305 1973 coeperamus
1331 1901 1380 1954 in
1402 1898 1638 1953 balneas.
1663 1897 1754 1952 ille
1775 1897 1915 1951 enim

338 2005 485 2058 locus
524 2002 695 2064 nobis,
714 2015 834 2054 cum
862 1998 999 2053 cmio
1024 1996 1158 2050 tristi
1190 1995 1240 2049 in
1269 2008 1395 2065 agro
1414 2007 1532 2047 esse
1557 1991 1775 2045 minime
1800 1998 1916 2058 pots

340 2110 575 2161 eramus,
617 2104 770 2163 aptus
791 2091 855 2146 ad
884 2088 1254 2159 disputandum
1281 2097 1336 2142 et
1361 2084 1631 2140 familiaris
1653 2082 1766 2137 fuit.
1785 2082 1916 2137 Cum

338 2200 465 2241 ecce
490 2194 612 2240 ante
639 2183 781 2237 fores
807 2180 1131 2235 advertimus
1157 2177 1324 2247 gallos
1344 2176 1660 2247 gallinaceos
1679 2174 1919 2228 ineuntes

339 2292 564 2349 pugnam
611 2276 769 2331 nimis
818 2288 1018 2329 acrem.
1066 2270 1243 2326 Libuit
1287 2269 1577 2324 attendere.
1610 2267 1747 2336 Quid
1777 2266 1919 2321 enim

337 2386 444 2427 non
490 2368 762 2433 ambiunt,
811 2381 914 2438 qua
960 2379 1062 2419 non
1094 2370 1371 2433 peragrant
1397 2360 1532 2416 oeuli
1561 2368 1822 2425 amatum,
1856 2375 1921 2414 ne

332 2460 465 2531 quid
508 2459 647 2530 unde,
689 2457 828 2512 unde
855 2458 872 2488 ¹
920 2456 1103 2510 innuat
1132 2451 1463 2522 pulchritudo
1487 2451 1707 2507 rationis
1732 2459 1920 2505 cuncta

339 2551 560 2606 scientia
585 2558 637 2606 et
665 2532 947 2604 nescientis
975 2545 1323 2600 modificantis
1340 2552 1395 2599 et
1417 2542 1779 2612 gubernantis,
1803 2558 1922 2613 qua:

341 2642 611 2698 inhiantes
638 2640 736 2696 sibi
767 2648 1056 2695 sectatores
1081 2652 1206 2693 suos
1236 2637 1396 2690 trahit
1414 2650 1746 2707 quacumque
1765 2644 1922 2704 atque

340 2735 664 2805 ubicumque
685 2749 741 2789 se
763 2732 925 2802 quieri
942 2729 1127 2800 jubet?
1155 2728 1287 2784 Nam
1314 2727 1452 2783 unde
1476 2737 1565 2781 aut
1596 2728 1681 2782 ubi
1704 2743 1805 2780 non
1830 2742 1923 2797 po-

341 2834 448 2883 test
489 2827 692 2895 signum
735 2823 896 2879 dare?
937 2821 1008 2879 Ut
1050 2821 1101 2876 in
1140 2822 1341 2877 eisdem
1378 2819 1507 2889 ipsis
1532 2812 1686 2890 gallis
1705 2829 1820 2875 erat
1842 2820 1921 2875 vi-

340 2918 491 2983 dere,
524 2917 721 2971 intenta
756 2914 1040 2985 projectius
1065 2914 1238 2983 capita
1256 2954 1269 2978 ,
1301 2911 1507 2967 inﬂatas
1533 2927 1734 2976 comas,
1763 2911 1923 2969 vehe-

341 3014 550 3062 mentes
570 3006 724 3069 ictus,
754 3004 1086 3059 cautissimas
1111 3002 1442 3068 evitationes,
1462 3012 1513 3056 et
1536 3002 1586 3055 in
1609 3003 1754 3057 omni
1777 3012 1921 3057 motu

340 3097 649 3153 animalium
702 3095 923 3151 rationis
973 3094 1270 3165 expertium
1318 3093 1446 3147 nihil
1490 3108 1595 3146 non
1636 3093 1918 3159 decorum,

340 3190 537 3261 quippe
555 3188 655 3244 alia
675 3188 879 3244 ratione
899 3186 1129 3257 desuper
1142 3185 1319 3240 omnia
1346 3184 1675 3241 moderante.
1704 3185 1919 3242 Postre-

342 3296 434 3338 mo
464 3282 632 3351 legem
659 3279 826 3349 ipsam
852 3278 1104 3344 victoris;
1132 3276 1416 3346 superbum
1443 3284 1678 3342 cantum,
1708 3286 1763 3332 et
1782 3293 1921 3331 mem

341 3372 511 3430 brain
532 3387 693 3426 unum
717 3370 865 3439 quasi
895 3369 1078 3425 orbem
1095 3368 1319 3423 collecta
1352 3367 1495 3422 velut
1523 3367 1576 3421 in
1607 3366 1798 3422 fastum
1829 3368 1924 3422 du-

342 3464 668 3521 miuationis.
699 3461 917 3532 Signum
940 3470 1115 3515 autem
1136 3459 1295 3521 victi;
1323 3460 1490 3516 elatas
1512 3475 1540 3513 a
1567 3461 1773 3515 cervice
1803 3478 1922 3531 pen-

343 3556 584 3621 nulas,et
604 3552 658 3607 in
676 3567 809 3607 voce
833 3560 991 3622 atque
1014 3559 1162 3604 motu
1188 3550 1425 3605 deforme
1448 3558 1612 3604 totum
1628 3591 1643 3617 ,
1660 3560 1790 3606 eteo
1809 3554 1924 3623 ipso

344 3645 755 3715 naturaalegibus
764 3642 943 3701 nescio
954 3643 1218 3717 quomodo
1231 3644 1542 3698 concinnum
1558 3651 1609 3699 et
1623 3644 1920 3714 pulchrum.

412 3738 505 3792 26.
546 3736 709 3791 Multa
748 3736 1114 3805 quierebamus
1154 3754 1166 3788 :
1206 3750 1302 3789 cur
1325 3735 1402 3788 sic
1432 3749 1650 3802 omnes,
1682 3750 1778 3790 cur
1805 3752 1925 3807 pro-

344 3838 465 3899 pter
510 3826 923 3883 dominationem
969 3826 1021 3880 in
1064 3824 1331 3896 subjectos
1392 3829 1492 3883 sibi
1532 3828 1789 3898 feminas,
1830 3846 1926 3885 cur

343 3920 538 3976 deinde
582 3934 679 3974 uos
721 3920 831 3989 ipsa
882 3933 1073 3989 pugna:
1116 3915 1280 3974 facies
1304 3920 1627 3990 aliquantum
1650 3932 1701 3976 et
1733 3933 1926 3992 praater

342 4011 588 4067 altiorem
611 4011 764 4065 istam
786 4007 1266 4064 considerationem
1287 4009 1504 4065 duceret
1526 4012 1576 4065 in
1599 4012 1923 4083 voluptatem

344 4101 635 4173 spectaculi
686 4120 701 4155 :
753 4100 880 4171 quid
910 4101 962 4154 in
994 4100 1148 4155 nobis
1175 4108 1316 4155 esset
1344 4101 1482 4170 quod
1510 4116 1539 4156 a
1567 4103 1811 4158 sensibus
1840 4114 1926 4159 re-

344 4194 537 4251 mota’
581 4194 740 4248 multa
784 4201 1079 4262 quaereret;
1126 4191 1249 4261 quid
1294 4208 1505 4247 rursum
1526 4194 1662 4264 quod
1691 4194 1923 4264 ipsorum

346 4300 599 4342 sensuum
650 4285 956 4339 invitatione
999 4289 1294 4352 caperetur.
1327 4283 1638 4339 Dicebamus
1663 4285 1814 4340 nobis
1846 4286 1925 4356 ip-

346 4377 425 4432 sis
450 4394 463 4430 :
491 4375 593 4433 Ubi
622 4391 726 4430 non
755 4377 875 4431 lex?
894 4375 983 4430 ubi
1006 4390 1110 4428 non
1134 4373 1339 4428 meliori
1361 4373 1593 4429 debitum
1614 4376 1926 4446 imperium?

349 4468 441 4523 ubi
484 4482 590 4522 non
634 4467 818 4521 umbra
860 4462 1214 4520 constantiazi'
1257 4464 1343 4519 ubi
1371 4479 1475 4519 non
1503 4463 1724 4520 imitatio
1755 4468 1926 4524 veris;

350 4558 502 4614 sim
545 4556 687 4611 illius
734 4553 1181 4625 pulchritudinis?
1220 4554 1307 4609 ubi
1350 4570 1453 4608 non
1500 4554 1730 4611 modus?
1755 4558 1926 4628 Atque

351 4647 475 4703 inde
513 4644 765 4700 admoniti
805 4653 861 4699 ut
884 4643 1151 4713 spectandi
1180 4644 1366 4699 modus
1394 4652 1570 4714 esset,
1599 4646 1928 4716 perreximus

350 4752 459 4807 quo
493 4737 822 4808 propositqu
869 4743 1001 4791 erat.
1045 4735 1215 4805 Atque
1257 4737 1362 4801 ibi,
1395 4747 1452 4791 ut
1477 4739 1928 4809 potuimus,sane

349 4828 631 4901 diligenter
676 4826 819 4901 (nam
845 4834 897 4881 et
918 4834 1160 4881 recentes
1184 4840 1270 4880 res
1295 4835 1462 4892 erant,
1494 4838 1547 4883 et
1574 4831 1786 4899 quando
1812 4841 1927 4900 pot-

353 4928 510 4976 erant
577 4929 683 4973 tam
734 4918 977 4987 insignita
1018 4918 1176 4972 trium
1224 4918 1580 4995 studiosorum
1616 4923 1926 4979 memoriam

352 5011 666 5081 effugere?)
712 5009 890 5063 omnia
934 5018 1131 5064 nostra:
1176 5008 1554 5065 lucubrationis
1596 5014 1847 5084 opuscula
1875 5014 1927 5070 in

354 5101 493 5156 hanc
542 5100 706 5155 libelli
751 5108 953 5169 partem
985 5099 1321 5154 contulimus.
1347 5099 1593 5171 Nihilque
1619 5118 1651 5156 a
1677 5119 1763 5158 me
1788 5104 1929 5160 aliud

352 5205 530 5251 actum
553 5200 637 5249 est
664 5192 753 5247 illo
780 5192 900 5259 die,
929 5201 985 5246 ut
1014 5192 1300 5247 valetudini
1329 5207 1598 5262 parcerem
1617 5237 1634 5263 ,
1666 5197 1764 5250 nisi
1790 5181 1929 5266 quod

356 5296 480 5340 ante
508 5299 716 5340 cauam
745 5299 866 5338 cum
893 5284 1021 5353 ipsis
1044 5283 1318 5338 dimidium
1343 5285 1589 5341 volumen
1618 5284 1817 5357 Virgilii
1837 5303 1931 5342 au-

357 5376 479 5432 dire
530 5374 767 5445 quotidie
812 5376 1000 5430 solitus
1029 5391 1208 5439 eram,
1238 5375 1366 5429 nihil
1392 5375 1547 5431 nobis
1570 5375 1763 5447 ubique
1790 5377 1931 5433 aliud

422 5554 569 5624 'VAm.
599 5559 695 5624 Β..
711 5559 765 5624 et
781 5558 894 5604 nov.
915 5552 1126 5624 habent,
1356 5552 1471 5624 inde
1499 5563 1665 5624 nutriat
1686 5564 1775 5609 :et
1796 5557 1937 5624 paulo

357 5623 481 5680 post,
504 5628 627 5680 aque
643 5613 925 5680 ubicunque
940 5613 1117 5668 sectari
1135 5613 1289 5680 jubet.
1331 5619 1421 5668 sed
1444 5620 1715 5670 concinnior
1737 5613 1838 5669 uss.
1866 5621 1937 5671 le-

356 5676 479 5739 otio,
497 5676 645 5742 quam
664 5677 723 5727 in
736 5676 876 5742 textu
896 5676 1078 5728 damus.
1136 5676 1149 5680 '
1658 5714 1661 5721 .

422 5744 443 5770 '
465 5738 536 5789 Sic
556 5748 658 5789 διεδ.
685 5746 740 5788 At
756 5738 865 5788 ndu.
890 5748 1134 5790 remotum.

1698 296 1897 352 LIBER
1938 293 2205 353 PRIMUS.

3494 296 3599 353 990

2020 420 2179 473 quam
2242 418 2421 460 rerum
2467 405 2683 460 modum
2734 405 3214 462 considerantibus.
3266 407 3434 474 Quem
3490 425 3598 462 non

2023 498 2242 565 probare
2287 512 2445 553 nemo
2495 508 2694 568 potest;
2738 497 2937 552 sentire
2980 506 3194 563 autem,
3222 511 3345 552 cum
3370 497 3595 567 quisque

2017 588 2212 658 aliquid
2237 590 2474 644 studiose
2500 589 2636 659 agit,
2660 587 3033 643 difficillimum
3058 597 3216 658 atque
3241 588 3590 643 rarissimum.

2543 700 2817 739 DISPU'I'A'I'IO
2839 702 3070 740 ειωικω.

2283 771 2507 827 CAPUT
2536 770 2629 827 1X.
2653 800 2728 813 -—
2754 770 2894 825 Ordo
2920 770 3027 825 dua:
3052 769 3122 825 ad
3146 769 3328 825 Deum.

2084 858 2176 915 27.
2219 861 2422 917 Deinde
2460 861 2714 933 postridie
2753 862 2891 917 bene
2932 877 3086 917 mane
3127 862 3331 916 alacres
3368 860 3433 915 ad
3473 861 3599 916 soli-

2017 957 2128 1004 tum
2157 950 2329 1005 locum
2352 952 2715 1017 convenimus,
2748 952 2803 1007 in
2828 969 2997 1022 eoque
3024 951 3381 1007 consedimus.
3411 952 3476 1006 Et
3499 966 3599 1021 ego

2014 1041 2231 1097 attentis
2259 1042 2311 1096 in
2351 1059 2436 1098 me
2469 1042 2730 1099 ambobus
2757 1060 2771 1097 :
2802 1043 2896 1098 llic
2917 1054 3065 1106 esto,
3094 1043 3306 1111 inquam
3326 1084 3341 1109 ,
3369 1042 3596 1106 Licenti,

2014 1143 2268 1203 quantum
2309 1144 2494 1203 potes,
2537 1143 2594 1190 et
2636 1143 2691 1189 tu
2733 1134 2978 1205 quidem,
3030 1134 3275 1205 Trygeti;
3320 1149 3418 1189 nec
3455 1134 3599 1188 enim

2017 1235 2177 1292 parva
2203 1238 2288 1279 res
2312 1224 2484 1294 agitur
2511 1240 2525 1279 :
2553 1224 2622 1279 de
2643 1224 2830 1280 ordine
2849 1225 3155 1294 qumt‘imus.
3183 1223 3318 1292 Quid
3339 1238 3439 1293 ego
3458 1237 3598 1278 nune

2016 1314 2167 1382 quasi
2198 1314 2248 1367 in
2276 1314 2454 1369 schola
2482 1313 2602 1380 illa,
2634 1315 2773 1370 unde
2803 1332 2889 1370 me
2927 1331 3139 1387 quoquo
3179 1315 3338 1369 modo
3366 1315 3599 1369 evasisse

2016 1403 2242 1473 gaudeo,
2273 1406 2607 1469 constitutus,
2636 1406 2851 1477 copiose
2875 1415 3032 1475 atque
3059 1414 3246 1461 ornate
3273 1406 3423 1459 vobis
3449 1406 3597 1460 ordi-

2018 1510 2138 1548 uem
2165 1494 2416 1549 laudem?
2446 1495 2701 1563 Accipite,
2732 1498 2777 1551 si
2802 1496 2977 1559 vultis,
3010 1497 3117 1551 imo
3148 1496 3302 1551 facile
3322 1504 3379 1550 ut
3407 1496 3598 1562 velitis,

2018 1599 2125 1654 quo
2155 1600 2329 1655 neque
2356 1586 2639 1656 quidquam
2669 1588 2735 1643 de
2764 1587 2920 1658 hujus
2956 1588 3113 1645 laude
3140 1588 3349 1643 brevius
3368 1628 3385 1656 ,
3428 1604 3601 1659 neque

2019 1687 2076 1731 ut
2106 1676 2234 1731 mihi
2260 1677 2470 1733 videtur
2507 1680 2683 1733 verius
2721 1680 2822 1734 diei
2862 1689 3052 1748 potest.
3082 1679 3224 1735 Ordo
3249 1691 3327 1735 est
3357 1695 3516 1750 quem
3555 1680 3601 1734 si

2022 1770 2347 1824 tenuerimus
2370 1770 2422 1824 iu
2452 1770 2578 1837 vita,
2610 1771 2859 1839 perducet
2882 1771 2947 1824 ad
2976 1772 3174 1835 Deum;
3217 1779 3273 1827 et
3313 1784 3469 1840 quem
3496 1768 3599 1825 nisi

2023 1862 2346 1916 tenuerimus
2376 1861 2430 1917 in
2459 1863 2563 1916 vita
2584 1902 2599 1927 ,
2629 1878 2733 1917 non
2758 1863 3129 1934 perveniemus
3157 1862 3223 1917 ad
3255 1864 3443 1917 Deum.
3469 1863 3601 1918 Per-

2022 1962 2272 2007 venturos
2311 1962 2489 2007 autem
2528 1970 2627 2009 nos
2663 1954 2805 2023 jam,
2848 1954 2949 2008 nisi
2991 1970 3078 2007 me
3112 1953 3325 2006 animus
3351 1953 3418 2008 de
3454 1954 3607 2007 vobis

2024 2043 2174 2107 fallit,
2207 2044 2578 2112 prmsumimus
2608 2053 2665 2098 et
2686 2059 2981 2115 speramus.
3015 2030 3423 2114 Diligentissfme
3450 2042 3609 2112 igitur

2025 2133 2163 2187 inter
2203 2147 2303 2188 nos
2339 2133 2436 2187 ista
2473 2135 2697 2204 quaistio
2735 2135 2932 2189 versari
2975 2134 3135 2189 debet
3168 2142 3327 2203 atque
3369 2133 3605 2188 dissolvi.

2027 2221 2233 2277 Vellem
2263 2222 2511 2278 adessent
2535 2224 2714 2279 caueri
2738 2224 2828 2293 qui
2857 2224 3130 2278 nobiscum
3162 2223 3246 2278 his
3272 2222 3496 2292 negotiis
3520 2236 3612 2277 so-

2025 2312 2135 2367 lent
2169 2313 2445 2368 interesse.
2476 2312 2702 2381 Vellem,
2742 2315 2788 2369 si
2819 2315 2930 2369 fieri
2959 2324 3156 2384 posset,
3193 2330 3298 2368 non
3328 2316 3457 2369 istos
3488 2322 3609 2367 tau-

2026 2410 2137 2457 tum
2161 2444 2176 2466 ,
2207 2403 2299 2458 sed
2330 2418 2519 2459 onmes
2549 2405 2736 2460 saltem
2777 2403 3062 2459 familiares
3103 2414 3344 2469 nostros,
3383 2420 3607 2474 quorum

2025 2508 2238 2563 semper
2278 2494 2513 2549 admiror
2562 2495 2863 2565 ingenium,
2914 2512 3054 2550 nune
3092 2498 3110 2529 ¹
3155 2512 3362 2551 meeum
3409 2476 3607 2552 habere

2023 2600 2181 2655 quam
2210 2599 2305 2639 vos
2331 2587 2461 2642 estis
2490 2586 2751 2651 intentos;
2778 2598 2867 2640 aut
2894 2600 3042 2643 certe
3069 2587 3240 2657 ipsum
3274 2596 3473 2643 tantum
3501 2587 3607 2643 Ze-

2027 2676 2267 2741 nobium,
2297 2691 2455 2745 quem
2483 2676 2549 2730 de
2575 2676 2676 2731 bac
2711 2692 2767 2731 re
2806 2685 2948 2732 tanta
2994 2679 3297 2733 molientem
3339 2693 3607 2748 nunquam

2028 2780 2125 2835 pro
2151 2765 2267 2834 ejus
2291 2766 2655 2836 magnitudine
2679 2767 2881 2822 otiosus
2903 2768 3102 2837 accepi.
3136 2768 3242 2825 Sed
3266 2770 3386 2838 quia
3418 2768 3469 2823 id
3499 2783 3607 2823 non

2027 2857 2240 2924 evenit,
2272 2857 2447 2926 legent
2488 2858 2690 2913 litteras
2725 2866 2968 2925 nostras,
2998 2858 3246 2928 quoniam
3291 2859 3613 2914 instituimus

2022 2948 2132 3019 jam
2168 2949 2236 3003 de
2267 2949 2379 3003 istis
2407 2949 2567 3004 rebus
2596 2949 2758 3005 verba
2785 2964 2890 3003 non
2918 2950 3172 3019 perdere,
3199 2965 3390 3020 resque
3415 2952 3555 3019 ipsas
3579 2963 3610 3005 ι

2028 3040 2285 3096 memoria
2312 3039 2547 3111 fugaces,
2575 3041 2897 3110 scriptorum
2921 3045 3072 3111 quasi
3099 3042 3308 3098 vinculo
3331 3056 3436 3111 quo
3456 3042 3613 3098 redu-

2026 3142 2214 3190 cantur
2239 3134 2529 3188 innectere.
2564 3134 2632 3188 Et
2658 3134 2736 3188 sic
2758 3131 2984 3189 fortasse
3019 3133 3152 3188 ordo
3188 3134 3299 3202 ipse
3337 3134 3609 3203 poscebat,

2027 3226 2116 3295 qui
2140 3240 2325 3280 eorum
2354 3230 2653 3294 procuravit
2677 3224 2994 3282 absentiam.
3022 3224 3153 3279 Nam
3180 3233 3234 3279 et
3257 3240 3352 3280 vos
3379 3226 3614 3293 profecto

2028 3315 2080 3370 in
2108 3330 2221 3371 rem
2249 3323 2469 3381 tantam,
2492 3314 2614 3384 quia
2641 3316 2766 3368 solis
2789 3315 3100 3387 perferenda
3128 3315 3418 3383 imponitur
3432 3314 3611 3380 nobis.

2026 3407 2288 3462 ereetiore
2316 3406 2495 3460 animo
2532 3406 2832 3477 insurgitis;
2876 3415 2931 3461 et.
2973 3421 3094 3461 eum
3135 3405 3211 3461 illi
3255 3406 3476 3477 legerint
3519 3407 3614 3477 qui

2028 3497 2180 3551 nobis
2207 3498 2436 3551 maxima
2466 3512 2592 3552 cura
2622 3506 2767 3563 sunt,
2799 3496 2846 3553 si
2874 3496 2999 3567 quid
3027 3512 3120 3553 eos
3149 3499 3374 3552 moverit
3399 3497 3466 3552 ad
3486 3511 3613 3552 con-

2030 3588 2420 3656 tradiceudum,
2452 3589 2582 3643 alias
2608 3589 2761 3643 nobis
2786 3588 3172 3657 disputationes
3199 3588 3485 3657 disputatio
3513 3588 3614 3644 ista

2030 3682 2345 3753 procreabit,
2374 3697 2538 3751 seque
2559 3682 2669 3752 ipsa
2688 3681 2955 3736 successio
2973 3695 3277 3735 sermonum
3302 3681 3352 3735 in
3373 3680 3613 3735 ordinem

2028 3774 2225 3829 inseret
2254 3772 2567 3844 disciplima.
2600 3772 2707 3828 Sed
2734 3787 2874 3825 nunc
2892 3812 2909 3838 ,
2935 3782 2996 3825 ut
3019 3770 3393 3839 promiseram,
3420 3769 3613 3825 Licen-

2029 3864 2124 3929 tio,
2155 3872 2411 3933 quantum
2443 3877 2531 3918 res
2557 3862 2774 3931 patitur,
2805 3860 3162 3927 adversabor;
3191 3861 3280 3931 qui
3306 3867 3469 3915 totam
3490 3875 3618 3916 cau-

2028 3969 2143 4009 sam
2162 3955 2273 4024 jam
2297 3969 2433 4024 pene
2453 3954 2699 4021 confecit,
2726 3954 2769 4007 si
2793 3953 2960 4024 possit
2980 3968 3097 4007 eam
3119 3952 3440 4008 defensionis
3459 3968 3615 4008 muro

2029 4044 2291 4098 stabiliter
2320 4044 2575 4113 tiriueque
2604 4044 2823 4098 vallare.

2028 4133 2256 4189 CAPUT
2284 4133 2356 4189 Χ.
2382 4165 2456 4175 -
2485 4134 2623 4188 Ordo
2651 4134 2791 4205 quid.
2827 4132 2893 4188 Ut
2922 4132 3181 4186 coercendi
3207 4133 3540 4188 mutationis
3568 4141 3618 4186 et

2098 4228 2265 4282 inanis
2291 4228 2555 4295 jactantia:
2597 4237 2761 4282 motus
2799 4226 2851 4280 in
2889 4225 3319 4293 adolescentibus,
3356 4225 3442 4295 qui
3484 4225 3616 4279 dant

2101 4335 2305 4389 Operam
2332 4318 2529 4372 litteris.

2101 4408 2193 4464 28.
2228 4408 2323 4462 ilic
2344 4408 2430 4462 ubi
2453 4423 2577 4473 eos,
2600 4406 2832 4474 silentio,
2859 4407 3026 4472 vultu,
3052 4406 3238 4472 oculis,
3267 4408 3618 4477 suspensione

2029 4510 2188 4570 atque
2226 4500 2593 4554 immobilitate
2634 4499 2995 4553 membrorum
3038 4509 3092 4554 et
3136 4500 3215 4554 rei
3255 4501 3616 4570 magnitudine
3652 4522 3655 4527 λ

2030 4593 2159 4649 satis
2217 4601 2549 4655 commotos,
2606 4599 2660 4645 et
2708 4589 2956 4644 audiendi
3007 4590 3273 4651 desiderio
3324 4591 3657 4647 inllamma--

2032 4694 2114 4740 tos
2153 4699 2271 4740 esse
2308 4683 2561 4752 conspexi
2592 4700 2605 4736 :
2639 4682 2815 4752 Ergo,
2859 4682 3107 4752 inquam,
3154 4683 3391 4749 Licenti,
3433 4684 3477 4737 si
3522 4683 3614 4738 tibi

2030 4774 2270 4841 videtur,
2312 4773 2501 4843 collige
2547 4772 2600 4827 in
2648 4781 2700 4828 te
2737 4771 2989 4842 quidquid
3020 4773 3207 4827 virium
3240 4780 3418 4841 potes,
3457 4773 3615 4828 elima

2031 4865 2281 4938 quidquid
2311 4864 2476 4919 habes
2498 4862 2787 4931 acuminis,
2828 4873 2882 4919 et
2910 4864 3043 4918 ordo
3080 4865 3176 4918 iste
3214 4863 3340 4931 quid
3380 4864 3451 4919 sit
3483 4863 3615 4919 defl-

2032 4957 2232 5011 nitione
2260 4955 2636 5026 complectere.
2667 4954 2800 5009 Tum
2840 4954 2930 5009 ille
2962 4953 3050 5008 ubi
3079 4968 3137 5009 se
3164 4953 3231 5008 ad
3259 4954 3615 5012 definiendum

2032 5050 2148 5119 cogi
2191 5048 2425 5115 audivit,
2459 5048 2607 5117 quasi
2646 5062 2781 5117 aqua
2820 5045 3007 5115 frigida
3036 5059 3282 5114 aspersus
3306 5045 3613 5113 exhorruit;

2032 5148 2081 5192 et
2112 5136 2398 5192 turbatiore
2426 5137 2574 5190 vultu
2599 5151 2685 5190 me
2710 5136 2940 5196 intuens,
2968 5143 3148 5204 atque,
3180 5135 3344 5203 utﬁt,
3371 5137 3484 5206 ipsa
3510 5146 3620 5193 tre-
3662 5170 3667 5177 ι

2034 5227 2299 5298 pidatione
2324 5227 2601 5281 subridens
2630 5243 2643 5278 :
2673 5225 2808 5292 Quid
2834 5224 2936 5279 hoc
2961 5234 3041 5280 est
3065 5227 3181 5281 rei?
3206 5226 3332 5297 quid
3351 5229 3499 5298 quasi
3524 5229 3616 5284 tibi

2034 5316 2219 5372 videor
2237 5358 2251 5382 ,
2282 5315 2487 5386 inquit?
2514 5332 2579 5370 an
2608 5332 2734 5372 vere
2761 5315 2943 5371 nescio
2980 5332 3086 5388 quo
3112 5316 3401 5375 adventitio
3428 5321 3619 5390 spiritu

2036 5423 2123 5462 me
2167 5406 2341 5462 credis
2383 5405 2661 5460 inflatum?
2698 5405 2994 5477 Statimque
3034 5422 3156 5463 sese
3195 5409 3437 5465 animans
3467 5429 3483 5466 :
3513 5411 3620 5469 Aut

2037 5499 2280 5562 fortasse,
2307 5498 2401 5565 ait,
2429 5497 2625 5568 aliquid
2664 5513 2871 5553 mecum
2908 5506 3010 5554 est.
3040 5500 3423 5575 Paululumque
3449 5504 3617 5575 siluit,

2037 5600 2097 5646 ut
2116 5590 2169 5644 in
2192 5587 2550 5646 definitionem
2572 5590 2822 5661 quidquid
2844 5591 2920 5647 illi
2938 5591 3004 5647 de
3023 5593 3211 5651 ordine
3230 5595 3461 5652 nationis
3478 5609 3618 5660 erat,
3670 5630 3676 5646 ι

2043 5739 2061 5791 Ι
2107 5682 2268 5793 10mm,
2292 5692 2384 5732 non
2404 5678 2562 5733 minus
2586 5693 2771 5732 mecum
2794 5680 2982 5733 habere.
3011 5682 3096 5733 Alii
3124 5683 3256 5747 libri,
3308 5700 3409 5739 unc
3437 5699 3621 5739 mecum

2060 5756 2105 5793 ta
2138 5756 2235 5793 ore.
2405 5771 2409 5775 ν

2060 5756 2218 5793 ιαυσγσ
2226 5780 2235 5790 .
2405 5771 2409 5775 ν
