2048 3184
236 138 285 166 991

236 195 439 222 cut-duceretur.
457 193 556 221 Deinde
571 193 684 221 erectior
698 201 705 220 :
719 192 791 220 Ordo
804 196 855 224 est,
871 191 964 226 inquit,
981 198 1027 224 per

234 248 314 275 quem
329 245 443 275 aguntur
457 241 546 268 omnia
559 247 618 274 qua:
633 239 703 266 Deus
715 238 858 266 constituit.

269 286 313 314 29.
334 286 402 320 Quid
421 287 478 321 ipse
491 286 575 318 Deus,
594 285 720 320 inquam?
734 292 786 311 non
802 284 848 311 tibi
867 282 1028 318 videturiagi

235 333 348 360 ordine?
362 333 473 360 Prorsus
483 353 490 364 ,
507 332 607 367 inquit,
622 331 735 358 videtur.
757 331 828 365 Ergo
847 330 933 365 agitur
947 329 1025 362 Deus,

235 378 273 404 ait
286 378 434 414 ’l‘rygetius.
450 378 485 405 Et
502 378 547 405 ille
562 386 569 404 :
585 377 653 410 Quid
667 377 755 409 enim,
773 376 871 411 inquit,
891 375 1026 403 Christum

237 422 320 450 Deum
341 431 437 458 negas,
453 423 497 458 qui
518 427 545 450 et
561 421 653 449 ordine
668 421 701 448 ad
715 429 763 448 nos
777 422 866 454 venit,
881 424 908 448 et
921 429 935 446 a
949 420 1027 447 Patre

232 467 290 494 Deo
303 468 412 495 missum
426 475 485 495 esse
503 475 533 494 se
550 467 633 494 dicit?
654 466 683 494 Si
705 466 784 501 igitur
803 466 873 493 Deus
891 465 1025 493 Christum

234 514 327 541 ordine
344 514 377 541 ad
389 521 438 541 nos
451 514 539 546 misit,
554 519 581 541 et
594 514 676 541 Deum
689 512 824 540 Christum
839 520 899 540 esse
913 520 965 539 non
980 519 1026 539 ne-

233 567 337 593 gamus,
351 566 402 585 non
416 559 500 586 solum
513 560 567 594 agit
578 559 677 591 omnia,
691 558 738 586 sed
750 559 835 593 agitur
844 559 937 585 ordine
946 558 1024 585 etiam

234 606 315 632 Dens.
331 605 378 632 Hie
390 605 529 640 Trygetius
541 605 699 632 addubitans
714 614 720 631 :
735 603 838 636 Nescio,
852 604 945 639 inquit,
960 611 1026 638 quo-

234 650 313 677 modo
326 650 394 677 istuc
403 650 542 684 accipiam.
554 651 637 677 Deum
649 651 719 677 enim
731 649 837 684 quando
846 650 1023 682 nominamus,

233 702 285 721 non
299 695 373 729 quasi
388 696 521 723 tuentibus
535 696 591 730 ipse
602 696 724 727 Christus
737 695 862 727 occurrit,
878 695 924 722 sed
935 695 1022 722 Pater.

234 740 278 772 ille
292 745 379 767 autem
396 745 458 767 tunc
472 742 597 773 occurrit,
613 741 719 776 quando
732 740 778 767 Dei
791 740 885 767 Filium
901 741 1023 767 nomina-

233 793 301 811 mus.
320 785 419 812 Bellum
439 793 495 813 rem
515 785 591 818 facis,
609 786 693 820 inquit
705 786 849 813 Licentius.
864 785 1023 820 Negabimus

231 838 296 865 ergo
311 830 356 858 Dei
372 831 467 858 Filium
484 832 565 858 Deum
580 831 658 858 esse?
672 831 720 858 llic
732 831 785 864 ille,
801 839 860 858 cum
874 831 898 858 ei
912 824 1022 865 respon-

231 877 295 904 dere
307 877 482 911 periculosum
493 878 636 910 videretur,
649 881 737 904 tamen
748 885 777 905 se
787 878 873 912 coegit
882 881 961 912 atque
970 877 1021 904 ait:

232 923 263 949 Et
278 923 321 951 hic
334 923 440 958 quidem
454 924 524 951 Deus
537 929 595 958 est,
618 924 664 951 sed
686 929 774 951 tamen
797 924 903 958 proprie
917 924 1021 951 Patretn

230 967 312 994 Deum
325 968 447 995 dicimus.
464 968 512 995 Cui
525 976 574 1004 ego
588 977 595 995 :
611 969 711 997 Cohibe
729 974 754 996 te
774 969 875 1004 potius,
896 969 1020 1003 inquam;

229 1021 282 1041 non
297 1010 465 1042 enim'Filius
480 1015 622 1050 improprie
637 1015 708 1043 Deus
724 1015 829 1043 dicitur.
850 1016 884 1042 At
899 1015 943 1043 ille
958 1015 1020 1042 reli-

228 1059 308 1092 gione
320 1064 485 1092 commotus,
501 1067 561 1087 cum
582 1061 660 1087 etiam
681 1061 759 1088 verba
779 1068 826 1088 sua
845 1061 942 1095 scripta
961 1068 1021 1088 esse

230 1105 320 1138 nollet,
336 1106 445 1140 urgebat
456 1105 590 1133 Licentius
604 1109 634 1132 ut
645 1110 793 1138 manerent,
808 1113 951 1141 puerorum
966 1106 1020 1132 sci-

227 1150 291 1178 licet
309 1158 399 1184 more,
422 1151 466 1179 vel
488 1152 576 1186 potius
598 1152 749 1185 hominum,
765 1153 831 1187 proh
846 1153 936 1180 nefas!
952 1160 1020 1186 pene

226 1196 357 1230 omnium,
372 1197 448 1232 quasi
470 1205 534 1225 vero
555 1198 686 1233 gloriandi
709 1205 787 1225 causa
809 1198 877 1226 inter
892 1206 940 1226 nos
955 1198 1019 1226 illud

226 1233 357 1276 :Qeretur.
377 1242 457 1277 Cujus
472 1247 573 1270 motum
588 1244 670 1271 animi
688 1252 748 1271 cum
767 1244 934 1279 objttrgarem
955 1252 1018 1279 gra-

225 1287 342 1315 vioribus
357 1289 455 1322 verbis,
469 1289 575 1317 erubuit
589 1299 595 1317 2
611 1298 662 1325 qua
678 1292 735 1325 cjus
750 1291 948 1325 perturbatione
962 1291 1019 1318 ani~

225 1334 355 1362 madverti
369 1335 498 1363 ridentem
512 1336 698 1372 lzetantemque
708 1337 870 1373 Trygetium.
886 1338 917 1364 Et
927 1338 1018 1365 ambo-

225 1380 274 1407 bus
288 1389 295 1407 :
310 1380 383 1408 Itane
397 1382 473 1416 agitis
482 1402 490 1415 ,
506 1382 632 1418 inquam?
645 1383 739 1410 Nonne
756 1391 804 1411 vos
818 1389 908 1411 movet
922 1384 1016 1419 quibus

225 1429 347 1456 vitiorum
364 1429 477 1457 molibus
492 1434 570 1465 atque
584 1430 721 1465 imperitia:
736 1431 851 1458 tenebris
866 1439 1017 1466 premamnr

223 1478 251 1501 et
263 1475 470 1509 cooperlamur?
483 1476 607 1504 Haeccine
619 1481 660 1504 est
674 1477 718 1504 illa
737 1477 815 1511 paulo
834 1481 896 1504 ante
916 1482 1013 1510 vestra,

222 1519 257 1547 de
266 1527 318 1554 qua
328 1520 432 1555 ineptus
445 1521 562 1555 laetabar,
575 1522 687 1549 attentio
698 1526 724 1549 et
737 1523 762 1549 in
775 1522 857 1550 Deum
868 1523 1019 1559 veritatem-_

222 1573 275 1600 qne
289 1567 437 1594 surrectio?
459 1566 481 1595 Ο
503 1568 525 1594 si
547 1568 688 1601 videretis,
712 1568 753 1595 vel
774 1573 826 1596 tam
844 1569 1015 1604 lippientibus

223 1611 308 1639 oculis
320 1619 398 1646 quant
413 1620 476 1647 ego,
491 1614 516 1640 in
530 1614 625 1648 quibus
640 1614 765 1649 periculis
776 1614 923 1649 jaceamus,
938 1615 1014 1650 cujus

223 1655 309 1684 morbi
323 1656 485 1685 dementiam
500 1658 570 1686 risus
588 1659 639 1687 iste
657 1659 768 1687 indicet!
789 1660 812 1687 Ο
830 1661 852 1687 si
869 1660 1012 1688 videretis!

221 1707 300 1734 quam
315 1701 383 1735 cito,
402 1710 480 1737 quam
494 1704 598 1737 statim,
614 1709 765 1740 quantoque
785 1705 938 1740 productius
952 1713 1013 1733 eum

221 1748 358 1775 verteretis
379 1748 405 1776 in
427 1748 514 1776 ﬂetus.
537 1750 641 1783 Miseri,
657 1750 765 1778 nescitis
778 1750 822 1778 ubi
834 1752 943 1779 sumus?
963 1751 1012 1778 De-

222 1799 324 1819 mersos
337 1793 443 1828 quidem
459 1801 519 1822 esse
532 1795 637 1822 animos
651 1796 769 1823 omnium
783 1797 923 1823 stultorum
939 1796 1014 1824 indo-

221 1842 378 1873 ctorumque
391 1847 533 1868 commune
548 1844 599 1873 est,
619 1841 666 1869 sed
687 1848 741 1868 non
760 1849 812 1869 uno
826 1846 905 1877 atqtte
919 1842 1012 1870 eodem

221 1883 302 1911 tnodo
322 1884 452 1913 demersis
474 1893 552 1921 opem
574 1887 702 1922 sapientia
724 1892 751 1915 et
769 1895 875 1915 manum
892 1889 1010 1924 porrigit.

221 1928 273 1955 Alii
286 1934 358 1963 sunt,
374 1931 484 1963 credite,
500 1931 544 1958 alii
559 1935 620 1959 suttt
634 1933 677 1967 qui
692 1940 797 1960 sursum
811 1938 952 1967 vocantur,
968 1935 1011 1962 alii

220 1974 265 2007 qtti
278 1974 305 2001 in
319 1974 448 2009 profunda
461 1976 592 2003 laxantur.
608 1977 705 2009 Nolite,
721 1978 833 2006 obsecro
847 1986 908 2012 vos,
926 1981 1011 2015 gemi-

220 2026 285 2046 nare
298 2019 362 2047 mihi
376 2020 507 2048 ntiserias.
522 2021 592 2049 Satis
605 2022 670 2050 mihi
681 2023 735 2050 sint
748 2024 856 2051 vulnera
869 2032 936 2056 mea,
952 2034 1011 2060 qum

220 2069 250 2092 ttt
263 2071 400 2100 sanentur,
416 2074 485 2102 pene
498 2068 659 2102 quotidianis
678 2069 783 2097 fletibus
802 2071 885 2098 Deum
903 2079 1008 2108 rogans,

219 2111 394 2147 indigniorem
413 2116 501 2141 tamen
515 2121 574 2142 esse
586 2122 629 2142 me
647 2116 692 2150 qui
707 2120 759 2143 tam
772 2117 825 2144 cito
840 2123 918 2145 saner
931 2126 1009 2153 quam

219 2157 291 2190 volo,
306 2164 377 2192 stepe
390 2159 545 2194 memetipse
558 2160 696 2188 convinco.
713 2160 818 2195 Nolite,
837 2162 948 2190 obsecro
959 2184 967 2196 ,
987 2164 1010 2190 si

218 2203 283 2237 quid
294 2201 359 2231 mihi
369 2204 477 2238 amoris,
492 2205 514 2232 si
527 2205 589 2240 quid
602 2207 804 2234 necessitudinis
814 2207 925 2242 debetis,
937 2209 959 2236 si
970 2209 1011 2236 itt-

221 2249 338 2283 tdligitis
347 2253 473 2284 quantum
484 2258 531 2278 vos
541 2251 657 2286 diligam,
667 2252 756 2287 quanti
768 2252 872 2286 faciam,
881 2258 1008 2288 quantum

219 2302 263 2322 me
275 2301 337 2322 cura
355 2295 469 2330 exagitet
483 2304 586 2324 morum
604 2302 768 2330 vestrorum,
790 2300 813 2326 si
834 2300 929 2335 dignus
949 2309 1008 2329 sum

218 2347 297 2373 quem
310 2348 362 2368 non
375 2341 523 2376 negligatis,
537 2343 558 2369 si
569 2343 683 2379 denique
692 2365 701 2378 ,
716 2345 770 2372 Deo
780 2348 857 2379 teste,
870 2354 921 2373 non
934 2354 1009 2374 men-

218 2386 280 2420 tior,
294 2386 359 2414 nihil
371 2395 414 2415 me
428 2388 487 2423 plus
499 2389 563 2416 mihi
576 2393 668 2424 optare
680 2398 758 2425 qttam
773 2391 857 2424 vobis,
872 2392 1008 2426 rependite

219 2432 283 2460 tnilti
296 2432 463 2461 beneficium.
479 2435 511 2462 Et
523 2435 545 2462 si
556 2443 599 2462 me
611 2437 763 2471 magistrum
776 2438 888 2465 libenter
899 2438 1006 2473 vocatis,

216 2478 320 2506 reddite
334 2479 398 2506 milii
412 2480 562 2508 mercedem
579 2490 585 2508 :
599 2480 661 2508 beni
674 2486 766 2509 estote.

253 2525 298 2552 50.
314 2525 361 2555 Hic
377 2526 435 2558 ubi,
452 2534 485 2554 ne
499 2527 573 2562 plttra
588 2527 719 2561 dicerem,
738 2529 860 2565 lacrymm
873 2530 937 2557 mihi
951 2538 1008 2557 mo-

216 2569 281 2597 dum
291 2570 483 2605 imposuerttnt,
493 2571 627 2600 Licentius
637 2573 823 2601 molestissltne
831 2574 928 2607 ferens,
938 2576 1006 2610 quod

216 2616 306 2643 omnia
319 2616 502 2645 scribebantur
514 2626 521 2644 :
536 2618 603 2651 Quid
614 2618 695 2651 enim,
711 2619 757 2653 ait,
772 2619 892 2653 fecimus,
904 2628 951 2648 oro
963 2622 1007 2649 te'!

217 2662 322 2694 Adhuc,
339 2663 457 2698 inquam,
472 2671 522 2691 nec
540 2664 630 2692 fateris
651 2666 743 2692 saltem
764 2671 898 2701 peccatum
915 2668 1008 2694 tuum?

216 2708 256 2735 Tu
271 2709 358 2736 nescis
373 2709 399 2737 in
416 2709 460 2737 illa
478 2710 568 2737 schola
583 2710 698 2745 graviter
711 2719 754 2738 me
767 2712 925 2739 stomachari
942 2712 1006 2740 soli-

215 2759 281 2787 ttttn,
298 2751 367 2790 quod
380 2763 464 2791 usque
474 2755 541 2784 adeo
551 2757 626 2791 ptteri
638 2765 689 2785 non
701 2759 813 2786 utilitate
823 2764 900 2794 atque
910 2759 1007 2787 decore

215 2800 426 2836 disciplinarum,
440 2802 487 2830 sed
502 2802 663 2831 inanissima:
677 2804 762 2833 laudis
775 2813 865 2834 amore
879 2805 1007 2834 duceren-

215 2850 274 2880 tur,
296 2852 323 2875 ut
340 2849 468 2883 quosdam
483 2848 561 2876 etiam
577 2849 661 2877 aliena
675 2851 754 2879 verba
769 2851 880 2880 recitare
894 2860 945 2882 non
960 2861 1006 2888 pu—

843 135 885 162 DE
905 133 1043 164 OllDINE,
1064 134 1091 160 5.
1113 132 1293 161 AUGUSTINI

1821 137 1879 164 992

1080 189 1173 221 deret,
1190 189 1395 223 exciperentque
1407 188 1517 223 plausus
1531 188 1566 225 (ο
1576 189 1806 224 ingemiscendum
1818 200 1879 218 tua—

1081 233 1170 270 lum!)
1186 235 1219 261 ab
1232 234 1335 262 eisdem
1352 234 1417 269 ipsis
1429 242 1542 270 quorum
1556 241 1631 263 erant
1644 236 1689 263 illa
1703 244 1763 271 qum.
1775 237 1879 264 reeita-

1081 279 1152 306 bant.
1169 279 1206 306 Ita
1221 287 1280 312 vos,
1294 280 1416 315 quamvis
1430 279 1494 307 nihil
1509 289 1635 316 unquam,
1656 287 1684 308 ut
1698 281 1803 316 opinor,
1822 283 1879 309 tale

1079 324 1213 357 feceritis;
1230 330 1319 354 tamen
1332 330 1360 354 et
1374 326 1401 354 in
1414 326 1606 362 philosophiam
1616 347 1624 361 ,
1640 333 1666 355 et
1680 328 1705 355 in
1719 335 1778 355 eam
1795 328 1877 356 vitam

1079 378 1157 404 quam
1174 379 1217 398 tne
1231 371 1337 399 tandem
1352 379 1496 407 occupasse
1509 372 1601 405 laetor,
1615 372 1792 400 aemulationis
1807 373 1879 400 tabi-

1078 414 1135 442 fica:
1148 420 1228 451 atque
1242 416 1328 444 inanis
1338 417 1472 452 jactantiae
1487 418 1616 451 ultimam,
1631 418 1678 446 sed
1692 419 1875 446 nocentiorem

1078 462 1181 489 caeteris
1200 462 1324 490 omnibus
1343 469 1445 498 pestem
1462 464 1631 492 introducere
1644 472 1676 492 ac
1689 465 1876 499 proseminare

1077 509 1211 536 conamini
1225 518 1231 536 :
1244 514 1271 537 et
1285 510 1407 541 fortasse,
1422 511 1483 545 quia
1499 518 1547 538 vos
1559 511 1593 538 ab
1606 511 1655 538 ista
1671 512 1787 539 vanitate
1798 519 1874 539 mor-

1077 553 1166 589 boque
1178 554 1302 583 deterreo
1312 576 1319 587 ,
1334 556 1463 590 pigriores
1480 557 1555 584 eritis
1574 556 1607 584 ad
1625 557 1711 584 studia
1725 558 1872 590 doctrinm;

1077 604 1105 626 et
1121 600 1156 627 ab
1170 600 1265 628 ardore
1280 606 1397 628 ventosa:
1411 601 1488 628 fama:
1505 602 1672 637 repercussi,
1689 603 1715 630 in
1736 607 1874 637 torporem

1077 646 1178 673 inertize
1190 647 1372 682 congelabitis.
1386 648 1428 675 Me
1438 649 1575 682 miserttm,
1587 649 1609 676 si
1621 657 1730 677 necesse
1742 650 1793 678 erit
1803 650 1874 678 talm

1077 691 1158 718 etiam
1172 700 1241 719 nunc
1259 694 1371 727 perpeti,
1386 701 1399 720 a
1411 694 1506 728 quibus
1521 695 1583 721 vitia
1594 694 1723 723 decedere
1734 696 1792 723 sine
1803 696 1872 723 alio-

1075 745 1133 764 rum
1148 738 1271 766 vitiorum
1285 741 1454 767 successione
1473 748 1525 767 non
1546 741 1659 776 possint.
1674 742 1819 774 Probabis,
1834 744 1874 769 ait

1074 781 1218 816 Licentius,
1234 792 1313 819 quam
1328 786 1493 820 purgatiores
1509 786 1589 813 futuri
1601 787 1695 814 simus.
1714 787 1791 814 Modo
1804 788 1872 815 illud

1074 827 1246 856 obsecramus
1258 837 1307 865 per
1318 832 1405 858 omnia
1420 839 1479 866 qua:
1492 831 1588 867 diligis,
1610 836 1639 859 ttt
1658 833 1776 868 ignotum
1792 834 1873 861 nobis

1075 873 1151 908 velis,
1166 879 1246 910 atque
1260 876 1303 903 illa
1315 877 1404 903 omnia
1415 877 1497 904 deleri
1508 878 1620 912 jubeas;
1634 878 1723 912 simul,
1738 883 1767 906 ut
1777 886 1872 914 pareas

1073 919 1154 946 etiam
1167 920 1274 954 tabulis,
1290 929 1356 956 quas
1370 922 1425 955 jatn
1441 930 1493 949 non
1508 923 1645 951 habemus.
1661 923 1720 951 Non
1734 925 1806 951 enim
1818 924 1871 952 ali-

1072 966 1135 1000 quid
1148 966 1174 993 in
1187 967 1269 994 libros
1281 968 1438 996 translatum
1449 973 1492 996 est
1500 977 1592 997 eorum
1605 978 1663 1005 qua:
1673 978 1688 997 a
1699 970 1775 998 nobis
1786 971 1871 999 multa

1072 1010 1184 1039 disserta
1198 1017 1260 1040 sunt
1274 1013 1324 1048 (a).
1340 1014 1469 1046 Prorsus,
1491 1015 1576 1050 inquit
1588 1015 1729 1050 Trygetius
1739 1036 1746 1047 ,
1762 1021 1872 1044 maneat
1887 1013 1890 1014 ⁷

1072 1061 1164 1084 nostra
1174 1065 1263 1092 ptena,
1279 1064 1308 1086 ut
1320 1067 1351 1086 ea
1365 1060 1431 1094 ipsa,
1447 1069 1506 1095 quae
1520 1069 1568 1088 nos
1584 1062 1657 1089 illicit
1669 1061 1749 1094 fama,
1763 1062 1872 1098 ﬁageiln

1072 1103 1180 1137 proprio
1194 1111 1208 1130 a
1224 1111 1273 1131 suo
1287 1112 1378 1132 amore
1392 1106 1534 1133 deterreat.
1552 1106 1586 1134 Ut
1599 1107 1669 1135 enim
1691 1108 1756 1135 solis
1774 1108 1872 1136 amicis

1071 1151 1099 1174 et
1112 1147 1287 1177 familiaribus
1305 1151 1404 1178 nostris
1422 1151 1517 1179 littera:
1536 1152 1595 1179 ista:
1616 1153 1797 1187 innotescunt,
1814 1162 1870 1182 non

1070 1199 1163 1226 parum
1179 1193 1377 1222 desudabimus.
1396 1196 1529 1224 Assensus
1543 1203 1584 1224 est
1598 1198 1651 1226 ille.

1070 1236 1183 1265 CAPUT
1199 1238 1244 1266 XI.
1258 1254 1294 1259 —
1307 1240 1427 1267 Momu‘ca
1442 1242 1472 1268 ob
1487 1250 1574 1269 sexum
1589 1251 1639 1270 non
1653 1237 1762 1271 arcenda
1775 1253 1792 1272 α
1806 1245 1869 1280 plu"-

1307 1286 1437 1321 losOpltica
1452 1287 1629 1322 disputatione.

1104 1329 1147 1355 51.
1169 1330 1256 1364 Atque
1273 1331 1375 1359 interea
1394 1338 1478 1360 mater
1492 1334 1610 1368 ingressa
1624 1340 1674 1368 est,
1691 1336 1870 1372 qumsivitque

1068 1381 1083 1400 a
1096 1375 1173 1402 nobis
1188 1376 1250 1410 quid
1265 1377 1507 1412 promovissemus;
1523 1388 1583 1408 nam
1597 1385 1625 1408 et
1638 1381 1662 1409 ei
1676 1382 1787 1416 qumstio
1802 1389 1871 1411 nota

1067 1425 1134 1448 erat.
1156 1421 1236 1457 Cujus
1255 1428 1283 1450 et
1302 1423 1465 1459 ingressum,
1482 1430 1509 1453 ct
1529 1427 1692 1461 rogationem
1707 1435 1767 1455 cum
1782 1429 1865 1456 scribi

1067 1471 1159 1494 nostro
1171 1475 1245 1495 more
1252 1468 1393 1503 jnssissem
1406 1479 1413 1497 :
1426 1470 1494 1503 Quid
1507 1472 1593 1506 agitis,
1607 1473 1709 1508 inquit?
1720 1474 1866 1509 Numquid.

1066 1520 1128 1540 nam
1144 1513 1169 1540 itt
1185 1514 1238 1541 illis
1253 1522 1320 1548 quos
1337 1515 1422 1551 legitis
1438 1517 1514 1544 libris
1526 1518 1605 1545 etiatn
1621 1518 1732 1546 feminas
1744 1528 1863 1555 unquam

1065 1559 1155 1587 audivi
1171 1560 1196 1587 itt
1212 1560 1262 1588 hoc
1276 1569 1359 1596 genus
1374 1562 1559 1597 disputationis
1575 1565 1714 1593 inductas?
1732 1566 1780 1594 Cui
1794 1575 1861 1602 ego:

1065 1605 1123 1632 Non
1136 1606 1212 1633 valde
1221 1614 1295 1640 curo,
1311 1608 1427 1643 inquam,
1440 1611 1613 1643 superborum
1627 1611 1863 1647 imperitorumque

1062 1651 1173 1686 judicia,
1188 1653 1233 1688 qui
1245 1653 1367 1681 similiter
1381 1656 1406 1681 itt
1422 1656 1547 1690 legendos
1564 1657 1643 1683 libros
1656 1661 1736 1692 atque
1749 1658 1775 1685 in
1788 1659 1863 1686 sa|u~

1066 1697 1159 1725 tandos
1168 1698 1289 1727 homines
1298 1700 1410 1729 irruunt.
1422 1701 1479 1728 Non
1489 1702 1559 1729 ettittt
1570 1703 1786 1738 cogitantquales
1796 1705 1863 1739 ipsi,

1065 1743 1111 1771 sed
1128 1744 1248 1779 qualibus
1269 1745 1353 1773 induti
1376 1747 1492 1775 vestibus
1513 1748 1582 1781 sint,
1602 1753 1629 1776 et
1648 1754 1746 1784 quanta
1764 1758 1863 1786 pompa

1065 1796 1154 1816 rerum
1175 1790 1341 1826 fortunazque
1358 1792 1541 1828 praefulgeant.
1564 1793 1609 1821 lsti
1628 1795 1699 1822 enim
1718 1795 1745 1823 in
1764 1796 1862 1824 litteris

1064 1841 1116 1860 tton
1132 1835 1244 1862 mttltunt
1258 1836 1399 1864 attendunt
1413 1843 1458 1865 aut
1476 1838 1547 1866 unde
1561 1839 1595 1869 sit
1608 1841 1731 1875 qutestio,
1746 1846 1793 1868 aut
1806 1850 1861 1876 quo

1064 1880 1204 1914 pt-rvenire
1218 1880 1379 1911 disserentes
1393 1883 1535 1911 moliantur
1544 1905 1551 1917 ,
1566 1885 1663 1919 quidve
1675 1886 1709 1913 ab
1721 1887 1760 1915 eis
1772 1888 1860 1922 expli—

1063 1929 1150 1952 catum
1162 1931 1241 1961 atque
1251 1927 1401 1956 confectum
1415 1929 1459 1958 sit.
1476 1929 1503 1956 ιιι
1514 1930 1609 1965 quibus
1622 1935 1710 1959 tamen
1721 1933 1785 1967 quia
1792 1941 1861 1961 none

1063 1970 1129 1997 nttlli
1155 1972 1324 2006 reperiuntur
1349 1981 1461 2008 quorum
1484 1976 1567 2002 animi
1591 1978 1777 2006 contemnendi
1804 1987 1865 2007 non

1063 2021 1139 2048 sunt,
1155 2018 1258 2052 aspersi
1276 2024 1338 2046 sunt
1357 2020 1428 2047 enim
1443 2021 1599 2056 quibusdam
1614 2024 1791 2053 condimentis
1805 2026 1860 2053 hu-

1062 2063 1198 2090 manitatis
1209 2085 1216 2097 ,
1232 2069 1259 2092 et
1272 2064 1347 2093 facile
1362 2074 1409 2101 per
1427 2075 1521 2095 aureas
1535 2068 1706 2105 depicIaSque
1715 2071 1811 2106 januas
1823 2073 1858 2100 ad

1062 2115 1231 2138 sacrosancta
1244 2111 1418 2147 philosophia:
1428 2114 1571 2148 penetralia
1581 2116 1780 2150 perducuntur;
1791 2120 1859 2146 satis

1062 2154 1100 2181 eis
1111 2154 1230 2183 fecerunt
1240 2161 1266 2183 et
1274 2157 1390 2192 majores
1400 2159 1493 2192 nostri,
1504 2168 1617 2195 quorum
1627 2161 1709 2190 libros
1722 2163 1767 2190 tibi
1778 2165 1860 2192 nobis

1062 2198 1211 2234 legentibus
1233 2205 1311 2228 notos
1333 2209 1393 2230 esse
1412 2203 1499 2231 video.
1519 2204 1553 2232 Et
1573 2205 1614 2233 his
1634 2208 1811 2243 temporibus,
1828 2214 1857 2237 ut

1061 2245 1181 2272 omittam
1191 2250 1313 2280 caeteros,
1329 2248 1370 2275 vir
1382 2252 1409 2275 et
1422 2249 1528 2284 ingenio
1540 2255 1567 2278 et
1577 2252 1740 2287 eloquentia,
1754 2259 1781 2281 et
1791 2255 1860 2290 ipsis

1061 2290 1209 2326 insignibus
1223 2293 1430 2329 muneribusque
1442 2294 1565 2328 fortunte,
1580 2301 1607 2325 et
1616 2298 1685 2332 qttod
1695 2304 1757 2326 ante
1766 2301 1855 2327 omnia

1060 2341 1115 2369 est,
1133 2342 1221 2365 mente
1237 2340 1471 2373 praestantissimus
1490 2341 1663 2375 Theodorus,
1687 2352 1764 2378 quem
1786 2345 1861 2373 bene

1061 2383 1117 2417 ipsa
1129 2384 1209 2417 nosti,
1226 2384 1252 2411 id
1262 2385 1325 2420 agit,
1342 2391 1370 2413 ut
1381 2391 1408 2414 et
1419 2395 1489 2415 nunc
1500 2392 1527 2415 et
1537 2389 1607 2423 apud
1621 2394 1741 2424 posteros
1753 2393 1853 2420 nullum

1060 2437 1143 2464 genus
1163 2429 1300 2458 hominum
1315 2431 1349 2459 de
1362 2432 1456 2460 litteris
1469 2438 1620 2462 nostrorum
1635 2440 1782 2471 temporum
1794 2438 1859 2473 jure

1060 2480 1246 2511 conqueratur.
1270 2477 1321 2505 Mei
1338 2483 1425 2505 autem
1441 2479 1500 2507 libri
1514 2480 1535 2507 si
1549 2488 1661 2516 quorum
1679 2482 1747 2511 forte
1760 2491 1856 2512 manus

1061 2522 1208 2557 tetigerint,
1229 2522 1351 2559 lectoque
1368 2532 1429 2552 meo
1449 2526 1558 2554 nomine
1578 2534 1630 2554 non
1652 2527 1783 2562 dixerint,
1803 2530 1854 2558 Iste

1060 2569 1118 2604 quis
1128 2570 1187 2596 est?
1200 2570 1373 2606 codiccmque
1386 2572 1563 2606 projccerint;
1576 2573 1622 2601 sed
1635 2575 1676 2602 vel
1689 2576 1797 2609 curiosi,
1812 2578 1857 2605 vet

1061 2615 1172 2643 nimium
1197 2615 1308 2643 studiosi
1330 2621 1481 2652 contempta
1505 2618 1605 2647 vilitate
1627 2620 1727 2649 liminis
1753 2622 1854 2651 intrare

1061 2660 1228 2693 porrexerint
1242 2670 1253 2687 δ
1264 2668 1308 2689 me
1321 2666 1407 2690 tecum
1422 2663 1653 2698 philosophantem
1670 2673 1723 2693 non
1741 2668 1854 2695 moleste

1060 2703 1164 2738 fert-nt,
1179 2713 1227 2733 nec
1241 2714 1401 2742 qttemquam
1415 2708 1525 2736 istorum
1539 2717 1652 2745 quorum
1673 2712 1740 2740 meis
1758 2713 1852 2741 litteris

1060 2759 1149 2779 scrnto
1163 2751 1290 2780 miscetur
1299 2773 1306 2786 ,
1322 2754 1434 2782 fortasse
1445 2759 1626 2784 contemnent.
1639 2757 1706 2785 Sunt
1716 2760 1787 2786 enitn
1799 2767 1851 2787 non

1060 2828 1297 2885 ftigitlicribcbant
1302 2832 1402 2863 primum
1415 2833 1514 2866 tabulis;
1524 2835 1576 2860 hinc
1583 2842 1655 2867 ινιτιο
1662 2836 1685 2861 in
1692 2836 1853 2864 librcatrans-
