2048 3184
143 160 195 189 995

141 218 229 246 solum
244 216 338 250 liberi,
352 215 423 251 quod
441 215 525 243 cuivis
539 215 686 250 disciplina:
700 215 818 249 liberali,
841 215 938 243 nedum

143 264 318 301 philosophiae
330 264 396 292 satis
407 267 458 297 est,
475 263 522 291 sed
535 271 640 291 summo
652 263 721 298 apud
732 270 793 290 suos
804 263 864 290 loco
873 262 938 290 nati.

145 312 364 340 Doctissimorum
377 314 465 338 autem
481 310 618 337 hominum
632 310 728 337 littera;
742 309 821 336 etiam
836 313 939 336 sutores

143 356 362 392 philosophatos,
383 359 412 382 et
434 354 518 381 multo
539 354 632 381 viliora
654 353 821 381 fortunarum
841 360 939 388 genera

141 402 280 430 continent
296 409 302 428 :
318 401 363 436 qui
381 404 469 427 tamen
492 403 564 427 tanta
583 399 681 433 ingenii
700 399 859 434 virtutisque
881 398 939 425 lucc

143 447 290 479 fulserunt,
304 450 334 474 ut
347 446 417 474 bona
432 453 478 473 sua
491 453 552 473 cum
566 445 683 480 qualibet
695 444 877 480 hujuscemodi
891 452 940 471 no-

143 493 245 520 bilitate
260 492 334 520 nullo
346 491 427 519 modo
438 490 546 523 vellent,
562 490 666 518 etiamsi
680 495 798 525 possent,
812 490 863 517 ulla
874 497 939 517 cou-

142 538 242 566 ditione
254 542 367 565 mutare.
380 536 436 565 Nec
447 537 540 569 deerit,
554 536 620 563 mihi
631 536 721 567 crede,
738 536 790 563 tale
801 535 938 563 hominum

142 591 237 619 genus,
253 584 296 612 cui
311 583 370 618 plus
384 583 489 618 placeat
503 582 555 609 hoc
566 582 653 616 ipsum
663 603 670 614 ,
685 582 746 617 quia
759 589 863 609 mecum
878 581 938 616 phi-

144 629 303 665 losopharis,
317 637 396 663 quam
412 629 435 655 si
456 628 520 663 quid
542 628 586 656 hic
607 628 689 661 aliud,
711 632 756 655 aut
766 627 939 663 jucunditatis

142 680 188 702 aut
206 675 344 711 gravitatis
364 674 504 702 invenerit.
526 673 592 701 Nam
613 678 640 701 et
660 673 767 701 femina:
788 677 851 701 sunt
869 672 937 708 apud

143 726 247 750 veteres
262 720 466 756 philosophata',
482 724 510 748 et
526 719 693 756 philosophia
711 725 755 747 tua
773 719 839 747 mihi
854 719 939 755 pluri-

143 774 216 795 mum
229 767 327 802 placet.

179 812 225 840 32.
241 812 307 839 Nam
322 819 356 839 ne
366 811 541 847 quid,mater,
554 811 670 846 ignores,
684 811 735 838 hoc
748 818 862 846 graecum
877 818 938 839 ver-

144 857 219 889 bum,
227 864 281 893 quo
287 856 454 892 philosophia
465 857 627 890 nominatur,
637 857 716 884 latine
722 864 797 884 amor
803 856 939 891 sapientia:

149 904 253 932 *icitur.
263 903 339 932 Unde
353 905 432 931 etiam
442 902 538 930 divina:
544 903 685 937 Scriptura:
694 910 761 938 quas
769 902 940 930 vehementer

146 951 325 986 amplecteris,
337 958 391 978 non
397 950 506 977 omnino
516 949 698 984 philosophos,
709 949 756 977 sed
767 948 939 984 philosophos

146 996 224 1031 hujus
238 996 330 1023 mundi
344 995 482 1023 evitandos
505 999 584 1030 atque
606 994 756 1022 irridendos
772 1001 832 1022 esse
846 994 940 1028 ρι’ωεί-

146 1042 220 1077 piunt
232 1040 341 1077 (Colon.
364 1048 394 1074 tt,
419 1039 458 1076 8).
473 1040 541 1068 Esse
554 1044 642 1067 autent
666 1039 746 1066 alium
763 1038 890 1067 mundum
904 1038 938 1066 ab

146 1089 203 1116 istis
214 1087 298 1115 oculis
311 1087 531 1119 remotissimum,
556 1093 635 1121 quem
653 1093 799 1121 paucorum
813 1092 940 1112 sanorum

146 1133 296 1160 intellectus
309 1131 428 1159 intuetur
441 1131 463 1167 (l
482 1130 595 1158 Retract.
607 1139 665 1166 cap.
679 1131 705 1163 5,
718 1139 744 1157 η.
756 1129 795 1166 2),
806 1130 870 1158 satis
884 1130 941 1165 ipse

148 1178 270 1207 Christus
296 1178 446 1213 signiﬁcat,
464 1177 508 1213 qui
527 1184 579 1204 non
604 1176 684 1210 dicit,
709 1176 828 1212 Regnum
851 1183 940 1203 meum

145 1233 196 1252 non
216 1228 258 1253 est
278 1224 312 1252 de
335 1215 453 1255 mundo;
473 1223 532 1256 sed,
548 1222 665 1258 Regnum
686 1230 768 1249 meum
789 1226 887 1249 nonest
909 1221 941 1249 de

145 1271 192 1298 hoc
203 1270 298 1297 matudo
308 1270 321 1297 .9
333 1269 424 1305 (Joan.
442 1276 509 1296 xvtn
519 1289 527 1301 ,
542 1268 601 1304 3U.)
614 1268 680 1295 Nam
692 1267 812 1303 quisquis
833 1274 941 1294 omnem

145 1316 341 1352 philosophiam
355 1315 506 1353 fugiendam
522 1319 606 1350 putat,
631 1314 696 1342 nihil
720 1321 769 1342 nos
782 1314 837 1341 vult
857 1314 939 1347 aliud,

802 158 900 186 LlllER
920 156 1109 186 SECUNDUS.

1729 161 1781 189 99i

995 222 1074 249 quam
1089 222 1142 242 non
1153 222 1243 242 amare
1257 215 1423 250 sapientiam.
1439 215 1643 246 Contemnerem
1666 223 1691 247 te
1705 221 1784 255 igitur

994 262 1020 288 in
1044 261 1085 288 his
1099 261 1193 289 litteris
1207 262 1283 294 meis,
1307 262 1328 289 si
1343 262 1500 297 sapientiam
1521 271 1573 291 non
1586 272 1706 298 amares;
1730 274 1783 294 non

992 310 1080 333 autem
1101 311 1299 335 contemnerem
1312 328 1319 340 ,
1346 308 1369 335 si
1394 316 1452 335 eam
1474 309 1644 337 mediocriter
1662 318 1789 344 amares;

992 351 1076 378 multo
1088 351 1185 385 minus,
1201 352 1224 379 si
1238 356 1339 379 tantum
1354 357 1481 388 quantum
1494 361 1544 388 ego
1553 362 1658 382 amares
1678 356 1784 390 sapien-

993 397 1066 425 tiam.
1081 397 1157 426 Nunc
1170 406 1235 426 vero
1245 406 1306 426 cum
1319 407 1378 426 eam
1391 400 1474 428 multo
1489 400 1547 435 plus
1561 407 1640 435 quant
1654 401 1784 436 meipsum

991 443 1097 479 diligas,
1112 448 1140 471 et
1161 445 1280 472 noverim
1301 450 1429 480 quantum
1447 453 1492 473 me
1506 446 1614 481 diligas;
1629 454 1743 482 cumque
1758 447 1783 474 in

991 497 1022 518 ea
1031 495 1132 518 tantum
1147 491 1302 526 profeceris,
1316 496 1345 518 ιιι
1354 492 1409 527 jam
1423 500 1472 520 nec
1486 493 1603 526 cujusvis
1622 493 1783 520 incommodi

992 535 1105 570 fortuiti,
1118 545 1168 565 nee
1180 538 1264 573 ipsius
1279 538 1381 571 mortis,
1395 538 1466 573 quod
1481 539 1544 566 viris
1558 538 1717 566 doctissimis
1732 539 1783 566 dif-

991 582 1134 610 ﬁcillimum
1142 588 1182 610 est
1192 583 1313 615 ,horrore
1325 584 1459 617 terrearis,
1468 592 1546 619 quam
1553 591 1683 612 summam
1694 584 1783 620 philo-

990 627 1091 660 sophia:
1103 635 1191 655 arcem
1203 635 1296 655 omnes
1308 636 1366 656 esse
1376 629 1553 662 conﬁtentur;
1567 637 1652 665 egone
1671 638 1713 657 me
1728 637 1782 657 non

990 673 1102 700 libenter
1115 673 1158 701 tibi
1171 674 1250 701 etiam
1264 674 1421 709 discipulum
1432 675 1519 702 dabo?

1026 720 1070 747 55.
1091 719 1139 746 llic
1151 719 1195 746 illa
1206 727 1267 747 cum
1290 720 1384 748 blande
1396 728 1427 748 ac
1450 720 1573 756 religiose
1590 729 1724 756 nunquam
1739 729 1783 748 me

992 768 1092 792 tantum
1105 765 1245 792 mentitum
1259 772 1319 792 esse
1334 765 1453 798 dixisset,
1468 771 1494 793 et
1507 766 1623 794 viderem
1636 770 1689 793 tam
1698 766 1779 793 multa

991 817 1041 837 nos
1052 809 1133 837 verba
1149 809 1258 844 fudisse,
1274 815 1302 837 ut
1315 818 1401 846 neque
1416 810 1555 838 scribenda
1566 819 1618 838 non
1634 816 1738 845 essent,
1752 816 1781 839 et

988 857 1043 892 jam
1058 857 1117 884 libri
1132 856 1225 884 modus
1238 862 1320 890 esset,
1332 865 1418 893 neque
1433 858 1527 886 tabula:
1550 858 1659 893 reliqua:
1678 858 1780 891 forent;

992 902 1090 938 placuit
1101 903 1276 939 qumstipnem
1289 902 1400 936 diil'erri,
1420 903 1498 931 simul
1513 908 1541 930 ut
1565 911 1625 932 meo
1645 904 1783 931 stomacho

991 955 1138 982 parcerem.
1151 948 1216 975 Nam
1224 956 1297 982 eum,
1312 949 1369 984 plus
1380 956 1458 983 quam
1469 949 1574 983 vellem,
1585 956 1784 977 commoverant

990 1000 1022 1020 ea
1039 1001 1099 1027 quae
1114 993 1179 1020 mihi
1193 994 1339 1021 evomenda
1362 994 1389 1020 in
1403 994 1463 1021 illos
1481 994 1665 1033 adolescentes
1689 1002 1783 1022 neces-

991 1038 1061 1065 sario
1071 1038 1125 1066 visa
1139 1044 1209 1065 sunt.
1222 1038 1275 1066 Sed
1288 1046 1348 1066 cum
1359 1039 1432 1067 abire
1439 1040 1628 1074 cwpissemus:
1641 1040 1783 1072 Memento,

992 1083 1077 1118 inquit
1088 1084 1232 1116 Licentius,
1248 1092 1327 1119 quam
1342 1085 1425 1112 multa
1439 1090 1466 1113 et
1478 1093 1556 1120 quam
1572 1087 1722 1114 necessaria
1736 1095 1784 1114 uo-

991 1129 1033 1157 bis
1046 1130 1094 1157 abs
1109 1136 1135 1158 te
1156 1131 1309 1165 accipienda
1327 1140 1373 1166 per
1387 1132 1598 1159 occultissimum
1620 1132 1693 1160 illum
1715 1132 1783 1160 divi—

992 1184 1109 1212 numque
1122 1177 1243 1204 ordinem
1259 1178 1337 1204 etiatn
1354 1182 1377 1204 te
1392 1179 1525 1205 nesciente
1538 1177 1782 1205 subministrentur.

992 1223 1086 1256 Video,
1097 1223 1214 1258 inquam,
1225 1229 1251 1250 et
1261 1224 1376 1257 ingratus
1390 1224 1443 1250 Deo
1452 1233 1503 1250 non
1518 1232 1575 1251 sum
1586 1232 1593 1257 ;
1604 1232 1703 1259 vosque
1712 1224 1790 1259 ipsos,

993 1268 1038 1304 qui
1051 1268 1108 1296 haec
1132 1269 1269 1296 advertitis
1284 1270 1319 1296 ob
1339 1269 1366 1296 id
1388 1270 1473 1304 ipsum
1493 1277 1626 1304 pnesumo
1648 1268 1706 1298 iure
1724 1277 1782 1297 me-

994 1314 1084 1341 liores.
1101 1314 1156 1341 Hoc
1167 1314 1215 1341 fttit
1230 1318 1330 1341 tantum
1345 1314 1389 1341 illo
1403 1314 1447 1342 die
1459 1315 1593 1349 negotium
1607 1322 1707 1342 meum.

616 1400 858 1453 LIBER
896 1397 1322 1452 SECUNDUS.

176 1473 353 1503 Disputationes
363 1472 409 1497 hoc
419 1470 482 1496 libro
492 1471 546 1503 duae
557 1470 721 1500 continentur,
734 1470 822 1501 quibus
832 1469 888 1494 dum
899 1469 994 1503 ordinis
1004 1468 1171 1503 deﬁnitionem
1183 1468 1326 1498 expendunt
1344 1466 1520 1503 colloquentes,
1537 1468 1645 1503 incidunt
1667 1469 1691 1493 in
1708 1470 1787 1503 varias

146 1499 303 1535 tpnesiiones,
314 1502 407 1527 scilicet
419 1510 425 1527 :
438 1502 558 1535 quomodo
566 1502 664 1532 sapiens
673 1507 728 1525 cum
740 1499 789 1525 Deo
800 1504 897 1535 maneat
907 1501 1030 1535 immotus;
1042 1506 1073 1523 an
1084 1499 1158 1535 etiam
1169 1505 1200 1534 ea
1208 1505 1263 1535 qua!
1274 1505 1401 1535 perperam
1412 1500 1443 1524 ab
1454 1499 1592 1535 hominibus
1603 1499 1671 1535 tiunt,
1691 1506 1723 1535 ex
1742 1501 1786 1525 Dei

147 1529 232 1558 o'rdine
243 1529 360 1565 agantur;
373 1529 528 1565 utrumiDeus
537 1529 695 1565 justus‘eset
705 1535 762 1565 ante
774 1532 893 1565 originem
901 1530 976 1565 mali;
989 1535 1070 1565 utrum
1089 1536 1121 1554 ex
1140 1530 1183 1565 pei
1205 1529 1297 1565 ordine
1312 1529 1400 1565 malum
1413 1534 1524 1565 exortum
1535 1532 1583 1565 sit.‘
1596 1532 1678 1562 Agitur
1689 1531 1787 1556 demum

147 1565 223 1589 fusius
233 1561 345 1589 de'recto
352 1561 464 1588 studendi
476 1561 570 1593 orditie,
582 1563 623 1594 qui
626 1561 739 1617 (gestulm
750 1566 777 1587 ut
789 1561 921 1586 in?ormatis
932 1562 980 1586 rite
991 1561 1109 1589 moribus,
1122 1564 1148 1584 et
1169 1567 1231 1591 eoml
1239 1561 1312 1586 aratis
1334 1561 1444 1585 humanis
1466 1561 1597 1592 disciplinis
1618 1561 1787 1592 promoveatur

147 1596 240 1617 animus
250 1595 280 1617 ad
290 1595 364 1617 alima
376 1598 401 1617 et
409 1595 490 1617 divina
501 1594 625 1617 nereinien
661 1611 667 1617 .

843 1635 1094 1675 Messe»

147 1596 240 1620 animus
250 1595 281 1620 ad
290 1595 364 1620 aliora
376 1598 401 1620 et
409 1595 490 1619 divina
501 1594 625 1625 percipien

428 1694 565 1714 DISI’U'I‘A‘HO
575 1695 647 1713 mm
650 1706 656 1712 .

180 1734 293 1762 CAPUT
313 1734 454 1762 PRIMUM.
463 1749 498 1754 -—
512 1734 614 1761 Ordinis
626 1733 738 1768 deﬁnitio
752 1733 909 1768 erpendt'tur.

188 1781 215 1807 1.
225 1779 388 1815 Interpositis
398 1780 494 1808 deinde
508 1780 625 1814 pauculis
635 1780 729 1807 diebus
741 1779 941 1815 venitAlypius,

148 1830 176 1854 et
188 1831 281 1854 exorto
295 1826 351 1853 sole
365 1826 522 1858 clarissimo,
530 1826 650 1853 invitavit
663 1825 724 1853 cadi
737 1825 850 1858 nitor,et
860 1832 943 1860 quan-

149 1878 205 1900 tum
226 1873 251 1900 in
267 1873 320 1900 illis
334 1873 400 1900 locis
411 1873 499 1900 hieme
513 1875 626 1907 poterat,
647 1871 743 1899 blanda
757 1870 900 1905 temperies
916 1871 943 1897 in

150 1923 254 1954 pratum
270 1918 442 1952 descendere,
463 1926 515 1954 quo
530 1919 627 1953 schins
640 1922 667 1945 et
680 1917 834 1946 familiarius
848 1917 943 1944 uteba-

150 1965 364 1993 mur.Nobiseum
372 1970 428 1993 erat
434 1966 514 1993 etiam
522 1971 606 1992 mater
612 1965 792 1999 nostra,cujus
798 1964 942 1999 ingenium,

149 2015 229 2046 atque
241 2012 266 2038 in
281 2019 324 2038 res
338 2011 440 2038 divinas
454 2010 644 2038 inﬂammatum
658 2010 787 2043 animum,
797 2017 856 2036 cum
866 2013 943 2036 antea

150 2057 273 2084 convictu
284 2056 409 2084 diuturno
417 2056 567 2091 ctdiligenti
575 2055 788 2083 consideratione
798 2062 942 2090 perspexe-

150 2110 224 2135 ram;
240 2106 294 2129 tum
310 2110 373 2129 vero
389 2103 414 2129 in
436 2102 548 2137 quadam
571 2102 750 2137 disputatione
775 2109 827 2127 non
855 2108 943 2135 parvae

152 2148 202 2181 rei,
218 2156 296 2183 quam
318 2147 361 2176 die
384 2149 463 2175 natali
480 2156 540 2175 meo
554 2155 613 2175 cum
629 2147 746 2174 convivis
761 2146 851 2179 habui,
867 2151 944 2180 atque

152 2192 178 2220 in
192 2193 308 2220 libellum
318 2193 428 2226 contuli,
443 2197 514 2221 tanta
536 2193 600 2219 mihi
616 2200 690 2219 mens
704 2192 761 2227 ejus
776 2196 943 2226 apparuerat,

154 2243 183 2265 ut
202 2239 268 2265 nihil
286 2239 373 2273 aptius
392 2246 461 2266 verre
486 2238 661 2273 philosophia:
688 2238 833 2265 videretur.
856 2237 945 2272 Itaque

153 2283 318 2311 institueram
329 2305 335 2316 ,
351 2292 411 2311 cum
426 2283 572 2311 abundaret
588 2284 642 2310 otio
652 2305 658 2316 ,
677 2291 756 2318 agere
773 2287 800 2310 ut
814 2283 946 2318 colloquio

153 2335 244 2356 nostro
256 2337 309 2357 non
320 2329 435 2357 deesset.
449 2329 524 2363 Quod
536 2329 561 2356 in
574 2330 659 2365 primo
673 2330 753 2357 etiam
768 2329 847 2364 hujus
857 2329 946 2364 operis

153 2374 220 2401 libro
234 2375 281 2401 abs
295 2379 321 2402 te
331 2375 464 2410 cognitum
480 2378 530 2402 est.

187 2420 215 2447 2.
236 2420 304 2448 Cum
316 2421 396 2455 igitur
411 2424 558 2448 memorato
571 2420 597 2447 in
612 2420 688 2453 loco,
703 2424 732 2447 ut
743 2420 882 2448 commode
898 2428 946 2456 po-

153 2465 260 2498 tuitnus,
272 2465 485 2493 consedissemus
496 2486 502 2497 ,
525 2473 575 2500 ego
588 2465 640 2492 illis
654 2465 757 2493 duobus
769 2465 946 2493 adolescenti-

153 2510 220 2538 bus:
233 2511 361 2545 Quamvis
376 2511 461 2544 vobis,
477 2511 596 2546 inquam,
620 2511 817 2539 succensuerim
829 2532 835 2543 ,
858 2512 947 2546 pueri-

153 2556 214 2584 liter
226 2556 260 2584 de
274 2557 378 2592 magnis
392 2557 473 2585 rebus
486 2557 641 2592 agentibus;
657 2561 745 2584 tamen
766 2556 829 2583 mihi
843 2556 948 2584 videtur

154 2609 206 2629 non
218 2602 277 2630 sine
289 2601 394 2635 ordine,
407 2603 522 2637 propitio
535 2603 600 2634 Deo,
614 2602 753 2634 accidisse,
765 2601 835 2636 quod
850 2602 876 2629 in
889 2599 948 2629 'serv-

153 2655 232 2675 mone
254 2655 307 2683 quo
329 2655 377 2675 vos
397 2648 430 2675 ab
457 2648 507 2675 ista
522 2647 630 2675 levitate
644 2646 826 2679 detrahebam,
843 2651 948 2681 tempus

154 2693 187 2720 ita
198 2697 385 2728 consumptum
399 2698 451 2727 est,
466 2698 494 2721 ut
509 2701 553 2720 res
569 2697 641 2720 tanta
655 2692 688 2720 ad
703 2692 790 2728 Alypii
805 2692 943 2720 adventunz

153 2738 233 2765 dilata
253 2739 383 2766 videatur.
399 2739 566 2775 Quapropter
579 2759 587 2773 ,
601 2738 726 2774 quoniam
750 2738 774 2766 ei
795 2738 849 2774 jam
874 2746 948 2773 quae.»

154 2785 267 2812 stionem
277 2785 443 2812 notissimam
454 2785 515 2817 feci,
528 2789 555 2812 et
566 2789 693 2820 quantum
707 2785 732 2812 in
742 2793 772 2812 ea
787 2785 948 2820 proceSseri-

155 2838 214 2858 mus
224 2831 339 2865 ostendi,
351 2836 493 2867 paratusne
509 2838 547 2864 es,
561 2830 673 2864 Licenti,
685 2838 790 2858 causam
800 2836 879 2866 quam
891 2838 949 2858 sus-

155 2878 248 2912 cepisti
263 2885 295 2905 ex
310 2877 351 2905 illa
365 2882 408 2905 tua
420 2877 575 2905 deﬁnitione
586 2876 748 2905 defendere?
763 2877 828 2905 Nam
852 2877 944 2905 memi-

996 1685 1068 1712 nisse
1088 1692 1133 1713 me
1146 1684 1271 1717 arbitror,
1295 1689 1320 1712 te
1332 1685 1451 1712 ordinem
1466 1692 1525 1713 esse
1538 1685 1637 1713 dixisse
1649 1693 1696 1720 per
1710 1694 1788 1721 quem

996 1731 1066 1758 Deus
1073 1731 1267 1766 ageretomnia.
1275 1730 1385 1758 Paratus
1391 1738 1460 1762 sum,
1468 1731 1562 1766 inquit,
1569 1735 1696 1766 quantum
1702 1732 1788 1759 valeo.

996 1776 1135 1811 Quomodo
1143 1784 1217 1811 ergo,
1227 1776 1344 1812 inquam,
1353 1777 1407 1812 agit
1417 1776 1510 1804 ordine
1518 1778 1606 1804 omnia
1617 1778 1705 1805 Deus?
1716 1779 1788 1806 Itane

996 1823 1111 1850 utetiam
1125 1831 1154 1850 se
1164 1823 1258 1850 ordine
1278 1827 1353 1858 agat;
1370 1830 1403 1850 an
1418 1827 1516 1857 pmter
1525 1831 1585 1850 eum
1601 1823 1695 1851 ordine
1709 1823 1742 1851 ab
1756 1832 1789 1851 eo

996 1873 1091 1895 caetera
1102 1867 1297 1903 gubernantur?
1307 1868 1354 1895 Ubi
1363 1868 1450 1895 omnia
1461 1868 1528 1895 bona
1537 1873 1607 1901 sunt,
1620 1869 1714 1903 inquit,
1724 1869 1790 1896 ordo

997 1918 1107 1941 nonest.
1121 1913 1170 1941 Est
1180 1914 1251 1941 enim
1261 1921 1362 1940 sutnma
1374 1913 1519 1948 :equalitas,
1527 1921 1586 1948 qua:
1593 1913 1713 1941 ordinem
1724 1914 1789 1941 nihil

997 1959 1139 1987 desiderat.
1149 1959 1245 1995 Negas,
1254 1959 1371 1994 inquam,
1378 1959 1447 1992 apud
1455 1959 1538 1985 Deutn
1545 1959 1632 1986 omnia
1640 1960 1707 1986 bona
1714 1959 1790 1987 esse?

996 2005 1055 2032 Non
1069 2013 1147 2040 nego,
1163 2005 1257 2040 inquit.
1277 2004 1432 2037 Conficitur,
1449 2005 1567 2039 inquam,
1587 2012 1674 2039 neque
1694 2005 1788 2038 Deum,

997 2058 1083 2085 neque
1100 2051 1142 2077 illa
1155 2058 1215 2085 quae
1227 2049 1297 2085 apud
1313 2050 1395 2077 Deum
1407 2055 1479 2083 sunt,
1496 2049 1591 2076 ordine
1600 2050 1790 2077 administrari.

997 2097 1176 2124 Concedcbat.
1188 2096 1394 2131 Numquidnam,
1407 2096 1524 2131 inquam,
1534 2096 1624 2123 omnia
1642 2096 1710 2123 bona
1723 2096 1789 2124 nihil

998 2142 1178 2169 tibividentur
1200 2143 1278 2169 esse?
1303 2142 1358 2169 lmo
1371 2162 1378 2175 ,
1394 2142 1440 2175 ait,
1460 2142 1516 2176 ipsa
1532 2149 1593 2169 vere
1603 2146 1674 2168 sunt.
1688 2141 1739 2169 Ubi
1749 2147 1791 2169 est

998 2197 1071 2224 ergo,
1085 2190 1202 2223 inquam,
1212 2189 1275 2215 illud
1283 2193 1356 2215 tuum
1364 2189 1434 2223 quod
1443 2187 1542 2218 dixisti,
1554 2188 1641 2215 omnia
1650 2196 1709 2222 qua:
1719 2193 1790 2222 sunt,

998 2235 1092 2262 ordine
1103 2234 1293 2266 administrari,
1305 2233 1423 2268 niltilque
1436 2233 1544 2260 omnino
1552 2240 1611 2260 esse
1623 2233 1693 2268 quod
1705 2234 1739 2260 ab
1749 2241 1793 2261 or-

998 2280 1059 2308 dine
1070 2285 1221 2314 separatum
1234 2279 1284 2307 sit?
1298 2279 1350 2307 Sed
1365 2283 1437 2310 sunt,
1449 2278 1545 2313 inquit,
1558 2279 1638 2306 etiam
1649 2280 1729 2312 mala,
1746 2287 1793 2314 per

999 2335 1058 2362 qua:
1074 2327 1170 2354 factum
1184 2330 1225 2353 est
1239 2330 1267 2352 ut
1280 2330 1306 2353 et
1319 2325 1387 2353 bona
1401 2325 1467 2352 ordo
1479 2325 1621 2352 concludat
1633 2334 1640 2357 ς
1658 2334 1719 2352 nam
1735 2326 1791 2353 sola

998 2373 1066 2401 bona
1087 2381 1139 2400 non
1162 2372 1256 2400 ordine
1281 2376 1420 2407 reguntur,
1431 2371 1478 2399 sed
1493 2372 1573 2399 simul
1587 2372 1654 2398 bona
1670 2375 1697 2398 et
1711 2372 1791 2398 mala.

998 2418 1084 2452 Quum
1109 2422 1198 2445 autem
1226 2417 1348 2450 dicimus,
1375 2417 1470 2445 Omnia
1490 2425 1549 2452 qua:
1572 2422 1642 2449 sunt,
1660 2424 1713 2443 non
1737 2417 1793 2444 sola

999 2466 1090 2500 utique
1104 2466 1173 2493 bona
1188 2465 1312 2492 dicimus.
1326 2465 1366 2492 Ex
1378 2472 1430 2500 quo
1446 2465 1473 2492 tit
1489 2468 1517 2492 ut
1529 2465 1617 2491 omnia
1633 2464 1722 2498 simul,
1733 2472 1793 2499 qua:

999 2511 1069 2538 Deus
1082 2511 1258 2543 administrat,
1271 2511 1364 2538 ordine
1376 2511 1604 2537 administrentur.

1036 2557 1062 2584 3.
1083 2556 1131 2584 Cui
1155 2564 1205 2592 ego
1220 2566 1226 2583 :
1241 2557 1306 2590 Qum
1320 2556 1539 2582 administrantur
1560 2556 1730 2590 ct'aguntur,
1754 2556 1794 2583 \‘i-

1000 2603 1096 2631 dentur
1120 2603 1168 2630 tibi
1183 2604 1294 2637 moveri,
1310 2611 1343 2630 an
1366 2603 1511 2629 immobilia
1536 2607 1612 2637 putas
1633 2602 1711 2630 esse?
1730 2602 1790 2637 ista,

1000 2649 1097 2684 inquit,
1111 2657 1171 2684 quae
1184 2650 1210 2676 in
1226 2649 1278 2676 hoc
1288 2649 1354 2676 fiunt
1364 2647 1473 2681 mundo,
1490 2648 1575 2676 fateor
1590 2649 1702 2677 moveri.
1720 2649 1794 2676 Reli-

1001 2703 1064 2730 qua,
1081 2695 1200 2730 inquam,
1217 2694 1319 2730 negas?
1329 2695 1392 2728 Quae
1401 2699 1462 2721 sunt
1476 2701 1536 2721 cum
1549 2695 1613 2728 Deo,
1631 2695 1725 2730 inquit,
1742 2702 1794 2722 non

1000 2746 1159 2773 moventur;
1173 2740 1273 2775 reliqua
1288 2740 1377 2767 omnia
1391 2740 1492 2767 moveri
1506 2741 1630 2768 arbitror.
1639 2742 1704 2768 Cum
1717 2741 1794 2775 igitur

1001 2793 1031 2813 ea
1046 2793 1105 2821 qua:
1119 2793 1179 2813 cum
1194 2785 1249 2813 Deo
1272 2790 1343 2818 sunt,
1360 2786 1477 2821 inquam,
1505 2794 1556 2814 non
1577 2787 1677 2814 moveri
1706 2792 1793 2822 putas,

1000 2837 1095 2859 cetera
1112 2836 1199 2859 autem
1213 2831 1337 2859 concedis
1357 2831 1472 2865 moveri,
1487 2833 1605 2861 ostendis
1620 2833 1707 2861 omnia
1734 2841 1794 2868 qu:c

1002 2881 1142 2904 moventur
1155 2884 1208 2904 non
1228 2884 1288 2904 esse
1302 2885 1360 2905 cum
1381 2878 1444 2906 Deo.
1463 2879 1561 2913 Repete
1576 2880 1625 2906 hoc
1643 2879 1744 2913 ipsum,
1768 2879 1794 2906 in
