2048 3184
254 166 306 196 995

255 225 324 260 quit,
337 222 416 258 paulo
430 219 546 257 planius.
562 216 637 253 Quod
652 222 705 245 non
718 213 783 243 mibi
794 213 866 241 visus
930 209 1044 260 dimoui-

256 255 311 297 tate
323 255 485 303 intelligendi
498 265 556 293 fieri
569 263 701 294 voluisse,
725 260 772 288 sed
784 257 917 295 quaerendi
929 255 1044 290 spatium

257 322 311 350 quo
325 313 456 342 inveniret
470 311 532 347 quid
549 308 731 345 responderet.
747 304 840 333 Dixisti
850 324 858 336 ,
874 303 993 337 inquam,
1013 306 1045 327 ea

258 346 317 395 qua:
329 366 390 387 cum
402 358 456 385 Deo
462 346 523 384 sunt
537 363 589 382 non
599 353 710 384 moveri,
721 355 817 379 extera
833 353 921 377 autem
932 346 1044 375 maveri.

258 393 286 434 Si
300 410 364 439 ergo
378 403 434 431 bmc
444 410 503 438 quae
517 403 658 429 moventur
668 406 720 425 non
734 399 906 424 moverentur
915 393 937 421 si
955 394 1046 420 essent

259 458 319 479 cum
334 450 399 482 Deo,
413 447 537 484 quoniam
550 445 638 473 omnis
650 450 709 478 qum
731 445 794 469 sunt
810 445 871 468 eum
884 439 949 470 Deo,
964 443 1046 471 negas

259 495 370 527 moveri,
385 497 467 522 restat
485 496 515 519 ut
533 496 630 526 prmter
645 489 729 517 Deum
747 487 802 515 sint
814 493 874 521 qum
895 486 1044 512 moventur.

260 542 360 576 Quibus
377 539 453 567 dictis
466 538 553 566 adhuc
572 535 692 566 tacebat;
711 540 771 560 cum
789 531 895 559 tandem
914 528 1046 557 :Videtur

261 587 336 620 Inibi,
350 585 444 620 inquit,
457 582 527 618 quod
549 586 576 609 et
600 581 626 607 in
643 580 692 606 hoc
709 577 806 605 mundo
817 577 838 603 si
855 583 905 610 qua
918 581 971 601 non
987 580 1045 599 mo-

259 635 365 663 ventur,
376 619 435 656 ciunt
451 629 505 656 Deo
518 630 588 654 sunt.
604 626 671 653 Nihil
688 625 739 652 hnc
752 623 785 650 ad
799 629 851 653 me,
867 622 983 655 inquam.
994 619 1045 645 Fa-

261 677 323 704 teris
336 676 454 708 enim,ut
468 674 571 708 opinor,
587 679 638 698 non
652 670 740 697 omnia
757 676 816 703 qua:
832 668 858 694 in
879 667 929 693 hoc
948 663 1046 692 mundo

259 726 389 756 stmt,non
398 720 508 748 moveri.
523 719 560 745 Es
573 726 624 752 quo
631 716 779 745 coniicitur,
791 721 842 740 non
856 712 943 739 omnia
955 709 1045 737 mundi

226 765 231 768 ’
260 755 339 802 hujus
350 773 409 793 esse
420 772 479 792 cum
492 764 556 791 Deo.
567 761 673 793 Fateor,
690 760 784 794 inquit,
799 765 850 785 non
863 756 961 783 omnia.
976 755 1046 789 Ergo

259 817 301 841 est
312 811 410 847 aliquid
424 810 482 837 sine
497 809 561 836 Deo.
577 805 746 840 Non,inquit.
758 803 824 830 Cum
839 804 891 830 Deo
901 805 962 828 sunt
970 801 1047 835 igitur

259 858 358 886 omnia.
371 857 419 884 llic
429 853 627 884 cunctabundus
640 861 646 879 :
660 852 766 885 Qumso,
782 848 879 884 inquit,
903 847 966 874 illud
993 854 1044 873 non

260 903 382 935 dixerim,
395 901 464 937 quod
475 901 532 928 sine
545 899 599 926 Deo
615 897 679 924 nihil
692 896 724 922 sit
736 903 745 927 ;
767 902 826 922 nam
839 900 947 929 prorsus
959 892 1045 918 omnia

259 956 319 983 qua:
331 950 481 978 moventur,
490 952 541 972 non
555 941 747 970 mihividcntur
760 947 819 967 esse
831 945 890 965 cum
906 938 970 964 Deo.
983 937 1046 963 Sine

261 994 315 1022 Deo
330 998 384 1026 est,
409 994 530 1028 inquam,
549 991 627 1025 igitur
650 989 747 1016 cwlum
772 988 839 1019 hoc,
854 984 924 1020 quod
946 982 1046 1011 moveri

260 1047 339 1067 nemo
349 1039 466 1073 ambigit.
477 1037 534 1064 Non
548 1041 598 1068 est,
614 1035 707 1069 inquit,
719 1034 777 1060 sine
790 1033 842 1059 Deo
856 1031 965 1058 caalum.
977 1029 1046 1063 Ergo

259 1090 300 1112 est
311 1084 408 1118 aliquid
423 1091 483 1109 cum
503 1082 568 1113 Deo,
592 1079 664 1114 quod
688 1082 837 1105 moveatur.
852 1076 908 1102 Non
922 1081 1044 1110 possum,

239 1144 246 1153 ι
260 1131 354 1166 inquit,
369 1135 397 1157 ut
417 1129 477 1156 volo
489 1149 496 1161 ,
512 1127 644 1161 explicare
666 1124 736 1159 quod
762 1123 868 1150 sentio:
882 1126 969 1148 tamen
984 1119 1046 1154 quid

259 1176 352 1203 moliar
358 1175 458 1206 dicere,
465 1177 525 1208 peto
535 1176 563 1199 ut
570 1179 622 1198 non
628 1169 788 1205 exspectatis
794 1167 881 1195 verbis
890 1166 966 1198 meis,
976 1172 1048 1199 saga-

257 1221 375 1253 cissime,
389 1219 412 1247 si
426 1218 546 1253 potestis,
561 1215 722 1250 iutelligatis.
739 1214 804 1241 Nam
817 1217 843 1240 et
857 1212 915 1239 sine
921 1212 976 1238 Deo
983 1210 1045 1237 mihi

259 1266 325 1294 nihil
336 1266 438 1293 videtur
445 1271 505 1291 esse
515 1272 523 1294 ς
534 1267 562 1290 et
569 1262 638 1297 quod
647 1268 706 1288 cum
717 1261 771 1287 Deo
777 1263 827 1291 est,
834 1265 938 1285 rursum
945 1256 1047 1283 videtur

259 1312 443 1340 inconcussum
458 1317 566 1338 manere
579 1317 586 1335 :
600 1307 698 1335 callum
720 1311 807 1333 autem
822 1305 910 1331 dicere
921 1303 979 1331 sine
992 1303 1047 1329 Deo

258 1366 330 1391 esse,
341 1365 394 1385 non
404 1364 510 1392 possum
523 1363 530 1388 ;
546 1362 599 1382 non
614 1354 697 1381 solum
712 1351 780 1387 quod
791 1350 854 1378 nihil
862 1350 919 1377 sine
930 1349 1047 1376 Decesse

259 1405 384 1437 arbitror,
400 1403 446 1431 sed
461 1401 530 1438 quod
543 1401 638 1428 malum
648 1404 736 1434 putem
751 1397 848 1424 habere
866 1395 964 1431 aliquid
976 1394 1047 1429 quod

224 1457 225 1460 ‘
260 1458 312 1478 non
328 1453 458 1480 movetur,
471 1447 541 1482 quod
565 1453 627 1473 vere
639 1449 684 1472 aut
696 1444 767 1472 Deus
780 1447 829 1475 cst,
843 1447 888 1469 aut
901 1449 960 1468 cum
976 1441 1044 1472 Deo,

261 1494 380 1531 quamvis
405 1493 491 1528 ipsum
513 1491 610 1519 cadum
631 1497 684 1516 non
708 1487 823 1516 dubitem
848 1487 913 1513 verti
934 1493 965 1512 ac
988 1492 1046 1512 mo-

259 1540 326 1569 veri.

260 1585 371 1614 CAPUT
387 1582 527 1611 ll.—Cum
539 1581 592 1608 Deo
607 1588 669 1612 esse,
683 1578 742 1612 quid
754 1579 795 1604 sit.
809 1575 939 1609 Quomodo
948 1576 1047 1610 sapiens

477 1636 533 1655 cum
548 1626 601 1653 ΒΕΘ
614 1629 696 1652 manet
709 1625 835 1650 immotus.

293 1675 322 1704 4.
343 1675 425 1703 Dcilni
440 1682 510 1709 ergo,
526 1674 644 1707 inquam,
657 1672 680 1699 si
696 1671 792 1705 placet,
806 1668 866 1703 quid
876 1668 977 1696 sitesse
987 1675 1046 1694 cum

260 1721 325 1754 Deo,
340 1726 366 1749 et
376 1720 436 1756 quid
451 1720 486 1746 sit
495 1726 547 1746 non
559 1725 618 1745 esse
630 1717 687 1744 sine
700 1716 764 1742 Deo.
789 1714 816 1741 Si
830 1714 899 1741 enim
913 1712 946 1740 de
960 1712 1048 1740 verbis

259 1769 330 1795 inter
347 1775 395 1794 nos
408 1764 587 1793 controversia
598 1768 649 1795 est,
675 1762 751 1789 facile
764 1764 956 1790 conlcmnetur,
970 1758 1047 1785 dum-

261 1812 340 1841 modo
351 1820 407 1840 rem
427 1812 510 1846 ipsam
531 1816 608 1844 quam
622 1806 765 1840 concepisti
780 1809 876 1837 monte,
900 1804 1045 1831 videamus.

261 1859 309 1887 Odi
318 1866 378 1894 ego,
391 1857 486 1892 inquit,
498 1855 616 1883 definire.
627 1853 694 1886 Quid
705 1860 768 1887 ergo
781 1851 916 1883 faciemus,
925 1849 1047 1884 inquam?

264 1903 314 1937 Tu,
329 1904 424 1938 inquit,
440 1901 531 1932 dclini,
546 1907 646 1935 qumso.
660 1898 725 1925 Nam
750 1897 852 1925 facilius
866 1900 907 1923 est
928 1894 990 1921 mihi
1008 1894 1047 1921 vi-

260 1951 326 1979 dere
340 1951 365 1977 in
378 1948 488 1976 alterius
503 1946 654 1974 definitione
669 1944 731 1979 quid
755 1951 807 1971 non
831 1942 952 1977 probem,
967 1949 1047 1976 quam

258 1996 405 2032 quidquam
420 1994 488 2020 bene
501 1990 651 2019 definiendo
665 1990 806 2024 explicare.
819 1988 915 2016 Geram
929 1986 974 2014 tibi
989 1994 1046 2013 mo-

261 2049 330 2073 rem,
343 2041 459 2073 inquam.
473 2037 585 2064 Videtur
595 2036 639 2063 tibi
659 2035 684 2062 id
698 2042 756 2061 esse
770 2041 830 2061 cum
845 2033 908 2064 Deo,
924 2032 993 2066 quod
1014 2032 1047 2059 ab

261 2095 295 2115 eo
308 2086 409 2121 regitur
421 2089 499 2119 atque
511 2080 724 2110 administratur?
734 2079 803 2111 Non,
815 2079 852 2106 ait
865 2078 919 2111 ille,
932 2080 981 2105 hoc
990 2079 1047 2104 ani-

264 2141 309 2160 mo
318 2137 502 2166 conceperam,
522 2137 581 2157 cum
592 2128 710 2155 dicebam
724 2134 754 2154 ea
767 2133 825 2161 quae
836 2133 887 2152 non
898 2129 1044 2156 moventur,

256 2185 323 2206 esse
336 2185 396 2205 cum
412 2177 478 2204 Deo.
494 2174 560 2202 Vide
577 2181 640 2208 ergo
651 2192 659 2205 ,
679 2172 795 2205 inquam,
821 2174 908 2197 utrum
923 2169 980 2196 hirc
1000 2169 1045 2196 tibi

263 2224 357 2252 saltem
372 2221 490 2250 definitio
505 2220 624 2256 placeat:
640 2225 699 2245 cum
711 2217 764 2244 Deo
779 2220 820 2243 est
833 2215 957 2250 quidquid
971 2214 1048 2241 intel-

264 2269 320 2305 ligit
335 2269 427 2296 Deum.
441 2266 576 2296 Concedo.
592 2264 685 2299 inquit.
696 2262 765 2297 Quid
777 2269 849 2296 ergo.
866 2261 990 2296 inquam?
1001 2269 1046 2288 sa-

263 2315 338 2350 piens
348 2314 393 2341 tibi
410 2314 492 2341 Deum
506 2310 651 2345 intelligere
672 2315 723 2336 non
737 2307 858 2335 videtur?
873 2307 991 2338 Videtur,
1008 2306 1047 2333 in-

262 2361 328 2398 quit.
346 2360 411 2388 Cum
426 2366 492 2394 ergo
515 2357 648 2392 sapientes
670 2362 721 2381 non
742 2354 826 2381 solum
846 2354 871 2380 in
890 2361 941 2380 una
955 2353 1044 2384 domo,

262 2411 308 2435 aut
321 2406 395 2437 urbe,
410 2404 456 2432 sed
470 2403 549 2431 etiam
564 2409 612 2436 per
634 2400 760 2427 immensa
779 2399 914 2433 regionum
929 2398 1046 2433 peregri-

263 2452 360 2483 nando,
368 2448 566 2485 navigandoque
571 2450 724 2473 moveantur
731 2453 739 2478 ;
747 2443 879 2479 quomodo
887 2444 938 2470 erit
944 2450 1045 2475 verum,

262 2497 390 2535 quidquid
404 2503 464 2523 cum
487 2494 542 2522 Deo
557 2497 598 2520 est
611 2500 663 2519 non
678 2490 795 2518 m0vcri?
809 2490 899 2517 Risum
913 2489 988 2522 mihi,
1005 2489 1046 2515 in-

261 2533 330 2579 quit,
355 2540 471 2573 movisti,
486 2539 560 2574 quasi
580 2545 629 2572 ego
643 2536 712 2571 quod
726 2535 831 2570 sapiens
850 2533 919 2565 facit,
934 2533 1046 2561 dixerim

261 2596 322 2617 esse
333 2594 393 2615 eum
406 2585 470 2613 Deo.
494 2585 560 2612 Cum
576 2583 630 2610 Deo
644 2586 694 2614 est,
716 2580 764 2608 sed
787 2579 850 2607 illud
872 2579 941 2615 quod
963 2580 1045 2607 novit.

261 2632 318 2661 Non
332 2631 414 2665 nevit,
436 2631 553 2664 inquam,
567 2627 673 2662 sapiens
687 2626 805 2653 codicem
819 2633 895 2652 suum
905 2645 913 2658 ,
926 2624 1044 2660 pallium,

262 2677 388 2710 tunicam,
401 2672 604 2710 supellectilem,
619 2671 641 2698 si
654 2679 732 2707 quam
753 2670 842 2701 habet,
854 2675 1003 2705 cmtcraqne
1020 2670 1046 2696 id

260 2729 420 2760 genus,qu:e
427 2720 500 2749 stulti
508 2719 588 2747 etiam
599 2718 667 2746 bene
680 2715 827 2744 noverunt?
837 2716 942 2749 Fateor,
950 2716 1043 2751 inquit,

262 2777 341 2799 nosse
354 2769 481 2798 tunicam,
496 2770 525 2794 et
535 2772 614 2792 nosse
627 2763 746 2798 pallium,
761 2770 814 2789 non
828 2769 889 2789 esse
903 2769 964 2788 cum
981 2762 1044 2789 Deo.

295 2817 322 2843 5.
341 2814 399 2842 line
411 2819 485 2848 ergo,
499 2811 617 2845 inquam,
630 2808 697 2836 dicis
709 2816 715 2835 :
729 2807 787 2835 Non
801 2815 880 2835 omne
890 2806 961 2843 quod
973 2807 1046 2835 novit

260 2858 379 2893 sapiens.
388 2865 446 2886 esse
460 2864 521 2886 cum
537 2856 606 2887 Deo;
620 2853 666 2882 sed
679 2858 767 2881 tamen
780 2851 907 2888 quidquid
918 2852 1045 2888 sapientis

844 153 888 183 DE
907 150 1044 183 OﬂblNl-I.
1063 150 1093 179 S.
1109 146 1290 179 Λυαυετικι

1099 225 1159 245 cum
1173 217 1228 245 Deo
1240 222 1290 249 est,
1298 216 1322 244 id
1331 223 1409 244 nosse
1419 216 1576 252 sapientem.
1589 216 1705 253 Optime,
1715 218 1813 253 inquit;
1826 227 1885 247 nam

1097 263 1225 298 quidquid
1239 270 1319 290 sensu
1333 262 1385 290 isto
1397 263 1518 298 corporis
1532 263 1614 296 novit,
1629 271 1683 291 non
1693 268 1737 291 est
1747 272 1807 292 eum
1820 265 1885 298 Deo.

1098 308 1144 336 sed
1166 308 1229 335 illud
1244 308 1314 343 quod
1336 308 1427 335 animo
1449 308 1571 343 percipit.
1591 309 1654 336 Plus
1670 309 1750 336 etiam
1775 310 1887 338 fortasse

1097 353 1183 381 audeo
1194 353 1298 385 dicere;
1311 352 1358 381 sed
1373 358 1460 380 tamen
1482 352 1568 380 dicam
1585 362 1593 381 :
1614 354 1691 381 vobis
1708 355 1779 383 enim
1791 356 1887 384 existi-

1098 399 1254 431 matoribus,
1268 402 1314 425 aut
1323 398 1477 431 conﬁrmor,
1491 403 1537 426 aut
1546 398 1656 428 discam.
1671 400 1795 436 Quisquis
1815 402 1887 430 enim

1098 451 1129 472 ea
1143 444 1200 471 sola
1212 444 1286 471 novit
1296 452 1355 479 qua;
1368 444 1489 479 corporis
1501 452 1595 473 sensus
1607 446 1722 481 attingit,
1733 455 1788 475 non
1799 448 1887 476 solum

1097 496 1158 516 cum
1176 489 1232 517 Deo
1251 496 1312 517 esse
1326 497 1379 517 non
1401 490 1466 517 mihi
1480 490 1593 523 videtur,
1607 491 1653 518 sed
1673 499 1708 519 ne
1725 499 1815 520 secum
1827 494 1888 528 qui-

1098 533 1173 562 dem.
1197 534 1246 562 llie
1265 542 1327 562 cum
1350 535 1502 571 Trygetium
1529 536 1772 565 animadvertissem
1804 538 1831 565 in
1855 546 1889 566 eo

1099 580 1181 612 vultu,
1196 584 1224 606 ut
1235 580 1325 608 nescio
1339 580 1400 615 quid
1415 581 1481 607 velle
1496 581 1587 608 dicere
1599 581 1744 616 videretur,
1754 582 1800 609 sed
1810 590 1890 610 vere-

1098 624 1194 651 cundia
1209 632 1280 658 eum,
1294 633 1326 651 ne
1338 625 1412 659 quasi
1427 625 1452 652 in
1466 625 1582 652 alienum
1594 626 1680 653 locum
1691 627 1890 659 irrueret,con-

1100 670 1195 702 tineri;
1212 669 1262 697 feci
1283 674 1464 704 potestatein,
1485 671 1539 705 jam
1566 675 1672 699 tacente
1699 671 1835 705 Licentio,
1859 679 1890 701 ut

1099 720 1233 749 promeret
1247 716 1268 742 si
1282 715 1345 750 quid
1359 716 1447 743 vellet.
1461 716 1495 743 At
1505 716 1548 743 ille
1563 725 1570 741 :
1591 717 1652 750 Ista,
1669 717 1763 752 inquit,
1779 726 1839 753 quae
1853 718 1889 747 ad

1098 768 1191 788 sensus
1203 762 1322 795 corporis
1333 762 1474 796 pertinent,
1490 769 1599 796 prorsus
1612 770 1691 790 nemo
1708 763 1772 791 mihi
1784 764 1891 793 vidum“

1099 814 1186 834 nosse.
1198 807 1275 834 Aliud
1290 811 1331 834 cst
1345 807 1415 834 enim
1430 807 1539 841 sentire,
1554 808 1624 835 aliud
1638 816 1727 836 nosse.
1753 809 1844 843 Quare
1864 810 1890 837 si

1098 852 1159 886 quid
1169 852 1300 885 novimus,
1315 853 1375 879 solo
1405 853 1539 880 intellectu
1553 854 1683 881 contineri
1708 858 1781 889 puto,
1805 859 1832 882 et
1855 863 1891 883 eo

1098 898 1156 924 solo
1170 905 1248 932 posse
1260 898 1462 932 comprehendi.
1482 899 1520 926 Ex
1533 907 1585 934 quo
1611 899 1649 932 fit,
1664 903 1693 927 ut
1713 900 1736 928 si
1763 900 1827 928 illud
1848 905 1891 928 est

1098 951 1159 970 cum
1175 944 1230 971 Deo
1245 944 1314 978 quod
1329 944 1497 979 intelligendo
1509 945 1615 979 sapiens
1623 946 1705 976 novit.
1722 949 1805 974 totum
1817 947 1891 981 quod

1099 989 1172 1016 novit
1186 989 1292 1024 sapiens
1306 991 1388 1024 possit
1398 997 1458 1017 esse
1475 997 1534 1017 cum
1555 990 1619 1017 Deo.
1632 991 1707 1024 Quod
1720 998 1779 1018 cum
1794 991 1892 1019 Licen-

1100 1034 1151 1060 tius
1165 1034 1350 1068 approbasset,
1366 1034 1482 1069 subjecit
1492 1035 1561 1062 aliud
1576 1036 1646 1070 quod
1657 1036 1730 1063 nullo
1738 1041 1816 1071 pacto
1827 1043 1892 1071 pos.

1098 1087 1155 1107 sem
1175 1085 1356 1107 contemnere.
1383 1080 1426 1107 Ait
1451 1081 1522 1107 enim
1539 1089 1546 1107 :
1563 1080 1675 1115 Sapiens
1697 1087 1807 1116 prorsus
1826 1089 1891 1109 cum

1100 1125 1154 1152 Deo
1166 1130 1216 1159 est,
1229 1134 1289 1153 nam
1308 1130 1335 1153 et
1349 1127 1466 1161 scipsum
1481 1127 1603 1161 intelligit
1615 1127 1730 1161 sapiens.
1739 1128 1814 1161 Quod
1823 1135 1893 1155 con~

1101 1171 1187 1198 ficitur
1201 1176 1228 1198 et
1241 1180 1274 1199 ex
1285 1179 1318 1199 eo
1333 1172 1402 1207 quod
1417 1180 1431 1199 a
1456 1177 1482 1200 te
1501 1173 1603 1208 accepi,
1621 1173 1647 1200 id
1667 1181 1728 1201 esse
1744 1181 1809 1201 cum
1821 1174 1890 1207 Deo,

1098 1216 1168 1251 quod
1180 1217 1301 1252 intelligit
1309 1219 1390 1245 Deum
1398 1226 1405 1250 ;
1412 1221 1440 1245 et
1447 1226 1480 1245 ex
1488 1225 1521 1245 eo
1529 1218 1598 1252 quod
1612 1226 1625 1244 a
1640 1218 1716 1246 nobis
1729 1219 1829 1246 dictum
1836 1223 1890 1251 est,

1099 1262 1124 1289 id
1137 1270 1196 1290 esse
1208 1270 1268 1290 cum
1276 1263 1339 1295 Deo,
1353 1263 1423 1298 quod
1437 1271 1452 1290 a
1462 1263 1582 1297 sapiente
1593 1263 1810 1298 intelligiturﬁed
1819 1264 1892 1292 hanc

1098 1307 1156 1341 ejus
1170 1312 1271 1342 partem
1285 1316 1333 1343 per
1342 1316 1420 1343 quam
1434 1308 1492 1336 istis
1507 1309 1589 1335 utitur
1596 1309 1718 1337 sensibus
1732 1309 1796 1345 (non
1815 1310 1891 1337 enim

1098 1356 1161 1387 puto
1173 1353 1414 1380 connumerandam
1430 1352 1502 1385 esse,
1512 1361 1571 1380 cum
1583 1354 1729 1388 sapientem
1739 1355 1889 1391 vocant),

1099 1398 1182 1426 fateor
1190 1407 1232 1426 me
1246 1399 1357 1432 nescire,
1370 1407 1420 1427 nec
1429 1400 1537 1426 omnino
1549 1399 1696 1434 eujusmodi
1701 1401 1736 1428 sit
1746 1402 1890 1436 suspicari.

1134 1443 1160 1470 6.
1181 1443 1266 1479 Negas
1278 1452 1351 1479 ergo,
1374 1444 1491 1479 inquam,
1505 1452 1559 1472 non
1574 1445 1659 1472 solum
1678 1453 1712 1473 es
1733 1453 1848 1481 corpore
1859 1451 1890 1474 et

1098 1490 1196 1522 anima,
1208 1489 1253 1517 sed
1267 1490 1345 1517 etiam
1362 1497 1394 1517 ex
1408 1490 1493 1516 anima
1508 1494 1563 1517 tota
1577 1495 1701 1518 constare
1720 1491 1867 1526 sapientem
1879 1500 1889 1524 ;

1098 1534 1227 1569 siquidem
1242 1539 1343 1569 partem
1359 1535 1435 1562 istam
1454 1542 1505 1569 qua
1529 1535 1610 1562 utitur
1635 1536 1766 1569 sensibus,
1792 1537 1892 1564 anima:

1099 1587 1157 1607 esse
1171 1588 1267 1615 negare
1289 1580 1419 1607 dementis
1438 1585 1489 1608 est.
1509 1580 1567 1608 Non
1581 1581 1652 1608 enim
1676 1581 1725 1616 ipsi
1750 1581 1823 1609 oculi
1843 1582 1891 1610 vel

1098 1632 1185 1657 aures,
1201 1625 1247 1652 sed
1261 1626 1351 1653 nescio
1361 1625 1423 1660 quid
1443 1626 1513 1653 aliud
1529 1633 1575 1660 per
1594 1626 1686 1653 oculos
1696 1617 1786 1653 sentit.
1799 1627 1890 1661 ipsum

1099 1675 1185 1697 autem
1202 1671 1312 1703 sentire,
1329 1671 1350 1697 si
1367 1679 1420 1698 non
1441 1670 1535 1698 damus
1550 1671 1703 1703 intellectui,
1719 1680 1772 1698 non
1793 1672 1892 1700 damus

1098 1717 1175 1744 alicui
1189 1717 1256 1751 parti
1271 1717 1378 1744 animm.
1394 1717 1486 1744 Restat
1507 1722 1535 1744 ut
1547 1717 1655 1752 corpori
1677 1718 1818 1751 tribuatur,
1833 1726 1891 1753 quo

1099 1762 1240 1790 absurdius
1251 1762 1302 1789 dici
1317 1762 1383 1789 nihil
1397 1762 1503 1790 interim
1514 1762 1577 1789 mihi
1593 1762 1707 1790 videtur.
1718 1762 1827 1796 Anima,
1842 1763 1889 1794 ᾔνι-

1098 1808 1164 1842 quit,
1180 1808 1306 1842 sapientis
1317 1811 1473 1842 perpurgata
1486 1807 1636 1841 virtutibus,
1647 1812 1673 1835 et
1682 1807 1737 1842 jam
1749 1807 1892 1837 collatum

1100 1853 1164 1884 Deo,
1178 1852 1306 1887 sapientis
1320 1853 1401 1880 etiam
1415 1852 1522 1880 numine
1535 1852 1613 1888 digna
1619 1858 1670 1886 est,
1681 1860 1732 1881 nec
1742 1853 1890 1888 quidquam

1099 1898 1157 1932 ejus
1171 1898 1242 1924 aliud
1254 1897 1331 1925 decet
1340 1897 1467 1932 appellari
1479 1897 1642 1932 sapientem:
1656 1897 1704 1925 sed
1716 1899 1889 1933 tamenquasi

1099 1944 1230 1978 qumdam,
1245 1947 1274 1970 ut
1287 1944 1322 1970 ita
1336 1943 1434 1977 dicam,
1448 1943 1543 1971 sordes
1562 1947 1643 1978 atque
1663 1944 1769 1972 exuvis
1790 1944 1894 1979 φίωι

1099 1997 1129 2016 se
1154 1989 1197 2016 ille
1218 1989 1367 2022 mundavit,
1396 1992 1423 2016 ct
1449 1989 1523 2023 quasi
1548 1989 1680 2017 subtraxit
1708 1989 1734 2017 in
1754 1990 1888 2025 seipsum,

1099 2034 1123 2061 ci
1136 2034 1230 2060 anima:
1245 2034 1371 2060 serviunt.
1385 2033 1431 2060 Vel
1447 2034 1468 2060 si
1485 2039 1537 2060 tota
1550 2034 1608 2061 haec
1617 2034 1703 2061 anima
1713 2034 1824 2062 dicenda
1831 2040 1886 2068 est,

1099 2079 1124 2106 ei
1137 2084 1208 2107 certe
1222 2079 1290 2114 parti
1314 2079 1409 2105 anima:
1435 2079 1553 2106 serviunt
1573 2082 1652 2113 atque
1671 2079 1796 2115 subjecta:
1814 2085 1888 2113 sunt.

1099 2132 1177 2159 quam
1190 2125 1274 2152 solam
1287 2124 1432 2159 sapientem
1447 2124 1576 2151 nominari
1595 2125 1682 2153 decet.
1697 2125 1725 2152 ln
1744 2133 1797 2161 qua
1811 2131 1891 2160 parte

1100 2171 1217 2205 subjecta
1250 2171 1329 2197 etiam
1363 2171 1445 2205 ipsam
1477 2171 1631 2198 memoriam
1665 2177 1727 2206 puto
1755 2171 1888 2200 habitare.

1100 2215 1188 2243 Utitur
1197 2223 1261 2250 ergo
1274 2215 1322 2242 hac
1331 2215 1438 2250 sapiens
1452 2215 1526 2249 quasi
1542 2223 1630 2247 servo,
1644 2221 1673 2243 ut
1687 2215 1888 2251 batceijubeat,

1099 2268 1197 2295 easque
1208 2260 1262 2295 jam
1273 2259 1374 2286 domito
1384 2264 1463 2294 atque
1481 2260 1614 2287 substrata
1627 2264 1711 2288 metas
1723 2260 1789 2296 legis
1803 2261 1890 2296 iunpo-

1100 2310 1154 2339 nat,
1168 2310 1195 2332 ut
1205 2305 1266 2332 dum
1278 2305 1335 2332 istis
1346 2305 1467 2332 sensibus
1479 2305 1561 2339 utitu;
1577 2310 1687 2340 propter
1699 2306 1744 2333 illa
1755 2314 1815 2342 qua;
1827 2306 1885 2342 jam

1100 2360 1152 2378 nun
1168 2350 1291 2385 sapienti,
1304 2350 1351 2378 sed
1367 2350 1416 2377 sibi
1431 2355 1492 2377 sunt
1505 2351 1665 2384 necessaria,
1679 2358 1732 2380 non
1746 2359 1776 2380 se
1790 2352 1891 2381 audeat

1100 2397 1239 2430 extollere,
1252 2404 1302 2423 nec
1311 2395 1450 2431 superbire
1460 2396 1579 2428 domino,
1594 2405 1643 2424 nec
1656 2397 1689 2425 iis
1702 2398 1767 2432 ipsis
1784 2406 1845 2433 qua:
1852 2398 1887 2426 ad

1099 2451 1129 2470 se
1147 2443 1279 2478 pertinent
1303 2442 1401 2477 passim
1416 2447 1494 2477 atque
1509 2443 1682 2471 immoderate
1694 2443 1742 2472 uti.
1754 2444 1797 2472 Ad
1810 2445 1883 2477 illam

1099 2490 1169 2516 enim
1196 2489 1350 2516 vilissimum
1372 2493 1473 2523 partem
1492 2482 1602 2523 possunt
1616 2497 1647 2517 ea
1675 2490 1808 2524 pertinere
1827 2498 1889 2526 quae

1100 2539 1269 2570 pnetereuut.
1284 2534 1386 2567 Quibus
1410 2539 1498 2561 autem
1511 2538 1554 2562 est
1578 2535 1704 2562 memoria
1724 2537 1887 2568 necessaria,

1099 2580 1149 2607 nisi
1176 2580 1407 2615 prmtereuutibus,
1422 2583 1449 2606 et
1463 2579 1538 2614 quasi
1558 2579 1718 2614 fugientibus
1731 2580 1828 2608 rebus?
1842 2581 1889 2609 Illo

1099 2625 1178 2659 igitur
1191 2625 1297 2659 sapiens
1309 2625 1475 2660 amplectitur
1486 2624 1579 2657 Deum,
1588 2632 1673 2660 eoque
1686 2625 1830 2660 perfruitur
1842 2626 1888 2662 qui

1099 2678 1206 2706 semper
1220 2675 1318 2704 manet,
1342 2677 1393 2697 nec
1407 2675 1575 2706 exspectatur
1591 2675 1620 2697 ut
1631 2671 1681 2704 sit,
1697 2678 1748 2699 nec
1761 2671 1888 2700 metuitur

1099 2724 1134 2744 ne
1145 2716 1224 2748 desit,
1235 2715 1283 2743 sed
1293 2723 1326 2743 eo
1336 2715 1394 2751 ipso
1402 2723 1455 2750 quo
1467 2723 1530 2743 vere
1537 2719 1586 2749 est,
1598 2722 1704 2751 semper
1712 2720 1754 2744 est
1759 2723 1887 2751 pursuits.

1098 2761 1178 2790 Curat
1191 2767 1280 2789 autem
1290 2761 1434 2789 immobilis
1446 2765 1472 2788 et
1483 2760 1509 2788 in
1521 2769 1552 2788 se
1564 2769 1675 2790 manens
1686 2762 1756 2793 servi
1767 2762 1808 2790 sui
1821 2769 1884 2797 quu-

1098 2807 1240 2835 dammodo
1252 2807 1396 2842 peculium,
1410 2811 1438 2835 ut
1455 2814 1489 2834 eo
1501 2811 1626 2842 tanquam
1640 2806 1709 2843 frugi
1725 2811 1754 2838 et
1773 2807 1885 2844 diligens

1103 2853 1215 2881 famulus
1228 2853 1296 2882 bene
1310 2858 1411 2887 utatur,
1427 2859 1557 2887 parceque
1568 2853 1711 2880 custodiat.
