2048 3184
167 169 216 197 997

193 229 226 255 '7.
246 228 331 262 Quam
346 229 506 257 sententiam
518 230 644 265 ejnscum
667 228 845 256 admiratione
863 227 953 254 consi-

165 273 261 301 derans
271 294 279 306 ,
295 274 449 302 recordatus
463 282 521 302 sum
536 275 651 309 idipsunt
674 272 817 309 aliquando
830 279 874 300 me
890 272 956 300 bre-

162 319 233 346 viter
255 319 301 346 illo
320 319 443 347 audiente
464 319 576 347 dixisse.
592 319 661 347 Tum
677 319 802 347 arridens
819 327 827 346 :
851 318 955 346 Gratias

165 370 225 399 age,
248 364 367 399 inquam,
395 364 507 398 Lieenti,
532 365 594 392 huic
613 372 692 393 servo
707 369 764 398 tuo,
778 364 823 399 qui
838 363 885 391 tibi
903 362 954 390 nisi

165 410 261 445 aliquid
276 411 309 438 dc
321 412 423 446 peculio
435 419 482 439 suo
493 413 666 444 ministraret,
682 419 750 439 nunc
762 412 874 439 fortasse
883 411 953 445 quod

165 462 299 489 promeres
308 464 360 483 non
375 457 496 484 haberes.
511 457 575 484 Nam
590 457 612 484 si
623 458 656 484 ad
668 465 726 484 eam
739 463 838 492 partem
853 464 954 483 memo-

165 501 201 528 ria
215 501 338 536 pertinet,
352 510 411 536 qua:
434 510 464 529 se
487 503 558 529 velut
583 503 705 530 famulam
719 503 795 530 bona:
815 502 896 530 menti
912 510 954 529 re-

163 547 276 580 gendam
290 549 423 580 concedit,
439 549 495 583 ipsa
510 557 579 576 nunc
599 550 705 584 adjutus
726 557 766 581 es,
784 549 950 580 mihicrede,

165 597 192 619 ut
207 592 258 620 hoc
270 593 384 620 diceres.
402 593 471 628 Ergo
486 600 627 628 antequam
638 595 670 622 ad
686 595 760 621 illum
777 595 896 622 ordinem
910 603 952 621 re-

162 638 249 669 deam,
263 645 354 665 nonne
378 639 425 666 tibi
447 639 552 666 ridetur
565 640 604 666 vel
620 644 728 674 propter
743 639 818 671 talia,
845 639 871 666 id
890 643 948 671 est,

162 687 270 717 propter
283 682 410 711 honestas
426 691 458 711 ac
469 685 632 711 necessarias
644 684 807 719 disciplinas,
822 685 950 711 memoria

160 736 231 762 opus
241 736 302 758 esse
315 730 446 764 sapienti?
461 729 540 763 Quid,
555 730 648 765 inquit,
671 731 798 758 memoria
815 737 882 765 opus
898 735 948 761 (-sl,

160 781 221 802 cum
236 782 328 802 omnes
341 782 404 802 suas
417 782 460 802 res
469 780 612 810 praesentes
625 775 719 802 habeat
733 783 764 802 ac
776 776 880 802 teneat?
892 775 949 802 Non

160 819 232 847 enim
250 820 291 847 vel
308 820 333 847 in
345 821 402 855 ipso
414 828 504 854 sensu,
518 821 551 849 ad
566 821 591 848 id
601 821 670 856 quod
678 826 739 848 ante
749 821 838 848 oculos
845 826 949 848 nostros

160 869 212 898 est,
224 865 251 892 in
274 866 399 892 auxilium
413 865 490 893 nobis
507 873 632 893 vocamus
648 867 812 893 memoriam.
830 866 949 901 Sapienti

161 917 224 945 ergo
244 914 306 937 ante
320 910 380 938 illos
406 911 544 938 interiores
560 911 710 938 intellectus
731 911 821 938 oculos
842 911 948 938 habenti

160 954 260 987 ontuia,
284 954 310 981 id
323 959 375 987 est,
399 955 480 982 Deum
504 958 589 989 ipsum
605 956 659 982 fise
674 956 895 990 immobiliterque
907 956 948 982 in-

161 1000 254 1032 tuenti,
267 1007 327 1027 eum
347 1007 400 1035 quo
411 1005 472 1027 sunt
486 1001 575 1027 omnia
594 1009 653 1035 quae
668 1001 818 1028 intellectus
832 1001 903 1027 videt
917 1008 948 1028 ac

160 1044 286 1078 possidet,
300 1044 363 1079 quid
373 1052 441 1079 opus
450 1050 500 1078 est,
512 1053 612 1080 qua‘so,
625 1046 770 1072 memor-ia?
784 1046 846 1073 Mihi
859 1051 946 1073 autent

161 1094 189 1117 ut
200 1097 269 1125 opus
281 1095 354 1117 esset
365 1090 398 1117 ad
411 1090 469 1118 haec
483 1099 542 1125 quac
553 1091 600 1117 abs
615 1096 640 1118 te
650 1091 784 1118 audieram
798 1092 945 1122 retinenda.

159 1136 275 1164 nondum
285 1143 344 1163 sum
357 1136 426 1164 illius
433 1136 522 1163 famuli
529 1137 665 1170 dominus;
679 1137 725 1165 sed
731 1138 754 1164 ei
763 1138 840 1165 modo
849 1138 945 1170 servio,

159 1183 238 1210 modo
249 1190 337 1218 pugno
349 1187 378 1210 ut
393 1191 446 1211 non
457 1184 580 1215 serviam,
592 1188 619 1211 et
625 1184 699 1218 quasi
713 1192 755 1211 me
765 1184 852 1211 audeo
871 1191 946 1211 asse-

157 1235 217 1255 rere
230 1228 257 1256 in
269 1228 417 1256 libertatem
426 1237 521 1256 meam.
532 1229 564 1256 Et
571 1230 592 1256 si
602 1229 670 1256 forte
680 1230 821 1264 aliquando
834 1230 944 1265 impero,

156 1278 236 1309 atque
260 1274 425 1309 obtemperat
451 1274 527 1307 mihi,
551 1275 668 1310 facitque
682 1283 754 1310 stupe
772 1281 863 1310 putare
876 1276 946 1311 quod

156 1319 276 1353 vicerim,
291 1320 318 1347 in
332 1320 392 1347 aliis
406 1329 496 1348 rursus
510 1321 590 1348 rebus
607 1322 640 1348 ita
654 1329 714 1349 sese
735 1322 812 1357 erigit
824 1341 831 1355 ,
846 1328 874 1349 ut
887 1322 946 1357 ejus

156 1364 207 1391 sub
232 1365 343 1399 pedibus
363 1365 443 1393 miser
466 1366 578 1400 jaceam.
594 1367 781 1400 Quamobrem,
797 1368 902 1402 quando
911 1368 946 1396 de

157 1409 433 1445 sapienteqnterimus,
443 1419 485 1438 me
493 1412 554 1439 nolo
565 1412 694 1439 nomines.
704 1411 757 1439 Nec
764 1420 816 1445 me,
827 1413 943 1447 inquam.

157 1454 209 1482 Sed
221 1460 309 1483 tamen
323 1456 512 1491 numquidnam
526 1457 632 1491 sapiens
647 1457 697 1485 iste
709 1465 772 1485 suos
788 1463 874 1492 potest
894 1458 945 1485 de-

157 1508 256 1533 serere,
271 1505 317 1528 aut
325 1501 379 1529 ullo
391 1507 467 1538 pacto
480 1523 487 1536 ,
506 1510 566 1530 cum
581 1504 632 1531 hoc
648 1511 743 1539 corpus
762 1505 825 1539 agit,
846 1505 872 1532 in
893 1514 945 1540 quo

157 1547 235 1575 istum
260 1547 386 1575 famulum
407 1555 454 1576 sua
481 1549 539 1584 lege
553 1549 703 1577 devinctum
719 1554 800 1583 tenet,
814 1551 946 1585 relinquet

157 1591 272 1619 oﬁicium
284 1592 412 1620 beneficia
426 1594 557 1622 tribuendi
574 1595 670 1629 quibus
681 1600 777 1629 potest,
787 1601 814 1623 et
830 1597 944 1624 maxime

157 1637 227 1671 quod
247 1637 282 1665 ab
303 1646 335 1665 eo
360 1639 591 1667 vehementissime
613 1641 759 1675 tlagitatur,
787 1641 943 1676 sapientiam

158 1683 240 1717 ipsam
262 1683 397 1711 docendi?
412 1684 487 1718 Quod
509 1692 569 1712 eum
585 1685 656 1718 facit,
673 1690 701 1712 ιιι
713 1693 828 1720 congrue
839 1686 942 1718 doceat,

159 1730 298 1766 uultusque
308 1731 414 1766 ineptus
426 1733 471 1764 sit,
483 1738 614 1768 praeparat
625 1741 695 1768 stupe
705 1734 813 1769 aliquid,
825 1736 895 1770 quod
911 1744 943 1763 ex

158 1773 329 1810 dispositione
343 1776 481 1811 eloquatur
489 1785 520 1804 ac
530 1778 654 1812 disputet,
663 1779 733 1813 quod
748 1779 797 1806 nisi
811 1781 945 1807 memoria:

158 1821 391 1855 commendaverit,
415 1828 505 1856 pereat
518 1831 627 1850 tteeesse
639 1828 688 1850 est.
715 1824 785 1859 Ergo
797 1829 841 1852 aut
856 1825 943 1853 ofticia

158 1866 348 1895 benevolentiae
372 1868 480 1902 negabis
496 1875 556 1895 esse
569 1869 704 1903 sapientis,
718 1873 765 1896 aut
776 1871 944 1898 confiteberis

158 1912 311 1947 resaliquas
323 1913 450 1948 sapientis
470 1915 595 1941 memoria
617 1915 762 1943 custodiri:
784 1924 817 1943 an
833 1917 945 1945 fortasse

158 1958 255 1993 aliquid
276 1965 383 1986 suarum
399 1967 487 1987 rerum
507 1967 558 1987 non
579 1966 687 1995 propter
701 1969 730 1988 se
753 1962 876 1996 quidem,
897 1963 943 1990 sed

158 2007 265 2039 propter
291 2011 354 2032 suos
378 2005 428 2032 sibi
454 2009 541 2032 tanten
566 2007 742 2033 necessarium
777 2009 944 2036 commendat

157 2049 316 2077 servandum
326 2050 363 2077 illi
377 2051 486 2083 famulo,
498 2057 527 2078 ut
537 2051 581 2078 ille
596 2056 718 2086 tanquam
733 2053 850 2086 sobrius,
871 2058 898 2081 et
911 2062 943 2081 ex

157 2095 256 2130 optima
265 2095 366 2124 domini
378 2096 516 2132 disciplina
528 2118 534 2129 ,
551 2105 603 2124 non
615 2098 720 2133 quidem
734 2099 875 2132 custodiat,
894 2101 943 2128 nisi

157 2141 226 2175 quod
241 2145 350 2176 propter
362 2142 455 2169 stultos
469 2142 502 2170 ad
516 2142 671 2177 sapientiam
690 2144 883 2178 perducendos,
896 2146 943 2173 sed

158 2186 227 2220 quod
246 2186 273 2213 ei
299 2190 387 2215 tamen
411 2187 454 2214 ille
487 2187 687 2215 custodiendum
713 2189 869 2224 imperarit?
889 2191 944 2218 Nec

158 2231 265 2258 omnino
272 2231 343 2265 huic,
358 2232 457 2267 inquit,
478 2233 658 2260 comtnendari
676 2234 816 2269 quidquam
831 2235 945 2263 arbitror

157 2278 321 2313 asapiente;
346 2278 475 2313 siquidem
500 2279 545 2307 ille
565 2287 671 2314 semper
691 2280 745 2307 Deo
771 2280 866 2308 infixus
892 2288 942 2314 est,

158 2323 213 2351 sive
236 2324 340 2355 tacitus,
366 2324 423 2352 sive
439 2331 500 2351 cum
520 2323 670 2352 hominibus
694 2326 826 2361 loquens:
841 2327 887 2354 sed
901 2328 944 2355 ille

158 2375 250 2397 servus
259 2369 314 2404 jam
332 2369 400 2396 bene
413 2369 548 2397 institutus
561 2370 702 2405 diligenter
716 2375 805 2398 servat
816 2372 886 2407 quod
901 2372 943 2400 in-

159 2413 260 2441 terdum
282 2414 427 2447 disputanti
454 2414 562 2441 domino
586 2419 718 2450 suggerat,
736 2420 763 2443 et
779 2417 804 2444 ei
820 2421 943 2452 tanquam

156 2454 303 2490 iustissimo
317 2462 420 2490 gratum
432 2455 511 2496 faciat
527 2456 643 2483 ol'iicium
655 2464 743 2490 suum,
755 2457 804 2485 sub
827 2459 901 2493 cujus
915 2467 944 2486 se

159 2500 230 2528 videt
242 2505 373 2535 potestate
386 2501 486 2528 vivere.
503 2501 538 2528 Et
554 2501 605 2528 hoc
621 2501 682 2528 facit
704 2510 758 2529 non
771 2502 846 2537 quasi
865 2504 945 2530 ratio—

158 2545 280 2578 cinando,
293 2545 342 2573 sed
356 2554 459 2573 summa
472 2546 516 2573 illa
530 2546 589 2581 lege
601 2553 758 2582 summoque
769 2548 861 2575 ordine
875 2556 944 2583 pra:-

158 2591 301 2619 scribente.
313 2591 394 2623 Nihil,
408 2591 526 2626 inquam,
540 2599 610 2619 nunc
619 2592 714 2619 resisto
727 2592 871 2620 rationibus
881 2594 943 2626 tuis,

159 2642 186 2664 ut
201 2638 272 2672 quod
285 2638 452 2673 suscepimus
471 2638 559 2673 potius
577 2641 725 2673 peragatur.
756 2639 793 2666 De
813 2639 863 2666 isto
881 2647 945 2667 vero

159 2684 298 2719 diligenter
307 2678 528 2719 quemadmodum
541 2691 600 2712 sese
611 2683 775 2721 babeat(non
783 2686 852 2712 enim
865 2693 944 2720 parva

160 2736 203 2757 res
211 2733 264 2762 est,
278 2734 325 2757 aut
336 2734 391 2757 tam
405 2737 488 2765 parvo
507 2737 631 2757 sermone
650 2729 786 2766 contenta)
799 2731 945 2758 videbimus

161 2775 235 2809 alias,
250 2783 312 2803 eum
327 2776 396 2803 Deus
413 2776 471 2810 ipse
485 2775 710 2810 opportunitatem
725 2776 818 2803 ordine
831 2776 943 2804 dederit.

265 2821 378 2849 CAPUT
391 2820 433 2849 Ill.
442 2835 478 2842 —
489 2821 603 2849 Stultitia
615 2829 648 2848 an
661 2829 718 2847 cum
732 2820 785 2848 Deo
797 2822 838 2849 ait.

195 2867 222 2895 8.
244 2867 386 2895 Deﬁnitum
409 2871 450 2894 est
470 2871 558 2895 autem
581 2866 643 2902 quid
665 2866 698 2894 sit
721 2873 779 2895 esse
801 2875 859 2894 cum
880 2868 942 2895 Deo.

831 168 934 197 LiBEli
952 167 1141 197 SECUNDUS.

1746 173 1798 201 998

1011 226 1044 253 Et
1057 234 1117 253 cunt
1128 234 1142 253 a
1153 233 1196 254 me
1207 226 1306 255 dictum
1325 232 1415 261 esset,
1430 227 1455 255 id
1466 235 1525 256 esse
1535 236 1595 256 cum
1606 229 1660 257 Deo
1670 229 1740 265 quod
1755 233 1798 258 ιιι,

1009 272 1100 306 telligil
1121 272 1222 306 Deum,
1240 280 1288 300 vos
1306 273 1384 300 etiam
1401 273 1460 309 plus
1473 273 1625 307 adjecistis,
1645 279 1673 302 ut
1689 275 1725 303 ibi
1744 276 1797 304 sint

1008 317 1087 344 etiant
1102 317 1145 344 illa
1157 325 1216 352 qua:
1227 317 1408 352 intelliguntur
1418 326 1433 346 a
1448 319 1576 353 sapiente.
1590 320 1646 353 Qua
1658 320 1683 347 in
1694 328 1723 347 re
1733 322 1797 349 ntul-

1008 365 1063 389 tum
1079 370 1122 390 me
1140 368 1229 391 movet
1249 363 1383 399 quomodo
1402 364 1489 392 subito
1509 372 1569 393 cum
1584 365 1638 393 Deo
1658 366 1796 395 stultitiam

1007 408 1209 435 calloeaveritis.
1225 409 1289 436 Nam
1305 409 1326 436 si
1342 417 1401 436 cum
1421 410 1474 437 Deo
1491 415 1553 438 sunt
1571 419 1742 447 qumcumquc
1755 413 1795 440 in-

1007 452 1099 487 telligit
1108 453 1223 487 sapiens,
1236 461 1284 481 nec
1296 454 1346 481 nisi
1358 454 1517 482 intellectam
1531 457 1667 484 stultitiam
1680 458 1795 493 ctl‘ugere

1006 507 1109 536 p0Iest;
1130 503 1181 530 erit
1201 504 1297 536 etiam,
1319 504 1389 537 quod
1411 504 1482 531 dictu
1501 504 1574 532 nefas
1588 511 1638 539 est,
1654 507 1734 540 pestis
1749 507 1793 534 illa

1004 555 1063 574 cum
1077 549 1140 576 Deo.
1161 549 1217 582 Qua
1231 550 1399 577 conclusione
1417 551 1552 584 commoti,
1567 559 1626 578 cum
1642 552 1668 578 in
1687 552 1793 580 silentio

1005 599 1035 619 se
1049 593 1211 627 aliquantum
1224 594 1370 621 tenuissent
1382 604 1388 622 :
1404 595 1581 629 Respondeat,
1596 595 1680 631 inquit
1692 597 1792 632 Tryge~

1005 638 1066 671 tius,
1081 638 1159 665 etiam
1174 639 1217 666 ille
1232 639 1265 666 de
1279 639 1353 673 cujus
1366 639 1479 667 adventu
1490 640 1524 668 ad
1543 641 1619 668 istaut
1634 641 1791 677 disputatio-

1004 690 1064 710 nem
1080 684 1302 719 opportunissimo
1316 692 1369 712 non
1385 693 1432 712 nos
1446 691 1509 721 puto
1525 691 1624 715 temere
1636 688 1790 723 gratulatos.

1003 728 1069 756 Tum
1083 729 1214 765 Alypius:
1233 730 1303 758 Deus
1325 731 1447 763 meliora,
1471 732 1571 767 inquit!
1594 733 1704 762 huccine
1726 735 1791 762 mihi

1003 774 1109 801 tandem
1124 779 1223 802 tantum
1235 784 1322 803 meum
1337 777 1468 804 silentium
1479 778 1640 813 parabatur?
1653 779 1706 806 Sed
1722 780 1790 808 irru—

1003 825 1046 854 pta
1057 820 1111 854 jam
1122 821 1197 855 quies
1211 813 1262 848 est.
1281 821 1376 849 Verum
1394 830 1463 849 nunc
1479 823 1564 850 enitar
1577 823 1637 851 huic
1649 829 1791 860 utcumque

1004 867 1133 900 rogationi
1148 867 1301 895 satisfacere
1311 887 1318 901 ,
1334 876 1393 895 cutn
1415 868 1478 895 ntihi
1491 869 1564 903 prius
1578 870 1620 897 vel
1636 870 1661 897 in
1675 870 1790 899 futurunt

1002 919 1162 946 prospexero
1172 933 1179 945 ,
1195 917 1221 940 et
1233 921 1249 940 a
1263 913 1337 940 vobis
1355 914 1530 948 impetravero
1550 919 1577 942 ut
1590 924 1605 943 a
1621 924 1662 944 me
1675 918 1790 952 amplius

1002 957 1050 983 ista
1064 958 1238 992 responsione
1252 958 1316 985 niltil
1332 958 1463 994 ﬂagitetis.
1477 959 1555 986 Nullo
1568 961 1658 995 modo,
1671 961 1788 997 inquam,

1000 1007 1050 1033 est.
1062 1003 1151 1039 Alypi,
1164 1004 1356 1032 benevolentia:
1366 1009 1445 1040 atque
1454 1004 1624 1033 hutnauitatis
1634 1011 1685 1033 tua:
1697 1014 1789 1034 vocem

1000 1052 1071 1075 tuatn
1085 1050 1199 1076 sermoni
1215 1055 1306 1077 nostro
1327 1051 1406 1077 etiam
1425 1050 1601 1078 desideratam
1617 1059 1724 1086 negare.
1736 1051 1790 1080 Sed

1000 1101 1078 1128 perge
1089 1094 1176 1126 modo,
1187 1095 1258 1130 quod
1269 1096 1402 1123 instituisti
1413 1095 1501 1128 elftee;
1510 1100 1616 1130 cariora,
1628 1101 1655 1124 ut
1663 1097 1717 1132 jam
1729 1105 1790 1125 sese

1000 1138 1079 1166 habet
1092 1139 1159 1166 ordo
1180 1140 1239 1172 ille,
1261 1141 1428 1175 provenient.
1444 1140 1530 1176 lique
1553 1142 1617 1169 mihi
1637 1143 1670 1169 de
1683 1143 1788 1176 ordine,

1000 1184 1094 1218 inquit,
1110 1189 1171 1212 sunt
1181 1186 1311 1220 sperattda
1325 1186 1445 1218 meliora,
1462 1186 1487 1213 in
1501 1186 1576 1221 cujus
1590 1188 1737 1215 assertione
1749 1189 1790 1215 iu-

1000 1229 1075 1256 terim
1089 1238 1132 1257 me
1146 1230 1306 1258 substituere
1321 1231 1449 1258 voluistis.
1468 1231 1530 1264 Sed,
1547 1233 1572 1260 ni
1588 1232 1674 1264 fallor,
1689 1234 1724 1260 ob
1738 1233 1790 1262 hoc

998 1276 1135 1303 stultitiam
1147 1277 1202 1303 Deo
1218 1277 1266 1303 ista
1280 1282 1322 1304 tua
1345 1278 1515 1305 conclusione
1533 1278 1567 1305 ab
1588 1278 1629 1305 ltis
1639 1280 1788 1314 copulatam

999 1321 1106 1354 putasti,
1118 1321 1189 1356 quod
1204 1322 1324 1349 universa
1338 1330 1397 1356 qua:
1412 1323 1533 1358 intelligit
1546 1324 1651 1359 sapiens
1663 1332 1723 1352 cum
1735 1325 1789 1354 Deo

998 1373 1058 1392 esse
1069 1366 1202 1393 dixerunt.
1215 1366 1266 1394 Sed
1284 1366 1308 1394 id
1323 1372 1453 1402 quatenus
1465 1369 1646 1403 accipiendum
1661 1371 1706 1403 sit,
1718 1378 1789 1398 nunc

998 1413 1107 1444 omitto;
1122 1416 1191 1439 tuam
1204 1412 1277 1439 illam
1289 1413 1514 1441 ratiocinationem
1526 1414 1659 1447 paululum
1670 1414 1788 1444 adverte.

999 1456 1091 1483 Dixisti
1103 1457 1200 1491 quippe
1214 1466 1221 1484 :
1235 1457 1299 1484 Nam
1314 1457 1335 1483 si
1348 1465 1407 1484 cum
1423 1458 1478 1485 Deo
1490 1463 1551 1485 sunt
1563 1467 1735 1495 quaecumque
1749 1460 1789 1488 in«

1000 1502 1091 1537 telligit
1102 1503 1217 1537 sapiens,
1228 1511 1276 1530 nec
1287 1503 1336 1529 nisi
1349 1503 1508 1530 intellectam
1519 1503 1659 1531 stultitiam
1673 1504 1789 1541 effugere

1000 1552 1095 1581 potest.
1109 1548 1188 1581 Quasi
1203 1556 1265 1575 vero
1279 1549 1341 1576 illud
1357 1548 1497 1576 obscurum
1511 1550 1555 1583 sit,
1572 1555 1711 1586 antequam
1723 1552 1788 1578 stul-

998 1592 1080 1619 titiam
1102 1594 1212 1628 quisque
1227 1594 1300 1626 vitet,
1321 1594 1448 1628 sapientis
1460 1602 1521 1621 eum
1535 1596 1642 1623 nomine
1656 1603 1708 1623 non
1723 1604 1784 1624 esse

997 1638 1168 1665 censendum.
1191 1639 1224 1666 Et
1243 1639 1342 1666 dictum
1359 1643 1410 1672 est,
1424 1647 1438 1666 a
1451 1640 1569 1674 sapiente
1581 1640 1714 1668 intellecta
1728 1649 1789 1669 esse

997 1690 1056 1711 eum
1070 1684 1133 1711 Deo.
1145 1684 1209 1711 Cum
1221 1684 1299 1719 igitur
1309 1684 1438 1712 evitanda:
1449 1685 1566 1712 stultitia:
1574 1687 1656 1720 gratia
1666 1687 1786 1715 eamdem

997 1730 1134 1756 smltitiam
1148 1730 1258 1765 quisque
1271 1731 1401 1766 intelligit,
1414 1731 1530 1758 nondum
1543 1737 1584 1758 est
1593 1733 1707 1767 sapiens.
1719 1733 1787 1761 Cum

997 1779 1082 1802 autem
1098 1775 1203 1809 sapiens
1223 1775 1317 1808 fuerit,
1333 1784 1384 1803 non
1405 1777 1473 1803 inter
1487 1783 1518 1803 ea
1532 1784 1592 1811 qua:
1604 1776 1649 1804 ille
1664 1778 1787 1813 intelligit

997 1820 1106 1847 stultitia
1115 1821 1276 1848 numeranda
1287 1827 1336 1848 est.
1351 1821 1527 1855 Quamobrem
1538 1823 1662 1857 quoniam
1676 1832 1706 1850 ea
1722 1832 1787 1851 cott-

994 1864 1083 1898 juncta
1099 1870 1160 1892 sunt
1172 1866 1240 1898 Deo,
1257 1874 1315 1900 qua:
1324 1866 1379 1901 jam
1400 1866 1506 1902 sapiens
1519 1867 1655 1903 intelligit,
1679 1876 1751 1896 recte
1765 1877 1780 1896 a

998 1911 1052 1938 Deo
1066 1912 1175 1939 stultitia
1189 1913 1344 1939 secernitur.

1032 1958 1058 1984 9.
1078 1958 1162 1985 Acute
1175 1958 1292 1993 quidem,
1307 1958 1423 1993 inquam,
1438 1963 1466 1986 ut
1480 1959 1560 1993 soles,
1574 1960 1661 1996 Alypi,
1676 1969 1786 1996 respona

996 2002 1068 2034 disti,
1083 2004 1129 2030 sed
1143 2008 1266 2038 tauquam
1281 2004 1306 2030 iu
1321 2004 1420 2030 alienas
1433 2009 1518 2031 trusus
1528 2007 1672 2040 angustias.
1684 2006 1784 2034 Tamen

996 2047 1067 2082 quia,
1083 2052 1112 2074 ut
1122 2048 1244 2081 arbitror,
1259 2048 1346 2075 adhuc
1359 2056 1461 2075 mecum
1474 2049 1569 2077 stultus
1581 2057 1640 2078 esse
1654 2050 1781 2086 dignaris.

996 2093 1058 2127 quid
1071 2093 1196 2121 faciemus
1209 2094 1230 2121 si
1241 2093 1355 2128 aliquem
1366 2094 1552 2122 nanciscamur
1562 2095 1725 2130 sapientem,
1739 2091 1786 2132 qni

996 2146 1045 2165 nos
1053 2143 1126 2165 tanto
1134 2139 1203 2165 malo
1211 2139 1330 2166 docendo
1338 2147 1369 2166 ac
1382 2139 1541 2174 disputando
1551 2139 1664 2168 libenter
1673 2141 1786 2169 liberet?

995 2183 1062 2211 Nam
1075 2184 1139 2210 nihil
1151 2191 1211 2211 eum
1225 2184 1306 2218 prius,
1318 2189 1445 2219 quantum
1456 2185 1581 2217 arbitror,
1595 2185 1785 2220 deprecaturus

997 2238 1067 2265 sum,
1082 2231 1130 2257 nisi
1154 2235 1182 2257 ut
1198 2231 1260 2257 mihi
1284 2231 1405 2258 ostendat
1424 2239 1482 2267 qua:
1496 2233 1544 2265 sit,
1559 2233 1620 2267 quid
1636 2233 1683 2266 sit,
1700 2235 1785 2269 qualis

997 2275 1031 2303 sit
1043 2276 1152 2303 omnino
1165 2275 1283 2303 stultitia.
1301 2276 1338 2304 De
1352 2282 1377 2304 te
1389 2277 1460 2304 enim
1476 2285 1527 2304 non
1542 2277 1619 2306 facile
1633 2279 1783 2307 affirmave-

995 2321 1060 2354 ritn;
1083 2329 1125 2348 me
1141 2326 1229 2348 tamen
1246 2325 1346 2348 tantum
1359 2327 1386 2348 ct
1401 2327 1452 2349 tam
1472 2322 1516 2349 diu
1529 2323 1645 2356 detinet,
1659 2329 1784 2359 quantunt

996 2371 1023 2393 et
1036 2374 1113 2401 qnam
1128 2367 1172 2394 diu
1185 2375 1200 2394 a
1221 2374 1264 2394 me
1281 2375 1332 2394 non
1346 2368 1509 2403 intelligitur.
1531 2369 1653 2397 Dicturus
1667 2374 1708 2397 est
1721 2378 1785 2405 ergo

997 2412 1052 2444 ille,
1073 2417 1098 2440 te
1110 2417 1218 2439 auctore
1231 2421 1238 2440 :
1254 2412 1287 2440 Ut
1301 2412 1352 2440 hoc
1363 2420 1410 2440 vos
1422 2413 1556 2446 docerem,
1571 2415 1676 2449 quando
1689 2416 1784 2442 stultus

996 2466 1068 2485 eram
1080 2458 1114 2485 ad
1127 2466 1170 2485 me
1181 2458 1272 2486 venire
1284 2458 1426 2491 debuistis;
1442 2459 1520 2486 modo
1540 2464 1627 2486 autem
1645 2467 1691 2487 ros
1704 2461 1784 2488 vestri

997 2504 1113 2538 magistri
1128 2511 1186 2531 esse
1201 2504 1322 2539 poteritis
1341 2513 1348 2532 :
1365 2512 1424 2531 nam
1440 2512 1490 2539 ego
1505 2504 1559 2539 jam
1574 2505 1709 2532 stultitiam
1731 2514 1783 2534 non

997 2549 1122 2584 intelligo.
1135 2550 1210 2582 Quod
1224 2550 1330 2585 quidem
1345 2550 1378 2577 ab
1390 2558 1423 2578 eo
1433 2551 1455 2578 si
1467 2550 1597 2582 audirem,
1612 2559 1665 2578 non
1678 2559 1786 2580 vererer

996 2595 1139 2622 admonere
1153 2596 1286 2622 hominem
1306 2600 1331 2622 ul
1345 2603 1435 2623 comes
1456 2596 1532 2623 nobis
1552 2596 1636 2629 ﬁeret,
1653 2598 1785 2633 simulque

996 2641 1149 2674 magistrum
1156 2641 1235 2668 alium
1243 2648 1430 2675 qutureremus.
1441 2641 1475 2669 Ut
1483 2641 1552 2668 cnitn
1561 2642 1639 2677 plene
1647 2642 1784 2671 stultitiam

998 2694 1050 2713 non
1066 2686 1192 2722 intelligo,
1207 2687 1284 2714 video
1297 2692 1384 2714 tamen
1398 2687 1462 2714 nihil
1479 2689 1651 2723 responsione
1664 2689 1713 2717 hac
1725 2697 1785 2718 esse

998 2731 1114 2758 stultius.
1135 2731 1186 2758 Sed
1201 2731 1309 2766 pudebit
1322 2739 1382 2759 eum
1405 2733 1517 2760 fortasse
1528 2732 1564 2761 ita
1583 2741 1633 2762 nos
1643 2738 1690 2762 aut
1702 2735 1784 2762 relin-

997 2783 1090 2810 quere,
1112 2780 1156 2803 aut
1169 2775 1257 2811 sequi.
1270 2776 1419 2811 Disputabit
1436 2784 1500 2813 ergo
1514 2783 1542 2806 et
1559 2778 1727 2814 exaggerabit
1738 2787 1784 2807 εο-

997 2822 1147 2858 piOsissime
1157 2820 1277 2850 stuititia:
1289 2820 1368 2849 mala.
1384 2821 1437 2850 Nos
1450 2826 1539 2851 autem
1551 2821 1621 2851 bene
1631 2823 1708 2851 nobis
1722 2831 1782 2858 pro-

997 2868 1126 2900 videntes,
1140 2872 1185 2895 ant
1200 2867 1340 2896 audiemus
1356 2871 1458 2897 attente
1470 2867 1606 2896 hominem
1619 2870 1783 2897 nescientvm
