4096 6368
503 305 607 366 999

500 461 619 517 qua:
645 440 905 516 loquatur,
935 443 1026 498 aut
1052 440 1331 498 credemus
1354 444 1476 494 eum
1503 436 1554 491 id
1583 434 1724 507 quod
1752 449 1856 488 non
1883 431 2078 487 intelli-

501 538 576 605 git
601 535 760 600 seire,
792 541 882 589 aut
915 533 1088 588 adhuc
1119 533 1228 586 Deo
1261 537 1624 598 susceptorum
1648 536 1854 580 tuorum
1876 523 2080 576 ratione

499 624 721 680 stultitia
747 625 990 695 copulata
1011 634 1108 678 est.
1129 621 1265 676 Nihil
1286 628 1459 673 autem
1481 617 1812 686 superiorum
1833 623 1916 670 est
1939 612 2080 683 quod

499 716 656 772 video
686 732 840 787 posse
881 715 1110 770 defendi.
1143 715 1326 767 Restat
1362 711 1554 779 igitur,
1585 708 1723 778 quod
1764 723 1869 762 non
1900 705 2078 772 vultis,

501 815 819 863 extremum.
849 806 1122 874 Nunquam
1153 810 1226 870 te,
1245 801 1473 871 â€œinquit,
1522 798 1756 853 invidum
1785 811 2078 851 senseram.

503 897 634 953 Nam
661 897 706 952 si
733 897 800 951 ab
825 897 958 961 istis,
990 903 1046 948 nt
1075 893 1225 958 dicis,
1252 890 1512 962 susceptis
1540 889 1824 959 quidquam
1850 886 2081 940 honora-

501 987 602 1051 rii,
642 990 700 1042 ut
727 982 881 1051 solet,
927 983 1267 1052 accepissem,
1313 981 1436 1036 dum
1480 978 1896 1035 ratiocinationis
1927 976 2084 1043 hujus

501 1077 720 1132 nimium
734 1087 885 1131 tenax
902 1091 982 1140 es,
1002 1074 1051 1130 id
1065 1073 1140 1128 eis
1153 1073 1311 1128 modo
1328 1071 1550 1126 reddere
1560 1078 1783 1140 eogerer
1812 1068 1985 1137 Quare
2000 1068 2082 1122 vel

502 1166 604 1222 hoc
623 1166 852 1222 contenti
871 1165 977 1219 sint
993 1207 1007 1227 ,
1035 1164 1172 1234 quod
1190 1178 1276 1218 me
1297 1172 1468 1217 tecum
1482 1161 1752 1215 laborante
1767 1174 1872 1213 non
1895 1172 2082 1228 parum

500 1261 578 1314 eis
593 1259 657 1313 ad
678 1257 1082 1328 excogitandum
1104 1255 1354 1325 temporis
1367 1254 1486 1307 dedi
1507 1269 1521 1318 ;
1546 1252 1648 1318 vel,
1674 1253 1716 1305 si
1738 1251 1860 1306 victi
1878 1247 2095 1320 patrdni'

501 1347 643 1403 nulla
685 1347 898 1418 quidem
929 1360 1021 1400 sua
1049 1345 1202 1414 culpa
1242 1343 1468 1400 consilio
1499 1342 1726 1397 libenter
1762 1341 2080 1404 auscultant,

500 1448 553 1494 et
581 1440 634 1494 iu
656 1440 754 1494 hoc
775 1439 883 1509 jam
911 1438 1006 1493 tibi
1031 1436 1240 1503 cedant,
1277 1445 1331 1492 et
1357 1436 1464 1491 sint
1492 1436 1544 1490 in
1569 1433 1774 1489 cmterls
1796 1433 2078 1487 cautiores.

571 1533 658 1588 i0.
698 1530 812 1587 Non
839 1537 1195 1595 contemnam,
1230 1529 1467 1599 inquam,
1509 1526 1651 1596 quod
1699 1526 1752 1580 in
1785 1535 1870 1579 tua
1897 1524 2082 1579 defen-

500 1622 653 1678 sione
681 1622 962 1694 Trygetius
990 1621 1168 1675 nescio
1195 1619 1322 1690 Quid
1350 1619 1508 1674 etiam
1538 1629 1879 1688 perSIrepens
1903 1615 2084 1671 dicere

499 1711 766 1784 cupiebat,
809 1711 1104 1782 faciamque
1149 1711 1287 1766 bona
1337 1718 1423 1764 tua
1467 1707 1620 1762 venia
1650 1725 1662 1760 :
1692 1722 1814 1761 nam
1861 1706 2092 1760 fortasse"

503 1820 609 1860 non
631 1805 765 1860 bene
785 1805 1074 1860 instructus
1099 1817 1174 1869 es,
1201 1802 1290 1872 qui
1315 1815 1501 1856 recens
1522 1800 1644 1854 huic
1666 1798 1874 1868 negotio
1898 1813 2084 1866 supcr-

507 1895 731 1961 veuisti,
780 1905 841 1951 ut
890 1904 1095 1950 remoto
1144 1892 1436 1963 patrocinio
1483 1893 1625 1961 ipsos
1669 1905 1880 1944 causam
1931 1903 2080 1943 suam

501 1995 813 2057 peragentcs
838 1985 1046 2041 audiam
1075 1985 1353 2054 patienter,
1387 1992 1442 2036 ut
1470 1996 1756 2050 coeperam.
1787 1981 1920 2033 Tum
1951 1979 2084 2048 Try-

502 2079 712 2149 getius,
753 2077 993 2134 Licentio
1029 2090 1248 2148 prorsus
1289 2075 1508 2129 absente
1550 2091 1563 2127 :
1595 2073 1871 2140 Quomodo
1901 2071 2080 2137 vultis,

503 2167 702 2238 inquit,
731 2167 951 2236 accipite
975 2175 1028 2220 et
1070 2164 1238 2220 ridete
1263 2164 1536 2218 stultitiam
1575 2178 1768 2218 meam.
1808 2161 1924 2216 Neu
1953 2160 2082 2215 mihi

502 2260 713 2314 videtur
741 2258 938 2313 debere
978 2257 1081 2312 dici
1127 2256 1444 2322 intellectus,
1488 2269 1594 2324 quo
1642 2253 1948 2322 intelligitur
1971 2253 2084 2322 ipsa

504 2348 743 2413 stultitia,
790 2365 909 2418 quae
951 2363 1056 2402 non
1100 2346 1422 2416 intelligendi
1469 2345 1548 2398 vel
1591 2345 1702 2399 sola
1733 2344 1818 2399 vel
1855 2344 2083 2398 maxima

505 2455 664 2496 causa
692 2449 794 2496 est.
821 2440 938 2495 Non
967 2439 1139 2499 facile.
1172 2437 1408 2508 inquam,
1435 2448 1625 2492 recuso
1655 2434 1792 2490 istud
1822 2431 2098 2504 accipere.

507 2533 759 2601 Quamvis
793 2534 933 2592 enim
958 2547 1043 2588 me
1081 2532 1304 2587 multum
1341 2537 1572 2594 moveat,
1601 2527 1739 2599 quod
1767 2527 1928 2584 sentit
1954 2526 2085 2597 Aly-

505 2625 626 2696 pius
644 2667 660 2693 ,
683 2625 948 2698 quomodo
979 2632 1122 2680 recte
1148 2623 1314 2694 possit
1346 2622 1570 2693 quisque
1600 2621 1796 2676 docere
1821 2619 1990 2690 qualis
2018 2619 2087 2674 sit

504 2732 594 2774 res
633 2711 791 2788 quam
832 2728 938 2771 non
975 2715 1254 2786 intelligit,
1298 2721 1658 2784 quantamque
1694 2711 1860 2766 menti
1903 2709 2088 2764 afferat

514 2809 800 2880 perniciem
827 2806 968 2878 quod
982 2815 1158 2861 mente
1178 2817 1285 2860 non
1298 2804 1474 2870 videt;
1498 2818 1617 2858 nam
1648 2801 1700 2857 id
1722 2802 1900 2872 utique
1919 2806 2090 2855 atten-

507 2899 660 2964 dens,
679 2898 821 2970 quod
844 2907 898 2953 tu
924 2897 1104 2953 dixisti
1128 2896 1304 2952 dicere
1330 2904 1414 2951 est
1439 2895 1661 2960 veritus,
1677 2907 1796 2948 cum
1827 2892 1876 2946 ei
1903 2891 1970 2946 sit
1986 2891 2088 2946 ista

509 2991 670 3047 etiam
689 2990 754 3046 de
769 2990 1043 3045 doctorum
1057 2989 1204 3044 libris
1223 2999 1345 3042 nota
1371 2986 1628 3041 sententia
1651 3004 1663 3038 :
1685 2995 1859 3038 tamen
1874 2997 2088 3038 sensum

511 3082 683 3154 ipsum
700 3081 1040 3137 considerans
1059 3078 1318 3149 corporis,
1344 3092 1462 3132 nam
1479 3087 1531 3131 et
1549 3077 1647 3131 isto
1661 3077 1775 3146 ipso
1795 3075 1968 3128 anima
1991 3074 2096 3127 uti-

515 3173 804 3243 tur,ctipsa
816 3172 926 3226 sola
943 3179 1025 3226 est
1039 3186 1155 3225 cum
1175 3169 1440 3224 intellectu
1452 3168 1843 3238 qualiscumque
1858 3165 2085 3230 collatio,

511 3262 744 3320 adducor
774 3273 830 3319 ut
865 3264 1035 3319 dicam
1077 3266 1345 3318 neminem
1393 3276 1549 3331 posse
1595 3259 1775 3316 videre
1823 3259 2087 3314 tenebras.

514 3355 891 3424 Qitamobrem,
920 3354 964 3408 si
993 3353 1158 3408 menti
1187 3353 1286 3406 hoc
1310 3361 1392 3407 est
1417 3350 1727 3420 intelligere,
1751 3348 1890 3420 quod
1912 3348 2091 3403 sensui

515 3447 720 3512 videre,
743 3456 797 3502 et
824 3448 946 3502 licet
973 3447 1193 3518 quistjue
1215 3445 1379 3500 oculis
1405 3444 1622 3515 apertis,
1649 3443 1812 3508 sanis,
1844 3441 2094 3511 purisque

514 3541 614 3606 sit,
641 3540 822 3595 videre
851 3548 1024 3594 tamen
1056 3533 1300 3594 tenebras
1329 3553 1434 3591 non
1465 3543 1672 3605 potest;
1714 3543 1818 3588 non
1865 3531 2094 3588 absurde

515 3630 729 3697 dicitur,
753 3629 968 3700 intelligi
991 3644 1094 3683 non
1121 3643 1274 3698 posse
1295 3626 1566 3682 stultitiam
1590 3644 1602 3678 :
1629 3640 1747 3679 nam
1774 3623 1946 3677 nullas
1965 3623 2094 3676 alias

519 3723 712 3778 mentis
741 3721 986 3776 tenebras
1021 3720 1373 3774 nominamus.
1403 3717 1510 3772 Nec
1533 3718 1641 3787 jam
1673 3715 1798 3770 illud
1829 3713 2091 3780 movebit,

515 3814 782 3884 quomodo
801 3813 1017 3868 stultitia
1043 3812 1211 3882 possit
1234 3825 1337 3865 non
1365 3809 1631 3865 intellecta
1661 3807 1837 3862 vitari.
1859 3805 1928 3862 Ut
1953 3806 2092 3860 enim

517 3906 689 3960 oculis
720 3904 963 3959 tenebras
991 3903 1218 3956 vitamus
1248 3915 1311 3956 eo
1341 3901 1455 3970 ipso
1479 3915 1585 3969 quo
1614 3899 1857 3953 uolumus
1883 3912 1986 3952 non
2017 3897 2095 3950 vi-

518 3997 644 4052 dere
673 4015 686 4050 :
716 3997 791 4050 sic
831 3995 1067 4065 quisquis
1107 3995 1247 4068 volet
1282 3994 1449 4046 vitare
1488 3991 1759 4046 stultitiam
1783 4032 1797 4057 ,
1837 4005 1940 4044 non
1976 4005 2092 4044 eam

518 4099 740 4143 COncltï¬‚'
763 4085 1082 4154 intelligere;
1113 4083 1203 4138 sed
1232 4099 1291 4137 ca
1331 4099 1447 4152 qum
1473 4090 1692 4151 possunt
1721 4081 1958 4149 intelligi,
2000 4095 2095 4150 per

525 4180 660 4233 hanc
687 4194 743 4232 sc
765 4193 869 4231 non
897 4175 1189 4244 intelligere
1210 4171 1416 4237 doleat;
1443 4188 1665 4242 eamque
1693 4171 1788 4224 sibi
1819 4187 1936 4225 esse
1961 4187 2096 4240 prae-

522 4279 748 4333 sentcm,
783 4284 885 4323 non
917 4284 1020 4336 quo
1046 4268 1210 4336 ipsam
1247 4265 1413 4336 magis
1442 4263 1714 4334 intelligit,
1746 4262 1838 4318 sed
1869 4279 1972 4333 quo
1992 4263 2094 4318 alia

522 4361 697 4415 minus
725 4359 983 4430 intelligit,
1016 4359 1226 4414 sentiat.

522 4449 746 4507 CAPUT
776 4449 863 4505 IV.
886 4481 957 4491 â€”
985 4451 1112 4516 Quae
1150 4451 1296 4503 homo
1332 4459 1593 4519 perperam
1637 4449 1758 4519 agit,
1808 4465 1872 4501 an
1920 4447 2097 4501 ordine

589 4552 726 4616 agat.
757 4542 898 4596 Mala
926 4543 978 4596 in
1019 4541 1241 4595 ordinent
1286 4540 1490 4594 redacta
1526 4539 1716 4610 faciunt
1755 4535 1823 4591 ad
1867 4537 2093 4591 decorent

588 4635 828 4690 universi.

593 4726 678 4785 ll.
720 4721 823 4784 Sed
851 4727 915 4782 ad
946 4726 1185 4783 ordinem
1213 4725 1510 4791 redeamus,
1541 4730 1598 4779 ut
1625 4725 1775 4779 nobis
1814 4722 2092 4794 aliquando

519 4819 771 4876 reddatur
812 4817 1098 4873 Licentius.
1131 4815 1260 4870 Illud
1289 4816 1429 4869 enim
1454 4815 1560 4884 jam
1588 4830 1654 4869 ex
1680 4812 1830 4868 vobis
1858 4814 2090 4882 requiro,

518 4920 694 4967 utrum
721 4921 1063 4979 qtnecumque
1089 4905 1195 4976 agit
1219 4905 1432 4971 stultus,
1455 4904 1638 4958 ordine
1667 4903 1816 4957 vobis
1839 4915 1995 4972 agere
2016 4903 2094 4957 vi-

515 5003 718 5057 deatur.
751 4998 883 5053 Nam
923 4997 1096 5051 videte
1134 4995 1337 5064 rogatio
1379 5008 1510 5063 quos
1540 4993 1756 5062 laqueos
1795 4991 2005 5047 habeat.
2037 4992 2092 5047 Si

515 5078 702 5148 hrdine
735 5087 974 5146 dixeritis
994 5128 1008 5153 ,
1037 5087 1125 5141 ubi
1156 5087 1256 5140 erit
1296 5085 1380 5138 illa
1409 5083 1646 5138 deï¬nitio
1669 5125 1682 5146 ,
1711 5083 1854 5138 Ordo
1877 5092 1958 5137 est
1987 5097 2092 5154 quo

517 5186 656 5239 Deus
682 5183 789 5253 agit
811 5180 988 5236 omnia
1013 5193 1132 5250 quae
1165 5183 1318 5241 sunt;
1351 5175 1394 5229 si
1422 5175 1578 5229 etiam
1605 5175 1796 5228 stultus
1819 5188 1934 5244 quae
1960 5173 2087 5244 agit,

510 5272 621 5346 agit
643 5272 866 5329 ordine?
895 5271 954 5327 Si
991 5280 1166 5325 autem
1193 5267 1326 5323 ordo
1367 5279 1470 5321 non
1501 5273 1583 5320 est
1612 5266 1662 5319 in
1691 5265 1755 5321 iis
1782 5281 1899 5336 qua:
1924 5281 2090 5334 agun-

517 5371 603 5418 tor
622 5364 690 5419 ab
716 5364 899 5428 stulto,
922 5361 1025 5418 erit
1049 5359 1245 5428 aliquid
1273 5357 1412 5429 quod
1435 5355 1564 5411 ordo
1585 5373 1688 5411 non
1718 5366 1892 5411 teneat
1917 5375 1930 5410 :
1963 5370 2093 5412 neu-

517 5465 654 5507 trum
681 5465 856 5510 autem
883 5451 1064 5506 vultis.
1092 5448 1278 5504 Videte
1298 5489 1312 5515 ,
1344 5463 1526 5518 quaeso
1546 5488 1562 5515 ,
1605 5463 1671 5502 ne
1710 5457 1897 5502 cuncta
1929 5448 2091 5518 ipsius

517 5545 718 5599 ordinis
762 5544 1074 5599 defensione
1110 5537 1351 5593 turbelis.
1382 5538 1476 5593 llic
1497 5538 1620 5592 item
1648 5537 1945 5610 Trygetius,
1969 5553 2092 5593 nam

516 5637 604 5692 ille
623 5638 755 5690 alter
774 5634 946 5689 adhuc
970 5634 1184 5685 omnino
1200 5629 1392 5682 absens
1406 5635 1517 5682 erat
1541 5645 1553 5679 :
1573 5625 1750 5682 Facile
1775 5635 1873 5693 est,
1901 5627 2088 5696 inquit,

516 5719 634 5781 huic
664 5726 873 5793 quidem
904 5719 1228 5790 rcSpondcrc
1256 5718 1607 5788 complexioni
1639 5727 1776 5785 tum;
1805 5717 1895 5772 sed
1925 5734 2007 5771 me
2034 5720 2085 5771 in
2118 5773 2132 5787 Î¿

1664 298 1752 353 DE
1787 289 2058 358 0RDINE,
2099 290 2156 343 S.
2199 287 2569 349 AUGUSTINI

3621 292 3752 347 1000

2185 408 2466 474 ÏÎ¹â€™Ï„Î³ÎµÏÎ·á¿‘á½·Î±
2495 405 2788 462 similitudo
2828 405 3038 473 deï¬cit,
3079 421 3180 476 qua
3224 407 3537 462 sententiam
3585 423 3751 463 meam

2185 496 2339 551 video
2367 497 2534 552 asserl
2552 497 2921 578 .illustrarique
2946 497 3158 554 debere.
3189 498 3390 554 Tamen
3419 499 3590 555 dicam
3617 500 3754 569 quod

2183 587 2387 650 sentio;
2419 586 2582 642 facies
2625 587 2765 642 enim
2810 596 2864 641 tu
2903 587 3047 656 quod
3086 588 3240 657 paulo
3263 598 3390 643 ante
3424 587 3615 644 fecisti.
3640 588 3782 643 Non-

2183 679 2324 732 euim
2351 679 2442 733 illa
2466 682 2902 736 commemoratio
2927 681 3260 735 tenebrarum
3286 681 3351 736 ad
3379 681 3430 744 id
3450 681 3589 750 quod
3615 695 3644 734 a
3669 696 3757 748 me

2186 767 2476 823 involutum
2508 770 2767 839 prolatum
2785 779 2918 836 erat,
2947 786 3130 840 parum
3153 771 3304 826 nobis
3323 771 3500 826 attulit
3523 771 3758 828 luminis.

2184 858 2420 929 Namque
2446 862 2620 916 omnis
2645 861 2749 916 vita
2771 861 3053 916 stultorum
3075 903 3090 928 ,
3119 863 3359 930 quamvis
3384 878 3478 932 per
3498 878 3593 917 eos
3615 863 3761 932 ipsos

2185 949 2408 1006 minime
2427 961 2676 1006 constans
2701 951 3024 1021 minimeque
3046 952 3288 1007 ordinata
3303 953 3390 1017 sit,
3415 967 3508 1021 per
3525 951 3757 1006 divinam

2188 1040 2363 1100 tamen
2407 1047 2789 1114 providentiam
2833 1047 3131 1102 necessario
3172 1062 3348 1100 rerum
3377 1045 3562 1100 ordine
3592 1046 3762 1100 inclu-

2186 1137 2346 1202 ditur,
2377 1148 2432 1194 et
2451 1139 2602 1209 quasi
2631 1137 2946 1209 quibusdam
2977 1138 3108 1192 locis
3135 1138 3222 1192 illa
3251 1137 3502 1192 ineffabili
3526 1145 3582 1190 et
3612 1150 3762 1191 sem-

2187 1228 2392 1298 piterna
2420 1229 2538 1299 lege
2564 1228 2836 1298 dispositis
2859 1269 2873 1295 ,
2904 1229 3048 1283 nullo
3090 1228 3252 1284 modo
3279 1242 3398 1282 esse
3420 1228 3640 1293 sinitur,
3673 1227 3761 1280 ubi

2187 1333 2306 1374 esse
2334 1335 2439 1374 non
2467 1319 2642 1374 debet.
2673 1317 2749 1373 Ita
2775 1318 2833 1373 ï¬t
2869 1328 2926 1374 ut
2950 1327 3174 1390 angusto
3199 1319 3376 1374 animo
3401 1318 3566 1387 ipsam
3593 1319 3763 1372 solani

2186 1409 2409 1478 quisque
2434 1409 2798 1475 considerans,
2825 1409 2986 1464 veluti
3011 1424 3195 1479 magna
3237 1424 3580 1479 repercussus
3605 1407 3763 1464 fmdi-

2187 1506 2294 1552 tate
2319 1508 2609 1554 aversetur.
2642 1499 2698 1553 Si
2723 1508 2900 1556 autem
2938 1501 3132 1554 mentis
3165 1499 3349 1554 oculos
3371 1500 3582 1569 erigens
3602 1507 3786 1568 atque.

2186 1589 2502 1656 diffundens,
2526 1591 2680 1645 simul
2707 1591 2952 1647 universa
2991 1591 3283 1653 collustret,
3313 1591 3440 1645 nihil
3485 1607 3591 1646 non
3619 1591 3766 1655 ordi-

2185 1691 2388 1747 natum,
2419 1682 2635 1752 suisque
2658 1696 2870 1751 semper
2896 1681 3057 1738 veluti
3082 1681 3297 1736 sedibus
3321 1681 3630 1736 distinctum
3655 1681 3765 1736 dis-

2186 1774 2519 1843 positumque
2544 1775 2792 1843 reperiet.

2256 1865 2343 1920 12.
2382 1865 2549 1933 Quam
2570 1881 2776 1936 magna,
2798 1866 3032 1935 inquam,
3058 1880 3214 1936 quam
3241 1865 3373 1919 mira
3402 1864 3530 1918 mihi
3553 1879 3649 1934 per
3672 1877 3768 1919 vos

2186 1955 2324 2010 Deus
2355 1956 2462 2022 ille,
2498 1965 2656 2025 atque
2685 1957 2814 2025 ipse,
2854 1964 2904 2010 at
2931 1955 3095 2024 magis
3123 1955 3392 2025 magisque
3418 1954 3638 2010 credere
3667 1952 3766 2007 ad-

2185 2045 2370 2110 ducor,
2411 2057 2591 2102 rerum
2632 2048 2814 2103 nescio
2847 2048 2968 2117 quis
3009 2047 3246 2102 occultus
3285 2045 3416 2100 ordo
3444 2044 3766 2115 respondet!

2185 2137 2316 2191 Nam
2345 2152 2406 2192 ea
2440 2137 2615 2192 dicitis
2643 2153 2763 2208 quae
2802 2152 2903 2192 nec
2933 2137 3197 2206 quomodo
3229 2135 3472 2191 dicantur
3495 2151 3602 2190 non
3629 2135 3768 2200 visa,

2185 2242 2284 2283 nec
2306 2228 2574 2298 quomodo
2601 2244 2662 2284 ea
2691 2228 2914 2284 videatis
2952 2228 3218 2298 intelligo;
3262 2228 3329 2282 ita
3367 2243 3432 2282 ea
3459 2236 3516 2282 et
3548 2242 3678 2281 vera
3719 2237 3772 2281 et

2186 2320 2293 2374 alta
2313 2335 2431 2376 esse
2460 2321 2722 2390 suspicor.
2755 2320 2940 2377 Simile
2968 2329 3144 2374 autem
3171 2318 3383 2390 aliquod
3399 2320 3455 2374 in
3471 2320 3624 2374 istam
3646 2333 3773 2374 sen-

2187 2413 2406 2466 tentiam
2435 2421 2489 2466 tu
2519 2411 2744 2467 fortasse
2760 2428 2929 2473 unum
2961 2411 3284 2481 requirebas.
3314 2412 3383 2465 At
3407 2410 3532 2464 mihi
3551 2410 3664 2479 jam
3687 2424 3791 2464 oc-.

2189 2512 2410 2559 currunt
2451 2503 2888 2567 innumerabilia,
2937 2517 3054 2573 qua:
3099 2517 3186 2557 me
3227 2500 3293 2556 ad
3327 2500 3772 2557 consentiendum

2190 2609 2411 2664 prorsus
2441 2593 2675 2649 trahunt.
2699 2593 2837 2661 Quid
2857 2594 2998 2648 enim
3021 2591 3270 2648 carniï¬ce
3295 2591 3512 2647 tetriusl
3531 2591 3660 2661 quid
3681 2590 3778 2649 illo

2189 2686 2366 2742 animo
2394 2687 2738 2743 truculentius
2764 2694 2924 2756 atque
2949 2685 3148 2741 dirius?
3183 2685 3253 2739 At
3289 2685 3426 2740 inter
3452 2684 3597 2755 ipsas
3622 2684 3777 2752 leges

2191 2777 2365 2831 locum
2392 2778 2748 2833 necessarium
2791 2786 2966 2843 tenet,
2997 2785 3053 2832 et
3078 2777 3132 2831 in
3160 2777 3296 2832 bene
3321 2775 3608 2830 moderatae
3634 2775 3778 2830 civi-

2192 2870 2315 2924 tatis
2355 2870 2595 2924 ordinem
2636 2869 2915 2934 inseritur;
2965 2876 3150 2938 estque
3189 2883 3289 2924 suo
3333 2869 3510 2922 animo
3539 2881 3776 2934 nocens,

2191 2960 2376 3016 ordine
2404 2969 2578 3014 autem
2608 2959 2780 3014 alieno
2807 2972 2961 3028 pinna
2977 2958 3295 3013 nocentium.
3322 2956 3457 3025 Quid
3484 2956 3778 3026 sordidius,

2192 3051 2314 3120 quid
2346 3050 2552 3104 inauius
2581 3049 2787 3104 decoris
2811 3058 2866 3104 et
2904 3047 3243 3119 turpitudinis
3290 3049 3496 3118 plenius
3521 3049 3778 3103 meretri-

2193 3141 2363 3207 cibus,
2391 3141 2669 3196 lenonibus
2689 3183 2702 3205 ,
2731 3141 3043 3211 exterisque
3068 3139 3172 3196 hoc
3193 3155 3360 3209 genus
3400 3140 3637 3208 pestibus
3673 3137 3781 3194 dici

2193 3233 2407 3303 potest?
2433 3231 2594 3288 Aufer
2615 3233 2919 3288 meretrices
2950 3231 3018 3287 de
3041 3232 3198 3286 rebus
3220 3230 3486 3294 humanis,
3521 3230 3780 3284 turbave-

2194 3326 2269 3379 ris
2319 3325 2495 3380 omnia
2543 3324 2847 3380 libidinibus
2879 3323 3186 3378 :â€˜constitue
3229 3329 3586 3376 matronarum
3618 3320 3782 3386 loco,

2196 3416 2316 3472 labe
2336 3431 2400 3471 ac
2419 3415 2682 3470 dedecore
2705 3414 3160 3470 dehonestaveris.
3187 3411 3276 3468 Sic
3305 3413 3460 3482 igitur
3483 3411 3586 3467 hoc
3607 3427 3786 3482 genus

2197 3506 2469 3561 hominum
2498 3520 2593 3575 per
2618 3520 2743 3560 suos
2766 3518 2943 3560 mores
2967 3503 3378 3574 impurissimum
3407 3505 3534 3568 vita,
3565 3517 3663 3570 per
3691 3517 3786 3556 or-

2196 3595 2342 3657 dinis
2365 3597 2506 3666 leges
2538 3595 2845 3651 conditione
2873 3595 3210 3650 vilissimum.
3237 3593 3423 3648 Nonne
3457 3593 3510 3646 in
3535 3592 3786 3661 corpori-

2195 3687 2296 3742 bus
2322 3687 2667 3741 animantium
2695 3686 2934 3756 quaedam
2967 3685 3201 3740 membra
3221 3726 3236 3749 ,
3265 3685 3309 3738 si
3339 3685 3452 3737 sola
3489 3683 3745 3738 attendas
3765 3701 3792 3749 ,'

2197 3794 2302 3835 non
2335 3778 2506 3848 possis
2541 3777 2850 3834 attendere?
2887 3777 3084 3831 Tamen
3132 3791 3194 3830 ea
3235 3786 3440 3829 natura:
3481 3773 3647 3839 ordo,
3686 3788 3789 3830 nec

2198 3875 2318 3943 quia
2341 3873 2636 3929 necessaria
2658 3881 2801 3938 sunt,
2826 3872 3014 3928 deesse
3032 3872 3216 3936 voluit,
3235 3859 3334 3926 nec
3354 3872 3474 3940 quia
3501 3870 3784 3939 indecora,

2198 3965 2436 4020 eminere
2477 3965 2736 4035 permisit.
2767 3965 2897 4030 Qua:
2942 3973 3116 4017 tamen
3155 3961 3412 4017 deformia
3457 3977 3589 4021 suos
3627 3962 3786 4017 locos

2197 4054 2464 4120 tenendo,
2518 4056 2792 4110 meliorem
2854 4053 3027 4108 locum
3077 4066 3389 4108 concessere
3439 4050 3784 4107 melioribus.

2197 4148 2333 4216 Quid
2365 4148 2516 4203 nobis
2539 4148 2780 4212 suavius,
2813 4146 2952 4217 quod
2993 4161 3120 4218 agro
3147 4145 3386 4214 villaeque
3415 4144 3784 4212 spectaculum

2198 4242 2576 4311 congruentius
2619 4239 2716 4294 fuit
2745 4254 2916 4308 pugna
2950 4238 3036 4292 illa
3078 4236 3429 4306 conï¬‚ictuque
3451 4235 3786 4305 gallinaceo-

2198 4345 2316 4385 rum
2345 4331 2624 4399 gallorum,
2651 4329 2801 4398 cujus
2827 4328 3098 4397 superiore
3127 4326 3264 4381 libro
3294 4324 3517 4381 fecimus
3545 4325 3784 4380 mentio-
3839 4318 3849 4325 â€

2198 4436 2320 4476 nem
2348 4419 2493 4491 (Cap.
2528 4421 2561 4474 8
2581 4461 2595 4488 ,
2627 4437 2680 4472 Î·.
2712 4419 2822 4488 95).
2855 4417 2992 4484 Quid
3019 4416 3274 4486 abjectius
3310 4424 3486 4470 tamen
3517 4414 3784 4470 deformi-

2198 4518 2308 4566 tate
2355 4509 2574 4578 subjecti
2609 4507 2872 4562 vidimus?
2900 4507 2968 4560 Et
3004 4521 3099 4576 per
3128 4506 3295 4575 ipsam
3331 4515 3507 4559 tamen
3535 4503 3784 4575 ejusdem

2197 4600 2501 4654 certaminis
2523 4595 2803 4667 perfectior
2832 4595 3166 4666 pulchritudo
3190 4602 3528 4664 provenerat.
3575 4653 3582 4660 ,
3611 4651 3620 4658 ,
3677 4633 3732 4662 .,_
3771 4635 3788 4654 ,

2269 4694 2356 4748 13.
2379 4692 2547 4758 Talia,
2576 4689 2758 4756 credo,
2779 4699 2902 4745 sunt
2926 4689 3139 4754 omnia;
3167 4687 3260 4744 sed
3289 4687 3473 4742 oculos
3498 4693 3787 4758 qtnerttnt.

2196 4782 2537 4840 Solmcismos
2563 4791 2617 4838 et
2653 4781 3010 4837 barbarismos
3037 4794 3171 4850 quos
3199 4789 3424 4843 vocant,
3467 4787 3640 4847 poeta:
3684 4775 3786 4832 ad-

2197 4883 2539 4939 amaverunt;
2559 4888 2675 4943 qua:
2696 4872 2964 4927 schemata
2980 4878 3035 4926 et
3050 4870 3422 4939 metaplasmos
3441 4868 3658 4922 mutatis
3685 4882 3785 4936 ap-

2197 4965 2396 5036 pellare
2421 4963 2724 5018 nominibus
2741 4967 2767 5027 ,â€˜
2786 4977 2941 5030 quam
2971 4961 3245 5016 manifesta
3275 4960 3401 5013 vitia
3445 4957 3632 5026 fugere
3657 4972 3783 5012 mae

2197 5056 2426 5110 luerunt.
2459 5053 2688 5109 Detrahe
2715 5061 2889 5106 tamen
2917 5053 3012 5106 ista
3049 5051 3370 5106 carminibus
3393 5086 3411 5114 ,
3459 5049 3784 5103 suavissima

2198 5147 2532 5202 condimenta
2561 5144 3000 5200 desiderabimus.
3039 5143 3278 5214 Congere
3318 5140 3482 5195 multa
3525 5140 3578 5194 in
3611 5155 3783 5196 unum

2199 5238 2411 5302 locum,
2459 5243 2626 5290 totum
2661 5249 2786 5288 acre
2809 5275 2826 5301 ,
2873 5232 3148 5302 putidum;
3176 5231 3450 5286 rancidum
3501 5229 3780 5286 fastidibo.

2198 5327 2451 5382 Transfer
2496 5327 2549 5380 in
2595 5325 2818 5381 liberam
2863 5323 3236 5392 forensemque
3281 5318 3607 5389 dictionem,
3653 5323 3784 5391 quis

2199 5433 2305 5472 non
2342 5432 2459 5472 eam
2491 5415 2674 5486 fugere
2701 5425 2862 5486 atque
2888 5415 2944 5469 in
2974 5414 3178 5469 theatra
3205 5413 3457 5469 secedere
3479 5413 3689 5483 jubebit
3716 5415 3735 5444 á½·
3759 5413 3785 5468 2

2197 5510 2340 5566 Ordo
2366 5509 2522 5579 igitur
2543 5523 2605 5564 ea
2651 5509 2952 5578 gubernans
2976 5516 3030 5562 et
3054 5505 3344 5563 moderans
3368 5547 3384 5572 ,
3415 5521 3515 5562 nec
3543 5505 3682 5575 apud
3718 5520 3782 5562 se

2259 5604 2277 5636 Î¹
2303 5610 2352 5652 tu
2373 5602 2608 5652 hactenus
2629 5600 2773 5651 editis
2793 5598 2991 5662 legitur,
3035 5605 3177 5662 atque
3205 5596 3257 5648 in
3286 5603 3520 5662 arum,â€
3546 5601 3781 5662 condere.

2197 5670 2253 5714 At
2268 5664 2317 5713 in
2334 5664 2556 5713 omnibus
2579 5665 2681 5711 fere
2705 5671 2810 5711 Mss.
2827 5657 3050 5722 h'abetur,
3076 5657 3125 5712 iit
3143 5660 3348 5720 theatra;
3374 5667 3424 5710 et
3440 5661 3488 5711 in
3511 5657 3782 5720 nonnullis,

2197 5727 2416 5778 secedere
2445 5727 2727 5787 :qumâ€˜vera
2752 5724 2896 5772 tertio
2914 5729 3005 5772 est.
3137 5739 3140 5743 Î‡
