4096 6368
306 399 443 467 £001

309 523 469 578 nimia
493 561 510 587 ,
560 534 661 578 nec
688 519 907 576 ubilibet
948 519 1117 575 aliena
1164 531 1283 576 esse
1330 519 1581 590 patietur.
1610 521 1880 577 Submissa

310 613 553 685 quaedam
606 612 962 682 impolitseque
1006 610 1271 666 simillima
1314 611 1457 681 ipsos
1500 612 1664 667 saltus
1702 628 1765 667 ac
1791 627 1880 667 ve-

307 713 492 759 nustos
521 703 665 758 locos
694 717 815 757 sese
843 702 1185 771 interponens
1212 702 1439 756 illustrat
1467 704 1656 756 oratio.
1683 702 1811 768 Qua:
1835 703 1881 757 si

307 796 417 851 sola
451 796 553 859 sit,
602 793 816 864 projicis
863 801 923 848 ut
949 793 1106 848 vilem
1135 810 1147 845 :
1176 793 1221 847 si
1254 803 1427 847 autem
1457 792 1610 855 desit.
1645 793 1730 847 illa
1762 793 1879 862 pul-

306 887 433 943 chra
461 901 563 941 non
612 886 950 955 prominent,
1005 886 1195 939 nonin
1241 886 1350 940 suis
1378 885 1528 955 quasi
1580 886 1881 956 regionibus

304 978 832 1049 possessionibusque
860 978 1220 1045 dominantur,
1269 979 1476 1047 sibique
1507 979 1617 1048 ipsa
1665 982 1880 1049 propria

307 1072 425 1127 luce
480 1071 738 1139 obstant,
773 1080 1043 1141 totumque
1071 1069 1416 1125 confundunt.

304 1164 531 1221 CAPUT
560 1164 622 1218 V.
644 1193 716 1204 —-
747 1163 1008 1230 Quomodo
1050 1162 1348 1216 medendum
1385 1163 1544 1217 errori
1577 1164 1880 1217 credentium

789 1271 868 1309 res
902 1253 1043 1308 nullo
1069 1254 1243 1307 ordine
1270 1254 1394 1325 geri.

371 1348 573 1419 Magnae
608 1355 663 1403 et
692 1347 777 1402 hic
818 1347 1077 1402 debentur
1104 1346 1276 1401 ordini
1320 1345 1520 1417 gratim.
1567 1345 1880 1401 Mentientes

302 1440 691 1505 conclusiones,
722 1446 811 1491 aut
836 1439 1127 1507 irrepentes
1148 1437 1420 1506 paulatim,
1444 1436 1523 1491 vel
1553 1436 1840 1491 minuendo
1860 1478 1876 1505 ,

301 1532 384 1587 vel
411 1531 655 1586 addendo
684 1531 735 1584 in
765 1531 1129 1585 assensionem
1182 1529 1422 1584 falsitatis
1443 1571 1458 1597 ,
1485 1530 1605 1600 quis
1631 1545 1739 1584 non
1763 1545 1879 1585 me-

302 1624 453 1677 tuat?
477 1623 597 1693 quis
622 1636 726 1676 non
750 1621 964 1676 oderit?
1007 1621 1161 1691 Saepe
1203 1630 1378 1676 tamen
1426 1621 1477 1674 in
1506 1621 1877 1691 disputationi-

302 1712 397 1769 bus
418 1753 435 1780 ,
489 1713 648 1767 certis
692 1721 746 1767 et
773 1713 881 1767 suis
909 1712 1121 1767 sedibus
1145 1712 1413 1767 collocatae
1437 1720 1640 1766 tantum
1665 1712 1876 1781 valent,

301 1810 358 1857 ut
385 1803 567 1859 nescio
605 1803 872 1873 quomodo
918 1818 1015 1873 per
1064 1818 1154 1858 eas
1180 1802 1447 1859 dulceseat
1471 1804 1583 1873 ipsa
1609 1803 1873 1873 deceptio.

298 1894 483 1953 Nonne
507 1897 592 1952 hic
606 1912 711 1967 quo
735 1911 838 1968 que
862 1896 994 1952 ordo
1017 1896 1130 1967 ipse
1159 1896 1493 1951 laudabitur?

370 1990 457 2045 l4.
490 1989 607 2044 Jam
648 1989 701 2043 in
753 1989 989 2055 musica,
1042 1989 1095 2044 in
1148 1989 1461 2059 geometria,
1511 1989 1564 2043 in
1611 1996 1877 2044 astrorum

298 2080 551 2146 motibus,
570 2080 621 2134 in
652 2094 992 2135 numerorum
1017 2079 1423 2135 necessitatibus
1452 2079 1584 2134 ordo
1608 2080 1677 2133 ita
1706 2079 1879 2134 domi-

299 2179 471 2236 natur,
495 2177 556 2225 ut
581 2170 625 2225 si
654 2172 771 2241 quis
799 2171 948 2241 quasi
974 2170 1090 2241 ejus
1111 2168 1306 2224 f‘ontem
1334 2178 1493 2239 atque
1519 2169 1689 2240 ipsum
1716 2185 1879 2240 pene-

300 2263 430 2318 trale
475 2262 657 2318 videre
682 2262 986 2341 desideret,
1025 2271 1115 2317 aut
1156 2263 1206 2317 in
1240 2263 1321 2317 his
1364 2262 1633 2329 inveniat,
1664 2271 1755 2317 aut
1784 2277 1879 2332 per

298 2354 413 2409 haec
440 2369 506 2409 eo
529 2354 643 2409 sine
671 2354 780 2409 ullo
801 2370 983 2410 errore
1010 2354 1254 2409 ducatur.
1286 2354 1429 2409 Talis
1458 2354 1599 2410 enim
1629 2354 1875 2422 eruditio,

301 2445 345 2499 si
376 2445 496 2515 quis
545 2460 607 2500 ea
654 2445 929 2501 moderate
960 2455 1139 2500 utatur
1165 2448 1307 2515 (nam
1338 2444 1470 2499 nihil
1501 2446 1572 2500 ibi
1593 2460 1751 2515 quam
1798 2446 1878 2499 ni-

300 2538 466 2592 mium
498 2536 890 2592 formidandum
920 2536 1048 2609 est),
1074 2537 1233 2592 talem
1262 2537 1614 2606 philoSOphiae
1654 2537 1875 2591 militem

293 2630 464 2683 nutrit
482 2630 563 2683 vel
585 2629 743 2685 etiam
766 2630 986 2696 ducem,
1011 2637 1068 2684 ut
1094 2629 1158 2683 ad
1180 2644 1443 2683 summum
1471 2628 1619 2683 illum
1636 2627 1876 2695 modum,

298 2721 437 2775 ultra
467 2737 625 2792 quem
655 2722 925 2793 requirere
949 2720 1142 2791 aliquid
1172 2736 1269 2776 nec
1295 2721 1481 2790 possit,
1521 2735 1620 2775 nec
1649 2719 1874 2789 debeat,

297 2828 395 2869 nec
424 2816 641 2885 cupiat,
673 2830 775 2885 qua
805 2814 919 2868 vult
944 2813 1118 2869 evolet
1140 2822 1297 2883 atque
1325 2814 1629 2883 perveniat,
1656 2814 1879 2869 multos-

294 2921 400 2976 que
451 2906 722 2976 perducat.
762 2904 915 2962 Unde
941 2905 1073 2975 jam,
1122 2905 1247 2960 dum
1279 2905 1405 2975 ipsis
1432 2905 1676 2960 humanis
1718 2906 1877 2962 rebus

296 3004 566 3064 teneatur,
597 2998 673 3052 sic
703 3012 793 3053 eas
820 2998 1107 3067 despiciat,
1156 3007 1449 3068 cunctaque
1475 2998 1781 3065 discernat,
1819 3006 1877 3053 ut

296 3090 442 3144 nullo
468 3089 627 3144 modo
662 3104 785 3145 eum
837 3098 1047 3144 moveat
1076 3104 1171 3143 cur
1196 3089 1329 3143 alius
1378 3098 1525 3159 optet
1551 3090 1748 3145 liberos
1775 3090 1873 3144 ha-

297 3178 465 3245 bere,
517 3195 615 3235 nec
663 3179 891 3244 habeat;
938 3180 1072 3234 alius
1116 3179 1278 3234 nimia
1325 3180 1505 3234 uxoris
1557 3179 1878 3237 fecunditate

298 3278 609 3341 torqueatur
632 3287 645 3324 :
668 3278 820 3340 egeat
849 3270 935 3325 ille
964 3271 1185 3339 pecunia
1211 3311 1225 3334 ,
1267 3271 1355 3340 qui
1383 3271 1559 3340 largiri
1590 3271 1879 3327 liberaliter

297 3362 461 3417 multa
510 3368 724 3430 paratus
774 3368 884 3426 est;
931 3361 1086 3431 eique
1110 3361 1332 3417 defossa:
1363 3362 1577 3417 incubet
1606 3379 1784 3418 macer
1824 3372 1877 3419 et

299 3453 573 3507 scabiosus
603 3452 903 3507 fenerator:
934 3452 1106 3522 ampla
1154 3452 1467 3521 patrimonia
1510 3454 1745 3509 luxuries
1772 3453 1881 3509 dis-

300 3554 484 3614 pergat
510 3553 666 3615 atque
695 3543 983 3610 diffundat;
1014 3543 1101 3598 vix
1132 3552 1242 3599 toto
1265 3544 1351 3600 die
1381 3546 1681 3618 lacrymans
1729 3564 1880 3601 men-

298 3637 445 3692 dicus
473 3653 745 3692 nummum
774 3638 1019 3710 impetret
1046 3656 1059 3691 :
1088 3638 1249 3693 alium
1276 3638 1447 3694 honor
1467 3640 1688 3695 extollat
1737 3640 1877 3697 indie

298 3746 491 3802 gnum;
523 3731 683 3787 lucidi
709 3746 884 3788 mores
910 3730 1303 3787 abscondantur
1331 3732 1381 3787 in
1416 3732 1588 3788 turba.

368 3824 454 3879 15.
488 3824 613 3880 Ilaec
637 3834 689 3880 et
717 3826 819 3880 alia
849 3826 901 3880 in
934 3825 1204 3879 hominum
1247 3825 1383 3891 vita,
1415 3834 1609 3895 cogunt
1637 3825 1879 3881 homines

298 3916 613 3987 plerumque
657 3918 816 3988 impie
859 3917 1109 3983 credere,
1142 3916 1287 3971 nullo
1328 3932 1425 3971 nos
1472 3917 1656 3972 Ordine
1688 3917 1879 3991 divina:

298 4009 643 4078 providentia:
670 4009 974 4080 gubernari.
1019 4011 1125 4064 Alii
1150 4017 1328 4065 autem
1352 4009 1422 4080 pii
1455 4018 1508 4064 et
1550 4010 1674 4065 boni
1720 4020 1879 4081 atque

296 4099 577 4169 splendido
616 4100 829 4171 ingenio
876 4100 1113 4171 praediti,
1167 4099 1257 4170 qui
1285 4115 1459 4171 neque
1506 4115 1604 4155 nos
1630 4099 1804 4155 deseri
1847 4116 1877 4157 a

298 4202 510 4244 summo
537 4191 645 4245 Deo
676 4199 895 4260 possunt
935 4190 988 4243 in
1026 4190 1259 4243 animum
1293 4188 1541 4244 inducere
1566 4231 1579 4255 ,
1611 4198 1663 4243 et
1703 4198 1877 4245 tamen

299 4294 481 4336 rerum
504 4290 647 4336 tanta
676 4282 827 4352 quasi
855 4282 1078 4352 caligine
1100 4291 1257 4352 atque
1282 4281 1657 4336 commixtione
1685 4282 1876 4338 turbati

300 4371 500 4425 nullum
528 4371 771 4427 ordinem
796 4371 991 4436 vident,
1014 4371 1254 4426 volentes
1277 4372 1293 4402 ¹
1321 4370 1421 4425 sibi
1449 4370 1633 4426 nudari
1659 4370 1879 4427 abditis-

297 4462 459 4517 simas
498 4477 685 4518 causas
709 4504 724 4528 ,
755 4477 966 4519 errores
993 4477 1117 4519 suos
1162 4478 1304 4533 saepe
1348 4463 1508 4518 etiam
1556 4463 1877 4519 carminibus

296 4566 694 4627 conqueruntur
713 4555 811 4629 (a).
834 4556 935 4625 Qui
984 4557 1028 4611 si
1056 4555 1157 4612 hoc
1189 4556 1359 4612 solum
1385 4556 1741 4627 interrogent,
1783 4572 1880 4612 cur

301 4647 413 4703 Itali
458 4666 675 4720 semper
701 4663 919 4705 serenas
952 4649 1153 4705 hiemes
1199 4658 1379 4717 orent,
1427 4658 1481 4704 et
1519 4649 1644 4704 item
1670 4664 1879 4720 semper

302 4740 508 4796 Getulia
549 4750 729 4797 nostra
757 4741 951 4796 misera
1003 4742 1179 4807 sitiat;
1213 4743 1330 4812 quis
1368 4742 1445 4797 eis
1489 4742 1636 4796 facile
1667 4756 1880 4811 respono

300 4832 482 4888 dabit?
504 4842 597 4888 aut
625 4833 714 4888 ubi
740 4832 878 4903 apud
906 4847 1003 4888 nos
1035 4832 1365 4903 indagabitur
1394 4831 1533 4887 illius
1556 4832 1757 4888 ordinis
1775 4833 1878 4887 ulla

301 4925 563 4995 suspicio?
590 4926 701 4995 Ego
724 4934 901 4980 autem
922 4965 935 4989 ,
965 4924 1009 4979 si
1038 4923 1162 4994 quid
1207 4939 1352 4979 meos
1394 4939 1611 4979 monere
1640 4940 1874 4995 possum,

299 5026 552 5088 quantum
608 5016 736 5071 mihi
763 5026 1012 5087 apparet,
1044 5023 1404 5087 quantumque
1431 5016 1602 5070 sentio
1622 5055 1636 5080 ,
1685 5030 1879 5071 censeo

299 5107 415 5162 illos
462 5107 754 5177 disciplinis
802 5108 1049 5163 omnibus
1092 5106 1409 5162 erudiendos
1469 5106 1535 5178 (Ι
1574 5107 1874 5175 Retractat.,

299 5214 413 5268 cap.
446 5200 497 5265 5,
541 5216 593 5253 n.
622 5199 702 5270 2).
732 5199 901 5254 Aliter
924 5200 1116 5270 quippe
1160 5199 1261 5254 ista
1289 5199 1365 5254 sic
1390 5199 1605 5269 intelligi
1626 5240 1641 5266 ,
1670 5208 1729 5254 ut
1760 5200 1877 5255 luce

299 5291 521 5345 clariora
552 5292 679 5361 sint,
704 5293 853 5347 nullo
879 5292 1304 5362 modo'possunt.
1346 5291 1401 5348 Si
1444 5300 1620 5347 autem
1661 5300 1751 5348 aut
1796 5294 1878 5364 pi-

303 5382 508 5451 griores
534 5392 687 5451 sunt,
721 5392 815 5439 aut
841 5384 959 5438 aliis
985 5383 1211 5454 negOtiis
1242 5384 1593 5454 prmoccupati
1614 5426 1629 5453 ,
1657 5392 1748 5439 aut
1767 5384 1877 5455 jam

302 5472 418 5528 duri
446 5473 514 5530 ad
541 5474 888 5542 discendum,
920 5473 1049 5530 fidei
1085 5474 1185 5529 sibi
1234 5474 1476 5545 praesidia
1517 5484 1741 5547 parent;
1772 5490 1878 5547 quo

298 5608 574 5720 autumas,
597 5606 907 5674 volatusque.
930 5608 1206 5659 lectionem
1226 5614 1300 5659 Er.
1320 5615 1439 5660 ven.
1473 5616 1583 5663 Lov.
1607 5610 1763 5663 secuti
1793 5624 1879 5664 su-

306 5834 352 5899 1,
364 5774 867 5895 ξερτξθέξδὲἰωιωεη
879 5775 1185 5827 subindicare
1194 5776 1403 5843 videtur,
1421 5777 1485 5830 de
1498 5792 1596 5843 quo
1615 5789 1777 5843 supra,
1790 5775 1875 5835 lib.

633 5928 858 5991 Saxcr.
895 5928 1164 5989 AUGUST.
1201 5927 1250 5990 Ι.

1607 399 1810 467 LIBER
1846 402 2220 465 SECUNDUS.

3430 418 3566 486 lOOQ

1989 520 2107 575 illos
2144 520 2351 577 vinculo
2388 523 2453 577 ad
2504 538 2623 579 sese
2655 525 2853 593 trahat,
2884 536 3044 600 atque
3071 531 3137 586 ab
3173 532 3257 588 his
3284 534 3564 592 horrendis

1988 621 2043 666 et
2070 613 2470 671 involutissimis
2502 619 2651 673 malis
2673 619 2860 676 liberet
2890 622 3007 689 ille,
3038 624 3125 694 qui
3157 628 3421 683 neminem
3455 630 3557 687 sibi

1987 717 2084 772 per
2120 707 2368 775 mysteria
2396 709 2529 764 bene
2549 711 2851 767 credentem
2885 718 3060 783 perire
3084 720 3359 791 permittit.

2058 794 2143 848 16.
2169 796 2370 866 Duplex
2388 800 2529 854 enim
2553 810 2637 855 est
2655 803 2736 857 via
2761 818 2917 873 quam
2935 809 3224 878 sequimur,
3244 827 3559 871 cumrerum

1986 901 2085 941 nos
2136 889 2429 947 obscuritas
2465 905 2680 961 movet;
2712 906 2802 951 aut
2830 901 3107 967 rationem,
3147 912 3237 957 aut
3263 917 3404 960 certe
3429 922 3560 963 auc-

1988 979 2281 1036 toritatem.
2330 983 2666 1055 Phil050phia
2726 988 2981 1045 rationem
3036 995 3331 1059 promittit,
3373 1005 3427 1051 et
3471 999 3561 1055 vix

1984 1079 2333 1139 paucissimos
2359 1075 2547 1131 liberat
2572 1094 2584 1130 :
2613 1094 2745 1148 quos
2774 1088 2947 1136 tamen
2975 1098 3077 1137 non
3109 1084 3266 1140 modo
3297 1103 3401 1142 non
3431 1103 3557 1145 con-

1988 1168 2224 1218 temnere
2254 1164 2337 1217 illa
2372 1171 2651 1235 mysteria,
2675 1171 2767 1225 sed
2793 1173 2900 1228 sola
2930 1173 3223 1246 intelligere
3252 1219 3266 1240 ,
3318 1189 3373 1233 ut
3408 1179 3565 1236 intel-

1984 1250 2190 1319 ligenda
2216 1264 2356 1323 sunt,
2381 1258 2540 1328 cogit.
2568 1258 2885 1332 Nullumque
2910 1264 3049 1319 aliud
3082 1265 3242 1322 habet
3266 1272 3557 1339 negotium,
3628 1250 3631 1254 l

1985 1357 2103 1412 qua:
2132 1361 2275 1414 vera,
2304 1358 2376 1415 et,
2412 1359 2467 1404 ut
2496 1352 2563 1405 ita
2592 1353 2782 1419 dicam,
2807 1371 3054 1425 germana
3086 1358 3418 1430 philosophia
3450 1371 3557 1429 est,

1988 1451 2145 1504 quam
2190 1449 2241 1492 ut
2270 1440 2458 1496 doceat
2483 1443 2625 1512 quod
2660 1445 2729 1499 sit
2770 1448 3007 1502 omnium
3033 1465 3209 1504 rerum
3244 1451 3559 1522 principium

1984 1524 2099 1580 sine
2128 1528 2408 1599 principio,
2441 1541 2772 1604 quantusque
2814 1537 2866 1591 in
2899 1552 2964 1592 eo
2996 1548 3209 1594 maneat
3236 1541 3557 1610 intellectus,

1984 1616 2320 1685 quidveinde
2346 1622 2397 1674 in
2425 1633 2659 1678 nostram
2691 1627 2914 1682 salutem
2951 1631 3065 1684 sine
3108 1630 3214 1685 ulla
3261 1618 3585 1702 degenerat?

1984 1708 2126 1765 tione
2168 1715 2464 1769 manaverit
2495 1733 2509 1770 :
2541 1733 2697 1787 quem
2726 1735 2885 1774 unum
2926 1723 3093 1777 Deum
3137 1726 3560 1794 omnipotentem

1983 1807 2210 1863 eumque
2236 1796 2251 1827 ¹
2284 1798 2642 1867 tripotentem,
2673 1802 2881 1859 Patrem
2908 1846 2923 1872 ,
2956 1815 3011 1861 et
3043 1806 3237 1861 Filium
3257 1849 3269 1872 ,
3304 1817 3356 1863 et
3382 1808 3557 1878 Spiri-

1984 1892 2092 1938 tum
2115 1896 2357 1942 sanctum
2381 1930 2395 1954 ,
2426 1890 2621 1947 docent
2648 1896 2945 1950 veneranda
2988 1898 3235 1969 mysteria
3256 1940 3269 1959 .
3303 1915 3421 1967 qua:
3449 1898 3557 1956 fido
3582 1902 3585 1903 ⁷

1981 1974 2190 2031 sincera
2216 1987 2270 2032 et
2300 1980 2610 2037 inconcussa
2642 1986 2865 2054 populos
2892 1988 3149 2055 liberant;
3181 2006 3278 2044 nec
3313 1990 3556 2058 confuse,

1982 2077 2039 2171 ut
2066 2070 2311 2139 quidam;
2360 2090 2458 2129 nec
2512 2080 2929 2145 contumeliose,
2980 2091 3037 2136 ut
3068 2084 3216 2136 inulti
3248 2070 3587 2171 praedicanti

1981 2158 2244 2226 Quantum
2272 2172 2449 2219 autem
2480 2167 2609 2221 illud
2641 2169 2746 2234 sit,
2774 2170 2914 2239 quod
2940 2170 3040 2225 hoc
3064 2172 3221 2227 etiam
3250 2173 3418 2227 nostri
3466 2186 3562 2244 ge-

1981 2253 2124 2307 neris
2158 2270 2371 2325 corpus,
2405 2266 2585 2313 tantus
2616 2270 2835 2330 propter
2859 2278 2956 2317 nos
2999 2264 3140 2319 Deus
3178 2279 3448 2319 assumere
3479 2253 3587 2353 ato;

1982 2357 2086 2412 que
2110 2360 2267 2415 agere
2294 2347 2540 2418 dignatus
2564 2361 2644 2405 est
2664 2394 2679 2419 ,
2708 2362 2905 2423 quanto
2933 2356 3139 2411 videtur
3178 2357 3331 2411 vilius
3351 2397 3367 2424 ,
3410 2364 3560 2413 tanto

1981 2444 2063 2488 est
2110 2436 2392 2493 clementia
2444 2441 2688 2509 plenius,
2734 2451 2788 2499 et
2818 2459 2849 2498 a
2900 2446 3127 2515 quadam
3158 2435 3587 2519 ingeniosorum?

1981 2528 2227 2596 superbia
2254 2530 2407 2600 longe
2437 2532 2644 2602 lateque
2682 2537 2954 2591 remotius.
3560 2568 3587 2611 η

2052 2618 2140 2672 17.
2171 2620 2363 2675 Anima
2390 2638 2516 2678 vero
2552 2623 2690 2679 unde
2733 2626 2990 2695 originem
3021 2628 3215 2699 ducat,
3247 2632 3440 2703 quidve
3468 2632 3559 2690 hic
3586 2694 3588 2702 λ

1980 2716 2138 2777 agat,
2167 2719 2420 2780 quantum
2450 2713 2608 2769 distet
2638 2731 2667 2769 a
2699 2716 2841 2781 Deo,
2888 2718 3014 2788 quid
3054 2720 3246 2783 habeat
3286 2708 3588 2794 proprium,

1980 2798 2121 2868 quod
2160 2802 2388 2858 alternat
2440 2805 2490 2857 in
2523 2813 2800 2877 utramque
2828 2817 3069 2865 naturam
3089 2853 3106 2879 ,
3135 2823 3395 2882 quatenus
3440 2800 3589 2884 mo-Z

1982 2889 2165 2956 riatur,
2191 2901 2245 2946 et
2271 2895 2536 2963 quomodo
2563 2897 2873 2953 immortalis
2898 2900 3179 2969 probetur;
3203 2919 3361 2973 quam
3382 2906 3565 2977 magni

1982 2983 2179 3051 putatis
2203 2998 2321 3039 esse
2349 2986 2551 3042 ordinis
2568 3029 2581 3053 ,
2613 2999 2671 3043 ut
2691 2990 2788 3043 ista
2814 2989 3124 3047 discantur?
3143 2994 3314 3066 Magni
3340 2998 3563 3055 omnino

1980 3081 2139 3143 atque
2175 3076 2304 3129 certi
2329 3093 2343 3129 :
2369 3075 2437 3132 de
2462 3093 2568 3147 quo
2592 3079 2843 3149 breviter,
2891 3083 2936 3136 si
2965 3091 3171 3157 tempus
3202 3088 3393 3155 fuerit,
3441 3098 3564 3159 post

1981 3165 2277 3239 loquemur.
2308 3169 2441 3226 Illud
2468 3188 2607 3227 nunc
2644 3188 2674 3228 a
2713 3190 2797 3230 me
2842 3154 3112 3247 accipiatis
3146 3181 3268 3235 volo
3302 3200 3313 3235 :
3347 3182 3393 3237 si
3441 3154 3590 3252 quis.

1983 3267 2181 3315 temere
2210 3277 2272 3316 ac
2297 3264 2412 3318 sine
2438 3264 2623 3320 ordine
2653 3266 3051 3337 disciplinarum
3078 3270 3129 3325 iu
3162 3272 3349 3327 harum
3378 3290 3566 3333 rerum

1979 3352 2335 3422 cognitionem
2364 3355 2523 3410 audet
2572 3360 2791 3424 irruere,
2822 3374 2917 3429 pro
2946 3361 3183 3417 studioso
3214 3364 3358 3419 illum
3384 3358 3591 3450 curio-5

1983 3458 2142 3510 sum,
2201 3462 2297 3516 pro
2335 3447 2494 3502 docto
2547 3450 2841 3517 credulum,
2889 3468 2983 3521 pro
3028 3464 3184 3509 cauto
3232 3456 3561 3514 incredulum

1983 3534 2119 3589 fieri.
2153 3534 2333 3607 Itaque
2379 3538 2507 3593 mihi
2536 3540 2674 3610 quod
2714 3541 2872 3597 modo
2900 3543 3241 3616 interroganti
3287 3556 3393 3603 tam
3423 3550 3563 3607 bene

1982 3634 2139 3696 atque
2167 3636 2288 3697 apte
2328 3629 2675 3699 respondistis
2700 3674 2712 3696 ,
2742 3642 2793 3686 et
2835 3634 2997 3689 miror
3025 3637 3163 3693 unde
3189 3638 3290 3705 sit,
3320 3648 3374 3694 et
3397 3655 3562 3712 cogor

1982 3733 2286 3788 agnoscere.
2314 3720 2599 3776 Videamus
2641 3732 2814 3779 tamen
2845 3740 3118 3797 quousque
3166 3732 3411 3800 progredi
3460 3692 3593 3816 ξιξ-Ξ

1982 3820 2089 3866 stra
2117 3812 2287 3867 latens
2321 3815 2490 3883 possit
2518 3815 2756 3871 intentio.
2788 3817 2902 3871 Jam
2951 3820 3103 3875 nobis
3142 3822 3364 3878 Licentii
3396 3826 3563 3880 etiam

1982 3903 2142 3956 verba
2167 3903 2474 3967 reddantur.
2506 3906 2595 3975 qui
2629 3916 2732 3960 tam
2763 3907 2850 3961 diu
2898 3911 3075 3965 nescio
3104 3927 3204 3982 qua
3234 3930 3361 3969 cura
3403 3885 3593 3991 occu-:

1983 4002 2167 4063 palus,
2214 3996 2418 4051 alienus
2448 3996 2515 4051 ab
2561 3997 2661 4052 hoc
2703 4014 2949 4056 sermone
2994 4001 3128 4068 fuit,
3180 4012 3236 4058 ut
3262 4020 3379 4059 eum
3411 4006 3511 4060 ista
3538 3996 3591 4075 ,λ

1982 4098 2087 4136 non
2116 4082 2271 4138 aliter
2305 4101 2463 4155 quam
2493 4101 2585 4141 eos
2624 4087 2713 4157 qui
2747 4104 2850 4144 non
2898 4091 3095 4147 adsunt
3117 4092 3400 4151 familiares
3430 4112 3561 4153 nos-

1982 4182 2094 4229 tros
2114 4217 2127 4241 ,
2154 4176 2367 4230 credam
2395 4192 2514 4233 esse
2536 4178 2815 4235 lecturum.
2844 4180 2949 4237 Sed
2978 4184 3092 4239 redi
3112 4185 3178 4240 ad
3207 4203 3323 4253 nos,
3355 4204 3560 4258 quaeso,

1981 4264 2186 4321 Licenti
2212 4308 2226 4333 ,
2261 4279 2421 4338 atque
2448 4269 2532 4324 hic
2560 4279 2699 4327 totus
2728 4270 2813 4327 fac
2838 4282 2896 4328 ut
2923 4275 3100 4343 adsis;
3125 4277 3218 4332 tibi
3248 4281 3389 4334 enim
3416 4281 3557 4338 dico.

1980 4356 2111 4411 Nam
2134 4357 2496 4413 definitionem
2526 4376 2698 4416 meam
2725 4371 2781 4417 tu
2812 4366 3043 4433 probasti
3068 4409 3084 4434 ,
3118 4383 3219 4439 qua
3250 4370 3449 4427 dictum
3476 4382 3563 4430 est

1981 4447 2105 4517 quid
2142 4448 2212 4502 sit
2251 4464 2370 4504 esse
2414 4464 2533 4505 cum
2567 4452 2706 4518 Deo,
2739 4470 2859 4508 cum
2899 4472 3003 4525 quo
3032 4468 3264 4515 mentem
3304 4465 3563 4533 sapientis

1980 4552 2194 4627 manere
2248 4540 2609 4608 immobilem,
2657 4559 2775 4612 me,
2825 4557 3077 4616 quantum
3122 4554 3335 4625 assequi
3384 4557 3559 4627 valeo,

1980 4626 2173 4684 docere
2199 4630 2430 4685 voluisti.

2154 4722 2380 4779 CAPUT
2421 4723 2506 4779 Vl.
2546 4756 2617 4766 —
2640 4726 2786 4783 Mem
2820 4730 3060 4800 sapientis
3088 4734 3375 4791 immobilis.

2053 4814 2139 4870 18.
2165 4815 2268 4871 Sed
2300 4816 2426 4871 illud
2457 4833 2542 4873 me
2567 4830 2762 4884 movet,
2781 4824 3047 4893 quomodo
3076 4841 3194 4881 cum
3222 4828 3319 4883 iste
3346 4830 3562 4900 sapiens

1982 4908 2233 4978 quamdiu
2263 4909 2399 4964 inter
2432 4909 2674 4967 homines
2727 4913 2887 4981 vivit,
2941 4916 2994 4970 in
3048 4931 3270 4986 corpore
3301 4936 3419 4976 esse
3450 4939 3563 4980 non

1981 5010 2236 5071 negetur;
2285 5016 2390 5072 quo
2433 5012 2588 5072 pacto
2628 5005 2716 5059 fiat
2750 5014 2810 5061 ut
2856 5007 2971 5076 ejus
3013 5023 3233 5079 corpore
3278 5012 3381 5069 huc
3404 5024 3564 5086 atque

1982 5091 2105 5147 illuc
2148 5102 2401 5162 vagante,
2455 5109 2605 5149 mens
2639 5095 2920 5152 immobilis
2972 5110 3201 5155 maneat.
3256 5103 3360 5158 Isto
3418 5106 3563 5162 enim

1982 5183 2143 5237 modo
2193 5191 2343 5253 potes
2389 5183 2598 5250 dicere,
2630 5202 2750 5240 cum
2807 5197 3050 5244 movetur
3090 5193 3274 5260 navis,
3319 5195 3564 5252 homines

1982 5276 2075 5345 qui
2110 5274 2161 5328 in
2185 5287 2246 5328 ea
2294 5283 2421 5329 sunt
2454 5291 2559 5331 non
2591 5277 2829 5343 moveri,
2880 5283 3123 5349 quamvis
3166 5285 3233 5340 ab
3276 5287 3405 5356 ipsis
3443 5304 3562 5344 eam

1984 5365 2245 5439 possideri
2270 5367 2656 5439 gubernarique
2685 5368 2964 5426 fateamur.
2996 5373 3206 5430 Etenim
3238 5378 3281 5432 si
3302 5379 3412 5433 sola
3443 5395 3561 5436 eam

2020 5493 2066 5565 __*
2090 5497 2141 5540 In
2159 5490 2714 5565 codicibus‘pervetustis
2727 5496 3003 5565 Corbeiensi
3018 5507 3079 5565 _et
3093 5498 3465 5565 Theodericensi
3489 5506 3566 5555 le.

1983 5558 2262 5629 etiam
2283 5566 2375 5629 eo
2394 5558 2788 5629 ξηρρεςηιρηιο.ω
2820 5565 2924 5629 ωξε-
2944 5562 3565 5629 _Abbauaevmdocmensis.

1982 5627 2039 5666 eo
2054 5627 2162 5679 quo.
2196 5623 2247 5665 ω
2278 5617 2373 5688 alio
2392 5623 2437 5690 δ’.
2460 5617 2696 5691 Michaelis
2711 5620 2759 5693 in
2776 5621 2992 5672 Pericula
3013 5626 3193 5686 maris,
3230 5637 3258 5675 e
3320 5639 3377 5676 ue
3417 5617 3568 5693 tripol

1984 5681 2172 5746 tentem.
2196 5677 2469 5746 [familqu
2486 5676 2577 5729 fuit
2598 5679 2899 5731 librariorum
2912 5682 3082 5746 lapsus
3105 5700 3119 5735 :
3142 5686 3231 5736 sed
3254 5638 3393 5737 (Ἦὶάὶ
3417 5690 3568 5740 nostri

1987 5751 2099 5789 esse
2120 5740 2338 5805 ducimus
2358 5738 2595 5791 lectiones
2614 5756 2783 5793 omnes
2798 5780 2813 5805 ,
2837 5746 2877 5795 si
2902 5738 3025 5797 forte
3048 5754 3248 5798 veteres
3268 5761 3325 5798 ac
3352 5738 3570 5801 melioris

1985 5809 2113 5851 notae
2134 5802 2326 5853 codices
2346 5806 2398 5856 in
2416 5817 2473 5857 re
2490 5817 2586 5856 non
2608 5805 2706 5857 levi
2726 5802 3040 5870 dissentiunt,
3059 5810 3373 5861 eruditiorum
3389 5812 3568 5875 judicio

1986 5876 2259 5919 reservare.

2759 5928 3287 6019 (ﬂente-deum)
