4096 6368
521 308 666 382 10.05

517 456 850 528 cogitatione
890 467 1174 532 regerent,
1215 455 1557 530 facerentque
1605 457 1686 512 ire
1735 471 1841 527 quo
1866 455 2102 517 vellem;

523 557 707 606 tamen
731 591 745 616 ,
769 566 890 607 cum
931 566 996 608 ea
1023 560 1352 621 moveretur,
1388 567 1495 607 non
1534 559 1756 623 possent
1785 549 1859 605 illi
1886 551 1973 620 qtti
2005 549 2106 604 ibi-

524 643 650 700 dem
675 645 949 702 constituti
975 656 1098 703 sunt
1126 662 1233 703 non
1261 645 1488 702 moveri.
1523 645 1662 715 Non,
1693 646 1767 701 ait
1787 645 2057 700 Licentius
2087 685 2102 712 ,

519 737 734 795 animus
752 739 824 794 ita
855 749 936 795 est
963 740 1015 796 in
1045 755 1298 812 corpore,
1326 748 1383 795 ut
1412 754 1606 810 corpus
1653 739 1880 810 imperet
1905 737 2102 792 animo.

516 824 706 900 Neque
736 830 837 887 hoc
862 846 962 901 ego
986 831 1106 887 dico
1129 874 1144 895 ,
1180 832 1394 902 inquam
1419 849 1432 886 :
1455 831 1550 888 sed
1596 832 1754 887 etiam
1805 845 1969 902 eques
1998 845 2105 885 non

515 919 592 978 ita
619 922 781 978 estin
835 938 1007 994 equo,
1058 931 1119 979 ut
1164 925 1214 979 ei
1259 939 1427 996 equus
1475 925 1732 995 imperet;
1775 932 1829 978 et
1883 932 2098 990 tamen,

513 1013 755 1082 quamvis
784 1028 892 1084 quo
939 1013 1066 1069 velit
1113 1016 1191 1070 ire
1219 1029 1411 1085 equum
1461 1023 1618 1086 agat,
1651 1029 1789 1084 equo
1813 1022 1959 1068 moto
1983 1028 2102 1068 mo-

510 1113 701 1160 veatur
728 1120 948 1162 necesse
975 1115 1077 1161 est.
1105 1107 1308 1175 Potest,
1330 1109 1518 1179 inquit,
1551 1108 1740 1164 sedere
1767 1107 1879 1178 ipse
1906 1107 2101 1160 immo-

511 1193 655 1249 bilis.
686 1194 844 1266 Cogis
886 1212 1020 1266 nos,
1053 1198 1266 1269 inquam
1293 1239 1307 1265 ,
1337 1200 1559 1256 deﬁnire
1601 1200 1726 1270 quid
1754 1201 1823 1254 sit
1849 1198 2050 1254 moveri
2083 1215 2097 1252 :

512 1286 656 1364 quod
685 1287 729 1342 si
757 1295 911 1358 potes
932 1329 948 1355 ,
979 1288 1140 1345 facias
1162 1291 1302 1346 volo.
1331 1291 1587 1359 Prorsus,
1618 1292 1785 1362 inquit
1812 1334 1826 1355 ,
1864 1298 2096 1358 maneat,

506 1393 708 1447 quaeso,
739 1378 1055 1437 beneﬁcium
1078 1391 1260 1448 tuum;
1289 1398 1411 1438 nam
1431 1391 1609 1439 manet
1625 1383 1909 1453 postulatio
1936 1397 2088 1437 mea:

506 1479 651 1526 etne
672 1487 756 1526 me
785 1488 971 1528 rursus
996 1475 1290 1547 interroges
1315 1519 1330 1544 ,
1362 1486 1535 1531 utrum
1563 1476 1690 1530 mihi
1723 1475 1943 1530 deﬁnire
1980 1475 2094 1545 pla-

503 1575 664 1630 ceat;
708 1567 920 1636 quando
965 1567 1016 1622 id
1071 1567 1248 1624 facere
1299 1578 1560 1639 potuero,
1621 1569 1735 1641 ipse
1783 1570 2091 1641 proﬁtebor.

507 1655 639 1723 Quae
668 1673 788 1712 cum
831 1658 972 1726 dicta
1016 1667 1229 1736 essent,
1276 1675 1408 1730 puer
1436 1661 1503 1716 de
1547 1660 1704 1716 domo
1749 1662 1833 1715 cui
1865 1660 2090 1716 dedera-

503 1762 626 1802 mus
653 1747 704 1803 id
736 1749 951 1819 negotii,
984 1751 1217 1806 cucurrit
1240 1751 1306 1806 ad
1325 1767 1451 1815 nos,
1473 1761 1527 1807 et
1551 1752 1735 1806 horam
1751 1752 1954 1822 prandii
1973 1767 2091 1807 esse

498 1840 781 1895 nuntiavit.
810 1840 946 1896 Tum
973 1857 1072 1913 ego
1103 1860 1116 1896 ε
1144 1840 1282 1911 Quid
1314 1843 1418 1910 sit,
1444 1841 1657 1912 inquam
1683 1884 1698 1909 ,
1730 1844 1952 1909 moveri,
1983 1859 2088 1897 non

497 1931 724 1988 deﬁnire
749 1947 845 1988 nos
888 1949 1020 2004 puer
1063 1934 1197 1998 iste,
1227 1932 1321 1988 sed
1354 1935 1482 2004 ipsis
1525 1933 1692 1989 oculis
1716 1934 1858 2004 cogit
1902 1942 2084 1989 osten-

492 2022 642 2078 olere.
675 2024 871 2080 Eamus
905 2025 1078 2097 igitur,
1107 2035 1160 2081 et
1195 2028 1260 2080 de
1303 2027 1406 2080 isto
1452 2026 1570 2081 loco
1615 2026 1665 2080 in
1704 2026 1864 2080 alium
1907 2026 2082 2081 locum

488 2124 830 2174 transeamus
859 2137 873 2174 :
904 2134 1027 2173 nam
1055 2118 1185 2173 nihil
1211 2127 1294 2174 est
1319 2119 1496 2188 aliud,
1527 2119 1628 2175 nisi
1655 2119 1828 2186 fallor,
1855 2120 2078 2175 moveri.

490 2200 590 2284 llic
623 2229 741 2290 cum
771 2213 1095 2281 arrisissent,
1144 2213 1507 2268 discessimus.

1019 2331 1294 2370 DISPUTA'HO
1325 2332 1535 2369 SECUNDA
1543 2353 1554 2367 ι

561 2400 648 2455 l9.
683 2402 752 2455 At
774 2401 863 2456 ubi
893 2400 1177 2457 refecintus
1203 2417 1449 2475 corpora,
1487 2402 1737 2476 quoniam
1765 2403 1958 2464 C(Billm
1986 2401 2082 2456 ob-

488 2492 716 2566 duxerat
744 2492 932 2557 nubes,
962 2491 1121 2548 solito
1147 2493 1264 2547 loco
1295 2493 1345 2546 in
1375 2493 1566 2547 balneo
1594 2492 1953 2548 consedimus.
1980 2494 2075 2548 At-

487 2598 594 2656 que
623 2597 722 2655 ego
752 2599 764 2635 :
794 2581 1058 2652 Concedis
1083 2599 1230 2660 ergo,
1260 2584 1496 2654 inquam,
1528 2584 1752 2656 Licenti,
1790 2584 1924 2639 nihil
1952 2600 2074 2642 esse

484 2665 630 2729 aliud
682 2684 882 2730 motum
938 2691 1096 2746 quam
1147 2659 1216 2731 de
1277 2674 1398 2731 loco
1448 2675 1500 2731 in
1541 2676 1716 2732 locum
1748 2678 2075 2734 transitum?

481 2764 764 2831 Concedo,
799 2767 986 2836 inquit.
1019 2765 1283 2838 concedis
1311 2782 1471 2844 ergo,
1503 2768 1717 2840 inquam
1739 2810 1753 2836 ,
1803 2770 2070 2838 neminem

479 2855 538 2932 in
565 2874 630 2912 eo
658 2859 777 2913 loco
827 2872 949 2914 esse
993 2858 1046 2912 iit
1084 2874 1191 2932 quo
1226 2874 1330 2913 non
1375 2845 1580 2923 fuerat,
1609 2867 1664 2914 et
1715 2869 1916 2914 motum
1965 2877 2068 2915 non

482 2947 686 3018 fuisse?
711 2947 828 3004 Non
861 2949 1114 3026 intelligo,
1147 2951 1334 3031 inquit.
1365 2949 1418 3006 Si
1449 2950 1575 3021 quid
1595 2994 1609 3018 ,
1636 2951 1867 3022 inquam,
1893 2953 1944 3006 in
1967 2953 2070 3020 alio

483 3041 606 3094 loco
641 3041 740 3096 fuit
791 3041 1012 3114 dudum,
1033 3033 1097 3096 'et
1126 3057 1268 3112 nunc
1317 3043 1371 3097 in
1419 3043 1521 3099 alio
1554 3052 1664 3120 est,
1715 3054 1917 3112 motum
1951 3061 2070 3120 esse

486 3133 779 3189 concedis?
806 3121 1227 3215 Assenticbatur.
1255 3135 1416 3214 Ergo,
1446 3137 1680 3208 inquam,
1708 3148 1887 3209 posset
1913 3140 2070 3214 alicu-

478 3225 570 3297 jus
598 3227 856 3296 sapientis
891 3228 1069 3284 vivutn
1096 3243 1291 3302 corpus
1321 3228 1405 3282 hic
1431 3229 1590 3284 modo
1618 3228 1898 3286 nobiscum
1927 3247 2066 3308 esse,

476 3303 537 3399 Ψ
565 3319 775 3373 animus
822 3318 947 3374 hinc
985 3318 1235 3374 abesset?
1264 3319 1487 3385 Posset,
1538 3321 1728 3393 inquit.
1775 3321 2021 3396 Etiamne
2047 3366 2062 3390 ,

476 3411 718 3482 inquam,
742 3411 786 3470 si
811 3411 1085 3484 nobiscum
1110 3411 1523 3484 colloqueretur,
1555 3421 1609 3467 et
1634 3429 1731 3468 nos
1753 3414 1949 3486 aliquid
1976 3401 2064 3470 do;

474 3506 665 3560 ceret?
693 3504 934 3570 Etiamsi,
965 3505 1156 3576 inquit,
1176 3520 1274 3559 nos
1297 3505 1462 3575 ipsam
1485 3503 1702 3578 doceret
1723 3505 2059 3580 sapientiam,

473 3611 581 3651 non
612 3597 759 3662 illum
785 3596 1019 3653 dicerem
1049 3597 1328 3664 nobiscum
1373 3611 1513 3665 esse,
1546 3597 1641 3664 sed
1696 3613 1900 3666 secum.
1943 3598 2059 3654 Non

471 3688 634 3760 igitur
677 3690 730 3744 in
778 3702 1038 3766 corpore,
1095 3688 1311 3760 inquam
1338 3687 1361 3740 ?
1391 3687 1536 3754 Non,
1569 3689 1757 3762 inquit.
1787 3689 1883 3743 Cui
1915 3704 2013 3760 ego
2044 3707 2056 3743 :

469 3781 675 3858 Gprpus
704 3781 835 3846 illud
859 3781 1001 3854 quod
1027 3789 1232 3838 careret
1255 3782 1454 3847 animo,
1489 3795 1665 3846 nonne
1692 3789 1957 3853 mortuum
1979 3780 2058 3836 fa-

468 3875 686 3944 tereris,
717 3890 838 3930 cum
869 3888 969 3945 ego
996 3873 1174 3934 vivum
1204 3873 1610 3947 proposuerim?
1635 3873 1846 3940 Nescio,
1869 3873 2055 3946 inquit,

468 3964 741 4040 quomodo
781 3964 1062 4042 explicem.
1107 3964 1240 4019 Nam
1271 3974 1325 4030 ct
1361 3979 1556 4036 corpus
1611 3964 1841 4028 hominis
1880 3965 2056 4032 vivum

468 4073 590 4122 esse
619 4072 724 4112 non
747 4070 907 4130 posse
935 4055 1111 4130 video,
1136 4055 1182 4124 si
1204 4055 1413 4110 animus
1434 4056 1486 4110 in
1512 4070 1577 4111 eo
1603 4071 1707 4126 non
1733 4057 1802 4112 sit
1826 4074 1839 4124 ;
1869 4067 1923 4112 et
1952 4072 2056 4120 non

467 4162 690 4218 possum
711 4145 912 4222 dicere,
943 4131 1126 4218 ubiubi
1155 4145 1226 4202 sit
1263 4159 1457 4216 corpus
1483 4145 1738 4218 sapientis
1756 4187 1770 4211 ,
1802 4162 1904 4204 non
1933 4147 2052 4220 ejus

467 4239 706 4296 animum
737 4252 857 4294 esse
885 4223 1005 4316 cum
1035 4237 1164 4291 Deo.
1205 4236 1336 4316 Ego,
1369 4237 1606 4308 inquam,
1632 4236 1838 4307 faciam,
1868 4247 1922 4294 ut
1949 4239 2055 4314 hoc

467 4332 724 4404 explices.
750 4331 999 4399 Fortasse
1035 4329 1178 4402 enim
1215 4331 1334 4406 quia
1370 4330 1564 4400 ubique
1594 4331 1732 4386 Deus
1763 4341 1876 4400 est,
1921 4349 2053 4406 quo-

468 4439 578 4495 quo
607 4423 726 4482 ierit
755 4422 986 4494 sapiens,
1016 4422 1216 4502 invenit
1237 4409 1402 4478 Deum
1445 4438 1565 4477 cum
1593 4438 1697 4502 quo
1722 4437 1841 4478 esse
1862 4426 2048 4496 pOSsit.

467 4503 543 4572 Ita
577 4519 636 4572 ﬁt
674 4527 731 4572 ut
757 4517 1023 4588 possimus
1057 4525 1112 4570 et
1140 4531 1245 4570 non
1297 4531 1492 4586 negare
1537 4503 1682 4571 illum
1711 4517 1779 4574 de
1828 4518 1944 4574 loco
1996 4520 2050 4574 in

464 4612 644 4667 locum
673 4612 933 4679 transire,
978 4609 1121 4684 quod
1151 4620 1234 4679 est
1273 4611 1506 4676 moveri;
1545 4619 1600 4666 et
1629 4619 1803 4670 tamen
1839 4628 2050 4685 semper
2090 4679 2092 4681 _

467 4720 590 4776 esse
615 4720 736 4762 cum
753 4705 882 4768 Deo.
914 4702 1131 4778 Fateor,
1157 4701 1344 4773 inquit,
1368 4717 1560 4772 corpus
1587 4702 1716 4760 illud
1746 4703 1812 4760 de
1850 4704 1970 4760 loco
1994 4707 2046 4760 in

467 4797 646 4876 locum
678 4797 957 4874 transitum
986 4797 1178 4862 facere,
1210 4794 1306 4856 sed
1329 4803 1562 4864 mentem
1589 4794 1756 4866 ipsam
1779 4811 1934 4872 nego,
1961 4797 2046 4860 cui

460 4904 659 4952 nomen
685 4889 940 4961 sapientis
972 4887 1278 4960 impositum
1304 4895 1403 4942 est.

462 4984 614 5042 CAP.
643 4983 1091 5058 VII.—Quoniodo
1113 4984 1236 5048 ordo
1257 4984 1410 5058 fuerit
1434 5000 1545 5040 cum
1566 4985 1754 5044 malum
1776 5002 1876 5042 non
1893 4995 2042 5052 esset.

530 5078 623 5135 20.
659 5077 812 5136 Nunc
836 5078 1047 5146 interim
1101 5077 1196 5136 tibi
1225 5077 1394 5147 cedo,
1436 5079 1670 5150 inquam,
1711 5095 1779 5136 ne
1825 5095 1914 5138 res
1943 5082 2042 5138 ob-

457 5171 768 5228 scurissima
790 5212 808 5240 ,
851 5179 908 5227 et
931 5170 1130 5241 diutius
1156 5169 1566 5242 diligentiusque
1594 5171 1864 5236 tractanda
1882 5215 1896 5240 ,
1937 5173 2040 5230 im-

458 5265 641 5337 pediat
665 5264 719 5322 in
748 5264 1029 5335 praesentia
1077 5264 1406 5336 propositum
1452 5274 1714 5332 nostrum.
1757 5265 1864 5334 Sed
1911 5267 2040 5342 illud

457 5358 772 5423 videamus,
812 5357 1064 5430 quoniam
1099 5355 1375 5428 deﬁnitum
1415 5366 1498 5412 est
1541 5372 1571 5412 a
1612 5358 1766 5415 nobis
1795 5359 1919 5434 quid
1972 5361 2042 5415 sit

456 5467 579 5516 esse
602 5466 723 5508 cum
755 5451 864 5510 Deo
889 5493 904 5520 ,
935 5459 1108 5512 utrum
1154 5449 1291 5505 scire
1317 5449 1582 5521 possimus
1605 5451 1764 5514 etiam
1781 5493 1795 5518 ,
1822 5452 1947 5523 quid
1973 5453 2041 5510 sit
2089 5497 2096 5526 ί

460 5559 582 5600 esse
609 5543 723 5598 sine
751 5541 862 5597 Deo
881 5584 896 5610 ,
922 5542 1165 5614 quamvis
1213 5541 1322 5624 jam
1376 5542 1716 5612 manifestum
1742 5559 1862 5612 esse
1891 5546 2037 5599 arbi-

459 5645 597 5702 tror.
644 5634 778 5690 Nam
817 5634 978 5696 credo
1025 5633 1192 5690 videri
1251 5635 1343 5690 tibi
1374 5649 1469 5692 eos
1516 5637 1752 5707 quicum
1783 5638 1887 5699 Deo
1931 5653 2036 5696 non
2086 5673 2090 5676 -

464 5737 611 5795 sunt,
640 5743 759 5784 esse
795 5727 911 5783 sine
954 5727 1086 5782 Deo.
1124 5725 1181 5782 Si
1212 5736 1462 5797 possent,
1505 5728 1690 5799 inquit,
1720 5730 1847 5784 mihi
1877 5731 2036 5807 verba
2081 5761 2086 5764 -

1707 309 1792 366 os
1831 300 2108 382 cumuli.
2147 301 2206 383 Se
2246 309 2612 390 Ars-usam

3683 325 3814 408 i804

2214 453 2321 509 Sed
2347 466 2473 526 peto
2500 458 2739 529 partem
2775 452 3050 515 inﬁtitias:
3087 473 3296 531 meam,
3321 474 3517 535 resque
3541 462 3688 536 ipsas
3707 507 3720 530 ,
3753 481 3810 526 ut

2215 556 2272 600 te
2297 549 2473 616 decet,
2501 549 2672 606 veloci
2723 561 2904 608 mente
2931 551 3226 623 praeripias.
3270 552 3405 620 Nam
3445 554 3533 610 isti
3559 569 3662 612 nec
3686 573 3808 618 eum

2222 639 2335 696 Deo
2365 641 2494 695 mihi
2519 641 2768 697 videntur
2793 656 2946 710 esse,
2977 651 3034 698 et
3055 658 3084 697 a
3113 643 3225 700 Deo
3249 653 3426 700 tamen
3450 644 3658 702 haberi.
3699 647 3805 705 ita-

2215 747 2318 802 que
2341 749 2444 787 non
2477 747 2693 802 possum
2716 749 2808 789 eos
2835 734 2950 790 sine
2976 736 3086 790 Deo
3116 749 3236 791 esse
3259 735 3459 803 dicere,
3493 753 3632 809 quos
3658 739 3800 797 Deus

2211 824 2392 906 habet.
2420 827 2552 882 Cum
2590 829 2701 885 Deo
2729 829 2857 884 item
2876 843 2984 884 non
3006 828 3126 885 dico
3145 869 3163 899 ,
3194 830 3319 900 quia
3344 830 3444 900 ipsi
3474 847 3580 887 non
3606 831 3806 889 habent

2211 918 2398 974 Deum.
2427 919 2696 990 Siquidem
2719 921 2883 976 Deum
2904 921 3104 978 habere
3125 965 3138 987 ,
3163 922 3275 994 jam
3301 922 3446 980 inter
3469 940 3569 980 nos
3594 925 3802 996 pridem

2209 1009 2264 1064 in
2287 1025 2533 1079 sermone
2559 1011 2649 1066 illo
2677 1025 2834 1082 quem
2887 1011 2976 1068 die
3020 1014 3181 1069 natali
3236 1022 3326 1069 tuo
3357 1014 3800 1084 iucundissimum

2209 1099 2491 1157 habuimus
2511 1143 2525 1168 ,
2549 1103 2745 1174 placuit
2772 1103 2901 1157 nihil
2944 1103 3087 1159 aliud
3114 1119 3236 1161 esse
3271 1121 3433 1176 quam
3462 1107 3574 1163 Deo
3599 1107 3801 1177 perfrui

2218 1194 2317 1267 (De
2347 1196 2504 1251 Beata
2528 1195 2677 1262 Vita,
2703 1213 2756 1250 n.
2785 1196 2900 1268 34).
2931 1196 3038 1254 Sed
3067 1197 3238 1254 fateor
3265 1214 3353 1254 me
3378 1197 3670 1256 formidare
3699 1202 3798 1257 ista

2206 1289 2503 1356 contraria,
2537 1290 2804 1361 quomodo
2849 1292 3076 1363 quisque
3119 1306 3221 1348 nec
3268 1292 3388 1348 sine
3430 1292 3543 1350 Deo
3569 1294 3672 1363 sit,
3701 1300 3800 1351 nec

2204 1395 2329 1436 cum
2360 1383 2492 1437 Deo.
2561 1373 2564 1378 ’

2273 1471 2363 1526 Si.
2391 1471 2508 1528 Non
2533 1480 2586 1529 te
2612 1482 2860 1530 moveant
2887 1474 3016 1542 ista,
3042 1475 3279 1546 inquam.
3298 1473 3432 1531 Nam
3453 1475 3545 1532 ubi
3561 1491 3652 1533 res
3669 1491 3798 1534 eon-

2200 1564 2375 1632 venit,
2405 1566 2524 1636 quis
2554 1580 2658 1620 non
2687 1567 2849 1622 verba
2891 1567 3232 1623 contemnat?
3258 1567 3435 1636 Quare
3468 1568 3581 1639 iam
3615 1569 3684 1625 ad
3728 1571 3794 1628 il-

2199 1655 2308 1712 lam
2337 1657 2552 1714 tandem
2586 1659 2789 1715 ordinis
2815 1659 3175 1716 deﬁnitionem
3206 1660 3508 1718 redeamus.
3552 1663 3690 1719 Nam
3715 1679 3797 1720 οιι

2198 1747 2375 1803 dinem
2403 1764 2522 1805 esse
2552 1749 2730 1806 dixisti
2753 1767 2857 1821 quo
2880 1752 3018 1806 Deus
3045 1752 3152 1822 agit
3185 1753 3387 1807 omnia.
3411 1753 3553 1810 Nihil
3579 1764 3790 1822 autem,

2195 1849 2254 1894 ut
2282 1840 2470 1904 video,
2503 1855 2608 1895 non
2639 1842 2747 1912 agit
2778 1842 2919 1898 Deus
2951 1859 2964 1896 :
3000 1858 3123 1898 nam
3169 1842 3295 1900 inde
3323 1844 3496 1902 visum
3537 1846 3633 1901 tibi
3671 1856 3790 1913 est,

2194 1929 2328 1984 nihil
2355 1942 2551 2000 praeter
2588 1933 2830 1989 ordinem
2861 1949 3016 2004 posse
3057 1935 3298 1991 inveniri.
3342 1936 3548 2004 Manet,
3577 1938 3786 2009 inquit,

2191 2023 2452 2078 sententia
2503 2039 2620 2080 mea
2673 2043 2686 2079 :
2733 2025 2828 2080 sed
2869 2025 2978 2095 jam
3021 2025 3176 2081 video
3219 2025 3348 2096 quid
3394 2027 3468 2082 sis
3510 2026 3787 2096 dicturus,

2190 2121 2367 2169 utrum
2408 2115 2549 2170 Deus
2586 2123 2706 2188 agat
2734 2131 2855 2187 quae
2889 2132 2994 2172 non
3026 2116 3162 2172 bene
3186 2118 3268 2187 agi
3298 2115 3632 2180 conﬁtemur.
3680 2116 3791 2188 0p-

2189 2206 2353 2273 time,
2383 2207 2631 2276 inquam;
2663 2223 2881 2277 prorsus
2909 2208 3121 2282 oculum
3161 2210 3214 2263 in
3257 2217 3490 2265 mentem
3529 2210 3786 2282 injecisti.

2187 2297 2294 2352 Sed
2325 2306 2383 2353 ut
2406 2299 2584 2353 vidisti
2627 2300 2751 2370 quid
2794 2316 2968 2356 essem
3007 2301 3273 2367 dicturus,
3321 2300 3394 2356 ita
3434 2311 3560 2374 peto
3601 2302 3788 2360 videas

2186 2387 2310 2458 quid
2339 2389 2769 2459 respondendum
2813 2391 2902 2446 sit.
2950 2393 3122 2462 Atque
3151 2392 3241 2447 ille
3280 2402 3476 2448 nutans
3499 2394 3674 2464 capite
3697 2404 3787 2450 at-

2183 2493 2289 2550 que
2332 2479 2601 2547 humeris,
2633 2481 2952 2551 Turbamur,
2980 2483 3150 2554 inquit
3177 2501 3189 2538 :
3214 2492 3269 2539 et
3306 2485 3430 2539 huic
3469 2485 3610 2542 forte
3634 2502 3786 2557 quae-

2183 2573 2343 2626 stioni
2370 2581 2543 2628 mater
2567 2584 2967 2644 supervenerat.
2999 2576 3172 2646 Atque
3198 2577 3287 2632 ille
3336 2586 3458 2648 post
3481 2578 3786 2648 aliquantu-

2181 2663 2291 2718 lum
2325 2664 2592 2720 silentium
2620 2667 2769 2736 petiit
2797 2676 2853 2722 ut
2880 2682 2910 2721 a
2937 2682 3024 2724 me
3053 2665 3156 2723 hoc
3179 2668 3354 2739 ipsum
3393 2685 3583 2727 rursus
3609 2671 3784 2727 inter-

2180 2767 2481 2826 rogaretur.
2521 2756 2620 2812 Cui
2670 2759 2787 2813 loco
2833 2759 3076 2829 superius
3121 2774 3150 2813 a
3189 2759 3440 2832 Trygetio
3484 2761 3650 2818 fuisse
3692 2779 3784 2819 re-

2179 2862 2432 2916 sponsum
2461 2865 2565 2904 non
2587 2851 2804 2906 omnino
2831 2851 3280 2908 animadverterat
3302 2852 3452 2927 (Cap.
3480 2854 3533 2919 4,
3565 2871 3620 2908 η.
3655 2853 3772 2925 ll).

2177 2939 2312 2996 Tum
2354 2958 2468 3012 ego
2505 2961 2518 2997 :
2561 2942 2732 3010 Quid,
2786 2944 3042 3014 inquam,
3094 2945 3176 3000 vel
3222 2960 3319 3000 cur
3361 2945 3455 3000 tibi
3500 2947 3778 3016 repetam?

2175 3036 2402 3097 Actum,
2430 3034 2610 3101 aiunt,
2659 3050 2726 3090 ne
2763 3050 2909 3105 agas.
2952 3034 3129 3103 Quare
3171 3051 3366 3092 moneo
3393 3037 3570 3107 potius
3610 3047 3667 3093 ut
3707 3052 3778 3095 ea

2175 3141 2295 3197 quae
2321 3143 2476 3197 supra
2504 3128 2644 3182 dicta
2675 3137 2825 3194 sunt,
2852 3129 2939 3183 vel
2970 3130 3147 3199 legere
3172 3143 3330 3184 cures
3353 3171 3366 3194 ,
3401 3129 3458 3183 si.
3471 3129 3658 3186 audire
3685 3145 3775 3186 nea

2173 3219 2409 3289 quivisti.
2455 3218 2624 3286 Quam
2654 3220 2868 3290 quidem
2913 3221 3208 3276 absentiam
3237 3235 3267 3274 a
3295 3235 3543 3278 sermone
3583 3231 3774 3279 nostro

2170 3309 2335 3364 animi
2367 3310 2437 3364 tui
2470 3325 2575 3365 non
2620 3325 2764 3380 aegre
2803 3311 2933 3377 tuli,
2966 3311 3162 3382 diuque
3198 3311 3270 3366 ita
3300 3327 3420 3368 esse
3451 3323 3502 3369 te
3541 3315 3768 3384 pertuli,

2170 3411 2230 3458 ut
2267 3419 2438 3474 neque
2468 3404 2556 3458 illa
2596 3405 2907 3475 impedirem
2945 3423 3062 3476 qua:
3099 3416 3274 3463 tecum
3314 3408 3546 3463 intentus
3586 3423 3771 3466 remo-

2170 3501 2361 3566 tusque
2382 3511 2410 3548 a
2433 3495 2584 3550 nobis
2605 3538 2620 3564 ,
2643 3512 2740 3567 pro
2771 3504 2822 3553 te
2847 3498 3042 3569 agebas
3061 3540 3075 3566 ,
3103 3507 3159 3556 et
3184 3515 3245 3556 ea
3274 3514 3624 3572 persequerer
3644 3517 3768 3574 quae

2169 3595 2221 3642 te
2247 3587 2491 3643 amittere
2519 3590 2670 3644 stilus
2700 3590 2800 3647 iste
2822 3606 2928 3646 non
2953 3592 3169 3649 sineret.

2225 3678 2315 3732 22.
2329 3680 2478 3736 Nunc
2489 3681 2614 3736 illud
2629 3698 2830 3752 quzero,
2845 3684 2987 3754 quod
3000 3685 3233 3740 nondum
3245 3684 3510 3742 discutere
3519 3686 3764 3760 diligenti

2166 3773 2374 3829 ratione
2403 3775 2741 3832 tentavimus.
2781 3777 2913 3832 Nam
2952 3786 3010 3833 ut
3054 3779 3284 3849 primum
3315 3781 3468 3836 nobis
3499 3781 3652 3835 istam
3691 3781 3761 3836 de

2164 3865 2352 3921 ordine
2380 3868 2728 3937 quaestionem
2758 3871 2940 3925 nescio
2968 3871 3087 3941 quis
3115 3871 3246 3926 ordo
3272 3873 3506 3942 peperit,
3535 3875 3758 3928 memini

2163 3963 2218 4013 te
2236 3957 2434 4014 dixisse
2471 3959 2608 4016 hanc
2634 3974 2754 4016 esse
2789 3961 3046 4032 justitiam
3073 3961 3201 4027 Dei,
3233 3977 3350 4033 quae
3377 3973 3590 4033 separat
3617 3963 3759 4020 inter

2162 4049 2336 4107 bonos
2365 4061 2418 4107 et
2459 4054 2628 4109 malos
2647 4095 2662 4121 ,
2691 4062 2744 4109 et
2772 4069 2864 4109 sua
2893 4056 3082 4125 cuique
3105 4055 3285 4110 tribuit
3309 4055 3507 4126 (Supra
3526 4097 3541 4125 ,
3571 4057 3659 4110 lib.
3685 4059 3710 4112 l
3732 4095 3751 4123 ,

2162 4158 2208 4197 c.
2242 4143 2296 4211 7,
2333 4161 2388 4201 η.
2433 4144 2544 4218 l9).
2571 4145 2701 4201 Nam
2733 4147 2874 4202 nulla
2904 4156 3014 4216 est,
3044 4158 3301 4220 quantum
3337 4150 3542 4217 sentio,
3576 4151 3752 4204 mani-

2158 4237 2347 4295 festior
2384 4241 2602 4311 justitite
2648 4243 2928 4299 deﬁnitio:
2960 4246 3136 4315 itaque
3181 4245 3507 4314 reSpondeas
3553 4245 3747 4312 velim,

2158 4342 2334 4400 utrum
2368 4333 2459 4388 tibi
2501 4335 2741 4390 videatur
2782 4336 3066 4407 aliquando
3109 4336 3275 4392 Deum
3319 4352 3425 4393 non
3466 4336 3631 4395 fuisse
3656 4339 3747 4414 ju-

2161 4435 2324 4480 stum.
2370 4426 2684 4499 Nunquam,
2731 4429 2918 4499 inquit.
2961 4428 3018 4484 Si
3061 4445 3189 4501 ergo
3232 4446 3463 4500 semper,
3491 4431 3743 4502 inquam,

2157 4517 2299 4573 Deus
2325 4520 2498 4589 justus
2519 4562 2531 4585 ,
2565 4535 2776 4594 semper
2801 4519 2994 4575 bonum
3025 4530 3080 4576 et
3106 4522 3300 4577 malum
3323 4518 3554 4577 fnerunt.
3587 4523 3746 4576 Pror-

2158 4625 2282 4676 sus,
2310 4611 2478 4681 inquit
2521 4620 2714 4680 mater,
2756 4611 2886 4667 nihil
2925 4613 3066 4667 aliud
3096 4612 3250 4668 video
3286 4613 3426 4683 quod
3466 4623 3741 4683 sequatur.

2153 4700 2270 4756 Non
2295 4704 2435 4757 enim
2457 4703 2714 4774 judicium
2746 4705 2835 4760 Dei
2859 4704 2954 4759 fuit
2984 4705 3144 4760 ullum
3172 4706 3384 4776 quando
3410 4706 3606 4760 malum
3635 4721 3742 4761 non

2152 4793 2282 4874 fuit;
2318 4810 2436 4862 nec,
2467 4787 2511 4850 'si
2541 4796 2824 4866 aliquando
2847 4795 3002 4852 bonis
3028 4806 3081 4852 et
3106 4797 3261 4852 malis
3290 4813 3384 4852 sua
3419 4797 3610 4868 cuique
3632 4813 3769 4892 ιιοιι⁸

2051 4919 2065 4957 _-
2152 4888 2362 4969 tribuit,
2415 4898 2588 4959 potest
2631 4889 2793 4944 videri
2835 4889 3009 4960 justus
3049 4890 3234 4945 fuisse.
3281 4890 3377 4944 Cui
3431 4891 3740 4946 Licentius:

2151 4979 2291 5052 Ergo
2320 4981 2598 5037 dicendum
2630 4982 2781 5037 nobis
2809 4997 2997 5038 censes
3021 5023 3036 5050 ,
3067 4983 3271 5055 inquit,
3301 4999 3514 5056 semper
3539 4985 3738 5040 malum

2148 5063 2331 5134 fuisse.
2363 5075 2477 5134 Non
2511 5076 2706 5142 audeo,
2739 5078 2905 5148 inquit
2935 5078 3022 5132 illa
3048 5119 3062 5143 ,
3092 5077 3194 5133 hoc
3222 5078 3418 5134 dicere.
3449 5078 3586 5154 Quid
3611 5093 3740 5151 ergo

2149 5173 2404 5238 dicemus,
2439 5173 2692 5246 inquam?
2719 5171 2775 5230 Si
2799 5173 2940 5229 Deus
2965 5173 3085 5230 ideo
3110 5173 3283 5245 justus
3304 5184 3416 5240 est,
3445 5175 3566 5246 quia
3593 5173 3739 5246 judi-

2147 5274 2230 5322 cat
2252 5266 2390 5320 inter
2414 5266 2582 5321 honos
2607 5273 2659 5320 et
2689 5265 2876 5333 malos,
2895 5265 3106 5339 quando
3133 5281 3237 5342 non
3265 5275 3380 5322 erat
3401 5267 3598 5321 malum
3633 5282 3738 5334 non

2149 5367 2263 5412 erat
2293 5358 2486 5428 justus.
2523 5358 2617 5414 Hic
2663 5359 2766 5413 illis
2817 5359 3110 5418 tacentibus
3145 5359 3494 5426 animadverti
3529 5359 3736 5432 Tryge-

2149 5449 2281 5504 tium
2309 5450 2632 5520 re5pondere
2657 5451 2826 5515 velle,
2856 5459 3014 5520 atque
3043 5451 3280 5521 permisi.
3312 5453 3379 5505 At
3409 5451 3498 5506 ille
3530 5469 3544 5505 :
3578 5451 3737 5506 Pror-

2146 5555 2270 5608 sus,
2310 5543 2512 5612 inquit,
2553 5551 2668 5597 erat
2698 5543 2838 5599 Deus
2857 5541 3055 5613 justus.
3099 5542 3314 5600 Poterat
3349 5543 3492 5602 enim
3531 5543 3736 5599 bonum

2145 5637 2452 5706 malumque
2491 5651 2806 5702 secernere,
2847 5637 2892 5690 si
2921 5636 3252 5704 exstitisset,
3287 5644 3342 5692 et
3372 5652 3440 5692 eo
3474 5637 3594 5707 ipso
3631 5627 3737 5707 quo

2143 5738 2380 5800 poterat,
2407 5729 2581 5798 justus
2605 5737 2740 5784 erat.
2767 5727 2883 5784 Non
2909 5729 3051 5783 enim
3068 5770 3084 5798 ,
3111 5743 3234 5784 cum
3263 5728 3490 5794 dicimus
3523 5727 3737 5796 Cicero-

461 5827 769 5893 ouppctere,
788 5819 1021 5896 dicerem
1048 5817 1276 5898 fortasse
1300 5818 1443 5890 quod
1465 5819 1557 5876 tibi
1577 5836 1683 5877 non
1709 5821 2030 5890 displiceret.
2057 5822 2124 5890 gi,
2146 5834 2273 5880 netu
2315 5821 2607 5891 prudenter
2641 5823 2992 5893 investigasse
3013 5823 3435 5894 conjurationem
3454 5820 3730 5892 Catilinae.
