4096 6368
338 311 477 381 tm

336 430 698 495 tamtum»:
721 420 1197 492 natumnatum
1223 417 1390 489 fuisse
1416 419 1639 491 praemio
1657 434 1764 489 quo
1802 436 1923 491 nar-

332 527 483 584 oeret
504 520 693 587 malls,
729 518 873 589 iuste
900 518 1021 579 illos
1049 531 1259 577 summo
1291 516 1551 587 supplicio
1576 524 1790 575 senatus
1825 530 1920 572 au-

332 613 579 677 sturitate
630 620 925 677 mactasse.
978 609 1186 671 fortiter
1228 610 1544 673 sustinuisse
1590 609 1769 669 omnia
1820 610 1922 665 tela

330 706 666 767 inimicorum
693 715 749 767 et
772 705 968 766 molem
989 746 1004 772 ,
1033 712 1092 765 ut
1117 704 1231 777 ipse
1267 703 1701 771 dixit..invidiae,
1734 702 1920 763 nonin

330 816 400 861 eo
443 799 669 861 fuissent
709 799 930 856 virtutes
1001 797 1149 865 istae,
1199 796 1303 857 nisi
1347 795 1569 856 Catilina
1618 796 1922 865 reipublicm

332 903 531 951 tantam
556 892 846 962 perniciem
891 898 1274 961 comparasset.
1307 888 1484 948 Virtus
1517 889 1661 949 enim
1709 904 1803 959 per
1839 902 1924 945 se-

331 987 522 1057 ipsam,
545 999 653 1041 non
680 999 778 1055 per
800 982 1016 1053 aliquod
1044 980 1349 1056 huiusmodi
1375 994 1509 1050 opus
1531 978 1918 1037 consideranda

331 1087 446 1144 est,
473 1084 529 1135 et
555 1077 610 1135 in
636 1075 883 1141 homine;
907 1080 1109 1143 quanto
1146 1073 1313 1143 magis
1342 1073 1393 1129 in
1422 1071 1568 1132 Deo?
1594 1071 1639 1133 si
1666 1079 1841 1127 tamen
1870 1072 1921 1127 in

331 1167 589 1237 angustiis
624 1181 805 1221 rerum
843 1174 1002 1235 atque
1026 1165 1308 1221 verborum
1338 1178 1661 1239 componere
1689 1162 1794 1218 illis
1823 1162 1921 1216 ista

333 1272 548 1330 quoquo
573 1255 734 1315 modo
763 1256 1102 1326 permittitur.
1134 1255 1302 1321 Nam,
1332 1263 1390 1311 ut
1421 1254 1775 1324 intelligamus
1800 1253 1921 1323 quia

330 1351 471 1409 Deus
517 1362 728 1417 semper
775 1348 950 1417 justus
994 1346 1127 1414 fuit,
1190 1345 1404 1416 quando
1468 1344 1671 1403 exstitit
1724 1344 1919 1401 malum

328 1442 469 1513 quod
500 1456 531 1496 a
560 1441 703 1501 bono
731 1440 1060 1510 seiungeret,
1094 1438 1228 1499 nihil
1250 1438 1454 1495 distulit
1479 1453 1570 1494 sua
1601 1437 1794 1506 cuique
1821 1435 1919 1522 tris

328 1534 530 1592 liuere:
559 1549 668 1597 non
692 1533 833 1590 enim
875 1544 1000 1589 tunc
1024 1533 1073 1588 ei
1115 1540 1231 1588 erat
1265 1531 1518 1587 discenda
1560 1531 1798 1601 justitia;
1829 1521 1925 1581 sed

329 1635 455 1684 tunc
482 1640 545 1682 ea
575 1625 860 1693 utendum,
887 1640 1045 1695 quam
1087 1638 1299 1693 semper
1327 1622 1528 1678 habuit.

395 1717 485 1774 εδ.
512 1716 667 1784 Quod
686 1732 807 1772 cum
837 1724 893 1772 et
919 1716 1189 1775 Licentius
1213 1722 1267 1770 et
1294 1723 1464 1771 mater
1490 1717 1542 1769 in
1567 1721 1708 1770 tanta
1737 1728 1922 1772 neces-

328 1809 485 1873 sitate
520 1809 942 1879 approbassem:
987 1807 1153 1875 Quid,
1200 1808 1450 1876 inquam,
1484 1807 1647 1869 dicis.
1677 1805 1922 1861 Licenli?

326 1901 426 1959 Ubi
456 1910 537 1956 est
558 1900 699 1972 quod
729 1910 834 1955 tam
870 1915 1191 1970 magnopere
1217 1899 1521 1963 asseruisti,
1554 1898 1688 1953 nihil
1729 1907 1921 1967 praeter

325 1995 567 2051 ordinem
583 1995 735 2053 ﬁeri?
755 1994 905 2062 Quod
932 1995 1071 2055 enim
1102 1993 1297 2053 factum
1321 2000 1403 2047 est
1428 2001 1485 2046 ut
1511 1992 1708 2046 malum
1738 2006 1921 2044 nasce-

323 2099 490 2157 retur,
513 2104 619 2145 non
646 2088 828 2159 utique
857 2087 950 2142 Dei
974 2086 1160 2143 ordine
1181 2087 1373 2140 factum
1415 2095 1525 2151 est;
1562 2084 1655 2139 sed
1695 2099 1815 2137 cum
1845 2098 1922 2137 es-

324 2189 406 2237 set
436 2189 615 2237 natum
638 2223 652 2249 ,
686 2180 780 2236 Dei
809 2180 998 2235 ordine
1018 2178 1280 2234 inclusum
1309 2186 1410 2233 est.
1444 2178 1513 2232 Et
1536 2177 1623 2232 ille
1653 2176 1921 2230 admirans

322 2289 386 2330 ac
419 2274 641 2337 moleste
671 2272 850 2329 ferens
877 2272 1021 2342 quod
1045 2279 1150 2327 tam
1184 2278 1406 2340 repente
1430 2271 1567 2325 bona
1584 2284 1743 2324 causa
1779 2276 1922 2323 esset

324 2364 470 2436 lapsa
497 2364 566 2420 de
588 2364 834 2419 mnibus
862 2381 874 2416 :
908 2363 1167 2427 Prorsus,
1200 2362 1398 2431 inquit,
1441 2376 1507 2415 ex
1547 2361 1637 2415 illo
1662 2360 1780 2414 dico
1805 2374 1917 2414 cm-

320 2456 464 2528 pisse
488 2455 762 2522 ordinem,
791 2471 858 2511 ex
886 2468 991 2524 quo
1016 2454 1213 2507 malum
1250 2467 1370 2510 esse
1404 2450 1586 2522 coepit.
1625 2451 1766 2521 Ergo
1786 2491 1801 2517 ,
1832 2450 1916 2504 in-

319 2562 518 2618 quam,
564 2555 624 2602 ut
649 2554 795 2602 esset
836 2546 1009 2616 ipsum
1056 2544 1284 2611 malum,
1330 2558 1439 2598 non
1484 2543 1672 2598 ordine
1721 2542 1915 2595 factum

319 2645 437 2704 at,
464 2637 511 2692 si
538 2644 817 2707 postquam
855 2636 1051 2689 malum
1074 2642 1247 2689 ortum
1274 2642 1356 2688 est
1376 2675 1390 2700 ,
1428 2633 1558 2688 ordo
1587 2646 1706 2687 esse
1733 2632 1914 2703 coepit.
1937 2646 1939 2649 ·

319 2727 426 2793 Sed
448 2744 659 2798 semper
683 2738 798 2784 erat
822 2728 955 2783 ordo
978 2728 1115 2797 apud
1147 2728 1312 2781 Deum
1342 2746 1355 2781 :
1386 2734 1439 2781 et
1467 2734 1559 2780 aut
1587 2740 1799 2795 semper
1820 2724 1918 2779 fuit

319 2821 455 2878 nihil
489 2821 632 2892 quod
661 2820 855 2876 dicitur
878 2820 1108 2882 malum;
1141 2828 1230 2873 aut
1264 2819 1308 2873 si
1336 2817 1621 2889 aliquando
1653 2818 1919 2871 invenitur

319 2917 577 2987 erupisse,
607 2916 727 2986 quia
758 2915 889 2970 ordo
919 2915 1033 2984 ipse
1060 2922 1151 2968 aut
1188 2914 1384 2968 bonum
1413 2921 1520 2979 est,
1554 2922 1642 2966 ant
1675 2928 1739 2966 ex
1774 2913 1915 2966 bono

319 3016 432 3074 est,
463 3022 731 3078 nunquam
762 3005 960 3077 aliquid
1004 3004 1118 3060 sine
1162 3005 1346 3063 ordine
1374 3004 1507 3072 fuit,
1540 3020 1639 3059 nec
1666 3005 1769 3058 erit
1816 3005 1915 3058 ali-

319 3097 554 3167 quando.
590 3099 844 3165 Quamvis
887 3105 941 3153 et
994 3098 1177 3152 nescio
1229 3097 1353 3166 quid
1418 3097 1592 3166 potius
1646 3097 1912 3161 occurrit;

321 3190 415 3245 sed
448 3190 534 3245 illa
560 3189 943 3246 consuetudine
984 3190 1266 3245 oblivionis
1312 3190 1550 3259 elapsum
1590 3200 1673 3245 est
1712 3208 1725 3244 :
1770 3189 1912 3260 quod

322 3283 489 3345 credo
516 3284 704 3341 ordine
732 3284 1019 3355 contigisse
1053 3298 1149 3353 pro
1178 3282 1370 3338 merito
1401 3283 1487 3340 vel
1514 3283 1679 3354 gradu
1712 3284 1794 3338 vel
1824 3299 1913 3338 or-

322 3372 450 3431 dine
484 3375 607 3439 vitm
645 3377 684 3428 ι.
729 3375 917 3431 Nescio
952 3374 1219 3447 quomodo
1256 3373 1418 3440 mihi,
1460 3374 1665 3444 inquit,
1697 3374 1909 3443 eliugit,

322 3480 481 3536 quam
504 3480 645 3521 nunc
664 3481 858 3538 sperno
879 3468 1196 3523 sententiam
1222 3484 1233 3519 :
1260 3481 1365 3521 non
1386 3466 1527 3521 enim
1550 3465 1709 3520 debui
1735 3466 1913 3522 dicere

323 3552 603 3628 postquam
634 3558 831 3612 malum
873 3566 1052 3614 natum
1092 3566 1203 3623 est,
1248 3558 1476 3628 eda-pisse
1503 3557 1743 3613 ordinem
1775 3575 1788 3612 :
1818 3558 1912 3613 sed

322 3658 382 3705 ut
406 3650 494 3706 illa
514 3649 715 3720 iustitia
736 3691 750 3716 ,
783 3650 849 3704 de
875 3664 974 3719 qua
1004 3649 1284 3721 Trygetius
1314 3649 1597 3716 disseruit,
1627 3650 1698 3704 ita
1742 3658 1796 3705 et
1820 3664 1911 3705 or-

325 3742 503 3801 dinem
532 3745 694 3801 fuisse
717 3745 855 3815 apud
876 3745 1074 3810 Deum;
1109 3745 1203 3800 sed
1229 3744 1294 3799 ad
1323 3760 1474 3800 usum
1502 3746 1522 3781 "
1551 3760 1655 3800 non
1682 3744 1907 3811 venisse,

322 3838 427 3894 nisi
456 3847 732 3909 postquam
764 3839 903 3892 mala
929 3853 1049 3893 esse
1080 3845 1374 3907 coeperunt.
1412 3836 1609 3890 Eodem
1632 3876 1645 3901 ,
1673 3837 1907 3906 inquam,

322 3931 613 3996 relabcris;
661 3930 789 3984 illud
832 3930 1007 3996 enim,
1041 3928 1181 4000 quod
1225 3929 1441 3982 minime
1483 3928 1595 3993 vis,
1630 3928 1909 3982 inconcus-

321 4036 440 4079 sum
466 4030 645 4077 manet
679 4040 692 4077 :
735 4036 857 4076 nam
884 4022 995 4075 sive
1017 4020 1153 4091 apud
1181 4020 1347 4074 Deum
1375 4019 1471 4073 fuit
1497 4019 1629 4073 ordo
1650 4060 1663 4083 ,
1697 4020 1809 4074 sive
1843 4034 1910 4074 ex

322 4114 416 4171 illo
440 4123 680 4184 tempore
710 4129 829 4169 esse
868 4114 1063 4183 coepit,
1110 4128 1176 4167 ex
1220 4128 1325 4182 quo
1369 4112 1524 4166 etiam
1565 4112 1793 4179 malum,
1827 4122 1909 4167 ta-

321 4221 447 4263 men
473 4206 669 4261 malum
702 4204 829 4260 illud
857 4211 1050 4274 przeter
1079 4202 1322 4257 ordinem
1352 4212 1533 4255 natum
1563 4208 1661 4257 est.
1688 4202 1837 4270 Quod
1864 4206 1910 4259 si

319 4296 598 4362 concedis,
628 4295 809 4352 fateris
848 4294 1044 4365 aliquid
1090 4303 1285 4363 praeter
1309 4293 1548 4349 ordinem
1575 4308 1731 4363 posse
1763 4295 1906 4361 lieri;

320 4388 463 4460 quod
510 4402 723 4444 causam
766 4397 907 4442 tuam
947 4385 1186 4441 debilitat
1219 4400 1283 4440 ac
1308 4385 1588 4440 detruncat
1620 4403 1631 4438 :
1662 4386 1705 4439 si
1734 4394 1909 4439 autent

320 4496 429 4538 non
460 4481 741 4546 concedis,
785 4480 971 4549 incipit
1015 4479 1108 4533 Dei
1148 4478 1334 4533 ordine
1362 4489 1541 4533 natum
1590 4479 1783 4533 malum
1830 4479 1908 4533 vi-

320 4574 435 4632 deri
456 4617 471 4643 ,
503 4584 557 4631 et
597 4575 854 4630 malorum
876 4581 1144 4629 auctorem
1173 4573 1336 4627 Deum
1375 4571 1654 4638 fateberis;
1688 4589 1791 4643 quo
1821 4587 1908 4627 sa-

319 4668 542 4739 crilegio
580 4667 713 4721 mihi
752 4665 1116 4721 detestabilius
1156 4665 1287 4719 nihil
1316 4665 1564 4721 occurrit.
1594 4664 1745 4734 Quod
1789 4680 1908 4721 cum

321 4760 438 4817 sive
468 4774 575 4814 non
606 4757 914 4828 intelligenti
934 4800 948 4823 ,
971 4758 1081 4812 sive
1107 4757 1455 4812 dissimulanti
1479 4773 1535 4813 se
1562 4759 1905 4827 intellexisse,

318 4867 597 4911 versarent
624 4851 816 4920 sacpius
841 4859 893 4905 et
915 4850 1238 4905 revolvcrcm
1260 4892 1274 4918 ,
1302 4850 1433 4905 nihil
1461 4852 1639 4906 habuit
1663 4852 1803 4937 quod
1829 4853 1909 4908 di-

318 4954 503 5011 ceret,
534 4951 589 4999 et
613 4958 671 4999 se
692 4942 904 4997 silentio
932 4941 1096 4996 dedit.
1125 4939 1259 4995 Tum
1288 4952 1458 4999 mater
1482 4961 1493 4995 :
1529 4944 1638 5015 Ego
1660 4989 1672 5011 ,
1703 4945 1905 5015 inquit,

319 5053 429 5111 non
476 5042 602 5107 puto
643 5033 771 5090 nihil
812 5033 1051 5104 potuisse
1092 5040 1288 5102 praeter
1337 5034 1428 5088 Dei
1472 5033 1713 5089 ordinem
1755 5037 1904 5104 ﬁeri,

318 5132 442 5203 quia
480 5130 652 5200 ipsum
694 5127 891 5183 malum
915 5126 1055 5198 quod
1087 5134 1267 5180 natum
1293 5133 1410 5191 cst,
1451 5126 1595 5181 nullo
1626 5128 1785 5183 modo
1813 5129 1908 5184 Dei

316 5223 503 5280 ordine
520 5230 699 5277 natum
729 5226 845 5285 est;
878 5218 971 5274 sed
1000 5217 1299 5288 itlajustitia
1332 5217 1383 5271 id
1406 5217 1761 5274 inordinatum
1789 5232 1907 5276 esse

319 5330 429 5371 non
454 5312 613 5381 sivit,
636 5313 762 5368 etin
789 5309 889 5366 sibi
910 5309 1157 5366 meritum
1184 5308 1424 5365 ordinem
1450 5309 1653 5381 redegit
1677 5319 1732 5367 et
1754 5326 1905 5367 com-

314 5407 470 5499 pulit.

378 5547 397 5617 i
419 5544 625 5617 ιφίειλιι
642 5541 724 5617 ilic
739 5538 942 5617 οωίξεξίὶ
952 5535 1563 5617 θὲἵίΡΡΡξΡὲίδιέξΒίὲνέίΗ
1574 5570 1590 5597 ν
1611 5536 1787 5617 ,ίὶξδὲξὲθ
1808 5551 1905 5617 9.99

347 5595 574 5675 usus
595 5595 721 5675 nos
737 5638 762 5675 ι
778 5595 861 5675 qui
883 5598 944 5675 ad
962 5596 1251 5675 verba
1270 5595 1583 5675 [ne
1602 5595 1774 5663 curat,
1814 5600 1903 5652 ista

372 5657 618 5723 utinenter
640 5657 929 5729 subjiciunt:
956 5662 1119 5729 Nescio
1140 5657 1374 5729 quomodo
1660 5720 1672 5729 _

374 5732 658 5799 θυμω.
697 5726 1101 5799 metiturst
1138 5727 1398 5795 κῦφιῆῇ
1430 5735 1528 5787 non
1797 5731 1905 5781 Att

376 5802 396 5834 ³
445 5793 690 5858 uerisque
710 5791 852 5841 abest
891 5791 1013 5849 eius.

1686 304 1888 375 LIBER
1927 303 2306 375 SECUNDUS.

3468 320 3608 383 1006

2097 420 2313 483 24.1iic
2353 435 2453 493 ego
2484 435 2607 481 cum
2649 437 2839 503 omnes
2881 439 3157 493 cernerem
3190 431 3620 509 studiosissime,

2028 528 2091 570 ac
2147 529 2244 583 pro
2288 515 2398 579 suis
2440 532 2704 588 quemque
2750 517 2951 585 viribus
2987 518 3157 593 Deum
3200 539 3473 597 quaerere,
3520 532 3621 589 sed

2031 605 2205 675 ipsum
2237 606 2302 662 de
2323 623 2429 677 quo
2451 608 2736 680 agebamus
2762 610 3003 672 ordinem
3030 630 3135 687 non
3169 623 3350 683 tenere
3368 661 3384 687 ,
3411 636 3517 693 quo
3550 623 3621 681 ad

2029 697 2168 755 illius
2194 698 2481 761 inetiabilis
2506 701 2799 770 maiestatis
2827 702 3233 779 intelligentiam
3262 713 3569 781 pervenitur
3602 731 3619 770 :

2026 786 2133 849 Oro
2165 804 2292 858 vos,
2324 791 2569 863 inquam,
2598 793 2675 861 si,
2707 804 2765 849 ut
2802 796 2985 863 video,
3035 801 3257 865 multum
3286 802 3502 878 diligitis
3528 822 3619 869 ot:-

2026 879 2236 948 dinem,
2266 898 2333 949 ne
2351 898 2447 949 nos
2478 896 2834 955 praeposterus
2856 898 2910 945 et
2938 890 3268 949 inordinatos
3294 910 3414 951 esse
3442 897 3618 969 patia-

2027 973 2178 1028 mini.
2221 973 2534 1046 Quanquam
2565 978 2707 1039 enim
2750 981 3106 1045 occultissima
3144 986 3278 1040 ratio
3306 1002 3362 1045 se
3390 987 3619 1062 demqp-
3672 1052 3679 1059 _

2026 1071 2311 1155 straturam
2353 1066 2680 1137 polliceatur,
2727 1070 2857 1133 nihil
2888 1082 3081 1142 praeter
3106 1073 3341 1147 divinum
3371 1079 3617 1155 ordinem
3661 1094 3675 1147 ξ

2026 1154 2140 1219 ﬁeri
2167 1175 2181 1212 :
2214 1166 2388 1225 tatus“
2417 1160 2462 1225 si
2498 1161 2798 1233 quempiam
2829 1164 3253 1238 ludimagistrum
3278 1171 3615 1240 audiremus,

2029 1258 2313 1319 conantem
2342 1249 2536 1307 docere
2567 1269 2790 1322 puerum
2815 1256 3077 1333 syllabas,
3110 1274 3266 1329 quem
3296 1261 3445 1333 prius
3471 1263 3617 1320 litte-

2026 1352 2112 1391 ras
2160 1355 2317 1395 nemo
2356 1342 2657 1411 docuisset;
2699 1362 2805 1413 non
2859 1348 2979 1413 dico
3030 1330 3311 1406 ridendum
3367 1362 3618 1426 tanquam

2026 1431 2242 1501 stultum
2264 1474 2279 1501 ,
2313 1434 2405 1499 sed
2432 1435 2769 1513 vinciendum
2807 1447 3058 1510 tanquam
3100 1441 3358 1507 furiosum
3404 1454 3620 1516 putare-

2026 1538 2171 1591 mus,
2206 1538 2311 1579 non
2342 1524 2410 1580 ob
2455 1527 2594 1581 aliud
2615 1570 2631 1595 ,
2671 1529 2880 1599 opinor,
2912 1532 3014 1589 nisi
3048 1534 3189 1604 quod
3218 1535 3441 1607 docendi
3469 1538 3616 1594 ordi-

2025 1629 2149 1670 nem
2186 1630 2290 1669 non
2320 1625 2542 1679 teneret.
2571 1617 2641 1673 At
2678 1620 2842 1685 multa
2870 1623 2992 1676 taiia
3018 1632 3071 1678 ct
3094 1626 3368 1695 imperitos
3391 1670 3405 1693 ,
3429 1646 3548 1703 quae
3583 1646 3615 1685 a

2025 1708 2195 1771 doctis
2242 1710 2702 1779 reprehendantur
2737 1728 2802 1777 ac
2839 1714 3194 1783 derideantur,
3240 1727 3295 1775 et
3342 1720 3618 1791 dementes

2026 1800 2299 1879 homines,
2330 1819 2447 1876 quae
2473 1819 2572 1865 nec
2600 1806 2879 1862 stultorum
2903 1806 3158 1877 judicium
3183 1810 3406 1881 fugiunt,
3439 1814 3617 1870 facere

2024 1910 2181 1969 nemo
2209 1897 2427 1967 ambigit
2460 1916 2472 1950 :
2502 1908 2555 1954 et
2584 1907 2757 1955 tamen
2796 1900 2955 1955 etiam
2982 1900 3079 1969 ista
3126 1904 3304 1958 omnia
3335 1920 3452 1973 qua:
3480 1904 3618 1962 fate—

2025 2002 2145 2043 mur
2170 2003 2288 2045 esse
2312 2004 2583 2060 perversa,
2600 2006 2705 2045 non
2730 2005 2848 2047 esse
2876 2000 3071 2061 praeter
3095 1992 3329 2069 divinum
3352 1995 3615 2064 ordinem,

2026 2078 2132 2133 alta
2162 2080 2405 2151 quaedam
2432 2090 2484 2137 et
2504 2098 2534 2136 a
2564 2083 2915 2139 multitudinis
2941 2084 3025 2139 vel
3052 2086 3353 2153 suspicione
3374 2089 3619 2144 remotis-

2024 2170 2159 2231 sima
2186 2170 2498 2247 disciplina,
2527 2187 2585 2228 se
2623 2174 2693 2228 ita
2729 2175 2982 2231 studiosis
3012 2183 3068 2232 et
3098 2177 3264 2237 Deum
3304 2188 3461 2250 atque
3499 2181 3617 2235 ani-

2024 2275 2140 2316 mas
2179 2270 2380 2319 tantum
2429 2265 2727 2329 amantibus
2770 2267 2960 2335 animis
3005 2252 3455 2331 manifestaturam
3496 2286 3617 2327 esse

2025 2354 2312 2427 promittit,
2341 2364 2397 2413 ut
2426 2372 2531 2421 non
2558 2357 2711 2413 nobis
2755 2373 2976 2413 summa:
3019 2375 3362 2416 numerorum
3411 2363 3614 2435 possint

2024 2459 2143 2505 esse
2173 2447 2452 2503 certiores.

2023 2535 2250 2605 CAPUT
2302 2538 2433 2603 Vili.
2466 2570 2539 2601 τ-
2575 2537 2872 2607 Tradunlur
2927 2544 3148 2613 primum
3206 2544 3607 2611 adolescentibus

2308 2641 2558 2703 prwcepta
2580 2634 2710 2700 vita,
2728 2643 2836 2688 tum
2858 2635 2983 2691 ordo
3012 2638 3329 2707 eruditionis.

2095 2724 2185 2781 25.
2234 2724 2359 2783 Haec
2398 2736 2575 2791 autem
2607 2725 2887 2797 disciplina
2925 2728 3039 2803 ipsa
3071 2728 3168 2808 Dei
3207 2730 3293 2786 lex
3334 2743 3447 2813 est,
3497 2749 3617 2811 qua:

2024 2816 2164 2886 apud
2192 2832 2313 2873 eum
2344 2818 2449 2883 ﬁxa
2487 2826 2541 2874 et
2574 2819 2895 2881 inconcussa
2928 2836 3143 2895 semper
3163 2838 3418 2899 manens,
3447 2827 3499 2880 in
3526 2842 3615 2903 sau

2024 2909 2230 2980 pientes
2252 2911 2456 2977 animas
2484 2914 2637 2983 quasi
2676 2915 3075 2991 transcribitur;
3110 2925 3165 2985 ut.
3192 2926 3339 2979 tanto
3362 2934 3421 2979 se
3446 2921 3616 2991 sciant

2030 3003 2202 3059 vivere
2230 3004 2452 3069 melius,
2486 3013 2738 3075 tantoque
2776 3006 3084 3074 sublimius,
3115 3019 3315 3080 quanto
3346 3019 3403 3081 et
3440 3015 3617 3083 perle-

2022 3092 2159 3155 ctius
2219 3108 2336 3149 eam
2388 3096 2817 3166 contemplantur
2862 3098 3240 3170 intelligendo,
3285 3110 3339 3175 et
3386 3104 3617 3173 vivendo

2020 3184 2327 3246 custodiunt
2363 3186 2687 3257 diligentius.
2734 3188 2861 3243 Hmc
2890 3189 3049 3260 igitur
3077 3191 3353 3267 disciplina
3398 3194 3478 3249 eis
3523 3196 3615 3269 qui

2019 3274 2165 3343 illam
2188 3291 2343 3333 nosse
2373 3277 2697 3346 desiderant,
2728 3279 2888 3336 simul
2908 3282 3178 3353 geminum
3199 3283 3441 3344 ordinem
3459 3288 3612 3359 sequi

2016 3368 2202 3439 jubet;
2249 3371 2399 3440 cujus
2437 3387 2540 3427 una
2586 3387 2713 3442 pars
2754 3372 2912 3441 vitae,
2947 3374 3113 3433 altera
3156 3376 3469 3435 eruditionis
3508 3388 3610 3435 est.

2020 3460 2459 3527 Adolescentibus
2487 3477 2614 3535 ergo
2640 3463 2892 3531 studiosis
2921 3466 3036 3537 ejus
3067 3466 3140 3533 ita
3182 3468 3465 3527 vivendum
3494 3480 3609 3539 est,

2024 3563 2133 3613 uta
2172 3555 2414 3621 venereis
2443 3555 2602 3617 rebus
2620 3598 2638 3625 ,
2667 3556 2735 3612 ab
2762 3557 3025 3625 illecebris
3051 3561 3251 3619 ventris
3275 3573 3328 3619 et
3349 3566 3609 3635 gutturis,

2021 3643 2088 3709 ab
2118 3645 2436 3703 immodesto
2465 3648 2702 3719 corporis
2726 3649 2870 3705 cultu
2904 3658 2959 3707 et
2992 3660 3182 3707 ornatu
3205 3693 3222 3721 ,
3266 3655 3335 3709 ab
3364 3655 3611 3723 inanibus

2018 3738 2245 3808 negotiis
2285 3738 2527 3799 ludorum
2546 3781 2561 3809 ,
2585 3756 2617 3796 a
2646 3750 2857 3812 torpore
2884 3744 3057 3809 somni
3081 3755 3239 3816 atque
3276 3748 3522 3819 pigritiae,
3539 3750 3608 3819 ab

2019 3830 2391 3899 aemulatione,
2419 3831 2836 3902 obtrectatione,
2881 3835 3201 3905 invidentia,
3243 3838 3312 3895 ab
3340 3839 3607 3911 honorum

2018 3932 2451 4001 potestatumque
2488 3927 2901 3996 ambitionibus,
2945 3929 3014 3984 ab
3052 3930 3220 4002 ipsius
3246 3934 3405 3993 etiam
3435 3934 3610 4007 laudis

2017 4013 2303 4081 immodica
2337 4018 2624 4088 cupiditate
2669 4032 2728 4077 se
2770 4022 3090 4081 abstineant.
3132 4025 3385 4089 Amorem
3428 4038 3610 4097 autem

2020 4110 2261 4177 pecunia:
2295 4111 2456 4176 totius
2482 4127 2596 4167 sua:
2634 4113 2749 4181 spei
2796 4115 3154 4183 certissimum
3184 4133 3445 4185 venenum
3484 4136 3612 4179 esse

2021 4200 2260 4267 credant.
2287 4201 2429 4258 Nihil
2473 4205 2738 4271 encrviter
2780 4204 3009 4277 faciant,
3053 4208 3184 4273 nihil
3216 4210 3505 4279 audaciter.
3547 4211 3611 4273 In

2019 4296 2252 4362 peccatis
2294 4305 2473 4351 autem
2499 4282 2831 4354 suorum‘vel
2860 4302 3061 4370 pellant
3086 4305 3304 4360 omnino
3332 4306 3498 4375 iram,
3524 4309 3612 4369 vel

2016 4386 2087 4449 ita
2117 4388 2357 4455 l'renent,
2390 4399 2448 4451 ut
2486 4391 2555 4451 sit
2598 4392 2763 4461 pulsae
2807 4394 3012 4450 similis.
3058 4394 3339 4459 Neminem
3374 4400 3608 4464 oderint.

2016 4476 2169 4542 NulLa
2212 4480 2338 4535 vitia
2366 4497 2474 4537 non
2510 4498 2697 4541 curare
2738 4484 2922 4540 velint.
2964 4485 3282 4558 Magnopere
3323 4490 3611 4556 observent

2017 4585 2140 4635 cum
2172 4571 2471 4641 vindicant,
2508 4589 2576 4630 ne
2615 4575 2836 4639 nimium
2881 4577 2952 4634 sit
2990 4596 3005 4634 :
3041 4594 3161 4651 cum
3192 4583 3509 4653 ignoscunt,
3536 4602 3608 4644 ne

2016 4677 2221 4733 parum.
2255 4663 2393 4727 Nihil
2422 4666 2640 4735 puniant
2661 4668 2802 4737 quod
2831 4684 2936 4725 non
2966 4671 3140 4743 valeat
3164 4673 3231 4733 ad
3252 4676 3442 4739 melius
3472 4694 3489 4734 ε
3523 4679 3609 4733 ni-

2017 4751 2091 4829 hil
2117 4754 2421 4824 indulgeant
2447 4757 2589 4826 quod
2620 4767 2790 4817 vertat
2817 4760 2872 4824 in
2903 4760 3071 4832 pejus.
3102 4762 3241 4825 Suos
3272 4774 3458 4835 putent
3488 4782 3609 4829 om.

2015 4860 2110 4907 nes
2135 4886 2148 4911 ,
2181 4845 2233 4902 in
2260 4861 2397 4917 quos
2424 4847 2525 4903 sibi
2554 4857 2784 4919 potestas
2806 4851 2931 4915 data
2961 4851 3137 4910 fuerit.
3163 4854 3240 4919 Ita
3258 4857 3528 4926 serviant,
3552 4867 3613 4925 ut

2015 4940 2093 4997 eis
2112 4940 2374 5005 dominari
2414 4942 2646 5013 pudeat:
2681 4944 2753 5007 ita
2786 4942 3146 5013 dominentur,
3181 4957 3237 5002 ut
3276 4948 3358 5005 eis
3401 4952 3613 5012 servire

2014 5032 2260 5093 delectet.
2305 5035 2361 5093 In
2399 5035 2693 5095 alienorum
2738 5047 2914 5097 autem
2961 5041 3193 5111 peccatis
3243 5043 3455 5103 molesti
3503 5062 3611 5103 non

2012 5124 2119 5191 sint
2144 5125 2326 5189 invito.
2350 5127 2659 5185 inimicitias
2686 5128 2850 5185 vitent
2874 5130 3200 5201 cautissime,
3217 5132 3389 5193 {erant
3410 5138 3609 5207 aequis-

2012 5215 2148 5279 sime
2170 5258 2185 5285 ,
2214 5217 2405 5281 ﬁniant
2429 5218 2706 5279 citissime.
2736 5222 2790 5277 ln
2812 5223 2957 5279 omni
2986 5238 3114 5285 vero
3140 5232 3415 5286 contractu
3439 5238 3600 5301 atque

2012 5310 2414 5375 conversatione
2443 5325 2565 5367 cum
2593 5311 2922 5380 hominibus,
2945 5316 3077 5371 satis
3094 5324 3177 5373 est
3199 5331 3414 5379 servare
3437 5336 3601 5383 unum

2012 5401 2115 5465 hoc
2159 5402 2379 5473 vulgare
2419 5405 2756 5474 proverbium
2786 5423 2801 5460 :
2829 5406 3039 5466 Nemini
3083 5409 3279 5473 iaciant
3315 5415 3455 5483 quod
3495 5417 3606 5486 pati

2011 5492 2218 5575 nolunt.
2268 5494 2677 5565 Rempublicam
2710 5499 2882 5553 nolint
2917 5501 3317 5573 administrare,
3348 5508 3449 5562 nisi
3478 5524 3604 5579 per-

2010 5582 2155 5639 fecti.
2190 5585 2378 5641 Pcrtici
2407 5597 2583 5644 autem
2606 5591 2687 5645 vel
2709 5591 2845 5647 intra
2873 5600 3084 5650 aetatem
3106 5600 3425 5656 senatoriam
3451 5600 3601 5667 festi-

2007 5687 2168 5747 nens,
2197 5682 2282 5739 vel
2308 5691 2454 5741 certe
2481 5684 2618 5741 intra
2658 5686 3006 5757 iuventutem.
3047 5689 3155 5757 Sed
3197 5692 3436 5764 quisquis
3479 5710 3602 5750 sero

2012 5771 2065 5827 in
2122 5774 2221 5830 ista
2261 5791 2320 5833 se
2349 5780 2705 5845 converterit,
2739 5796 2843 5838 non
2873 5782 3173 5855 arbitretur,
3190 5785 3321 5841 nihil
3352 5786 3451 5843 sibi
3481 5802 3602 5844 esse
