4096 6368
1629 350 1718 411 DE
1751 340 2025 408 0RDINE,
2064 336 2125 394 S.
2163 326 2528 392 AUGUSTlNl
2954 354 2961 363 ι
3020 326 3041 340 ⁴
3569 306 3709 369 {eos

2134 465 2243 504 non
2285 444 2454 501 teneri
2500 438 2780 505 sensibus,
2822 433 3015 506 quibus
3047 430 3293 487 videntur
3318 426 3407 484 illa
3445 424 3709 493 miranda,

2135 540 2230 596 sed
2257 538 2321 593 ad
2350 535 2675 593 intellectum
2713 528 2861 599 jubet
2886 524 3126 589 evolare;
3156 521 3317 577 simul
3342 519 3717 574 demonstrans

2136 643 2190 690 et
2214 640 2406 704 quanta
2437 629 2523 683 hic
2546 624 2733 697 possit,
2755 629 2810 677 et
2836 634 2933 675 cur
2959 617 3075 673 haec
3101 615 3277 680 faciat,
3308 621 3364 668 et
3390 624 3545 682 quam
3567 606 3716 679 parvi

2140 726 2356 799 pendat.
2399 723 2598 777 Doceat
2643 717 2783 773 enim
2834 717 3044 784 oportet
3093 717 3150 765 et
3200 706 3350 761 factis
3396 707 3717 774 potestatem

2142 795 2314 885 suam,
2342 824 2396 873 et
2420 811 2715 869 humilitate
2740 804 3073 862 clementiam
3091 843 3107 868 ,
3140 808 3196 855 et
3224 795 3577 869 praeceptione
3620 805 3722 846 na-

448 387 586 455 IOO'I

448 511 776 585 praeceptum
807 514 822 553 :
852 506 977 551 nam
1008 489 1111 545 ista
1153 480 1335 552 utique
1378 471 1585 531 facilius
1621 466 1837 522 decocta
1872 463 2027 513 aetate

1226 575 1258 585 "
1351 569 1363 585 '
1416 581 1458 585 α
1529 571 1768 585 unum
1832 550 2027 585 nminnc

489 550 776 576 ..μην-,η
810 550 820 553 ,
856 550 865 551 ,
1252 550 1267 552 _

455 550 711 660 :ervabit.
742 593 799 647 ln
830 586 974 644 omni
996 591 1170 639 autem
1192 575 1326 637 vita,
1351 569 1466 624 loco
1486 607 1501 631 ,
1529 571 1770 630 tempore
1787 596 1803 622 ,
1830 550 2029 606 amicos

455 704 547 752 aut
568 692 800 747 habeant
818 725 832 750 ,
860 689 951 735 aut
972 675 1167 731 habere
1191 669 1411 723 instent.
1444 656 1823 723 Obsequentur
1851 641 2025 713 dignis

459 789 620 844 etiam
649 797 757 838 non
790 776 891 831 hoc
927 759 1377 839 exspectantibus.
1419 745 1691 820 Superbos
1727 739 1902 796 minus
1941 747 2036 789 cu-

457 884 611 944 rent,
657 870 877 929 minime
918 862 1025 918 sint
1071 858 1111 909 ⁸.
1158 853 1293 921 Apte
1334 844 1791 914 congruenterque
1834 828 2035 882 vivant.

1471 931 1533 944 η·
1634 940 1717 944 ς»-
1787 916 2035 944 ..ιη-..ειηιη

462 917 632 1027 Deum
660 963 863 1022 colant,
890 951 1121 1023 cogitent
1165 916 1404 1014 quaerant
1422 977 1435 1002 ς
1466 931 1601 997 fide,
1629 940 1723 996 spe
1740 963 1757 990 ,
1784 916 2039 975 charitate

463 1020 694 1116 sumini.
739 1020 933 1119 Optent
963 1020 1431 1106 tranquillitatem,
1482 1030 1637 1090 atque
1679 1022 1882 1070 certum
1915 1020 2040 1061 cur-

476 1096 694 1116 ,ιιυυηη
744 1096 930 1119 vr---“
1108 1096 1123 1106 _

476 1166 595 1208 sum
623 1142 808 1201 studiis
848 1136 980 1202 suis,
1012 1128 1353 1192 omniumque
1383 1114 1683 1174 sociorum;
1714 1113 1769 1160 et
1799 1101 1897 1157 sibi
1927 1096 2044 1167 qui-

470 1246 676 1311 busque
703 1236 924 1306 possunt
943 1192 1225 1292 ,’meulem
1266 1215 1459 1269 bonam
1490 1209 1834 1276 pacatamque
1861 1192 2042 1246 vitam.

470 1305 816 1411 CAP-UTIX.
862 1368 932 1381 ——
963 1335 1044 1392 Ad
1080 1326 1371 1411 discendum
1404 1315 1699 1374 auctoritate
1735 1306 1964 1362 ducimur
2002 1305 2049 1353 et

1150 1409 1363 1455 ratione.

546 1534 637 1589 26.
682 1524 932 1598 Sequitur
969 1526 1029 1575 ut
1075 1514 1247 1570 dicam
1287 1499 1555 1577 quomodo
1592 1489 1813 1551 studiosi
1855 1480 2052 1542 erudiri

479 1628 737 1688 debeant,
768 1574 856 1690 qui
882 1614 1021 1669 sicut
1041 1608 1241 1663 dictum
1270 1574 1352 1655 est
1383 1596 1561 1649 vivere
1587 1586 1943 1644 instituerunt.
1973 1574 2055 1630 Ad

480 1672 802 1773 discendum;
836 1707 962 1759 item
1008 1691 1307 1754 necessario
1349 1682 1626 1754 dupliciter
1668 1672 1928 1734 ducimur,
1958 1680 2055 1719 au-

480 1808 725 1867 ctoritate
750 1809 906 1870 atque
923 1792 1149 1849 ratione.
1178 1784 1439 1849 Tempore
1467 1768 1773 1827 auctoritas,
1804 1776 1863 1816 re
1882 1766 2055 1812 autem

1542 1862 1554 1870 '
1588 1860 1600 1870 '
1752 1868 1758 1870 λ
1787 1868 1797 1870 μ
1817 1850 1872 1870 νιΑ
1909 1856 2028 1870 -.καλ

482 1850 585 1867 νιν.
599 1850 724 1862 ..ι-νυ
750 1850 861 1870 “v1,
890 1850 895 1851 γ

482 1902 620 1959 ratio
647 1895 791 1968 prior
815 1896 916 1945 est.
948 1879 1103 1938 Aliud
1139 1882 1221 1931 est
1248 1871 1391 1927 enim
1419 1862 1557 1935 quod
1588 1860 1639 1915 in
1676 1850 1879 1925 agendo
1906 1856 2059 1902 ante-

1234 1962 1245 1968 ’
1319 1961 1331 1968 ⁸
1547 1948 1700 1968 ’ΔΑ-Ἀ
1748 1941 2039 1968 Μοιζνκηιην

486 1941 721 2064 ponitur,
750 1978 893 2037 aliud
933 1970 1075 2046 quod
1111 1962 1276 2039 plur-is
1319 1961 1372 2014 in
1408 1948 1705 2053 appetendo
1747 1941 2062 2064 mstimatu?

562 2025 692 2045 ...ιω
750 2025 893 2037 ......-
978 2025 1028 2029 ν,
1114 2025 1133 2039 _

488 2025 673 2151 fuique
691 2025 1032 2144 :quauqu1am
1059 2061 1315 2115 bonorum
1337 2043 1625 2102 auctoritas
1655 2032 1910 2104 imperitae
1939 2025 2066 2082 mul-

492 2125 566 2138 ....
609 2125 672 2134 ..ν
691 2125 707 2144 ,
740 2125 822 2144 τί
894 2125 908 2139 _

492 2125 702 2231 tituldiui
726 2165 964 2221 videatur
992 2168 1110 2211 esse
1136 2144 1413 2207 salubrior,
1440 2135 1575 2192 ratio
1602 2144 1729 2186 vero
1750 2125 1922 2195 aptior
1946 2136 2069 2176 eru-

492 2258 653 2322 ditis:
686 2269 858 2315 tamen
884 2251 1005 2322 quia
1035 2244 1211 2300 nullus
1254 2234 1527 2292 hominum
1570 2224 1671 2279 nisi
1714 2234 1781 2274 ex
1825 2212 2069 2283 imperito

484 2348 693 2429 peritus
725 2351 815 2415 fit,
861 2342 1033 2399 nullus
1059 2341 1234 2390 autem
1278 2323 1553 2397 imperitus
1598 2313 1743 2370 novit
1776 2307 1983 2379 qualem
2014 2316 2072 2357 se

1172 2424 1201 2429 -·
1397 2424 1407 2429 -
1498 2409 1580 2429 κ-ιε
1606 2407 1708 2429 --ειη
1740 2415 1856 2429 Mm.
1889 2394 2072 2429 ,ιηοςιςα

497 2394 688 2504 debeat
710 2394 948 2512 praebere
975 2424 1287 2486 docentibus
1308 2460 1323 2484 ,
1353 2394 1415 2471 et
1443 2409 1583 2483 quali
1606 2407 1713 2461 vita
1738 2415 1857 2457 esse
1889 2394 2075 2452 docilis

1287 2510 1298 2512 Α
1715 2503 1725 2512 -
1769 2488 1960 2512 --Α--ιιιι
1992 2484 2042 2512 ,κ
2065 2511 2072 2512 ,

498 2484 688 2504 υυυνυ-
734 2484 944 2495 ’.ιυην-ν
985 2484 994 2486 ε

498 2484 905 2612 ωεείιςιενοιιὶι
931 2532 989 2577 ιιι
1013 2515 1259 2574 omnibus
1286 2510 1425 2563 bona
1464 2513 1653 2570 magna
1682 2503 1735 2551 ct
1761 2488 1964 2547 occulta
1990 2484 2077 2539 di-

1313 2604 1323 2612 .
1367 2608 1376 2612 _
1546 2581 2052 2612 ,ηὼ-,ΜΗΜΜΜ

537 2581 697 2601 Vw",

499 2581 649 2688 ἔθει-θ
673 2618 1027 2694 cupientibus,
1054 2624 1160 2665 non
1182 2604 1384 2674 aperiat
1413 2595 1511 2651 nisi
1542 2586 1828 2646 auctoritas
1842 2581 2077 2652 januam.

501 2668 649 2688 νυν-υ
673 2668 737 2681 ν..
760 2668 934 2677 ﬂ-..”
951 2668 971 2671 γ
1014 2668 1026 2679 ,
1216 2668 1232 2674 _

501 2722 670 2791 Quam
714 2668 937 2785 quisque
978 2704 1247 2773 ingressus
1283 2693 1397 2748 sine
1442 2685 1550 2741 ulla
1592 2674 1918 2735 dubitatione
1960 2668 2081 2721 vita:

1648 2784 1755 2791 υ--Α
1793 2763 1968 2791 ᾹΑηῖΙῖο
2005 2759 2081 2791 1⁵η..

554 2759 670 2775 “um
755 2759 934 2780 ""‘l"'
1034 2759 1064 2773 υ

504 2759 1021 2886 ξριὶωωῚρναεοθρῑλ
1047 2798 1278 2849 sectatur
1310 2803 1324 2839 :
1355 2796 1450 2853 per
1488 2791 1604 2847 quae
1638 2784 1759 2827 cum
1789 2763 1971 2821 docilis
2004 2759 2084 2814 fa-

506 2859 624 2962 cins
653 2859 835 2961 fuerit,
868 2859 979 2947 tum
1003 2886 1214 2942 demum
1245 2878 1412 2933 discet
1437 2879 1490 2926 et
1515 2872 1708 2937 quanta
1729 2859 1932 2915 ratione
1953 2868 2088 2924 pra:-

509 2997 615 3053 dita
646 2995 753 3050 sint
778 3002 842 3044 ea
877 2985 989 3054 ipsa
1027 2992 1144 3049 quae
1179 2976 1394 3029 secutus
1430 2971 1511 3019 est
1551 2966 1672 3013 ante
1717 2953 2006 3013 rationem;
2035 2952 2091 3000 et

512 3086 640 3160 quid
661 3085 731 3140 sit
750 3081 863 3150 ipsa
887 3037 1022 3131 ratio
1045 3037 1209 3139 quam
1234 3068 1351 3133 post
1371 3049 1699 3111 auctoritatis
1724 3039 1983 3100 cunabula
2012 3037 2094 3090 fir-

1251 3156 1261 3160 ‘
1421 3157 1429 3160 Α
1623 3159 1627 3160 ν
1658 3134 1971 3160 ηΑ-.-ιηηηιιι
1994 3148 2006 3160 .
2041 3138 2092 3160 η.

514 3134 633 3238 1mus
657 3186 711 3232 et
734 3134 955 3229 idoneus
979 3134 1087 3236 jam
1118 3156 1353 3227 sequitur
1382 3157 1539 3218 atque
1576 3134 2008 3211 comprehendit;
2041 3138 2095 3185 et

517 3270 643 3344 quid
680 3265 1002 3325 intellectus,
1034 3256 1088 3309 in
1116 3264 1220 3321 quo
1245 3245 1486 3301 universa
1512 3244 1663 3301 sunt,
1705 3231 1789 3286 vel
1819 3230 1932 3298 ipse
1953 3226 1976 3257 ²
1996 3237 2097 3295 po-

527 3724 796 3788 contenti,
826 3717 979 3774 bonis
1006 3718 1212 3767 tantum
1248 3701 1486 3759 moribus
1516 3693 1781 3760 rectisque
1806 3686 1944 3741 votis
1975 3697 2106 3737 con-

530 3826 732 3876 stanter
760 3824 974 3882 operam
1004 3800 1281 3862 dederint,
1308 3802 1398 3848 aut
1424 3790 1824 3846 contemnentes
1842 3819 1860 3847 ,
1886 3784 1975 3832 aut
2003 3788 2110 3829 non

530 3868 769 3971 valentes
796 3868 1089 3973 disciplinis
1115 3889 1421 3949 liberalibus
1449 3893 1605 3953 atque
1634 3876 1847 3948 optimis
1879 3868 2109 3934 erudiri,

532 4009 720 4064 beatos
777 4014 870 4055 eos
929 3990 1181 4064 quidem,
1236 3998 1355 4038 cum
1422 3979 1560 4033 inter
1608 3969 1847 4026 homines
1900 3963 2109 4027 vivunt,

536 4095 721 4154 nescio
763 4081 1028 4161 quomodo
1068 4074 1363 4148 appellem;
1398 4077 1573 4123 tamen
1616 4063 1929 4117 inconcusse
1955 4051 2116 4108 credo

540 4204 668 4245 mox
693 4193 751 4240 ut
792 4182 895 4234 hoc
933 4185 1129 4242 corpus
1172 4161 1516 4234 reliquerint,
1552 4170 1645 4211 eos
1683 4164 1788 4222 quo
1828 4149 1967 4203 bene
2006 4156 2121 4198 ma-

540 4281 623 4352 gis
650 4276 891 4331 minusve
933 4266 1213 4326 vixerunt,
1255 4271 1320 4312 eo
1358 4251 1564 4308 facilius
1616 4252 1705 4302 aut
1744 4239 2009 4298 difﬁcilius
2051 4234 2120 4290 li-

542 4369 737 4429 berari.

615 4460 707 4515 37.
748 4449 1050 4511 Auctoritas
1092 4452 1268 4500 autem
1312 4436 1506 4509 partim
1548 4430 1726 4488 divina
1770 4432 1887 4491 est,
1930 4419 2127 4493 partim

545 4555 817 4611 humana:
851 4545 945 4602 sed
972 4554 1099 4598 vera
1119 4580 1135 4606 ,
1160 4536 1313 4591 firma
1334 4573 1348 4598 ,
1376 4540 1581 4585 summa
1612 4538 1675 4579 ea
1702 4528 1783 4576 est
1808 4532 1926 4589 qute
1952 4512 2129 4568 divina

499 4655 507 4662 “
547 4645 874 4704 nominatur.
903 4638 959 4691 ln
989 4647 1090 4706 qua
1113 4624 1395 4706 metuenda
1423 4629 1505 4676 est
1532 4616 1796 4672 aeriorum
1823 4606 2130 4665 animalium

551 4738 688 4795 mira
713 4730 958 4793 fallacia;
989 4737 1108 4796 qua:
1134 4734 1229 4790 per
1265 4695 1461 4770 rerum.
1478 4709 1543 4763 ad
1570 4710 1700 4762 istos
1728 4714 1914 4759 sensus
1939 4710 2133 4766 corpo-

554 4831 633 4887 ris
662 4790 1043 4900 pertinentium
1070 4808 1325 4884 quasdam
1355 4800 1726 4860 divinationes,
1753 4790 2138 4858 nonnullasque

558 4885 846 4995 potentias,
874 4910 1119 4978 decipere
1148 4901 1352 4956 animas
1388 4893 1641 4950 facillime
1667 4889 2020 4948 consuerunt,
2048 4885 2140 4933 aut

560 4971 919 5086 pet-iturarum
945 5002 1272 5056 fortunarum
1299 4990 1559 5053 curiosas,
1590 4990 1681 5037 aut
1702 4976 1966 5047 fragilium
1993 4971 2142 5042 cupi-

1329 5083 1338 5086 -
1470 5078 1489 5086 -
1786 5084 1830 5086 ί,
1894 5064 2108 5086 tum“

566 5064 663 5162 das
688 5104 1006 5173 potestatum
1029 5134 1046 5160 ,
1072 5096 1164 5145 aut
1202 5083 1434 5141 inanium
1466 5073 1836 5133 formidolosas
1860 5064 2142 5125 miraculo-

568 5166 708 5254 rum:
738 5193 832 5249 llla
855 5203 982 5260 ergo
1001 5181 1292 5240 auctoritas
1317 5174 1497 5231 divina
1525 5166 1749 5225 dicenda
1775 5172 1879 5231 est,
1905 5176 2021 5232 qua:
2039 5172 2147 5214 non

568 5290 741 5347 solum
772 5285 826 5339 in
855 5250 1196 5338 sensibilibus
1221 5269 1384 5340 signis
1421 5259 1750 5319 transcendit
1789 5267 2004 5311 omnem
2044 5250 2148 5303 hu-

576 5392 785 5437 manam
824 5372 1156 5432 facultatem,
1205 5360 1300 5418 sed
1347 5366 1401 5414 et
1439 5357 1612 5427 ipsum
1654 5348 1922 5404 hominem
1965 5356 2148 5413 agens,

575 5467 809 5529 ostendit
836 5464 887 5521 ei
913 5470 1186 5534 quousque
1203 5468 1264 5510 se
1283 5458 1500 5524 propter
1524 5447 1697 5516 ipsum
1721 5435 2042 5510 depresserit
2064 5450 2076 5486 :
2100 5440 2154 5489 et

611 5629 630 5660 ί
664 5625 759 5697 sic.
788 5629 893 5697 tusc.
937 5623 991 5669 et
1021 5615 1293 5671 editiones,
1316 5610 1524 5668 excepta
1566 5605 1698 5660 Lov.,
1734 5605 1846 5660 quat
1882 5588 2035 5642 habet
2066 5583 2159 5639 mi-

579 5690 887 5874 Ξῗηαὲηὲυε
918 5738 1159 5804 vulgatis,
1190 5728 1474 5799 ipsapotiut
1509 5722 1747 5779 universa.
1781 5714 1876 5770 sed
1909 5710 2163 5766 meliusln

677 5843 721 5872 .,
846 5842 858 5857 .
1858 5843 1905 5861 η

677 5842 858 5872 ...νυνι
1858 5843 1905 5865 ir

2147 921 2353 975 turam;
2381 921 2500 978 quae
2528 903 2705 959 omnia
2731 898 2896 954 sacris
2918 894 3113 966 quibus
3138 890 3429 954 initiamur,
3462 882 3722 940 secretius

2148 972 2456 1068 firmiusque
2480 992 2757 1050 traduntur
2781 1005 2793 1041 :
2826 988 2881 1042 in
2905 985 3096 1057 quibus
3122 982 3382 1036 bonorum
3419 977 3528 1030 vita
3567 972 3725 1028 facil-

2148 1084 2295 1158 lime,
2316 1107 2423 1147 non
2447 1085 2862 1158 disputationum
2885 1077 3214 1148 ambagibus,
3238 1072 3332 1127 sed
3348 1068 3727 1141 mysteriorum

2150 1183 2460 1241 auctoritate
2487 1185 2754 1249 purgatur.
2779 1172 3016 1227 Humana
3042 1181 3171 1222 vero
3185 1162 3473 1219 auctoritas
3494 1159 3731 1229 plerum-

2151 1293 2255 1349 que
2279 1275 2445 1330 fallit:
2472 1246 2527 1326 in
2556 1246 2633 1324 eis
2673 1276 2847 1321 tamen
2881 1263 2999 1332 jure
3039 1257 3248 1314 videtur
3290 1251 3587 1315 excellere,
3638 1246 3734 1317 qui

2154 1337 2409 1441 quantum
2436 1360 2797 1432 imperitorum
2824 1366 3013 1411 sensus
3040 1349 3215 1421 capit,
3244 1346 3407 1400 multa
3435 1341 3566 1397 dant
3588 1337 3735 1394 indi-

2156 1462 2238 1517 cia
2265 1457 2624 1514 doctrinarum
2655 1462 2870 1505 suarum
2890 1485 2906 1512 ,
2950 1452 3003 1500 et
3042 1456 3149 1497 non
3183 1439 3369 1494 vivunt
3390 1435 3545 1490 aliter
3571 1445 3736 1503 quam

2158 1548 2440 1607 vivendum
2485 1558 2605 1599 esse
2653 1536 2982 1610 praecipiunt.
3029 1529 3234 1600 Quibus
3274 1526 3321 1582 si
3359 1525 3536 1594 aliqua
3572 1522 3737 1577 etiam

2160 1642 2386 1697 fortuna:
2410 1646 2633 1691 munera
2658 1626 3012 1692 accesserint,
3042 1634 3266 1693 quorum
3309 1621 3597 1686 appareant
3637 1626 3741 1667 usu

2163 1731 2359 1802 magni,
2383 1731 2794 1794 contemptuque
2822 1717 3086 1787 majores;
3126 1710 3495 1768 difficillimum
3520 1706 3741 1762 omnino

2163 1796 2327 1879 est'ut
2348 1820 2427 1875 eis
2448 1818 2670 1887 quisque
2697 1808 2906 1867 vivendi
2931 1812 3198 1878 praecepta
3219 1799 3468 1858 dantibus
3491 1796 3739 1864 credens,

2164 1924 2310 1973 recte
2338 1913 2686 1981 vituperetur.

2238 2001 2464 2061 CAPUT
2500 1998 2569 2055 Χ.
2596 2027 2667 2039 ——
2703 1994 2831 2049 Vita:
2863 1995 3113 2064 prccepta
3147 1984 3297 2057 pauci
3319 1986 3673 2052 assequuntur.

2239 2097 2331 2151 28.
2350 2094 2447 2148 Hic
2474 2090 2696 2162 Alypius
2721 2105 2735 2141 :
2764 2086 3080 2152 Permagna,
3102 2076 3292 2148 inquit,
3314 2074 3438 2129 vita:
3466 2072 3637 2142 imago
3652 2067 3749 2125 abs

2173 2200 2226 2246 te
2250 2197 2373 2243 ante
2397 2183 2581 2240 oculos
2608 2188 2841 2242 nostros,
2874 2187 2995 2229 cum
3021 2171 3198 2240 plene,
3232 2176 3345 2222 tum
3368 2162 3602 2219 breviter
3624 2174 3755 2216 con-

2176 2283 2356 2337 stituta
2398 2285 2512 2343 est;
2556 2272 2641 2328 cui
2684 2266 2922 2341 quamvis
2958 2259 3278 2334 quotidianis
3319 2255 3600 2329 praeceptis
3646 2253 3753 2309 tuis

2178 2372 2461 2435 inhiemus,
2481 2375 2658 2421 tamen
2676 2377 2774 2417 nos
2790 2358 2947 2414 hodie
2964 2354 3263 2425 cupidiores
3282 2348 3757 2420 ﬂagrantioresque

2180 2458 2479 2518 reddidisti.
2510 2455 2593 2512 Ad
2616 2467 2774 2523 quam
2796 2492 2812 2518 ,
2841 2450 2886 2503 si
2913 2447 3027 2502 fieri
3054 2451 3264 2515 posset,
3292 2456 3397 2496 non
3424 2440 3593 2494 solum
3622 2451 3721 2491 nos
3739 2475 3760 2502 ,

2182 2567 2365 2607 verum
2395 2550 2557 2605 etiam
2598 2553 2818 2600 cunctos
2842 2540 3083 2594 homines
3105 2536 3216 2607 jam
3242 2532 3556 2606 pervenire,
3600 2537 3653 2584 et
3680 2527 3765 2583 ei-

2187 2645 2306 2700 dem
2325 2641 2585 2696 inhmrere
2604 2649 2873 2706 cuperem,
2892 2639 2951 2686 ut
2967 2630 3080 2684 haec
3102 2624 3257 2682 sicuti
3278 2622 3456 2679 auditu
3478 2619 3765 2687 mirabilia,

2188 2738 2260 2793 ita
2286 2742 2466 2791 essent
2504 2729 2799 2786 imitatione
2840 2724 3034 2779 facilia.
3080 2720 3213 2776 Nam
3256 2718 3435 2773 nescio
3472 2712 3769 2785 quomodo,

2190 2827 2330 2900 quod
2356 2825 2554 2880 utinam
2582 2822 2718 2876 vela
2747 2815 2901 2872 nobis
2928 2812 3111 2885 procul
3139 2809 3309 2873 absit,
3344 2807 3549 2861 animus
3574 2803 3774 2858 huma-

2194 2938 2293 2976 nus
2321 2920 2444 2974 dum
2475 2916 2591 2970 lucc
2620 2908 2883 2966 audiendo
2907 2948 2922 2975 ,
2954 2904 3189 2961 coelestia
3206 2943 3221 2969 ,
3261 2900 3440 2954 divina
3464 2912 3526 2951 ac
3553 2906 3779 2966 prorsus

2195 3029 2321 3070 vera
2346 3025 2467 3068 esse
2499 3006 2809 3078 proclamet,
2837 3002 2890 3055 in
2915 2994 3210 3067 appetendo
3237 2992 3389 3047 aliter
3416 3004 3475 3044 se
3502 2986 3669 3059 gerit;
3718 2991 3785 3039 ut

2198 3106 2331 3164 mihi
2372 3101 2709 3158 verissimum
2743 3094 2977 3150 videatur
3017 3096 3109 3143 aut
3146 3086 3353 3141 divinos
3380 3082 3651 3145 homines,
3683 3083 3786 3132 aut

2200 3217 2305 3257 non
2335 3197 2451 3253 sine
2476 3194 2652 3249 divina
2677 3204 2779 3260 ope
2812 3188 2889 3242 sic
2925 3183 3123 3239 vivere.
3160 3179 3257 3235 Cui
3296 3192 3432 3247 ego:
3465 3174 3589 3229 Hrec
3632 3186 3786 3242 pra:—

2201 3298 2352 3360 cepta
2374 3283 2603 3352 vivendi,
2629 3296 2748 3353 qum
2769 3278 2881 3342 tibi,
2906 3285 2961 3331 ut
2984 3287 3213 3343 semper,
3243 3270 3524 3339 plurimum
3548 3266 3789 3335 placent,

2203 3380 2381 3452 Alypi,
2416 3374 2653 3448 quamvis
2681 3371 2769 3425 hic
2791 3368 2924 3424 meis
2943 3364 3120 3420 verbis
3141 3376 3239 3434 pro
3263 3369 3502 3428 tempore
3530 3366 3796 3425 expressa

2206 3471 2344 3536 siut,
2376 3483 2483 3522 non
2517 3475 2688 3519 tamen
2719 3476 2749 3513 a
2780 3474 2866 3513 me
2895 3457 3107 3510 iuventa
3153 3464 3271 3506 esse
3309 3448 3509 3519 Optime
3538 3445 3664 3500 scis.
3693 3441 3798 3499 His

2208 3561 2351 3616 enim
2395 3566 2705 3626 magnorum
2748 3548 3018 3604 hominum
3058 3551 3112 3598 et
3153 3555 3288 3612 pene
3330 3537 3634 3592 divinorum
3667 3530 3801 3588 libri

2210 3621 2508 3725 plenissimi
2534 3654 2656 3702 sunt
2680 3662 2693 3698 :
2723 3639 2865 3713 quod
2895 3652 3001 3693 non
3028 3642 3246 3707 prepter
3268 3640 3319 3685 te
3343 3626 3630 3683 dicendum
3660 3621 3802 3678 milii

2212 3712 2413 3818 putavi,
2440 3739 2534 3796 sed
2561 3744 2773 3808 propter
2802 3733 2933 3787 istos
2956 3727 3338 3788 adolescentes,
3360 3735 3429 3774 ne
3449 3719 3501 3773 in
3531 3717 3609 3771 eis
3639 3712 3804 3786 quasi

2219 3833 2585 3893 auctoritatem
2614 3839 2784 3881 meam
2811 3822 2929 3892 jure
2955 3821 3311 3874 contemnant.
3352 3810 3485 3865 Nam
3515 3805 3647 3860 mihi
3674 3818 3803 3859 om-

2218 3928 2345 3984 nino
2367 3924 2485 3980 illos
2506 3920 2631 3976 nolo
2650 3915 2886 3978 credere,
2909 3910 3010 3965 nisi
3033 3905 3263 3971 docenti,
3289 3902 3656 3967 rationemque
3677 3892 3810 3950 red-

2220 4018 2387 4083 denti,
2419 4021 2634 4086 propter
2661 4022 2794 4079 quos
2824 4020 2918 4074 pro
2942 4014 3121 4056 rerum
3146 3992 3507 4065 magnitudine
3525 3986 3814 4073 concitan-

2224 4066 2387 4083 “'“"'v
2422 4066 2473 4086 ιν-
2492 4066 2506 4068 κ
2521 4066 2539 4084 ι
2679 4066 2693 4079 ι
2825 4066 2839 4074 .

2223 4111 2340 4177 dos,
2370 4107 2531 4163 etiam
2558 4112 2608 4157 te
2630 4099 2857 4153 arbitror
2886 4096 3043 4148 istum
3070 4082 3448 4155 interposuisse
3473 4066 3810 4135 sermonem.

2227 4172 2344 4257 Non
2369 4197 2509 4252 enim
2538 4192 2631 4247 tibi
2655 4197 2777 4245 sunt
2799 4186 2865 4241 ad
2889 4181 3219 4253 sequendum
3244 4177 3343 4232 ista
3378 4172 3606 4229 difficilia
3632 4211 3648 4238 ,
3686 4181 3818 4239 qua:

2227 4298 2375 4348 tanta
2398 4284 2617 4357 rapuisti
2651 4280 2899 4336 aviditate
2917 4317 2932 4343 ,
2959 4281 3211 4341 tantoque
3235 4269 3288 4324 in
3313 4282 3376 4324 ea
3402 4272 3602 4320 natura:
3631 4260 3819 4315 admi-

2228 4381 2412 4439 rabilis
2444 4356 2644 4447 impetu
2671 4373 2941 4442 ingressus
2965 4380 3044 4432 es,
3075 4373 3134 4418 ut
3158 4376 3256 4431 ego
3286 4359 3377 4414 tibi
3404 4356 3725 4421 verborum,
3758 4361 3823 4407 tu

2230 4473 2363 4530 mihi
2386 4483 2563 4525 rerum
2594 4464 2846 4534 magister
2871 4458 3089 4514 effectus
3116 4455 3208 4509 sis.
3237 4450 3352 4505 Non
3379 4448 3519 4502 enim
3539 4452 3624 4500 est
3648 4443 3826 4499 modo

2234 4569 2337 4624 ulla
2366 4578 2523 4620 causa
2548 4555 2859 4620 mentiendi,
2890 4560 2979 4606 aut
3005 4549 3188 4605 saltem
3215 4541 3421 4599 occasio
3446 4558 3460 4594 :
3487 4553 3610 4594 nam
3640 4549 3828 4606 neque

2236 4669 2289 4715 te
2318 4658 2448 4713 falsa
2478 4664 2567 4708 tua
2589 4650 2746 4705 laude
2773 4642 3142 4701 studiosiorem
3170 4636 3281 4691 fieri
3308 4641 3459 4705 puto,
3482 4637 3537 4686 et
3562 4629 3597 4683 ii
3621 4628 3832 4682 adsunt.

2237 4748 2327 4820 qui
2356 4755 2638 4812 utrumque
2666 4743 2951 4801 noverunt,
2977 4730 3106 4788 etei
3133 4741 3311 4785 sermo
3332 4725 3433 4780 iste
3451 4722 3713 4787 mittetur,
3734 4716 3831 4773 cui

2241 4846 2483 4896 nostrum
2512 4832 2687 4887 nullus
2716 4830 2921 4898 ignotus
2944 4831 3047 4879 est.

2312 4930 2406 4986 29.
2446 4926 2624 4983 Bonos
2651 4930 2830 4977 autem
2854 4918 3027 4983 viros,
3068 4911 3385 4979 deditosque
3409 4902 3624 4977 optimis
3654 4899 3801 4956 mori

2245 5024 2345 5080 bus
2368 5063 2384 5090 ,
2423 5019 2470 5076 si
2513 5032 2620 5072 non
2647 5014 2798 5068 aliter
2825 5008 2992 5066 sentis
3018 5014 3176 5076 atque
3214 5000 3427 5067 dixisti,
3472 4994 3749 5067 pauciores
3780 5000 3835 5046 te

2251 5080 2480 5170 arbitror
2504 5123 2623 5166 esse
2655 5103 2904 5169 credere,
2935 5113 3092 5171 quam
3121 5093 3251 5150 mihi
3284 5087 3557 5164 probabile
3584 5094 3704 5140 cst:
3734 5080 3837 5138 sed

2252 5204 2406 5262 multi
2433 5201 2640 5273 penitus
2660 5197 2825 5251 latent
2842 5202 2914 5247 te.
2942 5189 3071 5244 Item
3092 5185 3379 5241 multorum
3400 5194 3505 5234 non
3530 5174 3837 5240 latentium,

2254 5312 2316 5354 ea
2347 5296 2459 5366 ipsa
2495 5305 2615 5363 qua:
2655 5287 2789 5342 mira
2817 5290 2976 5349 sunt,
3016 5280 3217 5333 latent:
3250 5274 3301 5328 in
3329 5272 3511 5327 animo
3538 5266 3682 5321 enim
3707 5270 3843 5317 sunt

2255 5353 2383 5454 ista,
2404 5384 2494 5456 qui
2514 5353 2696 5451 neque
2715 5390 2873 5432 sensu
2893 5369 3060 5440 accipi
3077 5372 3272 5439 potest,
3301 5371 3355 5417 et
3376 5361 3691 5431 plerumque
3706 5353 3844 5409 dum

2257 5488 2552 5547 congruere
2576 5471 2689 5527 vult
2713 5468 3026 5522 vitiosorum
3051 5457 3324 5514 hominum
3348 5448 3646 5521 colloquiis,
3671 5458 3731 5499 ea
3759 5441 3847 5496 di-

2258 5570 2332 5627 cit
2361 5534 2491 5640 anae
2534 5574 2625 5619 aut
2669 5559 2893 5632 probare
2933 5561 3026 5610 aut
3066 5558 3316 5622 appetere
3362 5543 3624 5640 videatur.
3673 5534 3847 5640 iiuna

2258 5614 2420 5713 etiam
2445 5650 2573 5707 facit
2594 5614 2975 5707 non'libeuter,
3004 5614 3221 5708 propter
3240 5637 3330 5684 aut
3355 5621 3632 5680 vitandum
3654 5614 3856 5672 odium

2263 5706 2562 5811 hominum,
2580 5748 2671 5800 aut
2691 5737 2947 5809 ineptiam
2966 5706 3276 5803 fugiendam
3295 5738 3311 5788 ;
3331 5715 3477 5797 quod
3498 5727 3600 5771 nos
3619 5706 3853 5767 audien-
