4096 6368
307 454 453 515 1009

309 580 393 629 tes
432 576 521 625 aut
556 565 797 623 videntes
839 561 1053 619 difﬁcile
1097 561 1253 618 aliter
1292 559 1686 626 existimamus,
1730 574 1889 629 quam

249 679 257 725 ξ
311 677 508 719 sensus
550 662 651 716 iste
693 657 979 714 renuntiat.
1025 654 1209 725 quue
1236 654 1293 708 fit
1318 661 1375 707 ut
1400 653 1593 707 multos
1622 667 1730 707 non
1759 652 1892 707 tales

311 768 437 811 esse
463 751 763 815 credamus,
794 748 977 819 quales
1000 754 1055 801 et
1082 760 1139 800 se
1160 745 1279 815 ipsi,
1309 754 1362 799 et
1384 758 1476 798 eos
1502 743 1581 797 sui
1608 742 1894 797 familiares

248 834 251 837 ἤ
311 851 596 902 noverunt.
627 840 780 909 Quod
809 838 900 893 tibi
921 852 985 893 ex
1018 837 1308 891 amicorum
1342 843 1645 889 nostrorum
1672 833 1892 905 quibus-

311 935 437 992 dam
470 933 676 1004 magnis
703 930 864 986 animi
892 929 1045 984 bonis
1063 970 1079 997 ,
1111 942 1229 999 quae
1256 941 1353 982 nos
1379 926 1480 981 soli
1509 926 1707 980 scimus
1725 966 1739 989 ,
1770 939 1893 994 per-

312 1025 540 1083 suadeas
564 1024 742 1078 velim.
768 1021 902 1077 Nam
929 1035 1080 1075 error
1107 1020 1208 1075 iste
1235 1033 1343 1073 non
1369 1018 1586 1073 minima
1612 1017 1711 1071 hac
1736 1032 1893 1071 causa

314 1116 504 1175 nititur
530 1118 572 1182 ³,
603 1115 743 1186 quod
774 1130 878 1169 non
904 1112 1057 1184 pauci
1102 1127 1160 1166 se
1204 1111 1378 1166 subito
1405 1110 1471 1164 ad
1510 1109 1702 1163 bonam
1730 1109 1895 1162 vitam

312 1208 717 1276 mirandamque
744 1212 1094 1269 convertunt;
1125 1211 1178 1257 et
1202 1202 1373 1257 donec
1400 1200 1663 1271 aliquibus
1702 1199 1895 1254 clario-

311 1300 462 1356 ribus
490 1298 643 1353 factis
672 1298 1025 1361 innotescant,
1054 1295 1240 1365 quales
1263 1302 1414 1349 erant
1438 1307 1557 1348 esse
1585 1291 1891 1347 creduntur.

310 1392 446 1450 Nam
476 1407 543 1446 ne
572 1389 780 1461 longius
802 1389 988 1442 abeam
1007 1429 1021 1454 ,
1067 1387 1185 1457 quis
1214 1385 1346 1440 istos
1374 1384 1772 1451 adolescentes,
1805 1383 1896 1453 qui

308 1493 469 1540 antea
488 1490 726 1547 noverat,
757 1480 911 1535 facile
939 1478 1123 1535 credat
1149 1485 1255 1531 tam
1281 1476 1516 1533 studiose
1540 1490 1727 1546 magna
1754 1489 1897 1544 qua)-

309 1591 455 1643 rere,
479 1583 654 1630 tantas
681 1580 902 1643 repente
928 1572 980 1626 in
1004 1571 1104 1625 hac
1129 1578 1286 1625 aetate
1314 1568 1567 1624 indixisse
1597 1566 1895 1635 inimicitias

308 1666 716 1738 voluptatibus?
741 1665 884 1735 Ergo
908 1663 1045 1718 hanc
1071 1661 1372 1732 opinionem
1402 1660 1660 1730 pellamus
1689 1658 1895 1721 exani-

308 1774 401 1817 mo
426 1776 443 1814 :
473 1772 596 1814 nam
623 1765 678 1813 et
703 1754 831 1812 illud
860 1754 1101 1810 divinum
1140 1752 1392 1808 auxilium
1417 1792 1431 1817 ,
1460 1750 1623 1821 quod,
1653 1756 1710 1804 ut
1735 1747 1897 1804 dece-

307 1849 426 1917 bat,
460 1848 707 1919 religiose
734 1847 787 1902 in
816 1846 1004 1900 ultimo
1030 1843 1293 1899 sermonis
1330 1842 1404 1897 tui
1441 1841 1701 1911 posuisti,
1740 1837 1897 1895 latius

310 1956 474 2013 quam
504 1940 748 1995 nonnulli
775 1938 1076 2009 epinantur,
1100 1936 1330 1991 officium
1358 1935 1653 1991 clementiae
1672 1949 1783 1989 suae
1805 1949 1898 2004 per

308 2032 592 2089 universos
618 2031 842 2101 pepulos
866 2029 993 2099 agit.
1036 2028 1142 2083 Sed
1170 2026 1237 2081 ad
1274 2026 1644 2097 disputationis
1675 2035 1893 2093 nostrae,

309 2121 356 2177 si
390 2121 590 2192 placet,
620 2119 861 2175 ordinem
886 2118 1201 2182 redeamus;
1232 2125 1286 2172 et
1313 2118 1561 2186 quoniam
1584 2116 1649 2171 dc
1664 2116 1897 2171 auctori-

308 2220 420 2267 tate
448 2212 579 2266 satis
607 2210 806 2265 dictum
832 2217 934 2275 est,
970 2208 1245 2263 videamus
1273 2207 1398 2277 quid
1424 2206 1523 2261 sibi
1554 2206 1686 2260 ratio
1713 2205 1859 2261 velit.

376 2301 611 2358 CAPUT
648 2300 816 2355 XL—
839 2300 990 2369 Ratio
1018 2299 1158 2369 quid,
1188 2306 1234 2352 et
1261 2298 1410 2369 hujus
1434 2297 1487 2350 in
1515 2296 1828 2369 sensibilibus

465 2373 691 2442 vestigia.
736 2369 803 2425 Ut
829 2367 1071 2435 differunt
1094 2368 1344 2422 rationale
1368 2377 1413 2421 et
1438 2367 1754 2421 rationabile.

378 2463 479 2521 30.
521 2464 678 2519 Ratio
705 2472 788 2518 est
808 2462 1002 2517 mentis
1029 2462 1215 2528 motio,
1244 2476 1306 2516 ea
1335 2475 1455 2531 quae
1480 2460 1758 2516 discuntur
1784 2460 1897 2519 diSe

308 2553 591 2626 tinguendi
636 2562 691 2610 et
730 2552 1083 2609 connectendi
1127 2560 1316 2622 potens
1354 2566 1499 2621 :qua
1540 2549 1686 2638 duce‘
1719 2551 1795 2605 uti
1832 2550 1899 2606 ad

314 2644 491 2704 Deum
512 2642 930 2715 intelligendum,
956 2642 1040 2698 vel
1068 2642 1236 2714 ipsam
1260 2655 1378 2713 qua:
1403 2650 1493 2696 aut
1521 2640 1573 2695 in
1604 2640 1778 2707 nobis,
1810 2650 1901 2696 aut

313 2748 697 2806 usquequaque
724 2742 808 2789 est
830 2733 1058 2787 animam
1082 2772 1097 2798 ,
1128 2731 1457 2787 rarissimum
1485 2731 1701 2786 omnino
1729 2745 1901 2801 genus

310 2825 592 2883 hominum
625 2833 835 2896 potest;
868 2839 972 2880 non
1000 2822 1068 2878 ob
1092 2822 1233 2877 aliud
1257 2864 1273 2889 ,
1322 2822 1423 2877 nisi
1449 2825 1568 2892 quia
1597 2825 1649 2877 in
1677 2823 1900 2878 istorum

309 2929 568 2973 sensuum
596 2915 805 2985 negotia
832 2927 1132 2984 progresso,
1159 2911 1334 2967 redire
1355 2912 1405 2966 in
1429 2913 1771 2982 semetipsum
1790 2912 1904 2967 cui-

311 3023 422 3080 que
452 3006 667 3063 difficile
695 3015 794 3062 est.
821 3004 1020 3075 Itaque,
1053 3019 1174 3059 cum
1203 3004 1259 3058 in
1283 3004 1441 3059 rebus
1470 3004 1597 3074 ipsis
1625 3004 1903 3059 fallacibus

310 3102 524 3157 ratione
545 3108 711 3156 totum
734 3114 892 3170 agere
922 3099 1164 3152 homines
1192 3097 1510 3164 moliantur,
1540 3097 1666 3168 quid
1692 3098 1760 3153 sit
1786 3098 1901 3167 ipsa

311 3192 486 3260 ratio,
529 3200 585 3247 et
621 3190 792 3261 qualis
835 3191 935 3256 sit,
966 3188 1065 3243 nisi
1099 3188 1349 3258 perpauci
1393 3204 1608 3257 prorsus
1636 3191 1899 3259 ignorant.

311 3280 509 3336 Mirum
547 3280 754 3336 videtur
773 3321 788 3347 ,
819 3279 912 3335 sed
939 3289 1111 3334 tamen
1139 3293 1199 3333 se
1223 3278 1295 3333 ita
1322 3293 1409 3332 res
1434 3277 1614 3333 habet.
1655 3280 1792 3335 Satis
1822 3289 1904 3335 est

313 3372 427 3430 hoc
471 3372 668 3429 dixisse
708 3374 762 3428 in
795 3372 1118 3445 praesentia:
1150 3386 1275 3425 nam
1309 3370 1354 3425 si
1382 3371 1533 3425 vobis
1565 3386 1677 3426 rem
1705 3382 1902 3426 tantam

313 3465 461 3522 sicut
497 3465 840 3536 intelligenda
888 3475 964 3519 est
988 3506 1003 3533 ,
1050 3478 1191 3518 nunc
1219 3463 1501 3518 ostendere
1529 3465 1761 3534 cupiam,
1794 3474 1903 3519 tam

315 3561 535 3630 ineptus
580 3560 681 3614 sim
730 3573 886 3629 quam
931 3571 1219 3628 arrogans,
1272 3556 1317 3611 si
1358 3557 1443 3610 vel
1481 3571 1568 3611 me
1611 3557 1752 3611 illam
1793 3557 1903 3626 jam

313 3650 626 3722 percepisse
663 3648 933 3720 profitear.
971 3648 1170 3702 Tamen
1202 3654 1454 3717 quantum
1484 3647 1695 3717 dignata
1732 3656 1814 3702 est
1849 3648 1904 3702 in

313 3756 407 3798 res
446 3756 567 3812 qua:
611 3740 765 3795 nobis
801 3748 942 3795 notae
982 3739 1226 3795 videntur
1249 3738 1566 3808 procedere,
1598 3738 1904 3809 indagemus

316 3847 464 3899 eam,
492 3831 538 3887 si
565 3846 846 3901 possumus
876 3831 1107 3898 interim,
1143 3839 1299 3901 prout
1321 3841 1597 3902 susceptus
1617 3847 1793 3888 sermo
1813 3833 1909 3889 dc-

313 3922 539 3980 siderat.

292 4025 299 4057 ί
392 4013 482 4068 51.
525 4012 602 4067 Ac
628 4012 854 4083 primum
885 4012 1158 4067 videamus
1196 4012 1285 4067 ubi
1333 4013 1434 4067 hoc
1472 4012 1726 4079 verbum,
1766 4013 1907 4083 quod

315 4101 460 4160 ratio
485 4112 704 4157 vocatur
722 4142 738 4171 ,
784 4103 1108 4173 frequentari
1152 4102 1322 4169 solet;
1361 4117 1484 4156 nam
1513 4103 1640 4156 illud
1670 4117 1767 4158 nos
1790 4120 1908 4159 mo-

317 4209 452 4252 vere
482 4195 713 4250 maxime
737 4194 931 4262 debet,
962 4195 1105 4265 quod
1139 4194 1255 4265 ipse
1282 4193 1444 4248 homo
1468 4210 1498 4248 a
1528 4195 1794 4249 veteribus
1819 4211 1907 4252 sa-

318 4283 593 4356 pientibus
619 4285 691 4341 ita
720 4284 968 4340 definitus
996 4292 1078 4340 est
1102 4302 1115 4339 :
1141 4283 1312 4339 Homo
1333 4294 1416 4339 est
1433 4284 1625 4338 animal
1652 4287 1910 4343 rationale

320 4378 575 4434 mortale.
615 4379 713 4434 Hic
754 4393 950 4450 genere
978 4378 1150 4448 posito
1188 4377 1329 4449 quod
1362 4378 1558 4433 animal
1577 4377 1774 4432 dictum
1804 4388 1905 4447 est,

320 4467 568 4525 videmus
594 4470 800 4526 additas
819 4470 951 4525 duas
971 4469 1320 4537 differentias,
1338 4468 1530 4541 quibus
1545 4470 1708 4525 credo
1727 4470 1912 4525 admo-

321 4558 536 4616 nendus
560 4567 677 4614 erat
700 4559 895 4627 homo,
941 4570 995 4617 et
1032 4576 1137 4631 quo
1178 4561 1278 4617 sibi
1308 4560 1635 4616 redeundum
1668 4569 1827 4626 esset,
1857 4572 1912 4618 et

325 4647 474 4704 unde
500 4648 826 4719 fugiendum.
854 4650 986 4706 Nam
1012 4659 1071 4705 ut
1090 4667 1404 4722 progressus
1436 4653 1626 4706 anima:
1653 4667 1818 4723 usque
1843 4652 1909 4707 ad

325 4738 573 4794 mortalia
610 4738 791 4809 lapsus
829 4749 940 4807 est;
986 4742 1057 4796 ita
1100 4756 1376 4811 regressus
1403 4758 1521 4799 esse
1557 4743 1612 4798 in
1651 4744 1910 4799 rationem

322 4828 510 4885 debet.
537 4827 656 4883 Uno
681 4828 845 4884 verbo
867 4846 898 4885 a
926 4831 1111 4886 bestiis
1129 4872 1143 4898 ,
1171 4833 1313 4902 quod
1342 4835 1635 4901 rationale;
1665 4844 1720 4890 et
1744 4836 1848 4891 alio
1876 4851 1908 4891 a

326 4918 529 4976 divinis
556 4928 849 4989 separatur,
881 4922 1023 4991 quod
1059 4924 1283 4978 mortale
1326 4925 1535 4980 dicitur.
1579 4927 1711 4983 lllud
1753 4930 1912 5000 igitur

328 5010 435 5067 nisi
462 5011 715 5079 tenuerit,
747 5011 911 5068 bestia
930 5013 1031 5069 erit
1055 5032 1067 5069 :
1090 5014 1215 5070 hinc
1238 5016 1341 5071 nisi
1361 5031 1419 5071 se
1439 5022 1709 5091 averterit,
1732 5022 1911 5079 divina

330 5116 442 5156 non
461 5101 581 5155 erit.
604 5100 708 5156 Sed
728 5104 976 5172 quoniam
1004 5105 1177 5159 solent
1201 5104 1493 5161 doctissimi
1510 5107 1608 5162 viri
1629 5112 1752 5180 quid
1774 5113 1912 5169 inter

240 5261 253 5267 Α
330 5192 593 5248 rationale
633 5200 687 5247 et
728 5193 1039 5249 rationabile
1084 5195 1328 5263 intersit,
1368 5207 1522 5254 acute
1546 5201 1912 5275 subtiliterque

333 5284 638 5341 discernere
657 5326 673 5352 ,
715 5285 863 5341 nullo
900 5286 1061 5342 modo
1089 5297 1190 5355 est,
1218 5289 1286 5345 ad
1311 5290 1364 5345 id
1391 5292 1533 5362 quod
1562 5292 1907 5366 instituimus,

332 5376 703 5448 negligendum
728 5395 741 5433 :
768 5394 890 5434 nam
919 5381 1176 5438 rationale
1201 5398 1321 5440 esse
1348 5384 1617 5455 dixerunt,
1651 5391 1791 5461 quod
1818 5407 1909 5446 ra-

333 5466 478 5523 tione
506 5477 740 5525 uteretur
766 5470 852 5526 vel
878 5472 953 5527 uti
974 5481 1188 5542 posset;
1212 5475 1523 5533 rationabile
1542 5488 1741 5547 autem,
1768 5481 1910 5551 quod

333 5558 541 5615 ratione
579 5559 777 5616 factum
821 5572 964 5618 esset
1001 5573 1092 5619 aut
1114 5564 1334 5620 dictum.
1369 5567 1547 5638 Itaque
1571 5569 1668 5624 has
1693 5569 1910 5628 balneas

333 5649 673 5708 rationabiles
693 5669 973 5724 possumus
988 5655 1183 5723 dicere,
1210 5667 1555 5730 nostrumque
1583 5675 1905 5730 sermonem;

334 5740 621 5798 rationales
645 5753 822 5799 autem
843 5745 925 5800 vel
956 5746 1104 5801 illum
1134 5748 1223 5818 qui
1246 5748 1343 5805 has
1372 5749 1497 5807 fecit
1515 5793 1530 5821 ,
1559 5753 1645 5810 vel
1682 5768 1780 5812 nos
1819 5756 1909 5827 qui

367 5866 387 5901 ⁸
438 5874 615 5922 Decem
631 5876 756 5935 Itss.,
772 5870 995 5928 nutritur.
1022 5871 1127 5935 Alii,
1142 5871 1375 5931 mam.

1856 5996 1859 5999 λ
1870 5991 1904 6002 ρ

1648 444 1849 502 LIBER
1886 440 2259 506 SEGUNDUS.

3435 459 3572 517 ιοιῡ

1998 562 2282 633 loquimur.
2312 565 2450 635 Ergo
2471 565 2710 635 procedit
2732 569 2867 623 ratio
2893 568 2959 625 ab
2977 569 3151 624 anima
3178 570 3439 638 rationali,
3470 574 3575 628 sci—

1996 652 2116 708 licet
2139 655 2190 709 in
2215 671 2274 710 ea
2303 672 2420 726 qua:
2448 658 2531 712 vel
2562 657 2694 712 fiunt
2721 660 3049 715 rationabilia
3069 702 3083 728 ,
3119 660 3205 715 vel
3234 660 3499 717 dicuntur.

2067 747 2155 800 52.
2198 746 2312 801 Duo
2339 762 2466 818 ergo
2492 748 2669 816 video,
2699 751 2752 803 in
2782 750 2971 820 quibus
2999 752 3235 820 potentia
3265 752 3450 823 visque
3482 768 3575 808 ra-

1997 837 2155 893 tionis
2196 839 2363 909 possit
2411 840 2538 908 ipsis
2581 842 2739 895 etiam
2784 842 3030 897 sensibus
3072 842 3381 897 admoveri:
3414 859 3577 913 opera

1997 929 2271 986 hominum
2302 949 2419 1002 qum
2448 933 2712 1001 videntur,
2735 942 2789 990 et
2816 936 2976 991 verba
3017 951 3135 1006 qua:
3176 936 3483 991 audiuntur.
3515 936 3575 992 In

1997 1034 2223 1094 utroque
2251 1033 2425 1080 autem
2449 1025 2610 1080 utitur
2638 1042 2792 1081 mens
2815 1027 3026 1096 gemino
3051 1028 3237 1081 nuntio
3266 1042 3361 1097 pro
3387 1042 3577 1099 corpo-

1997 1113 2072 1168 ris
2101 1112 2418 1171 necessitate
2443 1135 2455 1169 :
2490 1133 2596 1171 uno
2623 1118 2713 1187 qui
2732 1118 3005 1172 oculorum
3034 1126 3137 1185 est,
3166 1118 3332 1172 altero
3360 1120 3447 1189 qui
3474 1133 3573 1173 au«

1997 1207 2157 1261 rium.
2176 1206 2384 1277 Altaque,
2415 1223 2536 1262 cum
2562 1209 2762 1279 aliquid
2785 1209 3025 1264 videmus
3040 1210 3453 1279 congruentibus
3474 1208 3577 1264 sibi

1998 1300 2234 1369 partibus
2258 1300 2535 1370 figuratum
2553 1341 2568 1367 ,
2614 1317 2721 1355 non
2747 1301 2975 1355 absurde
2999 1300 3224 1355 dicimus
3250 1299 3578 1354 rationabilis

1999 1398 2082 1445 ter
2111 1406 2384 1460 apparere.
2432 1391 2695 1460 Itemque,
2739 1407 2860 1446 cum
2899 1390 3099 1461 aliquid
3126 1391 3264 1447 bene
3292 1392 3576 1446 concinere

1998 1479 2242 1535 audimus
2264 1524 2279 1547 ,
2321 1497 2427 1535 non
2462 1481 2765 1538 dubitamus
2795 1483 2975 1537 dicere
3011 1482 3151 1552 quod
3192 1482 3579 1538 rationabiliter

1998 1581 2171 1627 sonat.
2199 1571 2370 1627 Nemo
2395 1582 2571 1627 autem
2594 1588 2699 1627 non
2721 1574 2974 1641 rideatur,
3002 1575 3046 1628 si
3066 1566 3281 1642 dixerit,
3326 1574 3577 1629 Rationa-

1998 1663 2174 1720 biliter
2199 1666 2343 1731 olet;
2377 1674 2487 1733 aut,
2501 1665 2887 1722 rationabiliter
2916 1667 3083 1736 sapit;
3115 1675 3224 1734 aut,
3250 1668 3578 1723 rationabili-

1998 1760 2080 1809 ter
2118 1756 2280 1811 molle
2306 1765 2418 1821 est;
2448 1757 2547 1811 nisi
2582 1755 2715 1811 forte
2740 1757 2791 1811 in
2816 1757 2879 1811 iis
2902 1774 3020 1827 qua}
3046 1768 3262 1831 propter
3285 1759 3482 1829 aliquid
3511 1759 3578 1815 ab

2000 1845 2304 1902 hominibus
2326 1857 2605 1917 procurata
2634 1858 2777 1912 sunt,
2811 1858 2869 1903 ut
2896 1850 2966 1903 ita
2991 1850 3197 1909 olerent
3221 1850 3307 1905 vel
3329 1858 3582 1921 saperent

2000 1937 2085 1992 vel
2116 1937 2402 2003 ferverent,
2437 1940 2519 1994 vel
2548 1939 2673 2009 quid
2702 1940 2864 1993 aliud.
2897 1940 2967 1995 Ut
2995 1941 3041 1995 si
3069 1941 3187 2011 quis
3214 1941 3407 2007 locum,
3441 1942 3582 1997 unde

1997 2029 2245 2100 gravibus
2287 2029 2537 2085 odoribus
2577 2041 2851 2101 serpentes
2892 2032 3156 2103 fugantur,
3202 2033 3584 2088 rationabiliter

2000 2117 2140 2172 dicat
2164 2118 2235 2172 ita
2264 2119 2429 2185 olere,
2453 2134 2666 2175 causam
2697 2121 2908 2177 intuens
2935 2123 3195 2191 quare'sit
3227 2123 3419 2177 factum
3445 2140 3460 2187 ;
3492 2131 3585 2178 aut

2000 2207 2245 2278 poculum
2267 2208 2405 2277 quod
2432 2210 2669 2266 medicus
2696 2210 3008 2277 confecerit,
3038 2212 3421 2268 rationabiliter
3438 2220 3588 2268 ama;

1939 2288 1951 2311 ’
2000 2313 2119 2353 rum
2146 2313 2264 2354 esse
2290 2300 2372 2354 vel
2399 2300 2580 2367 dulce;
2622 2310 2712 2355 aut
2736 2302 2877 2372 quod
2904 2304 3185 2373 temperari
3217 2304 3466 2372 languido
3490 2319 3583 2359 so-

2004 2390 2132 2445 lium
2158 2392 2377 2462 jusserit
2402 2435 2415 2459 ,
2456 2395 2631 2449 calere
2656 2395 3043 2450 rationabiliter
3068 2404 3159 2450 aut
3184 2405 3384 2465 tepere.
3412 2396 3582 2451 Nemo

2001 2494 2178 2539 autem
2198 2485 2407 2539 hortum
2429 2486 2698 2557 ingressus
2714 2528 2729 2556 ,
2752 2496 2807 2543 et
2828 2503 3001 2542 rosam
3027 2487 3245 2543 naribus
3268 2487 3579 2556 admovens,

2002 2575 2162 2630 audet
2188 2576 2259 2630 ita
2291 2575 2487 2631 dicere.
2519 2578 2689 2643 Quam
2726 2577 3109 2633 rationabiliter
3145 2577 3375 2647 fragrat!
3408 2593 3506 2634 nec
3534 2579 3584 2634 si

2002 2664 2241 2719 medicus
2282 2665 2421 2719 illam
2467 2674 2524 2720 ut
2562 2666 2812 2723 olfaceret
2834 2667 3071 2738 jusserit.
3102 2666 3249 2722 Tunc
3274 2668 3416 2722 enim
3440 2682 3582 2737 prte-

2004 2768 2217 2827 ceptum
2268 2758 2351 2813 vel
2393 2759 2570 2814 datum
2616 2759 2746 2815 illud
2788 2759 3209 2827 rationabiliter,
3255 2774 3359 2815 non
3407 2769 3582 2815 tamen

2004 2853 2151 2908 olere
2180 2853 2564 2907 rationabiliter
2591 2852 2819 2919 dicitur;
2865 2868 2963 2907 nec
2988 2861 3268 2922 propterea
3288 2893 3303 2918 ,
3331 2852 3453 2922 quia
3482 2867 3583 2906 na-

2003 2944 2189 2999 turalis
2216 2943 2304 2998 ille
2328 2944 2461 2998 odor
2486 2952 2584 2999 est.
2613 2943 2767 3010 Nam,
2798 2944 3039 3013 quamvis
3074 2958 3102 2995 a
3140 2956 3310 3012 coquo
3341 2942 3586 3011 pulmen-

2006 3042 2116 3089 tum
2140 3035 2435 3099 condiatur,
2464 3034 2849 3090 rationabiliter
2875 3034 3148 3089 conditum
3190 3047 3473 3104 possumus
3501 3033 3584 3086 di-

2006 3142 2129 3183 cere
2153 3146 2168 3183 :
2193 3118 2577 3183 rationabiliter
2603 3137 2779 3184 autem
2807 3142 3015 3197 sapere,
3046 3142 3167 3181 cum
3194 3142 3353 3181 causa
3381 3128 3588 3181 extrin-

2005 3233 2158 3275 secus
2184 3219 2325 3273 nulla
2362 3220 2450 3286 sit,
2483 3218 2579 3274 sed
2606 3218 2850 3289 praesenti
2884 3218 3108 3274 satisfiat
3132 3217 3411 3286 voluptati,
3440 3218 3586 3271 nullo

2006 3310 2165 3366 modo
2204 3310 2319 3380 ipsa
2360 3311 2606 3381 loquendi
2646 3309 3030 3366 consuetudine
3070 3310 3282 3364 dicitur.
3337 3309 3393 3363 Si
3441 3310 3582 3364 enim

2007 3410 2274 3471 quazratur
2302 3401 2368 3456 de
2398 3402 2490 3456 illo
2518 3401 2600 3456 cui
2622 3401 2868 3471 poculum
2896 3401 3135 3456 medicus
3159 3399 3385 3465 dederit,
3414 3415 3509 3454 cur
3536 3400 3585 3454 id

2006 3491 2234 3548 dulciter
2264 3491 2465 3547 sentire
2486 3491 2747 3558 debuerit,
2779 3492 2923 3545 aliud
2948 3489 3178 3546 infertur
3204 3498 3418 3561 propter
3442 3490 3585 3560 quod

2007 3581 2080 3637 ita
2102 3590 2204 3649 est,
2236 3581 2291 3637 id
2319 3591 2401 3638 est
2425 3582 2595 3637 morbi
2618 3597 2806 3653 genus,
2826 3581 2965 3652 quod
2982 3582 3091 3652 jam
3114 3597 3218 3637 non
3243 3582 3297 3635 in
3322 3581 3412 3635 illo
3427 3595 3590 3636 sensu

2009 3682 2113 3742 est,
2142 3674 2235 3730 sed
2264 3674 2419 3730 aliter
2442 3689 2561 3730 sese
2590 3674 2749 3729 habet
2776 3674 2828 3728 in
2855 3689 3098 3743 corpore.
3140 3673 3197 3728 Si
3222 3682 3398 3728 autem
3428 3687 3587 3742 roge-

2008 3775 2095 3821 tur
2123 3765 2373 3836 liguriens
2400 3765 2616 3835 aliquid,
2648 3765 2784 3838 gulae
2809 3765 3023 3820 stimulo
3051 3764 3366 3829 concitatus,
3393 3779 3490 3818 cur
3517 3762 3591 3817 ita

2010 3857 2162 3912 dulce
2187 3857 2276 3924 sit,
2309 3865 2364 3911 et
2387 3856 2723 3926 respondeat,
2776 3856 2908 3924 Quia
2937 3855 3099 3922 libet;
3127 3864 3249 3921 aut,
3290 3854 3412 3925 quia
3440 3854 3589 3908 dele-

2010 3958 2163 4016 ctor;
2193 3964 2349 4005 nemo
2378 3948 2506 4003 illud
2532 3948 2672 4003 dicet
2698 3947 3081 4002 rationabiliter
3106 3946 3259 4001 dulce
3283 3986 3297 4011 ,
3326 3944 3429 3999 nisi
3453 3943 3591 3999 forte

2011 4039 2150 4094 illius
2181 4038 2464 4094 delectatio
2493 4038 2645 4092 alicui
2676 4038 2750 4093 rei
2781 4038 2849 4091 sit
2876 4036 3194 4106 necessaria,
3223 4044 3276 4092 et
3294 4035 3423 4092 illud
3448 4033 3590 4105 quod

2010 4130 2232 4194 mandit,
2260 4130 2328 4184 ob
2358 4130 2457 4184 hoc
2481 4130 2549 4183 ita
2577 4128 2872 4183 confectum
2896 4128 2983 4182 sit.

2083 4224 2171 4277 35.
2211 4222 2493 4287 Tenemus,
2514 4232 2766 4292 quantum
2789 4221 3103 4291 investigare
3124 4219 3417 4291 potuimus,
3443 4234 3591 4289 qua:~

2011 4312 2133 4367 dam
2162 4313 2381 4383 vestigia
2420 4313 2639 4367 rationis
2668 4313 2719 4367 in
2763 4312 3005 4367 sensibus
3030 4327 3044 4377 ;
3069 4322 3122 4365 et
3149 4310 3288 4381 quod
3329 4310 3395 4365 ad
3420 4311 3592 4365 visum

1976 4412 1985 4419 ‘
2012 4412 2171 4473 atque
2198 4403 2434 4457 auditum
2462 4404 2722 4473 pertinet,
2756 4405 2807 4456 in
2840 4402 2953 4472 ipsa
2981 4404 3139 4458 etiam
3169 4404 3457 4473 voluptate.
3490 4401 3591 4457 Alii

2013 4509 2139 4550 vero
2160 4509 2348 4549 sensus
2368 4510 2471 4548 non
2488 4494 2539 4548 in
2561 4493 2827 4563 voluptate
2848 4509 2942 4548 sua
2969 4495 2988 4525 ί
3008 4534 3024 4560 ,
3048 4494 3141 4548 sed
3159 4503 3379 4565 propter
3397 4494 3595 4564 aliquid

2013 4585 2156 4641 aliud
2177 4586 2349 4640 solent
2375 4585 2477 4640 hoc
2497 4601 2688 4641 nomen
2710 4586 2921 4655 exigere
2947 4602 2960 4639 :
2984 4584 3037 4639 id
3062 4594 3236 4640 autem
3257 4594 3340 4641 est
3362 4586 3596 4640 rationa-

2013 4677 2079 4733 lis
2117 4677 2398 4731 animantis
2427 4676 2623 4731 faclum
2666 4686 2883 4748 pr0pter
2920 4677 3146 4747 aliquem
3176 4679 3354 4733 finem.
3394 4677 3498 4732 Sed
3527 4672 3601 4729 ad

2014 4769 2199 4824 oculos
2226 4768 2365 4838 quod
2396 4769 2640 4838 pertinet,
2674 4768 2726 4823 in
2751 4784 2855 4839 quo
2875 4770 3216 4840 congruentia
3244 4768 3470 4838 partium
3499 4782 3594 4820 ra-

2017 4860 2280 4915 tionabilis
2301 4859 2511 4926 dicitur,
2532 4858 2806 4929 pulchrum
2827 4860 3077 4931 appellari
3105 4860 3257 4914 solet.
3287 4857 3438 4924 Quod
3468 4872 3596 4913 vero

2014 4950 2081 5005 ad
2109 4966 2265 5007 aures
2285 4992 2299 5016 ,
2322 4950 2533 5021 quando
2590 4951 2957 5006 rationabilem
2994 4956 3306 5005 concentum
3346 4948 3593 5013 dicimus,

2015 5052 2333 5114 cautumque
2368 5056 2709 5097 numerosum
2747 5041 3128 5097 rationabiliter
3165 5054 3285 5095 esse
3324 5038 3595 5108 composi-

2016 5145 2126 5191 tum
2149 5153 2163 5202 ;
2185 5136 2416 5200 suavitas
2437 5142 2657 5188 vocatur
2676 5134 2889 5203 proprio
2904 5132 3013 5202 jam
3036 5131 3269 5186 nomine.
3301 5130 3405 5186 Sed
3422 5144 3595 5199 neque

2016 5226 2069 5282 in
2090 5227 2324 5296 pulchris
2346 5226 2503 5281 rebus
2520 5240 2639 5280 cum
2661 5239 2757 5278 nos
2771 5223 2919 5277 color
2933 5222 3102 5289 illicit,
3120 5237 3293 5292 neque
3313 5222 3366 5276 in
3386 5221 3596 5276 aurium

2014 5318 2276 5372 suavitate
2300 5331 2420 5371 cum
2452 5316 2598 5385 pulsa
2625 5313 2823 5369 chorda
2853 5313 3003 5383 quasi
3035 5313 3232 5383 liquide
3257 5319 3412 5368 sonat
3437 5321 3598 5383 atque

2014 5424 2166 5480 pure,
2195 5407 2506 5461 rationabile
2530 5405 2660 5459 illud
2686 5404 2862 5459 dicere
2886 5403 3143 5459 solemus.
3175 5402 3360 5459 Restat
3383 5419 3511 5474 ergo
3535 5411 3597 5459 ut

2015 5499 2069 5554 in
2091 5500 2308 5553 istorum
2331 5511 2581 5552 sensuum
2604 5496 2869 5566 voluptate
2890 5494 2940 5550 id
2965 5496 3033 5551 ad
3056 5496 3313 5553 rationem
3330 5497 3598 5567 pertinere

2016 5590 2295 5658 fateamur,
2322 5590 2410 5645 ubi
2434 5589 2677 5660 quaedam
2700 5589 2960 5645 dimensio
2988 5598 3071 5645 est
3096 5599 3254 5661 atque
3283 5589 3593 5645 modulatio.

2087 5683 2178 5738 54.
2219 5682 2398 5752 itaque
2427 5682 2480 5736 in
2507 5683 2610 5737 hoc
2636 5682 2751 5752 ipso
2779 5681 3000 5737 aedilicio
3022 5681 3228 5752 singula
3257 5682 3394 5738 bene
3418 5680 3596 5737 consi-

2082 5825 2099 5855 ι
2124 5821 2365 5894 t_.ov.,‘alit'
2384 5835 2496 5894 uero
2516 5836 2682 5879 sensus
2704 5822 2755 5885 in
2775 5822 3009 5894 voluptate
3042 5837 3147 5876 sua.
3165 5831 3221 5875 At
3254 5823 3425 5877 ceteri
3457 5820 3594 5884 add»

2013 5896 2109 5938 παι
2123 5885 2173 5937 t'n
2194 5885 2427 5949 υοὰφιαιε
2449 5898 2547 5936 sua.
