2048 3184
255 207 319 236 1011

250 267 385 300 derantes,
395 274 448 295 non
455 274 598 303 possumus
607 274 660 294 non
670 266 768 294 oil‘endi
776 265 847 301 quod
857 273 937 293 unum
946 265 1042 292 ostium

251 315 373 344 videmus
385 314 412 342 in
422 314 516 348 latere,
527 315 639 342 alterum
651 321 734 349 prope
747 314 773 340 in
787 312 884 346 medio,
894 320 943 340 nec
954 316 1042 339 tamen

250 364 280 391 in
289 361 379 390 medio
388 361 558 390 collocatum.
569 360 672 396 Quippe
683 360 710 387 in
722 359 803 388 rebus
816 358 958 392 fabricatis,
970 358 1042 385 nulla

249 412 363 445 cogente
376 407 550 441 necessitate,
566 406 654 442 iniqua
671 406 802 434 dimensio
823 406 936 441 partium
955 405 1042 433 facere

250 443 303 490 ipsi
316 454 436 491 aspectui
450 454 521 482 velut
534 449 675 489 quamdam
688 452 792 480 videtur
811 452 945 487 iniuriam.
965 451 1042 486 Quod

250 505 339 529 autem
350 500 421 528 intus
432 504 486 528 tres
495 500 629 532 fenestrae,
641 507 693 527 una
704 499 732 526 in
741 498 839 531 medio,
851 499 910 527 duae
923 506 937 525 a
950 498 1041 526 lateri-

250 545 312 580 bus,
321 545 585 584 paribusintervallis
595 536 663 573 solio
676 545 685 561 ¹
699 545 788 573 lumen
800 544 949 578 infundunt,
962 552 1041 579 quam

249 598 302 620 nos
313 588 426 619 delectat
436 591 588 627 diligentius
599 591 742 624 intuentes,
759 598 891 626 quamque
903 591 930 618 in
941 597 971 618 se
984 590 1042 618 ani-

249 646 324 666 mum
338 638 417 674 rapit,
427 638 567 667 manifesta
581 646 625 666 res
637 642 688 672 est,
702 646 752 666 nec
765 638 854 666 multis
864 638 952 666 verbis
966 638 1042 666 vobis

249 683 402 719 aperienda.
423 683 500 712 Unde
514 684 565 719 ipsi
577 683 715 712 architecti
727 683 783 718 5am
803 690 852 710 suo
865 683 947 711 verbo
961 683 1043 710 ratio-

249 737 312 757 nem
332 730 410 758 istam
429 733 541 763 vocant;
555 734 582 757 et
599 733 690 764 partes
712 728 871 756 discorditer
888 728 1040 762 collocatas,

249 775 342 804 dicunt
356 783 409 804 non
422 776 521 804 habere
530 776 670 804 rationem.
691 774 767 809 Quod
779 775 831 802 late
840 779 921 809 patet,
930 781 962 802 ac
974 781 1042 809 pene

248 821 278 850 in
289 829 384 850 omnes
394 826 466 850 artes
479 829 612 857 operaque
629 822 744 849 humana
757 821 921 848 diffunditur.
941 820 1000 848 Jam
1014 821 1041 849 in

248 867 423 903 caminibus,
439 868 467 896 in
481 868 577 903 quibus
589 868 653 896 item
667 868 780 895 dicimus
793 875 852 895 esse
863 868 992 895 rationem
1007 868 1041 895 ad

248 913 411 949 voluptatem
425 914 528 942 aurium
544 914 734 949 pertinentem,
747 913 806 949 quis
821 921 873 941 non
888 913 985 941 sentiat
998 913 1041 940 di-

248 959 415 987 mensionem
429 967 488 987 esse
503 960 584 987 totius
596 959 675 995 hujus
690 959 825 987 suavitatis
838 959 978 994 opiﬁcem?
988 959 1041 987 Sed

247 1004 379 1034 histrione
393 1006 520 1040 saltante,
535 1013 596 1033 cum
616 1006 684 1033 bene
698 1005 877 1041 spectantibus
896 1010 986 1040 gestus
1001 1006 1042 1034 illi

247 1059 345 1080 omnes
355 1053 429 1088 signa
442 1052 496 1080 sint
507 1060 606 1085 rerum,
618 1053 739 1087 quamvis
751 1052 931 1080 membrorum
944 1060 1040 1080 nume-

247 1106 326 1127 rosus
336 1098 444 1133 quidam
457 1102 544 1125 motus
555 1098 648 1126 oculos
657 1097 751 1126 eadem
762 1098 805 1125 illa
818 1098 983 1125 dimensione
994 1098 1041 1126 de<

246 1144 345 1177 Iactet,
358 1144 455 1171 dicitur
473 1147 563 1171 tamen
585 1143 750 1171 rationabilis
771 1144 816 1171 illa
835 1144 955 1178 saltatio,
969 1144 1040 1179 quod

245 1189 316 1219 bene
327 1189 426 1225 aliquid
439 1190 570 1225 signiﬁcet
588 1194 617 1217 et
633 1190 770 1223 ostendat,
786 1195 896 1225 excepta
913 1197 1040 1219 sensuum

245 1236 391 1271 voluptate.
410 1235 468 1264 Non
481 1235 564 1269 enim,
579 1236 602 1264 si
614 1240 756 1271 pennatam
769 1236 898 1264 Venerem
914 1237 1003 1270 faciat,
1013 1241 1041 1266 et

246 1283 401 1318 Cupidinem
424 1283 576 1318 palliatum,
588 1284 710 1319 quamvis
731 1284 757 1311 id
773 1284 839 1312 mira
858 1286 1040 1313 membrorum

246 1328 365 1357 motione
381 1333 461 1365 atque
479 1329 656 1357 eoliocatmne
670 1329 811 1364 depingat,
824 1330 916 1358 oculos
937 1330 1041 1359 videtur

245 1373 394 1407 offendere;
405 1373 453 1402 sed
463 1381 511 1409 per
519 1374 611 1402 oculos
624 1374 753 1407 animum,
760 1375 802 1402 cui
812 1382 899 1402 rerum
910 1375 983 1411 signa
994 1377 1039 1404 illa

246 1423 444 1447 monstrantur:
456 1427 517 1447 nam
526 1419 598 1447 oeuli
607 1420 815 1454 oti‘end‘erentur,
829 1421 851 1448 si
863 1429 916 1448 non
929 1421 1040 1457 pulchre

246 1469 411 1493 moveretur.
431 1465 489 1493 Hoc
508 1465 580 1493 enim
599 1465 747 1501 pertinebat
763 1466 796 1493 ad
815 1474 933 1500 sensum,
943 1468 969 1495 in
986 1475 1040 1503 quo

246 1510 336 1538 anima
347 1518 381 1539 eo
393 1510 452 1546 ipso
464 1510 535 1546 quod
549 1511 631 1538 mixta
648 1515 689 1538 est
700 1512 824 1546 corpori,
838 1513 948 1547 percipit
960 1514 1038 1541 volu-

245 1560 356 1591 ptatem.
371 1556 450 1584 Aliud
469 1564 534 1592 ergo
552 1563 664 1591 sensus,
675 1557 745 1585 aliud
766 1565 814 1592 per
831 1563 938 1585 sensum
953 1567 961 1586 :
976 1566 1038 1587 nam

243 1609 353 1631 sensum
364 1603 462 1631 mulcet
472 1603 584 1638 pulcher
592 1608 696 1636 motus;
708 1611 756 1638 per
763 1610 871 1631 sensum
881 1608 970 1632 autem
981 1606 1038 1634 ani-

245 1656 320 1677 mum
331 1649 416 1677 solum
427 1649 536 1685 pulchra
549 1650 575 1677 in
586 1654 661 1677 motu
672 1650 838 1685 signiﬁcatio.
854 1651 911 1679 Hoc
920 1652 999 1679 etiam
1009 1652 1037 1680 in

245 1694 354 1723 auribus
363 1695 466 1723 facilius
476 1696 623 1723 advertitur
634 1704 641 1722 :
653 1704 715 1723 nam
727 1696 854 1731 quidquid
864 1697 980 1731 jucunde
991 1706 1037 1725 so-

244 1743 307 1774 nat,
318 1741 382 1769 illud
398 1742 478 1775 libet,
494 1745 573 1777 autne
591 1742 679 1777 ipsum
696 1742 815 1769 auditum
835 1742 909 1770 illieit
922 1744 932 1759 ¹
945 1752 952 1777 ;
964 1743 1036 1779 quod

242 1790 332 1814 autem
346 1791 395 1821 per
417 1786 541 1814 eumdem
560 1793 655 1814 sonum
672 1787 740 1814 bene
754 1787 930 1823 significatur,
944 1789 1037 1816 nuntio

243 1832 350 1867 quidem
361 1833 475 1867 aurium,
488 1833 535 1860 sed
546 1833 580 1861 ad
592 1833 675 1860 solam
686 1838 802 1861 mentem
811 1834 935 1862 refertur.
946 1834 1037 1870 Itaque

241 1884 303 1905 cum
317 1878 439 1906 audimus
453 1878 512 1906 illos
525 1885 637 1906 versus:

302 1923 363 1954 Quid
373 1927 466 1950 tantum
476 1928 570 1950 oceano
581 1928 713 1956 properent
723 1929 753 1950 se
762 1924 861 1957 tingere
870 1924 938 1951 soles

303 1966 412 1997 Hiberni,
420 1965 461 1992 vei
471 1972 527 1998 qua;
538 1966 613 1991 tardis
623 1973 690 1992 mora
700 1967 812 1992 metilius
821 1967 919 1998 obstet;

489 2006 580 2040 (μίτρη
593 2011 676 2040 Georg.
689 2007 730 2033 lib.
743 2007 767 2039 2,
778 2014 840 2034 vers.
852 2008 908 2039 480,
919 2007 986 2041 481.)

243 2048 322 2077 aliter
333 2053 417 2077 metra
431 2049 578 2083 laudamus,
589 2050 719 2085 aliterque
731 2051 891 2079 sententiam
903 2060 911 2079 :
921 2059 970 2079 nec
984 2052 1034 2080 sub

242 2095 335 2123 eodem
342 2091 479 2124 intellectu
485 2096 607 2131 dicimus,
618 2096 820 2125 Rationabiliter
831 2102 925 2131 sonat;
940 2102 976 2133 et,
991 2105 1034 2126 ra-

240 2139 403 2168 tionabiliter
416 2141 515 2169 dictum
528 2146 579 2169 est.

241 2184 356 2215 CAPUT
364 2187 658 2224 Xll.—Discipliuarum
666 2188 778 2215 omnium
785 2189 949 2224 mogitatria
955 2189 1031 2218 ratio.

281 2228 387 2256 Occasio
396 2229 581 2257 vocabulorum.
595 2228 700 2257 Occasio
710 2230 858 2257 litterarum.
871 2230 976 2259 Occasio
985 2239 1034 2258 nu-

279 2282 416 2303 merorum.
431 2275 535 2303 Occasio
547 2276 703 2303 discretionis
716 2276 864 2311 litterarum,
878 2277 1032 2313 syllabarum

275 2326 299 2350 et
310 2321 451 2350 verborum.
469 2322 572 2350 Occasio
585 2323 706 2351 historia.

275 2368 320 2398 55.
334 2368 405 2404 Ergo
416 2367 472 2404 jam
483 2368 532 2395 tria
542 2376 639 2404 genera
651 2373 713 2397 sunt
725 2377 815 2397 rerum
828 2370 959 2409 imquibus
968 2372 1032 2399 illud

238 2414 398 2443 rationabile
408 2418 527 2449 apparet.
543 2413 629 2442 Unum
643 2418 685 2442 est
698 2414 725 2442 in
736 2414 812 2443 iactis
827 2415 860 2443 ad
873 2416 986 2452 aliquem
999 2417 1032 2443 ﬁ-

235 2468 301 2490 nem
314 2460 421 2494 relatis,
438 2460 550 2488 alterum
571 2461 597 2488 in
612 2460 726 2488 dicendo
740 2461 751 2477 ³
762 2482 769 2495 ,
785 2463 891 2489 tertium
910 2463 936 2490 in
955 2463 1033 2491 dele-

234 2505 344 2535 ctando.
360 2506 478 2533 Primum
488 2513 538 2534 nos
550 2506 676 2534 admonet
687 2506 752 2534 nihil
764 2511 862 2535 temere
875 2507 976 2541 facere;
987 2516 1032 2536 so-

236 2552 355 2580 cundum
365 2573 373 2585 ,
385 2556 457 2580 recte
471 2551 587 2585 docere;
603 2552 722 2580 ultimum
733 2572 742 2586 ,
756 2552 834 2581 beate
848 2554 1030 2589 contemplari.

238 2599 267 2626 ln
284 2600 403 2628 moribus
416 2603 458 2628 est
472 2600 536 2627 illud
550 2600 685 2635 superius;
700 2599 758 2627 haec
776 2605 863 2628 autem
881 2600 933 2628 duo
948 2601 974 2628 in
989 2601 1031 2628 di-

237 2646 365 2681 sciplinis,
379 2647 414 2674 de
428 2647 523 2682 quibus
536 2654 606 2674 nunc
619 2647 733 2681 agimus.
751 2646 871 2682 Namque
885 2647 948 2674 illud
960 2648 1032 2682 quod

240 2691 267 2719 in
285 2692 360 2720 nobis
372 2696 413 2720 est
425 2693 570 2726 rationale,
585 2692 611 2720 id
623 2697 680 2726 est,
694 2692 764 2728 quod
778 2693 881 2721 ratione
894 2693 992 2728 utitur,
1005 2698 1033 2722 et

271 2761 278 2776 ¹
291 2763 329 2792 Er.
337 2765 366 2792 et
375 2759 511 2791 tov.,sotis.
519 2764 605 2786 AUISS.
618 2760 744 2786 duodecim
755 2760 809 2786 Bad.
823 2763 848 2787 et
860 2762 983 2792 Am.,solio
994 2761 1031 2787 tu-

237 2798 293 2823 men
302 2790 446 2823 infandwu;
459 2792 483 2816 id
498 2796 545 2822 est,
557 2792 700 2817 balnearum
711 2793 760 2818 vasi
771 2793 811 2818 cui
823 2790 958 2819 insidentes
968 2794 1033 2819 lava-

236 2822 343 2854 bantur;
354 2823 386 2848 de
397 2829 445 2854 quo
455 2829 527 2854 supra
536 2840 543 2852 ,
555 2831 579 2848 n.
591 2822 630 2848 52.

270 2855 314 2878 ²1Ῑι
334 2856 360 2887 βε
372 2861 379 2878 :
389 2853 448 2878 Nam
464 2853 581 2887 quidquid
599 2854 705 2885 jucunde
722 2858 804 2886 sonat,
818 2854 886 2887 illum
902 2855 981 2887 ipsum
989 2862 1031 2882 au-

237 2884 315 2920 ditum
331 2884 387 2910 libet
402 2884 474 2920 atque
487 2884 565 2920 illisitr
579 2884 716 2920 lectionem
727 2889 764 2920 με.
778 2884 812 2911 Er.
823 2886 891 2912 Guill.
905 2884 964 2913 ven.
975 2891 1028 2914 ιον.

236 2918 290 2940 Iov.
300 2920 351 2941 Par.
364 2917 440 2947 secuti
451 2920 542 2945 sumus,
549 2917 587 2947 uti
599 2917 782 2947 przei'erendam.
800 2921 827 2942 Μ.

269 2947 279 2963 ⁸
290 2951 315 2973 tn
326 2952 377 2973 mss.
389 2946 514 2980 plurimis,
527 2946 650 2978 discendo,

834 208 878 236 DE
897 207 1034 240 ORDINE,
1055 205 1083 234 ὃ.
1105 206 1291 238 AUGUSTlNl

1075 2545 1215 2579 .vei'iusalii
1226 2546 1292 2575 cdd,
1301 2545 1456 2572 calatum.
1466 2551 1514 2572 Hoc
1521 2548 1618 2573 nomine
1627 2565 1633 2578 ,
1642 2554 1685 2579 (Illt,

1816 217 1892 247 Ml!

1096 267 1261 296 rationabilia
1276 269 1317 296 vel
1330 269 1392 298 facit
1405 271 1447 298 vel
1467 272 1597 307 sequitur,
1612 273 1672 309 quia
1689 273 1803 302 naturali
1819 283 1892 311 quo-

1096 312 1156 340 dam
1165 314 1269 342 vinculo
1279 315 1304 342 in
1313 323 1404 344 eorum
1415 318 1541 346 societate
1548 319 1753 355 astiingebatur,
1760 326 1820 348 cum
1829 322 1894 357 qui—

1095 359 1145 387 bus
1155 359 1193 388 illi
1204 365 1260 388 erat
1271 362 1337 389 ratio
1347 362 1403 397 ipsa
1413 365 1570 397 communis,
1580 373 1630 393 nec
1638 365 1738 394 homini
1749 366 1831 395 homo
1840 369 1894 396 ﬁr-

1095 407 1213 435 missime
1228 408 1323 436 sociari
1335 415 1434 445 posset,
1451 410 1502 438 nisi
1514 412 1729 447 colloquerentur
1738 435 1746 447 ,
1759 418 1839 449 atque
1852 415 1893 442 ita

1095 453 1145 481 sibi
1156 459 1257 482 mentes
1267 463 1329 483 suas
1338 457 1564 493 cogitationesque
1572 459 1648 493 quasi
1659 459 1840 494 refu'nderent,
1850 461 1895 488 vl-

1095 498 1133 526 dit
1145 507 1204 528 esse
1222 500 1382 536 imponenda
1396 503 1476 531 rebus
1489 504 1626 537 voeabula,
1639 504 1666 532 iii
1680 509 1722 533 est
1733 506 1892 541 signiﬁcan-

1096 546 1137 570 tes
1149 543 1277 577 quosdam
1291 550 1387 577 sonos:
1401 549 1439 578 ut,
1448 546 1574 580 quoniam
1588 547 1686 575 sentire
1702 547 1806 575 animos
1824 553 1892 576 suos

1095 595 1149 615 non
1162 592 1302 623 poterant,
1315 589 1348 617 ad
1359 597 1407 618 eos
1418 590 1470 618 sibi
1484 591 1646 626 copulandoa
1659 599 1740 620 sensu
1753 594 1830 628 quasi
1844 593 1891 621 in—

1096 639 1212 669 terprete
1230 639 1377 664 uterentur.
1396 635 1450 665 Sed
1469 636 1555 665 audiri
1573 638 1721 666 absentium
1737 639 1820 667 verba
1833 644 1891 668 non

1095 685 1236 716 poterant:
1249 688 1313 717 ergo
1325 682 1371 709 illa
1385 682 1452 710 ratio
1465 683 1567 718 peperit
1581 684 1683 712 litteras
1692 705 1700 718 ,
1715 686 1812 713 notatis
1825 690 1889 713 om;

1095 727 1172 754 nibus
1181 727 1236 755 oris
1245 734 1277 755 ac
1285 728 1382 763 lingua
1392 729 1474 761 sonis,
1483 734 1563 764 atque
1571 729 1701 758 discretis.
1715 731 1787 759 Nihil
1796 736 1889 760 autem

1095 772 1189 800 horum
1199 773 1287 801 facere
1297 778 1409 808 poterat,
1419 775 1441 802 si
1453 775 1595 803 multitudo
1604 784 1692 804 rerum
1703 778 1761 805 sine
1770 779 1890 813 quodam

1095 818 1182 846 deﬁxo
1198 819 1311 847 termino
1321 819 1424 848 inﬁnite
1434 825 1525 855 patere
1539 821 1682 850 videretur.
1699 823 1769 858 Ergo
1787 825 1890 852 utilitas

1094 865 1250 892 numerandi
1261 873 1354 900 magna
1367 866 1525 894 necessitate
1536 868 1716 895 animadversa
1725 874 1775 896 est.
1785 869 1889 902 Quibus

1094 910 1197 938 duobus
1212 912 1323 946 repertis
1332 932 1339 945 ,
1354 916 1415 939 nata
1427 916 1468 939 est
1480 912 1525 939 illa
1538 913 1704 941 librariorum
1725 919 1752 942 et
1767 915 1890 943 calculo-

1094 963 1157 983 num
1171 956 1301 991 professio
1317 957 1325 973 ⁵
1337 977 1345 990 ,
1357 958 1429 985 velut
1442 958 1563 993 quaedam
1572 961 1751 994 grammaticae
1763 960 1888 996 infantia,

1094 1009 1172 1036 quam
1180 1002 1263 1029 Varro
1271 1003 1458 1031 litterationem
1464 1008 1540 1031 vocat
1548 1013 1554 1031 :
1562 1012 1647 1039 graece
1657 1009 1744 1034 autem
1751 1007 1891 1042 quomodo

1094 1048 1250 1082 appelletur,
1266 1056 1317 1076 non
1331 1050 1395 1077 satis
1408 1050 1434 1077 in
1448 1051 1589 1085 praesentia
1602 1052 1701 1079 recolo.

1129 1094 1173 1121 56.
1185 1094 1329 1129 Progressa
1337 1095 1432 1124 deinde
1440 1096 1507 1123 ratio
1515 1097 1701 1125 animadvertit
1711 1097 1822 1126 eosdem
1831 1099 1890 1127 oris

1094 1146 1174 1167 sonos
1186 1139 1281 1175 quibus
1294 1140 1477 1175 loqueremur,
1491 1146 1518 1169 et
1535 1149 1602 1178 quos
1615 1142 1712 1171 litteris
1723 1144 1779 1179 jam
1796 1144 1890 1179 signa-

1093 1190 1177 1219 verat,
1191 1186 1257 1213 allos
1270 1188 1329 1214 esse
1343 1187 1388 1222 qui
1400 1186 1537 1216 moderato
1550 1189 1622 1217 varie
1636 1189 1719 1223 hiatu,
1733 1190 1807 1225 quasi
1821 1198 1889 1219 eno-

1093 1230 1147 1258 dati
1160 1235 1193 1259 ac
1204 1232 1347 1267 simplices,
1360 1232 1477 1261 faucibus
1490 1234 1547 1262 sine
1562 1234 1616 1261 ulla
1627 1234 1769 1263 collisione
1782 1228 1888 1263 deﬁne—

1092 1280 1153 1304 i-ent
1163 1298 1171 1310 ,
1187 1277 1253 1312 alios
1263 1277 1368 1305 diverso
1382 1282 1476 1313 pressu
1487 1279 1551 1313 oris,
1565 1281 1657 1307 tenere
1669 1282 1757 1308 tamen
1769 1279 1889 1316 auehere

1092 1321 1206 1356 senum:
1221 1325 1355 1352 extremos
1366 1327 1454 1353 autem
1468 1325 1513 1361 qui
1526 1326 1577 1353 niSi
1589 1325 1720 1361 adiunctis
1728 1326 1781 1355 sibi
1792 1324 1888 1363 primis

1092 1372 1232 1404 erumpere
1243 1377 1296 1398 non
1306 1370 1434 1398 valerent.
1448 1370 1540 1407 Itaque
1551 1371 1652 1400 litteras
1663 1372 1713 1400 lio‘c
1725 1371 1819 1402 'oi'dlii'e
1832 1372 1888 1410 quo

1092 1414 1220 1450 exposita
1233 1419 1303 1450 sunt,
1315 1416 1612 1451 vo“cales,.Semivo‘cales
1622 1423 1649 1446 et
1660 1418 1746 1447 mutas
1760 1417 1886 1448 nomina-

1092 1462 1139 1489 vit.
1155 1462 1255 1491 Deinde
1268 1463 1382 1499 syllabas
1395 1466 1510 1493 notavit:
1524 1464 1620 1494 deinde
1634 1468 1714 1495 verba
1724 1467 1750 1495 in
1765 1468 1824 1497 octo
1837 1472 1886 1505 εξε-

1091 1513 1155 1534 nera
1167 1507 1317 1544 formasque
1325 1507 1425 1544 digesta
1436 1515 1508 1543 sunt;
1519 1512 1658 1547 omnisque
1669 1512 1771 1540 illorun'i
1783 1519 1884 1548 motus,

1091 1552 1238 1588 integritas,
1246 1554 1379 1589 junctum,
1392 1557 1475 1590 perite
1486 1558 1666 1592 subtiliterque
1676 1557 1799 1586 distincta
1810 1557 1883 1588 sunt.

1091 1599 1154 1627 lnde
1168 1599 1223 1634 jam
1240 1607 1411 1628 numerorum
1432 1607 1458 1629 ct
1477 1602 1647 1630 dimetisionis
1668 1611 1719 1631 non
1731 1604 1883 1640 immemor,

1089 1645 1186 1680 adjecit
1199 1646 1317 1674 animum
1330 1648 1357 1675 in
1376 1647 1447 1682 ipsas
1464 1655 1559 1676 vocum
1574 1651 1601 1676 ct
1620 1649 1780 1685 syllabarum
1796 1652 1884 1680 varias

1089 1699 1195 1724 moras;
1206 1695 1284 1727 atque
1295 1691 1356 1720 inde
1366 1693 1449 1728 spatia
1460 1694 1587 1729 temporis
1598 1695 1647 1722 alia
1659 1694 1746 1731 dupla,
1756 1696 1808 1724 alia
1819 1697 1885 1725 sim;

1089 1736 1132 1771 pla
1153 1739 1214 1764 esse
1233 1737 1378 1772 comperit,
1393 1738 1487 1773 quibus
1509 1739 1592 1775 longre
1607 1739 1753 1775 brevesque
1773 1742 1884 1775 syllabae

1090 1781 1270 1809 tenderentur.
1290 1782 1394 1810 Notavit
1409 1784 1487 1811 etiam
1507 1784 1556 1811 ista
1566 1805 1574 1819 ,
1589 1789 1616 1813 et
1630 1785 1656 1813 in
1675 1787 1780 1821 regulas
1794 1792 1883 1816 certas

1088 1826 1226 1862 disposuit.

1123 1872 1167 1900 37.
1181 1872 1288 1900 Poterat
1299 1873 1353 1908 jam
1369 1873 1485 1908 perfecta
1495 1882 1554 1903 esse
1567 1873 1745 1911 grammatica,
1755 1876 1803 1904 sed
1817 1877 1882 1913 quia

1087 1917 1145 1952 ipso
1165 1919 1272 1946 nomine
1289 1918 1407 1953 proﬁteri
1425 1927 1455 1947 se
1468 1919 1569 1948 litteras
1590 1920 1701 1955 clamat,
1715 1922 1785 1949 unde
1799 1922 1881 1951 etiam

1086 1962 1169 1991 latine
1176 1964 1322 1991 litteratura
1330 1964 1435 1998 dicitur,
1443 1964 1540 1993 factum
1551 1970 1593 1994 est
1601 1971 1629 1994 ut
1637 1967 1764 2002 quidquid
1772 1966 1880 2003 dignum

1087 2010 1214 2037 memoria
1228 2009 1323 2037 iitteris
1334 2009 1514 2044 mandaretur,
1525 2010 1559 2038 ad
1576 2019 1635 2039 eam
1652 2013 1806 2040 necessario
1820 2019 1880 2048 per-

1087 2055 1192 2083 tineret.
1208 2055 1297 2090 itaque
1310 2062 1392 2082 unum
1406 2054 1512 2091 quidem
1523 2064 1632 2090 nomen,
1646 2057 1694 2085 sed
1707 2064 1752 2086 res
1764 2057 1876 2093 inﬁnita,

1085 2101 1234 2136 multiplex,
1248 2104 1371 2129 curarum
1383 2101 1485 2136 pienior
1498 2106 1577 2138 quam
1590 2099 1762 2138 jucundita'tis
1775 2107 1820 2132 aut
1831 2111 1878 2132 ve-

1085 2147 1180 2181 ritatis,
1193 2147 1254 2176 huic
1267 2147 1413 2183 disciplima
1426 2149 1539 2176 accessit
1552 2147 1672 2183 historia,
1685 2149 1737 2178 n‘on
1750 2148 1801 2178 taiil
1813 2149 1878 2187 ipsis

1084 2192 1218 2221 historicis
1228 2200 1306 2229 quam
1316 2194 1494 2229 grammaticis
1504 2193 1643 2224 laboriosa.
1655 2192 1720 2230 Quis
1729 2197 1801 2224 enim
1810 2190 1878 2226 ferat

1084 2239 1234 2274 imperitum
1250 2239 1333 2268 videri
1347 2239 1482 2269 hominem
1497 2242 1542 2277 qui
1558 2242 1662 2270 volasse
1674 2239 1807 2270 nudatum
1821 2243 1877 2272 non

1085 2286 1214 2320 audierit;
1230 2284 1385 2315 mendacem
1399 2287 1471 2315 illum
1491 2289 1536 2324 qui
1553 2287 1658 2317 ﬁnxerit
1672 2289 1693 2323 ‘,
1708 2283 1816 2317 Stultum
1830 2286 1877 2325 qui

1084 2330 1235 2365 crediderit,
1245 2331 1424 2367 impudentem
1435 2334 1479 2369 qui
1490 2331 1700 2371 intenogave‘r‘n,
1711 2337 1763 2363 non
1774 2329 1876 2364 videri?

1085 2381 1130 2406 aut
1142 2379 1169 2406 in
1184 2376 1237 2414 quo
1252 2377 1359 2407 nostros
1371 2378 1514 2409 familiares
1529 2381 1644 2417 graviter
1657 2380 1777 2410 miserari
1791 2383 1888 2416 Soleo,-

1084 2426 1129 2461 qui
1143 2426 1165 2453 si
1176 2427 1228 2454 n'o'ii
1243 2426 1428 2462 rbspon‘derin‘t
1438 2427 1500 2463 quid
1511 2427 1602 2456 vocata
1616 2429 1650 2456 sit
1662 2434 1745 2457 mater
1758 2430 1873 2465 Euryali,

1116 2514 1126 2530 ι
1135 2513 1189 2539 uad.
1203 2517 1229 2540 et
1239 2514 1292 2540 mss.
1303 2514 1412 2540 nonnulli
1423 2514 1514 2542 habent
1535 2511 1683 2541 catenarum
1710 2512 1817 2543 τδρδεῖὸ,
1830 2507 1875 2543 sed

1116 2546 1166 2570 rius
1176 2545 1215 2570 alii
1226 2546 1292 2572 cdd.
1301 2545 1456 2572 calatum.
1466 2551 1514 2572 Hoc
1521 2548 1618 2572 nomine
1627 2565 1633 2572 .
1642 2520 1727 2572 «nega
1738 2517 1874 2572 {exima-

1084 2554 1166 2572 venus
1176 2554 1215 2570 ain
1226 2554 1292 2575 cum,
1301 2554 1456 2572 catmum.
1466 2554 1514 2572 mc
1521 2554 1618 2573 nomine
1627 2565 1633 2578 ,
1642 2554 1705 2579 qum
1713 2554 1727 2573 a
1740 2554 1874 2579 icxicogra-

1147 2576 1271 2615 plerisqiie
1283 2578 1469 2615 praetermissum
1478 2581 1516 2615 est
1524 2596 1532 2608 ,
1550 2579 1695 2615 vocabantur
1706 2580 1765 2603 olim

1083 2606 1162 2644 ζῷα-ἶ,
1171 2608 1211 2644 qui
1220 2606 1504 2644 primiptieroslegendl,
1512 2606 1631 2644 scribendi
1641 2613 1665 2644 et
1673 2607 1814 2644 numerandi
1821 2610 1862 2644 art;

1084 2639 1227 2675 imbuendos
1236 2639 1399 2675 suscipiebant
1411 2646 1417 2664 :
1430 2646 1478 2675 quo
1486 2640 1596 2675 pertinet
1607 2640 1665 2675 illud
1680 2640 1735 2675 Julii
1751 2640 1866 2675 Qapitqliii

1084 2669 1243 2706 inAi’ertinace
1254 2677 1260 2694 :
1275 2679 1289 2703 ⁴ιι
1300 2669 1360 2706 Puer
1372 2669 1459 2706 litteris
1471 2669 1636 2706 elementariis
1650 2674 1679 2706 et
1694 2669 1790 2706 calculo
1797 2671 1875 2706 nnba-

1087 2709 1100 2724 ι
1110 2701 1157 2725 tus.
1167 2709 1178 2723 υ
1191 2700 1321 2733 Itenrqnod
1330 2701 1474 2733 Augustinus
1485 2700 1526 2726 lib.
1538 2700 1549 2726 1
1562 2701 1626 2726 conf.
1637 2701 1687 2733 ciip.
1700 2700 1728 2726 l3
1736 2703 1784 2726 ait:
1798 2711 1809 2725 α
1818 2701 1875 2729 Ada-

1088 2739 1100 2756 ι
1109 2738 1233 2768 mai/eram
1251 2731 1344 2768 litteras
1362 2732 1463 2768 latinas,
1476 2738 1531 2768 non
1546 2737 1607 2768 quas
1622 2731 1691 2763 primi
1699 2733 1818 2768 ιῃειδὶςιτῇ,
1830 2733 1876 2757 sed

1088 2771 1100 2787 α
1110 2769 1170 2794 quas
1180 2763 1268 2787 docent
1283 2763 1324 2794 qui
1344 2763 1482 2788 mammatici
1493 2763 1608 2788 vocantur
1621 2771 1627 2789 :
1641 2770 1695 2788 nam
1707 2763 1760 2788 illas
1770 2764 1874 2794 primas,

1087 2800 1099 2817 ι
1109 2793 1150 2818 ubi
1162 2792 1249 2825 legere
1262 2797 1287 2818 et
1305 2771 1414 2829 scabere
1427 2798 1453 2829 et
1463 2794 1711 2829 numeraredisciiur,
1730 2794 1875 2829 nonﬂuiiu‘us

1088 2833 1099 2848 ι
1109 2831 1224 2860 onerosus
1235 2824 1397 2860 [insontesque
1405 2824 1533 2860 habebam.
1541 2833 1564 2860 ιη
1573 2826 1632 2850 Hinc
1641 2825 1743 2860 demum
1751 2824 1875 2860 intelliges

1087 2865 1099 2879 ι
1107 2855 1167 2887 illud
1176 2855 1322 2885 Tertulliani,
1334 2855 1376 2880 lib.
1382 2855 1415 2880 de
1423 2855 1502 2886 Pallio,
1514 2857 1539 2881 in
1550 2856 1598 2881 line
1608 2863 1632 2881 :«
1642 2858 1731 2882 Primus
1739 2856 1875 2887 biturum);

1086 2886 1249 2920 (litterarum,
1260 2890 1285 2911 et
1294 2888 1385 2918 primus
1389 2887 1504 2914 enodator
1512 2887 1586 2920 vocis,
1596 2891 1622 2913 et
1626 2887 1717 2919 primus
1721 2886 1875 2913 numerorum

1053 2922 1055 2924 ‘
1086 2928 1098 2943 ι
1108 2918 1239 2942 areuarius.
1252 2925 1263 2940 ι

1033 2951 1035 2953 ’
1134 2948 1246 2981 Plerique
1254 2952 1318 2980 Mss,
1329 2945 1429 2976 dixerit.
