2048 3184
145 193 230 221 Ιθιὸ

142 254 319 280 accusantur
345 247 456 277 inscitiae
468 255 475 281 ;
487 248 546 275 eum
560 246 608 282 ipsi
619 253 676 279 eos,
687 253 702 273 a
714 245 806 281 quibus
817 253 847 272 ea
861 252 953 279 rogan-

143 302 207 330 tur,
223 304 308 325 vanos
319 301 344 323 et
359 296 473 331 ineptos,
486 301 535 321 nec
546 293 665 320 curiosos
674 292 791 319 audeant
802 291 956 326 appellare?

190 344 313 372 CAPUT
328 342 435 370 Χ111.-›
448 340 596 368 Dialecliees
614 344 637 366 et
656 339 790 366 rhetorices
809 338 927 365 inventio.

186 392 240 419 58.
255 391 301 419 illa
315 390 394 425 igitur
404 389 471 416 ratio
487 388 495 404 ί
510 387 625 422 perfecta
637 386 956 421 diSpositaqttegramma-

145 439 222 473 lica,
231 438 364 466 admonita
377 441 417 464 est
428 443 547 471 qumrere
556 439 635 469 atque
643 433 779 461 attendere
789 432 859 459 hanc
871 432 956 466 ipsam

143 489 208 511 Vim
220 505 228 518 ,
241 492 291 519 qua
307 483 408 519 peperit
421 487 521 509 artem:
539 488 597 507 nam
613 488 670 507 eam
684 478 851 510 deliuir-ndo,
864 477 955 504 distri—

145 530 277 563 bucndo,
291 528 448 563 colligendo,
464 535 516 554 non
531 527 617 553 solum
629 526 774 560 digesserat
787 528 866 558 atque
881 523 954 549 oidi-

147 581 289 609 naverat,
305 582 398 602 verum
418 574 451 601 ab
471 572 543 600 omni
568 572 646 599 etiam
669 570 790 597 falsitatis
813 569 956 603 irreptione

146 623 324 650 defenderat.
335 620 446 654 Quando
461 627 524 653 ergo
539 618 663 645 transiret
678 616 709 643 ad
726 616 775 642 alia
791 615 952 645 fabricanda,

148 670 207 696 nisi
225 670 280 703 ipsa
293 675 338 694 sua
353 667 424 701 prius
435 665 509 700 qttasi
521 664 641 699 quietiam
654 662 865 689 machinmncnla
876 666 902 686 et
914 661 954 686 in-

147 719 306 742 strumenta
316 714 502 747 distingueret,
512 710 770 744 notaret,digt-reret,
779 708 955 743 proderetque

149 762 243 796 ipsam
252 760 417 794 disciplinam
428 758 637 792 disciplinarum,
648 764 726 791 quam
736 756 902 783 dialecticam
913 763 956 781 v0-

150 807 238 834 cant?
252 806 314 834 liazc
324 805 400 832 docet
414 804 519 836 docere,
532 804 588 829 ha-c
602 803 679 829 docet
690 801 792 828 discere
804 810 810 833 ;
824 801 849 827 in
865 800 913 826 hac
927 808 956 827 se

151 853 215 887 ipsa
228 852 294 879 ratio
306 851 479 882 demonstrat,
491 854 569 883 atque
583 848 668 882 aperit
680 855 738 881 qua:
751 847 793 878 sit,
807 846 868 880 quid
883 846 954 876 velit,

154 899 222 933 quid
236 899 330 925 valeat.
348 897 403 924 Scit
415 897 498 928 seire;
513 895 568 922 sola
580 894 694 921 scientes
706 893 792 919 facere
805 901 856 918 non
871 892 955 918 solum

152 946 231 977 vult,
245 943 290 971 scd
305 944 384 971 etiam
408 946 503 977 potest.
523 941 637 972 Verum,
657 939 780 973 quoniam
802 938 957 972 plcrunupte

153 991 235 1017 stulti
252 990 372 1017 homines
385 988 461 1015 adea
478 995 535 1022 qua:
550 987 694 1013 suadentur
714 990 798 1017 recte,
816 984 914 1010 utiliter
930 989 957 1011 et

154 1037 281 1069 honeste,
291 1043 340 1062 non
353 1035 435 1070 ipsam
447 1033 652 1060 sincerissimam
666 1040 743 1066 quam
760 1039 835 1057 rarus
853 1031 957 1057 animus

153 1082 231 1110 videt
246 1083 382 1109 veritatem
393 1101 402 1114 ,
414 1081 458 1107 sed
473 1079 594 1114 proprios
611 1086 706 1105 sensus
725 1077 957 1104 consuetudinem-

154 1135 210 1163 quc
226 1131 369 1159 sectantur,
386 1126 523 1161 oportebat
537 1132 583 1152 eos
596 1132 648 1150 non
663 1124 752 1150 doceri
767 1124 853 1150 solum
871 1131 955 1157 quan-

155 1179 214 1201 tum
230 1178 343 1209 queunt,
358 1172 403 1199 sed
419 1179 489 1205 swpe
511 1176 536 1197 et
559 1171 673 1196 maxime
690 1169 861 1196 commoveri.
885 1169 957 1195 lianc

155 1224 234 1247 suam
254 1222 356 1254 partem
378 1225 437 1253 quzc
458 1217 483 1243 id
504 1220 609 1251 ageret,
623 1215 790 1241 necessitatis
811 1214 956 1248 pleniorem

156 1272 238 1302 quam
254 1266 377 1301 puritatis
387 1287 394 1298 ,
407 1264 579 1291 refertissimo
595 1263 695 1297 gremio
709 1263 873 1294 deliciarum,
890 1269 957 1296 quas

157 1313 257 1348 populo
267 1316 382 1348 spargat,
395 1315 422 1338 ut
433 1311 466 1338 ad
478 1311 616 1337 utilitatem
628 1317 703 1336 suam
715 1309 837 1343 dignetur
850 1308 953 1340 adduci,

157 1359 262 1386 voravit
279 1358 447 1385 rhetoricam.
467 1357 599 1383 liactenus
612 1363 673 1390 pars
688 1355 730 1381 illa
744 1363 803 1389 qua:
818 1355 843 1381 in
858 1353 958 1387 signiti-

157 1403 244 1431 caltdo
260 1403 426 1430 rationabilis
440 1401 546 1434 dicitur,
560 1401 655 1428 studiis
670 1400 823 1427 liberalibus
836 1399 955 1434 discipli-

158 1451 255 1486 nISque
271 1451 390 1484 promota
405 1452 456 1477 est.
954 1471 956 1473 ,

158 1491 272 1524 CAPUT
283 1494 393 1523 XiV.—
399 1492 501 1521 Marica
514 1497 538 1520 et
546 1492 652 1527 poetica.
661 1491 765 1527 Triplex
773 1499 859 1519 sonus.
867 1491 959 1519 Versus

442 1538 522 1566 unde.
535 1538 689 1573 Rhymmus.

196 1585 242 1613 59.
263 1585 330 1613 Hine
344 1592 374 1612 se
386 1584 430 1612 illa
444 1584 513 1611 ratio
527 1583 560 1611 ad
573 1583 690 1618 ipsarum
704 1588 794 1610 rerum
809 1582 958 1612 divinarum

159 1632 340 1660 beatissimam
356 1631 606 1665 contemplationem
624 1636 719 1664 rapere
731 1630 741 1645 ³
758 1629 852 1656 voluit.
864 1629 915 1656 Sed
925 1636 959 1656 ne

160 1678 193 1706 de
201 1679 257 1705 alto
265 1676 381 1709 caderet,
392 1675 625 1712 quaesivitgradus,
633 1679 712 1710 atque
718 1674 773 1709 ipsa
780 1674 830 1701 sibi
837 1674 905 1702 viam
912 1682 959 1709 per

159 1730 222 1751 suas
235 1723 418 1758 possessiones
429 1722 604 1757 ordinemque
616 1720 707 1748 molita
722 1723 772 1747 est.
787 1719 959 1747 Desiderabat

161 1771 232 1797 enim
243 1768 477 1804 pulchritudinem,
488 1774 568 1803 quam
577 1767 632 1795 sola
644 1771 670 1794 et
678 1766 790 1801 simplex
803 1770 893 1800 posset
902 1766 959 1794 sine

160 1815 218 1843 istis
229 1815 312 1843 oculis
325 1814 437 1847 intueri;
452 1813 670 1848 impediebatura
685 1811 816 1839 sensibus.
833 1811 922 1846 itaque
932 1812 959 1839 in

160 1864 207 1889 eos
217 1862 290 1896 ipsos
301 1860 435 1896 paululum
446 1860 530 1887 aciem
540 1859 627 1893 torsit,
638 1858 682 1893 qui
692 1858 830 1885 veritatem
842 1865 902 1885 sese
913 1857 960 1884 ha-

160 1904 225 1935 bere
233 1906 388 1938 clamantes,
397 1905 566 1933 festinantem
577 1904 610 1931 ad
618 1904 668 1932 alia
679 1911 798 1939 pergere,
807 1904 959 1938 importuno

161 1950 273 1987 strepitu
282 1951 452 1979 revocabant.
462 1950 497 1977 Et
505 1950 590 1985 primo
598 1949 631 1977 ab
639 1949 747 1977 auribus
755 1949 845 1984 coepit,
853 1948 913 1984 quia
923 1949 960 1975 di~

164 1998 257 2026 sebant
266 1998 321 2033 ipsa
331 1997 413 2024 verba
423 2004 470 2024 sua
480 2004 548 2029 esse,
559 1995 653 2031 quibus
661 1995 715 2030 jam
723 2000 750 2023 et
758 1995 959 2030 grammaticam

162 2047 189 2071 et
200 2042 364 2071 dialecticam
379 2045 406 2070 et
419 2041 579 2069 rhetoricam
594 2040 705 2068 fecerat.
721 2041 755 2067 At
768 2040 818 2067 ista
832 2040 959 2075 potentis-

162 2078 228 2116 sima
243 2088 399 2116 secernendi
410 2088 463 2115 cito
476 2087 541 2114 vidit
550 2086 612 2122 quid
623 2087 691 2113 inter
699 2094 795 2114 sonum
807 2090 835 2114 et
847 2086 873 2114 id
884 2087 960 2121 cujus

162 2135 267 2169 signatur
277 2139 357 2167 esset,
367 2134 487 2161 distaret.
505 2132 637 2160 intellexit
649 2132 715 2160 nihil
725 2131 797 2159 aliud
808 2132 841 2159 ad
853 2132 959 2159 aurium

161 2179 289 2215 judicium
302 2180 445 2215 pertinere,
461 2187 541 2214 quam
554 2185 660 2211 sonum,
675 2185 788 2212 eumque
801 2185 860 2205 esse
875 2178 959 2213 tripli—

162 2231 237 2259 cem;
251 2227 296 2254 aut
309 2226 336 2253 in
353 2233 417 2254 voce
431 2225 588 2258 animantis,
604 2228 649 2251 aut
669 2224 696 2251 in
711 2231 743 2251 eo
756 2223 827 2259 quod
840 2223 918 2251 ﬂatus
934 2224 959 2251 in

162 2271 269 2306 organis
279 2271 388 2304 iaceret,
402 2275 448 2298 aut
458 2271 484 2298 in
497 2278 529 2298 eo
541 2269 611 2306 quod
622 2270 698 2305 pulsu
709 2270 843 2297 ederetur.
854 2269 896 2297 Ad
907 2269 960 2304 pri<

162 2324 235 2344 mum
260 2316 392 2351 pertinere
413 2316 546 2352 tragtbdos
567 2316 609 2344 vel
632 2315 787 2349 commdos,
803 2315 846 2343 vel
863 2315 960 2343 ebor05

162 2363 360 2399 cujuscemodi,
374 2368 454 2398 atque
468 2369 561 2390 omnes
580 2363 688 2390 omnino
707 2363 753 2398 qui
774 2370 839 2390 voce
854 2363 959 2398 propria

162 2410 292 2438 canerent
307 2418 313 2436 :
329 2408 473 2437 secundum
490 2409 560 2436 tibiis
579 2413 606 2436 ct
627 2409 757 2436 similibus
777 2409 960 2436 instrumentis

163 2456 285 2491 deputari
300 2463 306 2481 :
322 2454 399 2482 tertio
413 2454 469 2481 dari
484 2454 598 2481 citharas
608 2474 615 2486 ,
630 2454 716 2489 lyras,
733 2454 869 2490 cymbala,
881 2458 960 2490 atque

164 2509 243 2531 omne
256 2501 327 2538 quod
341 2500 514 2537 percutienda
528 2508 653 2528 canorum
668 2505 748 2527 esset.

200 2549 244 2577 40.
261 2548 372 2576 Videbat
384 2546 473 2574 autem
486 2546 555 2573 hanc
568 2546 706 2573 materiam
720 2553 779 2573 esse
792 2546 957 2580 vilissimum,

165 2595 216 2623 nisi
229 2598 302 2622 certa
320 2593 487 2621 dimensione
501 2596 668 2627 temporum,
683 2595 710 2619 et
724 2592 853 2619 acuminis
870 2593 959 2627 gravi-

166 2642 281 2677 tatisque
293 2640 431 2668 moderata
444 2639 572 2667 varietate
593 2639 652 2666 soni
672 2639 857 2674 ﬁgurarentur.
873 2639 959 2667 Reco-

166 2688 255 2724 gnovit
270 2687 333 2715 hinc
346 2693 406 2715 esse
420 2686 464 2713 illa
475 2686 578 2714 semina
592 2688 650 2721 quas
665 2685 691 2713 in
703 2685 884 2721 grammatica,
900 2694 960 2714 cum

168 2733 283 2771 syllabas
302 2733 423 2769 diligenti
443 2732 656 2760 consideratione
676 2736 810 2766 versaret,
833 2733 914 2768 pedes
933 2737 962 2762 et

168 2782 292 2808 accentus
305 2783 454 2807 vocaverat.
469 2778 504 2807 Et
516 2779 577 2815 quia
592 2779 618 2806 in
637 2778 702 2814 ipsis
717 2778 804 2807 verbis
818 2779 961 2807 brevitates

199 2860 208 2876 ι
220 2862 257 2883 Br.
267 2862 333 2889 tot,
344 2860 444 2885 ratione.
685 2890 687 2892 _

198 2891 209 2907 ²
394 2892 431 2927 ‘9?-
440 2893 471 2927 ΞΡ
481 2889 661 2927 "militares
672 2890 783 2927 orasset:
793 2892 847 2916 ω.
867 2888 897 2916 At
906 2893 961 2916 Lov.

169 2923 307 2954 «quatuor
315 2924 367 2947 Ias.
378 2922 567 2953 substituet-unt,
578 2926 702 2952 reparare.

822 187 924 215 LIBER
944 186 1053 215 SECUN
1060 186 1132 215 pes.

1738 196 1807 225 1014

1011 248 1039 272 et
1053 244 1229 280 longitudines
1244 245 1406 282 syllabarum
1422 252 1504 283 prope
1523 249 1617 284 aequali
1637 250 1806 281 multitudine

1011 297 1116 325 sparsas
1128 290 1153 317 in
1167 291 1288 319 oratione
1298 293 1437 321 attendere
1448 294 1522 322 facile
1534 295 1590 330 fuit,
1604 297 1711 324 tentavit
1725 299 1814 332 pedes

1010 335 1069 363 illos
1083 337 1108 363 in
1123 337 1230 365 ordines
1243 343 1331 366 Certos
1345 339 1487 375 disponere
1498 345 1576 376 atque
1587 343 1765 378 conjungere;
1779 350 1808 373 et

1010 381 1037 409 in
1051 390 1083 410 eo
1095 383 1181 417 primo
1192 391 1299 411 settsum
1314 385 1400 420 ipsum
1414 390 1515 420 secuta,
1529 387 1681 416 moderatos
1694 389 1807 424 impres«

1010 428 1045 455 sit
1058 429 1198 463 articulos,
1213 438 1272 465 qua)
1285 436 1311 458 et
1327 439 1395 459 cresa
1417 437 1443 459 et
1461 433 1580 460 membra
1601 435 1756 463 nominavit.
1773 436 1807 464 Et

1011 482 1044 502 ne
1065 475 1167 511 longius
1191 477 1288 512 pedum
1311 486 1404 506 cursus
1423 479 1640 514 provolveretur,
1656 489 1736 517 quam
1749 483 1807 518 ejus
1838 512 1843 517 ,

1007 521 1135 555 judicium
1149 528 1239 557 posset
1251 524 1392 558 sustinere,
1409 525 1517 553 modum
1530 527 1621 554 statuit
1634 527 1704 556 unde
1716 535 1808 556 rever-

1010 570 1127 600 teretur,
1144 568 1218 595 etab
1232 576 1264 596 eo
1284 569 1342 604 ipso
1360 578 1466 598 versum
1486 572 1599 600 vocavit.
1620 572 1696 607 Quod
1716 578 1807 601 autem

1011 620 1062 639 non
1077 618 1148 641 esset
1159 619 1233 641 certo
1247 615 1300 643 ﬁne
1318 616 1483 644 moderatum
1493 638 1501 650 ,
1520 618 1567 646 sed
1580 623 1670 647 tanien
1685 619 1803 647 rationa-

1010 659 1098 686 biliter
1117 660 1243 688 ordinatis
1264 662 1376 696 pedibus
1398 668 1535 698 curreret,
1558 664 1677 701 rhythmi
1698 665 1806 693 nomine

1010 706 1134 733 notavit:
1151 706 1195 742 qui
1218 707 1299 735 latine
1322 708 1387 736 nihil
1408 709 1480 737 aliud
1503 718 1582 745 quam
1605 718 1731 739 numerus
1752 711 1806 739 dici

1010 752 1105 790 potuit.
1124 752 1168 781 Sic
1187 753 1222 781 ab
1240 762 1271 782 ea
1290 759 1374 790 poeta:
1393 756 1474 791 geniti
1491 761 1554 784 sunt
1569 766 1576 784 :
1593 757 1620 785 in
1635 758 1730 793 quibus
1744 765 1805 785 cum

1010 797 1113 826 videret
1127 807 1178 827 non
1192 800 1278 828 solum
1292 804 1418 829 sonorum
1428 823 1436 835 ,
1452 803 1499 834 sed
1512 804 1591 831 etiam
1606 805 1748 833 verborum
1764 813 1808 833 re-

1011 851 1124 879 rumque
1142 853 1236 881 magna
1251 852 1404 881 momenta,
1425 848 1566 882 plurimum
1589 857 1635 877 eos
1655 850 1805 884 honoravit,

1010 890 1101 925 eisque
1113 891 1202 919 tribuit
1214 900 1325 927 quorum
1338 893 1435 921 vellent
1448 895 1642 922 rationabilium
1654 896 1807 924 mendacio!

1011 942 1070 963 rum
1087 941 1255 971 pmestatem.
1270 938 1305 966 Et
1321 940 1446 973 quoniam
1461 940 1493 968 de
1508 941 1591 975 prima
1606 941 1649 969 ilia
1669 942 1807 978 disciplina

1010 983 1121 1017 stirpem
1136 983 1284 1018 ducebant,
1303 985 1406 1020 judices
1428 986 1455 1013 in
1476 986 1523 1014 eos
1543 988 1729 1022 grammaticos
1747 996 1807 1017 esse

1010 1028 1141 1063 permisit.

1046 1075 1090 1101 M.
1112 1069 1140 1101 in
1156 1075 1207 1103 hoc
1222 1076 1301 1111 igitur
1316 1080 1409 1112 quarto
1429 1078 1529 1113 gradu,
1546 1079 1602 1107 sive
1622 1079 1648 1106 in
1662 1079 1806 1115 rhythmis,

1011 1119 1067 1146 sive
1081 1120 1106 1147 in
1122 1120 1179 1154 ipsa
1193 1121 1376 1150 modulatione
1395 1123 1558 1158 intelligebat
1577 1131 1690 1159 regnare
1712 1131 1807 1153 nume-

1011 1171 1066 1198 ros,
1083 1165 1219 1201 tutumque
1235 1166 1362 1201 perficere
1381 1177 1387 1195 :
1404 1169 1522 1204 inspexit
1538 1169 1740 1204 diligentissime
1758 1178 1808 1198 cu-

1008 1211 1126 1246 jusmodi
1149 1216 1254 1247 essent;
1275 1215 1424 1249 reperiebat
1446 1215 1550 1243 divinos
1570 1221 1598 1244 et
1620 1218 1807 1252 sempiternos,

1012 1259 1160 1292 praesertim
1180 1260 1250 1295 quod
1270 1260 1335 1295 ipsis
1356 1262 1544 1290 auxiliantibus
1564 1263 1654 1291 omnia
1670 1265 1808 1299 superiora

1012 1308 1193 1333 contexuerat.
1211 1306 1245 1333 Et
1263 1307 1317 1341 jam
1340 1307 1470 1335 tolerabat
1489 1308 1626 1344 iugeri-inte
1637 1309 1809 1344 splendorem

1012 1350 1119 1378 illorum
1140 1356 1219 1387 atque
1240 1353 1411 1381 serenitatem
1432 1355 1560 1389 corpOrea
1580 1360 1675 1383 vocum
1698 1355 1809 1384 materia

1011 1397 1169 1425 decolorari.
1184 1398 1218 1426 Et
1228 1399 1353 1434 quoniam
1364 1399 1429 1427 illud
1440 1400 1511 1435 quod
1523 1404 1599 1429 mens
1610 1402 1691 1436 videt,
1705 1403 1809 1438 semper

1012 1447 1055 1470 est
1069 1450 1187 1478 praesens
1196 1465 1204 1478 ,
1219 1447 1246 1471 et
1258 1444 1409 1473 immortale
1421 1446 1599 1481 approbatur,
1614 1447 1691 1482 cujus
1705 1446 1810 1482 generis

1012 1490 1117 1517 numeri
1132 1490 1314 1525 apparebant;
1336 1497 1418 1520 sonus
1437 1494 1525 1520 autem
1542 1492 1603 1528 quia
1618 1493 1752 1520 sensibilis
1766 1500 1810 1521 res

1012 1538 1063 1568 est,
1080 1535 1235 1571 prieteriltiii
1249 1537 1275 1564 in
1289 1538 1453 1573 pmteritum
1468 1538 1583 1575 tempus,
1597 1539 1811 1576 imprimiturque

1012 1581 1167 1615 memoriis;
1192 1582 1342 1611 rationabili
1362 1584 1502 1612 mendacio
1517 1584 1573 1620 jam
1596 1586 1683 1620 poetis
1704 1585 1811 1614 favente

1012 1627 1116 1655 ratione
1138 1627 1362 1664 (qtimrendumne
1375 1629 1438 1665 quid
1451 1630 1588 1667 propagini
1603 1631 1726 1660 sitniiiter
1739 1632 1811 1660 ines-

1013 1672 1099 1710 set?),
1120 1673 1193 1702 iovis
1207 1678 1234 1702 et
1247 1675 1380 1703 Memoriae
1395 1676 1462 1704 ﬁlias
1480 1676 1567 1705 Musas
1587 1684 1647 1705 esse
1665 1677 1811 1705 centictum

1011 1723 1063 1747 est.
1079 1719 1155 1747 Unde
1169 1720 1219 1747 ista
1233 1720 1371 1756 disciplina
1389 1724 1485 1750 sensus
1502 1722 1704 1758 ihteiiectusque
1726 1724 1810 1759 parti-

1012 1766 1076 1799 ceps
1092 1766 1201 1793 musica:
1215 1771 1311 1795 nomen
1326 1768 1438 1796 invenit.

1103 1810 1216 1840 CAPUT
1229 1812 1288 1841 XV.
1304 1828 1337 1834 —
1353 1809 1499 1841 Geomcii-ia
1513 1814 1538 1842 ei
1549 1813 1720 1842 Astrohbmia.

1048 1856 1094 1884 42.
1115 1857 1182 1885 Hinc
1196 1863 1237 1886 est
1251 1859 1367 1894 profecta
1383 1860 1408 1887 in
1422 1859 1560 1888 oculorum
1575 1869 1657 1897 opes,
1674 1862 1701 1889 et
1714 1865 1811 1891 terram

1014 1903 1164 1939 erratumque
1186 1904 1363 1938 collustrans,
1380 1907 1463 1935 sensit
1478 1907 1543 1935 nih‘ll
1558 1908 1629 1935 aliud
1650 1909 1728 1944 quani
1749 1907 1811 1944 put-

1014 1949 1192 1978 chritudinbm
1208 1950 1259 1979 sibi
1275 1953 1391 1986 placere,
1409 1955 1435 1980 et
1451 1951 1476 1980 in
1491 1951 1687 1988 piilchritudine
1703 1954 1811 1990 ﬁguras,

1013 1995 1040 2022 in
1060 1995 1150 2031 ﬁguris
1170 1996 1366 2030 dimensiones,
1389 1994 1417 2025 iii
1435 1996 1645 2027 diiiienéioiiibds
1667 2001 1810 2034 numeros;

1013 2041 1187 2077 utizesivitque
1200 2042 1256 2078 ipsa
1269 2045 1358 2071 Setttm
1369 2064 1377 2077 ,
1391 2047 1479 2071 utrum
1494 2044 1529 2072 ibi
1543 2043 1602 2072 talis
1616 2045 1684 2073 linea
1698 2045 1812 2080 taIiSthe

1014 2087 1174 2119 rotunditas,
1192 2087 1232 2115 vel
1254 2088 1378 2123 qua-libet
1400 2088 1451 2117 alia
1472 2089 1558 2117 forma
1578 2090 1605 2118 et
1624 2090 1706 2125 ngam
1727 2085 1809 2125 cisset,

1013 2132 1118 2167 qualern
1130 2133 1304 2168 intelligentia
1319 2134 1477 2163 eoittineret.
1493 2135 1583 2171 Longe
1597 2136 1757 2164 deteriorem
1768 2137 1812 2164 iii-

1013 2180 1101 2213 v'enit,
1116 2179 1142 2206 et
1156 2179 1228 2206 milia
1244 2187 1276 2207 ex
1293 2179 1367 2215 parte
1387 2181 1457 2216 quod
1478 2179 1599 2210 viderent
1619 2184 1687 2211 oeuli
1703 2185 1763 2211 cum
1778 2182 1811 2211 ito

1013 2224 1083 2260 quod
1111 2224 1187 2252 mens
1212 2225 1348 2260 cerneret,
1374 2227 1593 2262 comparandum;
1619 2227 1681 2257 Ηίῦὲ
1705 2230 1811 2264 qllb‘qtie

1014 2269 1136 2298 distincta
1150 2275 1175 2299 et
1190 2269 1329 2306 disposita,
1345 2270 1372 2300 lii
1387 2272 1551 2308 disciplinam
1568 2273 1678 2311 i‘edeg'ii,
1694 2275 1811 2311 Appella-

1013 2315 1104 2353 ‘vitqde
1117 2316 1300 2353 geom'étriam.‘
1315 2317 1401 2347 Motus
1412 2319 1470 2347 eam
1482 2319 1542 2349 ciin
1551 2322 1663 2349 multum
1675 2321 1808 2355 movebat,

1014 2361 1041 2392 et
1060 2363 1093 2391 ad
1109 2362 1138 2392 se
1152 2361 1294 2400 diligenter
1315 2363 1538 2395 censidiérandurn
1562 2367 1698 2395 invitabat.
1722 2367 1809 2395 Etiam

1013 2409 1049 2437 ibi
1064 2417 1111 2445 per
1123 2407 1352 2439 constantissimis
1365 2409 1513 2447 temporum
1524 2414 1604 2447 vices,
1620 2418 1667 2448 per
1676 2418 1809 2441 astrorum

1013 2453 1085 2483 iam:
1105 2451 1280 2491 deilanSqii‘e
1300 2459 1410 2491 cursus,
1436 2456 1484 2493 per-
1504 2457 1703 2487 intervallorum
1725 2458 1810 2493 spatia

1013 2502 1162 2536 moderata,
1177 2499 1305 2530 intellexit
1319 2503 1382 2531 nihil
1398 2494 1469 2531 aliud
1484 2512 1562 2539 quam
1577 2505 1648 2531 illam
1663 2505 1809 2533 dimensio-

1014 2555 1074 2575 nem
1094 2546 1272 2587 numerosque
1289 2547 1429 2577 dominari.
1447 2548 1510 2583 ρυω
1525 2549 1647 2577 similiter
1658 2549 1809 2579 deﬁniendo

1013 2601 1045 2621 ac
1059 2594 1224 2622 secernendo
1243 2591 1268 2622 in
1289 2593 1409 2622 ordinem
1425 2591 1552 2629 nectens,
1574 2596 1743 2631 astrologiam
1763 2605 1810 2632 ge-

1013 2638 1087 2673 nuit;
1103 2648 1227 2676 magnum
1242 2635 1373 2677 religiosis
1386 2638 1581 2677 argumentum,
1594 2646 1810 2678 tormentumque

1014 2685 1135 2714 curiosis.

1050 2732 1094 2760 45.
1111 2731 1138 2759 in
1153 2731 1194 2759 bis
1209 2731 1288 2767 igitur
1300 2732 1425 2761 omnibus
1438 2732 1586 2769 disciplinis
1598 2734 1773 2763 occurrebant
1783 2735 1810 2764 ei

1015 2775 1104 2807 omnia
1118 2786 1259 2806 numerosa
1270 2800 1277 2811 ,
1301 2787 1360 2814 qua:
1375 2783 1464 2808 tamen
1486 2776 1512 2808 in
1530 2780 1584 2809 illis
1601 2781 1809 2811 dimensionibus

1015 2824 1181 2862 manifestius
1191 2824 1353 2859 eminebant,
1368 2831 1433 2861 quas
1443 2827 1470 2854 in
1479 2827 1566 2862 seipsa
1576 2827 1717 2864 cogitando
1729 2833 1809 2864 atque

1016 2869 1146 2897 volvendo
1169 2869 1321 2898 intuebatur
1339 2871 1492 2900 verissimas
1508 2882 1515 2900 :
1531 2872 1559 2901 in
1577 2866 1619 2901 bis
1638 2878 1727 2902 autem
1749 2884 1808 2910 qua:

1017 2916 1176 2952 sentiuntur,
1189 2913 1298 2946 umbras
1308 2922 1402 2947 eum
1414 2918 1502 2954 potius
1514 2923 1594 2956 atque
1606 2920 1717 2955 vestigia
1729 2927 1810 2950 reco-
