4096 6368
396 358 403 363 “
486 369 629 430 tots

485 482 650 540 lebat.
681 480 779 537 Hic
803 492 863 536 se
887 479 1109 537 multum
1130 480 1317 548 erexit,
1347 481 1676 556 multumque
1696 486 2065 556 praesumpsit;

484 591 618 634 ausa
642 585 724 633 est
743 580 758 609 ³
787 576 1140 633 immortalem
1166 576 1393 631 animam
1417 577 1779 646 comprobare.
1807 577 2072 633 Tractavit

485 670 666 724 omnia
686 669 989 739 diligenter,
1007 669 1245 741 percepit
1264 684 1481 739 prorsus
1501 685 1559 725 se
1575 670 1861 740 plurimum
1884 686 2066 741 posse;

483 771 541 818 et
565 762 822 833 quidquid
853 771 1061 831 posset,
1094 760 1329 817 numeris
1358 776 1531 832 posse.
1564 762 1724 817 Movit
1755 778 1871 818 eam
1897 764 2069 832 quod-

483 854 607 909 dam
646 854 960 909 miraculum
982 894 996 919 ,
1027 862 1081 907 et
1110 853 1365 922 suspicari
1404 853 1565 923 coepit
1592 853 1818 923 seipsam
1847 855 2069 910 fortasse

406 948 411 1007 ζ
481 961 761 1002 numerum
793 960 911 1000 esse
938 960 1058 999 eum
1087 945 1258 1015 ipsum
1284 961 1390 1016 quo
1414 956 1602 1001 cuncta
1631 958 2065 1017 numerarentur;

481 1048 575 1094 aut
602 1039 646 1094 si
672 1038 724 1094 id
752 1054 856 1093 non
884 1046 1043 1100 esset,
1076 1038 1144 1091 ibi
1173 1046 1347 1093 tamen
1374 1054 1497 1093 eum
1522 1054 1640 1094 esse
1667 1054 1773 1109 quo
1790 1042 2067 1111 pervenire

412 1096 427 1151 ἕ

417 1240 431 1300 ἶ

393 5018 420 5093 Ξ

414 1130 428 1237 ξ
478 1140 768 1203 satageret.
795 1130 946 1185 Hunc
980 1145 1109 1186 vero
1140 1131 1261 1185 totis
1286 1132 1485 1186 viribus
1511 1132 1908 1200 comprehendit
1930 1175 1945 1201 ,
1978 1137 2066 1203 qui

475 1223 584 1293 jam
611 1221 875 1277 universae
905 1221 1142 1276 veritatis
1172 1222 1327 1277 index
1356 1221 1587 1290 futurus,
1622 1224 1709 1279 ille
1734 1224 1884 1293 cujus
1914 1240 2065 1280 men-

477 1316 681 1371 tionem
701 1313 827 1369 feeit
846 1314 1082 1386 Alypius,
1107 1330 1224 1369 cum
1248 1314 1315 1369 de
1331 1315 1663 1370 Academicis
1684 1332 2062 1385 quzereremus,

476 1404 630 1473 quasi
657 1404 881 1459 Proteus
909 1404 960 1458 in
986 1406 1229 1460 manibus
1259 1414 1372 1461 erat
1401 1405 1540 1475 (Lib.
1572 1408 1603 1460 5
1623 1448 1638 1473 ,
1666 1405 1852 1462 Contra
1877 1408 2062 1477 Acad.,

475 1510 594 1565 cap.
620 1496 675 1563 5,
698 1513 751 1550 η.
777 1497 886 1567 II).
917 1497 1177 1567 Imagines
1199 1501 1341 1553 enim
1362 1497 1510 1553 falsa:
1531 1515 1706 1555 rerum
1731 1516 1911 1556 earum
1935 1519 2066 1573 quas

474 1601 841 1653 numeramus,
874 1589 939 1643 ab
966 1588 1058 1643 illo
1086 1589 1449 1645 occultissimo
1475 1607 1580 1661 quo
1610 1608 1947 1649 numeramus
1974 1595 2066 1651 de-

473 1678 703 1736 ﬂuentes
722 1722 736 1747 ,
766 1680 817 1735 in
845 1696 965 1737 sese
992 1682 1203 1751 rapiunt
1228 1683 1600 1751 cogitationem
1620 1725 1637 1752 ,
1668 1692 1722 1740 et
1748 1700 1891 1757 smpe
1916 1686 2064 1743 illum

475 1787 599 1829 cum
624 1774 735 1843 jam
766 1782 994 1839 tenetur,
1025 1775 1162 1830 elabi
1189 1775 1405 1830 faciunt.

474 1864 702 1923 CAPUT
731 1866 871 1921 XVI.
902 1897 974 1907 —
1012 1865 1309 1936 Disciplina:
1348 1868 1577 1923 liberales
1614 1868 1830 1938 e/ferunt
1866 1872 2062 1928 intelle-

1050 1946 1182 1992 ctum
1212 1937 1279 1991 ad
1307 1938 1493 1993 divina.

448 2018 457 2057 ¹
548 2028 639 2082 44.
680 2025 884 2094 Quibus
910 2028 953 2082 si
980 2028 1205 2099 quisque
1235 2044 1339 2082 non
1369 2030 1617 2096 cesserit,
1651 2038 1705 2085 et
1742 2033 1916 2088 omnia
1946 2049 2064 2105 quae

474 2133 575 2191 per
599 2126 677 2173 tot
700 2117 1004 2188 disciplinas
1032 2119 1135 2173 late
1158 2120 1404 2189 varieque
1430 2119 1616 2175 dill‘usa
1638 2132 1778 2187 sunt,
1808 2123 1873 2178 ad
1901 2140 2061 2179 unum

476 2210 743 2281 quoddam
765 2210 989 2281 simplex
1013 2226 1194 2266 verum
1219 2222 1527 2282 certumque
1555 2215 1843 2286 redegerit;
1871 2218 2064 2275 eruditi

472 2303 694 2360 nomine
717 2303 1057 2375 dignissimus
1077 2347 1092 2372 ,
1125 2320 1230 2359 non
1259 2315 1458 2361 temere
1487 2308 1595 2377 jam
1626 2312 1814 2377 qurerit
1853 2311 1939 2365 illa
1968 2312 2062 2366 'di-

474 2396 618 2463 vina,
646 2409 749 2450 non
773 2396 882 2465 jam
909 2396 1175 2452 credenda
1202 2398 1396 2465 solum,
1424 2415 1609 2454 verum
1638 2401 1794 2455 etiam
1822 2411 2062 2457 contem-

468 2486 691 2557 pianda,
722 2487 1065 2559 intelligenda
1094 2498 1255 2559 atque
1282 2490 1576 2545 retinenda.
1610 2492 1860 2563 Quisquis
1886 2505 2061 2551 autem

470 2579 558 2635 vel
580 2579 753 2635 adhuc
775 2595 960 2636 servus
978 2582 1347 2651 cupiditatum,
1368 2592 1421 2637 et
1440 2583 1650 2638 inhians
1666 2586 1824 2640 rebus
1846 2602 2063 2656 pereun-

470 2670 649 2738 tibus;
680 2670 765 2727 vel
787 2672 895 2742 jam
924 2672 1023 2727 ista
1051 2671 1279 2743 fugiens,
1310 2682 1558 2744 casteque
1584 2675 1786 2743 vivens,
1817 2679 2061 2735 nesciens

470 2769 652 2819 tamen
694 2763 820 2835 quid
868 2764 935 2818 sit
979 2764 1142 2829 nihil,
1187 2764 1310 2834 quid
1352 2764 1593 2822 informis
1634 2769 1890 2835 materia,
1934 2771 2061 2842 quid

466 2855 759 2917 formatum
806 2855 1088 2921 exanime;
1138 2857 1266 2927 quid
1307 2872 1535 2928 corpus,
1581 2860 1706 2929 quid
1757 2862 1962 2931 species
2005 2862 2059 2918 in

468 2961 719 3018 corpore,
754 2948 879 3019 quid
906 2947 1075 3015 locus,
1105 2947 1231 3018 quid
1261 2950 1650 3020 tempus,'quid
1682 2952 1731 3004 in
1760 2952 1907 3017 loco,
1935 2955 2059 3024 quid

465 3037 529 3094 in
556 3046 825 3108 tempore;
854 3038 977 3108 quid
1005 3046 1177 3093 motus
1200 3039 1488 3095 secundum
1514 3041 1708 3109 locum,
1737 3044 1860 3112 quid
1886 3055 2060 3101 motus

466 3144 582 3186 non
625 3129 914 3185 secundum
959 3130 1164 3197 locum,
1196 3130 1320 3201 quid
1355 3132 1558 3187 stabilis
1592 3142 1799 3199 motus,
1836 3136 1959 3206 quid
1990 3138 2060 3193 sit

466 3235 682 3288 arvum;
722 3220 849 3291 quid
876 3221 942 3275 sit
968 3236 1066 3277 nec
1096 3222 1146 3275 in
1175 3222 1293 3276 loco
1325 3238 1445 3277 esse
1466 3265 1479 3289 ,
1512 3240 1613 3279 nec
1640 3240 1899 3295 nusquam
1921 3229 1975 3294 ²;
2006 3240 2061 3283 et

467 3313 598 3385 quid
628 3313 696 3368 sit
724 3320 918 3385 praeter
947 3322 1176 3383 tempus,
1207 3324 1261 3369 et
1286 3328 1529 3384 semper;
1570 3316 1694 3386 quid
1731 3319 1802 3372 sit
1838 3329 1890 3373 et
1929 3336 2059 3375 nus-

469 3420 628 3478 quam
666 3420 815 3472 8888,
847 3414 901 3461 ει
926 3420 1182 3476 nusquam
1212 3422 1315 3461 non
1346 3422 1498 3473 esse;
1530 3418 1583 3463 et
1620 3426 1886 3480 nunquam
1917 3428 2053 3481 esse,

467 3507 525 3555 et
566 3513 834 3568 nunquam
874 3514 980 3553 non
1028 3514 1149 3555 esse
1186 3516 1200 3552 :
1239 3500 1476 3571 quisquis
1502 3517 1628 3573 ergo
1657 3504 1754 3557 ista
1790 3505 2055 3575 nesciens,

464 3603 575 3644 non
601 3588 722 3644 dico
750 3587 817 3643 de
847 3603 1057 3644 summo
1092 3590 1183 3644 illo
1221 3590 1365 3659 Deo,
1408 3592 1498 3662 qui
1528 3594 1692 3649 scitur
1731 3597 1924 3651 melius
1960 3613 2057 3653 ne-

463 3679 710 3746 sciendo,
740 3679 833 3735 sed
859 3679 927 3734 de
956 3680 1131 3734 anima
1166 3681 1275 3751 ipsa
1307 3696 1399 3736 sua
1428 3699 1667 3753 qumrere
1697 3701 1758 3740 ac
1787 3687 2057 3757 disputare

464 3771 725 3838 voluerit,
760 3778 963 3826 tantum
1001 3772 1231 3837 errabit,
1271 3782 1523 3841 quantum
1563 3776 1733 3829 errari
1771 3777 2054 3847 plurimum

465 3870 685 3934 potest:
719 3861 922 3917 facilius
962 3872 1139 3917 autem
1184 3874 1471 3934 cognoscet
1504 3868 1600 3921 ista
1622 3909 1635 3934 ,
1677 3870 1767 3938 qui
1807 3886 2055 3927 numeros

463 3954 735 4024 simplices
774 3962 932 4021 atque
972 3953 1330 4023 intelligibiles
1364 3958 1848 4027 comprehenderit.
1889 3962 2055 4019 Porro

464 4045 603 4102 istos
639 4045 1082 4115 comprehendet,
1114 4045 1205 4116 qui
1240 4056 1293 4101 et
1329 4047 1540 4117 ingenio
1569 4050 1777 4116 valens,
1810 4062 1864 4108 et
1890 4055 2053 4124 privi-

460 4136 607 4208 legio
631 4138 803 4192 :etatis
828 4146 917 4191 aut
940 4137 1223 4207 cujuslibet
1250 4138 1516 4196 felicitatis
1541 4143 1769 4209 otiosus,
1801 4154 1853 4199 et
1882 4148 2054 4203 studio

466 4226 817 4282 vehementer
844 4226 1111 4291 incensus,
1145 4239 1496 4285 memoratum
1537 4232 1936 4302 disciplinarum
1967 4254 2056 4292 or-

466 4317 681 4383 dinem,
728 4325 980 4387 quantum
1024 4320 1152 4374 satis
1196 4330 1310 4385 est,
1356 4321 1514 4377 fuerit
1552 4336 1879 4394 persecutus.
1919 4329 2053 4386 Cum

464 4409 610 4463 enim
632 4416 774 4463 artes
800 4409 901 4464 illae
929 4424 1118 4465 omnes
1143 4411 1408 4481 liberales,
1434 4415 1623 4484 partim
1648 4418 1715 4473 ad
1736 4434 1887 4474 usum
1909 4422 2051 4490 vita),

465 4500 663 4572 partim
710 4499 775 4554 ad
824 4502 1176 4572 cognitionem
1222 4519 1401 4559 rerum
1447 4508 2056 4584 eontemplationemque

464 4592 774 4659 discantur;
806 4608 958 4649 usum
984 4610 1163 4650 earum
1189 4598 1400 4668 assequi
1429 4597 1796 4656 difficillimum
1822 4614 1926 4671 est,
1951 4606 2055 4661 nisi

464 4683 514 4738 ei
547 4684 634 4753 qui
663 4683 731 4738 ab
760 4684 871 4755 ipsa
899 4686 1123 4754 pueritia
1150 4686 1639 4757 ingeniosissimus,
1670 4692 2054 4751 instantissime

462 4782 622 4845 atque
647 4776 1077 4831 constantissime
1102 4792 1318 4846 operam
1343 4778 1567 4835 dederit.

463 4864 693 4923 CAPUT
736 4867 898 4923 XVII.
925 4897 999 4946 -——_
1032 4868 1235 4946 Ardua:
1264 4872 1563 4946 quastione:
1591 4888 1653 4927 ne
1679 4875 1924 4946 attingant
1954 4894 2055 4934 non

981 4940 1211 4993 instructi
1239 4940 1538 5011 disciplinis.

522 5031 630 5085 ‘45.
672 5030 825 5097 Quod
854 5046 984 5086 vero
1010 5047 1072 5086 ex
1100 5031 1206 5087 illis
1236 5032 1303 5086 ad
1339 5034 1392 5088 id
1424 5035 1565 5105 quod
1598 5038 1887 5107 quzerimus
1922 5054 2057 5111 opus

464 5130 577 5187 est,
610 5138 679 5177 ne
702 5130 752 5177 te
772 5163 787 5189 ,
813 5138 1022 5194 quaeso,
1055 5132 1244 5191 mater,
1277 5124 1391 5181 haec
1417 5126 1561 5182 velut
1590 5144 1767 5183 rerum
1794 5130 2055 5189 immensa

466 5213 712 5284 quaedam
739 5214 867 5267 silva
897 5214 1183 5271 deterreat.
1217 5216 1424 5272 Etenim
1447 5220 1686 5289 qumdam
1710 5221 1783 5276 de
1806 5225 2054 5281 omnibus

465 5306 734 5376 eligentur
766 5322 986 5363 numero
1016 5309 1360 5379 paucissima,
1403 5311 1453 5365 vi
1478 5314 1844 5382 potentissima
1877 5316 1916 5383 ³,
1958 5332 2053 5374 co-

460 5396 707 5467 gnitione
753 5405 929 5452 autem
983 5399 1161 5455 multis
1205 5400 1417 5469 quidem
1459 5401 1658 5469 ardua;
1710 5405 1803 5460 tibi
1848 5415 2050 5476 tamen,

466 5493 623 5557 cujus
653 5486 917 5559 ingenium
961 5490 1197 5561 quotidie
1239 5491 1370 5547 mihi
1410 5508 1606 5549 novum
1650 5506 1763 5565 est,
1812 5506 1867 5554 et
1905 5499 2056 5571 cujus

534 5620 552 5688 ξ
580 5625 713 5688 μοι,
738 5619 811 5672 ita
833 5627 1055 5688 ausae“.
1072 5625 1228 5688 _Abest
1244 5639 1385 5688 porro
1405 5639 1499 5677 vox
1521 5633 1589 5679 tta
1610 5643 1638 5679 a
1661 5637 1768 5682 Mss.

530 5682 552 5714 ³
575 5678 648 5731 sic
664 5678 767 5733 MS.
789 5690 841 5733 et
862 5684 977 5734 editi
992 5685 1105 5735 odd.
1131 5678 1339 5750 excepto
1360 5694 1489 5752 Lov.,
1502 5678 1585 5753 qui
1610 5694 1659 5741 in
1675 5678 1817 5746 lentu
1840 5697 2053 5761 prafert,

557 5757 683 5794 nam.

570 5805 706 5871 Lov.,
728 5821 927 5860 munero
944 5810 1251 5874 paucissima,
1275 5812 1331 5867 id
1351 5819 1422 5865 est
1439 5814 1779 5877 Mentissam.

1619 372 1710 431 DE
1746 373 2017 443 0RDINE,
2060 374 2120 432 S.
2156 375 2524 439 AUGUSTINI

3624 406 3766 464 l0I6

2176 489 2411 546 animum
2437 492 2519 548 vel
2552 501 2706 549 :etate
2747 495 2829 551 vel
2865 495 3163 558 admirabili
3206 511 3553 579 temperantia
3586 532 3765 577 remo-

2176 580 2439 638 tissimum
2466 586 2530 640 ab
2554 586 2801 643 omnibus
2821 592 2993 661 nugis,
3024 603 3077 648 et
3104 611 3134 650 a
3160 613 3349 669 magna
3374 602 3490 659 labe
3517 598 3765 679 corpbris

2174 686 2534 747 emergentem
2556 722 2568 744 ,
2604 681 2656 733 in
2680 694 2738 736 se
2764 683 2985 738 multum
3016 692 3311 748 surrexisse
3338 709 3622 769 cognosco,
3652 713 3761 759 tam

2174 778 2331 823 erunt
2356 770 2528 827 facilia
2555 790 2712 845 quam
2750 778 2981 836 difﬁcilia
3013 785 3329 845 tardissimis
3355 794 3763 870 miserrimeque

2174 860 2489 919 viventibus.
2518 864 2573 921 Si
2599 869 2740 923 enim
2768 870 2939 927 dicam
2970 883 3018 929 te
3043 876 3196 935 facile
3221 881 3286 935 ad
3312 898 3432 938 eum
3456 860 3761 947 sermonem

2172 964 2543 1021 perventuram
2566 998 2581 1025 ,
2626 961 2713 1029 qui
2752 962 3035 1022 locutionis
3074 976 3128 1022 et
3164 970 3357 1042 lingua:
3395 977 3520 1031 vitio
3554 992 3759 1050 careat,

2172 1046 2410 1115 profecto
2429 1052 2679 1126 mentiar.
2710 1053 2791 1109 Me
2817 1058 2957 1112 enim
2987 1060 3159 1130 ipsum
3182 1104 3195 1128 ,
3224 1066 3308 1120 cui
3336 1083 3525 1139 magna
3566 1046 3756 1131 neces;

2170 1139 2297 1192 sitas
2330 1140 2426 1195 fuit
2453 1143 2550 1198 ista
2579 1146 2913 1217 perdiscere,
2946 1152 3121 1210 adhuc
3157 1156 3208 1210 in
3249 1160 3431 1215 multis
3471 1166 3757 1224 verborum

2169 1233 2317 1287 sonis
2338 1234 2450 1288 Itali
2473 1239 2774 1307 exagitant;
2806 1251 2860 1297 et
2880 1259 2910 1297 a
2935 1260 3019 1300 me
3046 1248 3307 1319 vicissim,
3335 1255 3473 1323 quod
3494 1258 3560 1311 ad
3582 1258 3758 1329 ipsum
3826 1276 3835 1282 ·

2170 1339 2357 1379 sonum
2389 1329 2608 1397 attinet,
2651 1333 3131 1401 reprehenduntur.
3172 1342 3325 1399 Aliud
3356 1356 3439 1401 est
3466 1350 3607 1403 enim
3636 1367 3760 1410 esse

2168 1424 2317 1484 arte,
2363 1418 2503 1474 aliud
2536 1432 2692 1491 gente
2724 1439 2991 1482 securum.
3034 1430 3375 1491 Soloecismus
3414 1450 3590 1495 autem
3621 1459 3758 1512 quos

2169 1505 2422 1577 dicimus,
2451 1510 2675 1567 fortasse
2702 1516 2927 1586 quisque
2953 1519 3142 1577 doetus
3168 1524 3446 1596 diligenter
3473 1505 3756 1591 attendens

2167 1598 2222 1655 in
2252 1603 2490 1659 oratione
2517 1621 2636 1662 mea
2666 1612 2930 1679 reperiet;
2967 1630 3073 1671 non
3109 1620 3254 1674 enim
3293 1621 3459 1679 defuit
3496 1628 3586 1696 qui
3620 1630 3757 1686 mihi

2168 1697 2417 1752 nonnulla
2464 1697 2765 1768 hujusmodi
2816 1705 2939 1761 vitia
2990 1708 3160 1778 ipsum
3202 1710 3513 1772 Ciceronem
3558 1719 3755 1779 fecisse

2167 1788 2484 1856 peritissime
2512 1795 2855 1861 persuaserit.
2888 1797 3345 1859 Barbarismorum
3380 1817 3553 1865 autem
3583 1827 3755 1881 genus

2166 1883 2362 1937 nostris
2389 1886 2718 1953 temporibus
2743 1889 2846 1944 tale
2866 1903 3197 1961 compertum
3219 1906 3321 1964 est,
3351 1908 3408 1953 ut
3428 1909 3481 1955 et
3503 1902 3614 1970 ipsa
3634 1903 3752 1972 ejus

2167 1975 2337 2029 oratio
2380 1974 2602 2032 barbara
2638 1978 2910 2049 videatur,
2940 1998 3042 2052 qua
3068 1984 3238 2041 Roma
3263 1999 3469 2045 servata
3502 2000 3602 2047 est.
3644 1993 3757 2049 Sed

2168 2073 2245 2133 tu,
2272 2070 2588 2139 contemptis
2613 2071 2728 2126 istis
2752 2074 2833 2127 vel
2857 2075 3145 2143 puerilibus
3170 2078 3346 2145 rebus,
3376 2082 3461 2135 vel
3482 2083 3546 2137 ad
3571 2093 3622 2139 te
3641 2100 3751 2141 non

2166 2157 2577 2227 pertinentibus,
2610 2162 2679 2215 ita
2707 2166 3067 2232 grammatica:
3093 2182 3230 2236 pene
3256 2169 3486 2226 divinam
3512 2174 3619 2228 vim
3658 2190 3755 2230 na.

2167 2257 2450 2320 turamque
2473 2254 2767 2322 cognoscis,
2795 2264 2854 2309 ut
2875 2256 2991 2326 ejus
3012 2259 3247 2315 animam
3273 2262 3525 2332 tenuisse,
3556 2280 3753 2337 corpus

2166 2340 2445 2410 reliquisse
2470 2341 2685 2399 disertis
2710 2344 2957 2403 videaris.

2235 2433 2326 2488 46.
2368 2434 2479 2489 lIoc
2504 2435 2662 2490 etiam
2698 2436 2767 2492 de
2798 2439 3006 2495 caeteris
3033 2440 3334 2511 hujusmodi
3368 2445 3570 2502 artibus
3597 2447 3753 2504 dixe~

2164 2523 2266 2579 rim
2293 2541 2305 2576 :
2334 2541 2466 2595 quas
2488 2527 2533 2582 si
2560 2528 2769 2596 penitus
2797 2529 3022 2585 fortasse
3045 2534 3363 2602 contemnis,
3389 2535 3652 2594 admoneo
3674 2548 3749 2607 te,

2166 2625 2425 2685 quantum
2450 2616 2587 2671 ﬁlius
2607 2618 2796 2685 audeo,
2824 2632 3188 2692 quantumque
3208 2626 3489 2695 permittis,
3511 2637 3570 2681 ut
3589 2628 3752 2685 fidem

2164 2707 2320 2763 istam
2360 2718 2530 2776 tuam,
2577 2726 2735 2780 quam
2777 2715 3095 2770 venerandis
3134 2719 3402 2788 mysteriis
3443 2722 3750 2790 percepisti,

2164 2799 2318 2855 firme
2342 2810 2599 2872 cauteque
2628 2805 2929 2873 custodias;
2958 2808 3149 2864 deinde
3177 2818 3236 2865 ut
3261 2811 3315 2865 in
3341 2812 3441 2867 hac
3464 2813 3567 2867 vita
3592 2824 3755 2886 atque

2164 2895 2403 2950 moribus
2423 2905 2728 2952 constanter
2746 2898 3129 2971 vigilanterque
3147 2918 3479 2972 permaneas.
3500 2907 3575 2962 De
3590 2909 3753 2964 rebus

2162 2992 2342 3039 autem
2364 2985 2777 3055 obscurissimis,
2804 2998 2857 3045 et
2882 2999 3057 3046 tamen
3083 2992 3293 3061 divinis,
3322 2998 3589 3065 quomodo
3610 2999 3753 3056 Deus

2162 3086 2219 3133 et
2245 3078 2378 3133 nihil
2403 3079 2526 3133 mali
2556 3080 2748 3149 faciat,
2780 3092 2834 3137 et
2860 3084 2931 3138 sit
2954 3085 3325 3155 omnipotens,
3352 3096 3409 3143 et
3436 3097 3581 3144 tanta
3612 3092 3751 3147 mala

2161 3169 2323 3237 fiant;
2350 3179 2404 3226 et
2430 3173 2517 3227 cui
2543 3173 2684 3229 bono
2712 3176 2966 3230 mundum
2995 3176 3218 3246 fecerit,
3250 3181 3339 3249 qui
3369 3196 3474 3237 non
3511 3193 3628 3238 erat
3663 3185 3751 3241 in-

2161 3261 2348 3333 digus;
2396 3273 2450 3319 et
2487 3274 2663 3320 utrum
2694 3282 2906 3339 semper
2935 3269 3093 3326 fuerit
3120 3274 3355 3342 malum,
3398 3290 3467 3330 an
3510 3286 3754 3347 tempore

2162 3356 2418 3424 coeperit;
2448 3365 2523 3425 et,
2552 3359 2596 3412 si
2621 3372 2831 3429 semper
2854 3359 2970 3427 fuit,
3001 3371 3175 3418 utrum
3203 3364 3303 3419 sub
3329 3367 3635 3424 conditione
3654 3368 3753 3425 Dei

2162 3445 2323 3503 fuerit
2352 3467 2366 3502 :
2392 3458 2473 3516 et,
2513 3451 2556 3505 si
2597 3451 2723 3517 fuit,
2766 3462 2943 3508 utrum
2969 3455 3128 3510 etiam
3160 3457 3258 3513 iste
3285 3459 3516 3514 mundus
3538 3474 3754 3531 semper

2161 3539 2338 3608 fuerit,
2359 3541 2411 3596 in
2428 3558 2533 3613 quo
2552 3543 2681 3599 illud
2703 3545 2899 3600 malum
2922 3546 3101 3601 divino
3121 3548 3310 3604 ordine
3328 3548 3694 3608 dominaretur
3708 3554 3748 3619 ¹;

2160 3632 2206 3685 si
2232 3642 2408 3686 autem
2437 3632 2523 3689 hic
2548 3635 2775 3691 mundus
2804 3637 3086 3707 aliquando
3110 3653 3230 3694 esse
3255 3641 3417 3712 coepit
3436 3684 3451 3709 ,
3479 3642 3752 3712 quomodo

2160 3733 2444 3795 antequam
2488 3737 2660 3796 esset,
2706 3739 2969 3799 potestate
2999 3731 3093 3785 Dei
3122 3733 3320 3788 malum
3351 3736 3663 3803 tenebatur;
3696 3746 3754 3794 et

2160 3814 2287 3883 quid
2321 3830 2453 3886 opus
2486 3828 2600 3873 erat
2629 3820 2885 3875 mundum
2913 3821 3192 3891 fabricari,
3221 3839 3325 3894 quo
3362 3825 3563 3881 malum
3606 3827 3752 3897 quod

2155 3902 2266 3972 jam
2290 3905 2383 3960 Dei
2412 3915 2644 3977 potestas
2670 3908 2931 3977 frenabat,
2958 3911 3025 3966 ad
3052 3927 3236 3981 poenas
3260 3916 3555 3970 animarum
3582 3917 3753 3972 inelu-

2159 3995 2410 4062 deretur;
2443 3999 2485 4052 si
2521 4008 2697 4055 autem
2737 4000 2835 4056 fuit
2870 4010 3078 4073 tempus
3106 4020 3212 4074 quo
3246 4005 3345 4061 sub
3378 4006 3471 4062 Dei
3509 4007 3752 4065 dominio

2159 4086 2356 4141 malum
2381 4103 2487 4143 non
2510 4098 2643 4157 erat,
2671 4091 2797 4162 quid
2823 4093 2997 4148 subito
3022 4095 3231 4161 accidit,
3261 4097 3401 4166 quod
3428 4113 3523 4168 per
3548 4108 3750 4157 acterna

2158 4187 2302 4233 retro
2350 4188 2587 4251 tempora
2635 4198 2739 4237 non
2785 4185 3069 4242 acciderat.
3116 4187 3173 4241 In
3214 4188 3325 4243 Deo
3362 4190 3504 4245 enim
3548 4208 3750 4247 novum

2158 4271 2427 4327 exstitisse
2451 4274 2725 4329 consilium
2749 4318 2764 4343 ,
2793 4292 2859 4331 ne
2886 4276 3059 4332 dicam
3088 4279 3327 4350 impium,
3357 4282 3749 4352 ineptissimum

2158 4371 2241 4417 est
2263 4364 2461 4420 dicere.
2492 4366 2546 4420 Si
2577 4378 2755 4421 autem
2782 4369 3141 4438 importunum
3168 4372 3365 4441 fuisse,
3393 4384 3447 4429 et
3468 4377 3619 4445 quasi
3643 4378 3748 4433 im—

2158 4455 2382 4523 probum
2417 4457 2616 4512 malum
2646 4459 2755 4514 Deo
2793 4461 3055 4526 dicimus,
3101 4466 3242 4534 quod
3285 4468 3523 4522 nonnulli
3563 4471 3750 4525 existi-

2158 4553 2339 4611 mant,
2378 4546 2488 4614 jam
2530 4563 2687 4603 nemo
2728 4550 2915 4605 doetus
2957 4553 3123 4608 risum
3162 4556 3395 4625 tenebit,
3440 4574 3599 4614 nemo
3640 4576 3748 4617 non

2158 4637 2491 4693 succensebit
2531 4639 2794 4696 indoctus.
2834 4644 2968 4710 Quid
3012 4647 3154 4701 enim
3198 4651 3368 4718 potuit
3404 4651 3516 4705 Deo
3549 4666 3750 4709 nocere

2158 4726 2282 4780 mali
2312 4729 2492 4782 nescio
2531 4747 2633 4801 qua
2671 4733 2759 4787 illa
2790 4737 3017 4791 natura?
3045 4738 3101 4793 Si
3128 4740 3270 4796 enim
3298 4741 3483 4797 dicunt
3519 4759 3625 4799 non
3651 4760 3750 4815 po-

2161 4818 2356 4884 tuisse,
2391 4820 2678 4879 fabricandi
2711 4830 2894 4883 mundi
2932 4846 3090 4886 causa
3121 4848 3227 4888 non
3263 4837 3365 4890 erit
3395 4854 3406 4890 :
3436 4837 3482 4891 si
3507 4839 3749 4909 potuisse

2157 4906 2373 4978 dicunt,
2417 4912 2733 4984 inexpiabile
2772 4917 2920 4973 nefas
2957 4930 3040 4975 est
3072 4923 3239 4978 Deum
3278 4906 3581 4983 violabilem
3624 4945 3744 4985 cre-

2158 4997 2322 5066 dere;
2351 5017 2450 5057 nec
2478 5005 2547 5058 ita
2575 5006 2783 5075 saltem,
2812 5018 2872 5063 ut
2896 5010 2979 5065 vel
3004 5012 3198 5069 virtute
3224 5016 3535 5083 providerit,
3563 5034 3630 5074 ne
3649 5034 3747 5074 sua

2158 5090 2451 5148 substantia
2499 5096 2805 5153 violaretur.
2858 5100 3092 5173 Namque
3140 5105 3371 5161 animam
3424 5123 3610 5177 poenas
3658 5109 3747 5166 hic

2160 5185 2392 5253 pendere
2418 5187 2679 5258 fatentur,
2722 5208 2841 5248 cum
2880 5196 3017 5250 inter
3040 5196 3157 5267 ejus
3181 5208 3235 5254 et
3262 5200 3352 5255 Dei
3392 5201 3744 5258 substantiam
3823 5268 3837 5277 .

2160 5278 2293 5333 nihil
2322 5282 2484 5338 velint
2509 5286 2727 5341 omnino
2755 5288 2971 5344 distare.
3004 5289 3061 5345 Si
3088 5301 3267 5346 autem
3297 5294 3455 5349 istum
3485 5296 3745 5351 mundum

2161 5385 2266 5426 non
2292 5372 2486 5429 factum
2513 5376 2773 5445 dicamus,
2803 5380 3023 5452 impium
3051 5393 3136 5440 est
3156 5394 3315 5456 atque
3338 5386 3600 5458 ingratum
3628 5404 3747 5445 ere-

2159 5461 2309 5533 dere,
2341 5482 2409 5522 ne
2438 5467 2565 5525 illud
2591 5482 2857 5543 sequatur,
2891 5476 3033 5545 quod
3059 5478 3200 5534 Deus
3224 5495 3345 5534 eum
3377 5496 3484 5536 non
3512 5481 3743 5537 fabrica-

2158 5555 2398 5629 ritzergo
2422 5560 2489 5621 de
2514 5559 2597 5616 his
2621 5571 2779 5634 atque
2798 5564 3100 5635 hujusmodi
3126 5570 3302 5637 rebus,
3328 5572 3622 5628 autordine
3651 5574 3744 5630 illo

2159 5647 2490 5719 eruditionis,
2506 5660 2598 5708 aut
2613 5654 2758 5710 nullo
2772 5657 2932 5712 modo
2946 5659 3234 5730 quidquam
3250 5662 3624 5732 requirendum
3638 5673 3721 5721 est

2159 5764 2400 5878 Μῐειὲιξη
2415 5766 2745 5880 (ﬁniam-em.
2758 5772 2831 5822 sic
2847 5775 2993 5824 etiam
3015 5781 3087 5826 Β.
3105 5776 3267 5840 Guill.;
3283 5788 3334 5832 at
3349 5788 3459 5836 Lov.
3472 5794 3575 5838 Par.
3592 5788 3729 5841 domi
3794 5775 3815 5786 ’
