4096 6368
284 407 435 469 101⁸1

295 518 524 579 CAPUT
558 516 746 575 XVlll.
787 546 857 558 —
897 514 1009 583 Quo
1050 511 1227 569 ordine
1271 509 1440 565 animo
1486 505 1775 578 provehitur
1815 502 1883 557 ad

365 616 700 688 cognitionem
726 612 805 669 sui
843 620 890 665 et
930 609 1087 681 ipsius
1129 606 1355 660 unitatis.
1409 603 1593 658 Omnia
1634 602 1686 656 in
1726 616 1881 654 unum

364 710 593 764 tendunt.

366 802 457 855 47.
500 799 569 854 Et
597 813 665 854 ne
699 797 973 868 quisquam
1016 793 1327 849 latissimum
1366 789 1563 861 aliquid
1603 802 1700 844 nos
1732 802 1881 843 com-

294 891 483 964 plexos
507 904 626 946 esse
652 889 957 953 arbitretur,
986 884 1089 940 hoc
1108 884 1226 938 dico
1246 881 1452 953 planius
1472 890 1628 951 atque
1649 881 1879 935 brevius.

294 982 381 1038 Ad
408 982 628 1037 istarum
654 995 831 1034 rerum
860 976 1211 1047 cognitionem
1238 973 1507 1028 neminem
1537 970 1768 1040 aspirare
1791 969 1884 1023 de-

293 1073 424 1131 bere
454 1074 569 1128 sine
600 1072 687 1126 illa
717 1071 864 1141 quasi
896 1068 1089 1139 duplici
1128 1066 1348 1122 scientia
1387 1065 1539 1119 bonm
1570 1061 1883 1131 disputatio-

294 1166 409 1230 nis,
448 1166 799 1235 potentimque
830 1175 1191 1217 numerorum.
1224 1158 1277 1213 Si
1309 1158 1426 1227 quis
1452 1157 1610 1210 etiam
1640 1155 1738 1207 hoc
1771 1154 1884 1223 plu-

294 1256 490 1311 rimum
540 1262 721 1325 putat,
772 1252 913 1306 solos
961 1263 1212 1305 numeros
1260 1248 1459 1317 optime
1510 1248 1746 1311 noverit,
1794 1252 1884 1297 aut

296 1348 466 1405 solam
510 1344 863 1399 dialecticam.
911 1343 965 1398 Si
1005 1351 1059 1397 et
1094 1342 1196 1396 hoc
1235 1340 1498 1395 infinitum
1530 1347 1646 1404 est,
1680 1346 1882 1392 tantum

296 1439 531 1512 perfecte
560 1439 692 1494 sciat
717 1436 841 1507 quid
870 1437 938 1491 sit
963 1450 1123 1489 unum
1154 1434 1207 1488 in
1239 1433 1496 1499 numeris,
1525 1440 1883 1502 quantumque

297 1535 503 1598 valeat;
534 1532 769 1586 nondum
796 1532 847 1585 in
878 1530 962 1584 illa
990 1543 1194 1583 summa
1219 1529 1335 1597 lege
1361 1540 1673 1595 summoque
1700 1524 1883 1579 ordine

295 1640 478 1683 rerum
504 1624 761 1687 omnium,
791 1621 885 1677 sed
916 1622 968 1676 in
998 1620 1061 1673 iis
1090 1634 1209 1690 quae
1240 1616 1472 1688 quotidie
1498 1616 1694 1686 passim
1722 1616 1885 1669 senti-

294 1732 413 1773 mus
454 1725 611 1786 atque
649 1714 876 1785 agimus.
921 1711 1128 1780 Excipit
1169 1709 1309 1764 enim
1354 1707 1490 1761 hanc
1529 1706 1881 1761 eruditionem

291 1809 398 1881 jam
431 1809 548 1880 ipsa
578 1806 922 1878 philosophiae
963 1803 1271 1873 disciplina,
1305 1811 1358 1856 et
1398 1801 1449 1855 in
1491 1816 1552 1855 ea
1593 1800 1724 1854 nihil
1766 1800 1883 1869 plus

295 1901 500 1958 invenit
529 1914 684 1970 quam
717 1897 840 1967 quid
871 1897 939 1951 sit
968 1909 1152 1958 unum,
1181 1891 1275 1947 sed
1313 1892 1467 1961 longe
1500 1891 1660 1944 altius
1700 1890 1881 1959 longe-

295 2010 397 2064 que
414 1993 663 2047 divinius.
692 1990 853 2059 Cujus
875 1988 1069 2059 duplex
1089 1986 1313 2057 quaestio
1332 1996 1412 2039 est
1438 2002 1449 2038 :
1474 1999 1577 2039 una
1597 1983 1662 2039 de
1684 1983 1879 2047 anima,

294 2086 463 2142 altera
494 2085 561 2140 de
590 2086 719 2140 Deo.
761 2082 940 2137 Prima
983 2080 1147 2136 efficit
1184 2088 1241 2133 ut
1277 2079 1631 2147 nosmetipsos
1669 2074 1882 2130 noveri-

295 2191 449 2241 mus;
480 2176 669 2241 altera,
703 2182 759 2229 ut
784 2173 1041 2243 originem
1069 2179 1325 2225 nostram.
1360 2168 1451 2222 llla
1484 2168 1636 2222 nobis
1658 2166 1880 2231 dulcior,

294 2267 394 2322 ista
434 2266 678 2331 charior;
720 2265 810 2319 illa
852 2280 949 2318 nos
985 2263 1173 2332 dignos
1209 2260 1362 2315 beata
1391 2260 1529 2327 vita,
1558 2259 1741 2313 beatos
1771 2257 1884 2311 hazc

294 2358 453 2424 facit;
487 2358 654 2428 prima
685 2365 768 2411 est
795 2356 879 2409 illa
905 2352 1264 2418 discentibus,
1298 2352 1393 2405 ista
1419 2350 1527 2420 jam
1556 2348 1746 2403 doctis.
1788 2348 1885 2402 ilic

295 2460 376 2505 est
402 2450 537 2504 ordo
564 2448 859 2503 studiorum
895 2445 1196 2517 sapientim,
1224 2458 1321 2513 per
1361 2457 1519 2513 quem
1560 2441 1619 2495 ﬁt
1661 2441 1884 2510 quisque

295 2540 522 2597 idoneus
548 2539 614 2593 ad
641 2537 1039 2608 intelligendum
1078 2534 1320 2590 ordinem
1348 2547 1556 2597 rerum,
1590 2530 1640 2585 id
1666 2540 1777 2598 est,
1818 2530 1885 2585 ad

296 2630 686 2701 dignoscendos
722 2629 855 2683 duos
883 2627 1138 2693 mundos,
1172 2634 1227 2681 et
1257 2626 1427 2695 ipsum
1460 2632 1730 2693 parentem
1763 2622 1883 2676 uni-

292 2724 599 2789 vcrsitatis;
650 2723 801 2791 cujus
847 2719 992 2775 nulla
1038 2718 1259 2775 scientia
1302 2726 1385 2772 est
1428 2716 1479 2771 in
1528 2716 1737 2781 anima,
1782 2714 1884 2771 nisi

293 2816 435 2872 scire
463 2813 729 2885 quomodo
756 2827 877 2867 eum
908 2811 1126 2865 nesciat.

280 2932 287 2942 η
365 2907 454 2963 48.
495 2907 649 2961 Hunc
676 2906 834 2976 igitur
859 2904 1101 2960 ordinem
1137 2911 1325 2958 tenens
1360 2901 1534 2955 anima
1568 2900 1679 2969 jam
1708 2900 1884 2970 philo-

293 2999 498 3069 sophiae
528 2997 717 3051 tradita
739 3039 753 3061 ,
800 2996 972 3065 primo
1013 2995 1241 3063 seipsam
1282 2992 1492 3062 inspicit
1526 3010 1538 3046 :
1577 3002 1630 3046 et
1665 2992 1747 3046 cui
1773 2992 1882 3061 jam

293 3090 382 3146 illa
427 3088 655 3144 eruditio
699 3087 995 3158 persuasit,
1044 3095 1134 3140 aut
1173 3100 1352 3150 suam,
1392 3094 1482 3138 aut
1510 3085 1736 3154 seipsam
1766 3097 1885 3138 esse

294 3183 589 3251 rationem,
623 3182 675 3237 in
704 3182 910 3236 ratione
940 3190 1115 3235 autem
1145 3190 1233 3235 aut
1273 3180 1406 3234 nihil
1444 3194 1563 3234 esse
1604 3180 1793 3233 melius
1832 3188 1886 3235 et

293 3277 563 3346 potentius
603 3274 874 3341 numeris,
916 3282 1007 3328 aut
1044 3274 1179 3328 nihil
1219 3273 1363 3327 aliud
1406 3288 1564 3341 quam
1603 3288 1883 3327 numerum

293 3382 413 3424 esse
439 3368 734 3431 rationem;
765 3367 836 3421 ita
863 3381 1044 3421 secum
1064 3365 1310 3435 loquetur
1337 3381 1349 3417 :
1380 3364 1491 3433 Ego
1512 3364 1738 3435 quodam
1764 3379 1884 3419 meo

296 3469 445 3516 motu
468 3459 717 3514 interiore
742 3467 795 3513 et
818 3458 1024 3512 occulto
1042 3498 1056 3522 ,
1088 3472 1153 3511 ea
1179 3471 1297 3525 quas
1328 3455 1581 3510 discenda
1609 3463 1729 3509 sunt
1755 3470 1881 3525 pos-

296 3566 413 3609 sum
452 3551 756 3607 discernere
792 3557 847 3605 et
873 3556 1224 3615 connectere,
1257 3557 1309 3602 et
1338 3546 1453 3602 haec
1488 3547 1566 3602 vis
1596 3562 1711 3602 mea
1751 3548 1885 3602 ratio

297 3650 536 3698 vocatur.
566 3641 704 3710 Quid
730 3650 904 3695 autem
931 3638 1339 3695 discernendum
1369 3646 1468 3703 est,
1502 3638 1600 3692 nisi
1626 3638 1766 3707 quod
1794 3646 1885 3693 aut

296 3747 461 3789 unum
486 3741 702 3803 putatur
726 3740 780 3786 et
804 3746 909 3786 non
936 3738 1039 3797 est,
1070 3738 1159 3784 aut
1187 3739 1331 3785 certe
1357 3744 1461 3784 non
1488 3738 1593 3782 tam
1621 3744 1781 3783 unum
1804 3739 1885 3786 ρει

296 3838 454 3895 quam
481 3821 730 3893 putatur?
756 3820 907 3885 Item,
936 3835 1031 3875 cur
1054 3819 1180 3889 quid
1204 3819 1626 3875 conuectendum
1653 3827 1755 3886 est,
1784 3820 1885 3875 nisi

296 3925 355 3973 ut
375 3932 537 3971 unum
561 3915 672 3979 ﬁat,
698 3923 951 3986 quantum
980 3912 1192 3983 potest?
1217 3912 1360 3981 Ergo
1384 3919 1438 3966 et
1463 3912 1515 3965 in
1535 3911 1885 3966 discernendo

296 4018 351 4064 et
378 4008 432 4062 in
460 4005 861 4071 connectendo,
905 4020 1066 4059 unum
1105 4003 1256 4069 volo,
1297 4012 1352 4057 et
1388 4018 1549 4057 unum
1595 4018 1733 4057 amo.
1780 4004 1885 4060 Sed

296 4118 420 4159 cum
450 4103 730 4171 discerno,
770 4110 1084 4173 purgatum;
1128 4115 1249 4155 cum
1287 4107 1573 4166 connecto,
1622 4100 1885 4168 integrum

296 4196 441 4251 volo.
476 4196 530 4249 In
559 4197 645 4249 illa
676 4203 826 4266 parte
854 4194 1089 4247 vitantur
1117 4191 1311 4256 aliena,
1345 4192 1396 4245 in
1429 4191 1526 4244 hac
1558 4191 1769 4261 propria
1799 4204 1890 4244 co-

298 4288 582 4360 pulantur,
615 4296 670 4341 ut
714 4300 877 4340 unum
919 4282 1115 4354 aliquid
1160 4282 1453 4352 perfectum
1496 4281 1605 4335 fiat.
1647 4281 1805 4350 Lapis
1831 4288 1891 4335 ut

298 4390 441 4439 esset
470 4381 601 4450 lapis
623 4422 636 4446 ,
667 4393 854 4435 omnes
894 4378 1009 4448 ejus
1044 4384 1257 4447 partes,
1290 4376 1568 4445 omnisque
1609 4385 1797 4429 natura
1835 4373 1887 4427 in

298 4490 462 4530 unum
491 4474 712 4529 solidata
738 4482 839 4528 est.
872 4471 1006 4539 Quid
1037 4470 1234 4526 arbor?
1262 4484 1437 4523 nonne
1475 4470 1633 4523 arbor
1672 4483 1777 4523 non
1807 4482 1894 4523 es-

298 4576 415 4635 set,
453 4567 627 4622 siuna
654 4580 759 4620 non
787 4566 967 4621 esset?
996 4563 1133 4632 Quid
1173 4562 1409 4616 membra
1451 4559 1733 4629 cujuslibet
1774 4559 1891 4612 ani-

299 4658 496 4715 mantis
540 4672 602 4711 ac
641 4656 866 4721 viscera,
891 4663 945 4709 et
984 4652 1238 4724 quidquid
1283 4660 1365 4707 est
1407 4666 1591 4706 eorum
1633 4666 1664 4706 e
1702 4650 1893 4720 quibus

299 4748 549 4805 constat?
580 4747 737 4801 Certe
775 4747 820 4800 si
860 4747 1074 4799 unitatis
1113 4746 1379 4813 patiantur
1421 4744 1742 4811 divortium,
1785 4758 1890 4799 non

298 4840 409 4898 erit
433 4836 646 4891 animal.
678 4835 847 4889 Amici
875 4834 1000 4905 quid
1026 4834 1165 4889 aliud
1190 4850 1347 4904 quam
1370 4851 1532 4890 unum
1554 4851 1672 4891 esse
1697 4850 1893 4890 conan-

301 4929 430 4987 tur?
462 4926 529 4981 Et
558 4933 755 4995 quanto
783 4925 951 4994 magis
976 4940 1159 4990 unum,
1194 4934 1340 4979 tanto
1370 4928 1536 4996 magis
1565 4927 1718 4981 amici
1747 4936 1891 4982 sunt.

304 5018 541 5089 Populus
573 5031 674 5072 una
704 5016 887 5071 civitas
913 5024 992 5070 est
1012 5055 1026 5079 ,
1053 5016 1136 5069 cui
1167 5024 1247 5071 est
1276 5016 1568 5086 periculosa
1593 5017 1891 5073 dissensio:

306 5114 432 5185 quid
459 5120 542 5168 est
567 5119 741 5165 autem
769 5109 1068 5175 dissentire,
1100 5109 1203 5163 nisi
1232 5124 1335 5163 non
1364 5125 1523 5164 unum
1552 5111 1785 5165 sentire?
1815 5111 1896 5166 Ex

306 5208 489 5264 multis
538 5203 798 5259 militibus
843 5202 901 5257 ﬁt
942 5216 1077 5257 unus
1121 5202 1387 5257 exercitus
1424 5218 1437 5256 :
1478 5217 1653 5258 nonne
1699 5206 1897 5275 qumvis

311 5296 595 5354 multitudo
619 5311 684 5352 eo
709 5295 884 5350 minus
904 5294 1150 5362 vincitur,
1179 5308 1284 5364 quo
1307 5294 1474 5366 magis
1501 5294 1551 5349 in
1578 5311 1738 5350 unum
1758 5296 1897 5352 coit?

313 5391 465 5448 Unde
510 5390 623 5460 ipsa
661 5388 820 5443 coitio
863 5387 915 5441 in
961 5402 1158 5455 unum,
1207 5400 1407 5441 cuneus
1448 5387 1748 5442 nominatus
1794 5398 1893 5456 est,

312 5486 463 5557 quasi
493 5498 748 5539 couneus.
781 5480 917 5549 Quid
952 5494 1103 5534 amor
1131 5479 1342 5535 omnis?
1382 5495 1558 5536 nonne
1598 5496 1759 5535 unum
1789 5482 1903 5537 vult

315 5576 429 5632 ﬁeri
457 5591 579 5630 cum
602 5589 667 5630 eo
692 5572 833 5645 quod
858 5580 1020 5639 amat,
1050 5578 1105 5627 et
1129 5571 1173 5626 si
1198 5571 1248 5626 ei
1272 5571 1563 5642 contingat,
1587 5587 1751 5625 unum
1778 5588 1899 5627 cum

314 5684 379 5724 eo
408 5668 504 5722 ﬁt?
534 5665 787 5737 Voluptas
813 5665 927 5735 ipsa
953 5678 1059 5718 non
1090 5662 1160 5718 ob
1187 5662 1327 5717 aliud
1355 5662 1584 5717 delectat
1610 5662 1901 5719 vehemen-

316 5760 443 5827 tius,
477 5758 576 5813 nisi
604 5756 745 5828 quod
769 5756 999 5810 amantia
1025 5770 1145 5811 sese
1174 5769 1398 5826 corpora
1427 5756 1480 5810 in
1508 5771 1668 5811 unum
1699 5770 1900 5827 cogun-

316 5859 420 5911 tur.
454 5850 615 5909 Dolor
642 5848 783 5905 unde
807 5847 1141 5920 perniciosus
1166 5848 1287 5906 est?
1315 5846 1447 5918 Quia
1479 5847 1531 5907 id
1559 5848 1701 5923 quod
1740 5865 1901 5905 unum

1634 389 1839 449 LIBER
1876 385 2250 447 SECUNDUS.

3434 398 3576 462 1018

1989 511 2123 567 erat,
2155 502 2409 561 dissicere
2434 504 2618 561 nititur
2643 504 2683 559 ί.

1988 593 2213 653 CAPUT
2244 594 2384 651 XIX.
2413 626 2484 637 --
2509 595 2679 651 Homo
2716 596 2850 652 unde
2888 597 3043 653 brutis
3073 601 3422 671 prwstantior,
3451 619 3575 675 quo-

2412 690 2561 745 modo
2599 692 2754 763 possit
2780 692 2943 747 videre
2970 692 3153 748 Deum.

2061 780 2203 853 Ergo
2230 783 2511 839 molestum
2542 792 2597 840 et
2632 786 2985 855 periculosum
3012 796 3128 856 est,
3166 800 3286 843 cum
3321 802 3388 845 eo
3410 804 3577 848 unum

1990 872 2101 929 fieri
2134 875 2275 945 quod
2305 877 2538 945 separari
2570 886 2763 946 potest.

2060 965 2152 1019 49.
2182 965 2263 1019 Ex
2287 966 2467 1022 multis
2488 968 2646 1022 rebus
2674 969 2870 1038 passim
2898 978 3019 1024 ante
3040 969 3360 1041 jacentibus,
3386 971 3580 1032 deinde

1990 1058 2043 1113 in
2076 1075 2231 1113 unam
2277 1058 2498 1114 formam
2538 1063 2907 1132 congregatis,
2956 1078 3113 1118 unam
3158 1062 3292 1119 facio
3334 1064 3577 1122 domum.

1989 1152 2173 1207 Melior
2197 1168 2296 1221 ego
2317 1194 2331 1217 ,
2360 1153 2620 1224 siquidem
2646 1170 2743 1225 ego
2770 1156 2903 1210 facio
2922 1198 2937 1223 ,
2967 1156 3056 1211 illa
3094 1158 3153 1212 fit
3186 1173 3200 1211 :
3230 1158 3351 1214 ideo
3386 1159 3579 1217 melior

1989 1243 2112 1315 quia
2152 1244 2313 1311 facio;
2346 1261 2451 1300 non
2484 1247 2701 1302 dubium
2734 1256 2815 1303 est
2850 1249 2972 1305 inde
3018 1265 3105 1305 me
3142 1265 3261 1307 esse
3301 1252 3577 1311 meliorem

1990 1353 2147 1408 quam
2173 1338 2363 1393 domus
2389 1348 2489 1394 cst.
2517 1340 2622 1396 Sed
2647 1356 2752 1395 non
2780 1342 2901 1396 inde
2926 1357 3042 1398 sum
3064 1344 3254 1399 melior
3274 1344 3576 1412 hirundine.

1989 1439 2082 1487 aut
2109 1433 2347 1502 apicula;
2382 1448 2501 1487 nam
2533 1442 2588 1489 et
2622 1434 2707 1488 illa
2746 1435 2899 1491 nidos
2932 1435 3132 1493 affabre
3170 1438 3358 1506 struit,
3398 1447 3452 1494 et
3488 1439 3578 1495 illa

1988 1524 2138 1580 favos
2168 1545 2181 1581 :
2211 1526 2303 1581 sed
2333 1526 2414 1580 his
2440 1526 2645 1592 melior,
2679 1528 2799 1598 quia
2831 1528 3088 1583 rationale
3114 1529 3308 1584 animal
3338 1544 3477 1585 sum.
3509 1529 3582 1586 At

1990 1620 2034 1675 si
2068 1621 2121 1674 in
2152 1621 2280 1674 ratis
2316 1621 2735 1676 dimensionihus
2774 1622 2909 1676 ratio
2949 1631 3063 1689 est;
3108 1623 3487 1693 numquidnam
3524 1632 3581 1679 et

1989 1726 2115 1767 aves
2153 1712 2291 1783 quod
2323 1712 2614 1781 fabricant,
2648 1713 2825 1767 minus
2852 1722 2972 1784 apte
2998 1723 3455 1784 congruenterque
3492 1714 3576 1769 di-

1989 1818 2233 1858 mensum
2278 1805 2398 1859 est?
2447 1806 2558 1859 lmo
2605 1805 3096 1860 numerosissimum
3143 1814 3242 1859 est.
3288 1804 3402 1859 Non
3452 1819 3581 1876 ergo

1990 1912 2272 1952 mimcrosa
2300 1897 2560 1965 faciendo,
2588 1898 2681 1953 sed
2705 1912 2958 1953 numeros
2983 1896 3369 1967 cognoscendo,
3393 1896 3583 1951 melior

1990 2006 2127 2047 sum.
2175 1991 2309 2058 Quid
2340 1993 2504 2062 ergo?
2552 1993 2657 2047 illa:
2701 1992 3002 2046 nescientes
3044 1990 3253 2060 operari
3299 2002 3581 2044 numerosa

1988 2086 2272 2154 poterant?
2299 2085 2550 2140 Poterant
2577 2085 2834 2154 profecto.
2862 2083 3015 2141 Unde
3046 2083 3095 2137 id
3124 2082 3383 2138 docetur?
3413 2081 3492 2136 Ex
3516 2096 3584 2137 eo

1988 2177 2129 2247 quod
2158 2192 2255 2231 nos
2282 2192 2493 2247 quoque
2531 2178 2694 2231 certis
2733 2174 3153 2230 dimensionibus
3190 2175 3420 2243 linguam
3450 2173 3585 2228 den-

1989 2269 2131 2324 tibus
2167 2280 2220 2324 et
2258 2270 2432 2339 palato
2461 2269 2945 2335 accommodamus,
2977 2275 3034 2321 ut
3062 2282 3128 2322 ex
3157 2282 3252 2321 ore
3290 2266 3479 2322 littera:
3517 2280 3581 2321 ac

1989 2363 2150 2418 verba
2178 2371 2559 2432 prorumpant,
2602 2377 2700 2417 nec
2734 2372 2911 2417 tamen
2943 2360 3235 2430 cogitamus
3259 2373 3378 2413 cum
3404 2358 3581 2426 loqui-

1988 2470 2128 2518 mur,
2161 2469 2266 2524 quo
2300 2462 2445 2507 motu
2473 2454 2580 2506 oris
2611 2453 2661 2507 id
2691 2453 2864 2507 facere
2894 2451 3200 2507 debeamus.
3236 2448 3435 2503 Deinde
3462 2448 3583 2519 quis

1990 2545 2167 2601 bonus
2194 2554 2462 2609 cantator,
2495 2544 2653 2597 etiam
2690 2544 2733 2597 si
2765 2543 2980 2597 musica:
3020 2542 3088 2595 sit
3124 2540 3429 2610 imperitus,
3473 2553 3581 2593 non

1990 2638 2107 2710 ipso
2135 2654 2295 2694 sensu
2322 2637 2550 2692 naturali
2577 2646 2629 2692 et
2656 2635 2962 2706 rhythmum
2992 2643 3046 2689 et
3075 2633 3245 2688 melos
3274 2639 3581 2702 perceptum

1990 2732 2247 2786 memoria
2280 2729 2544 2786 custodiat
2572 2730 2624 2782 in
2655 2726 2935 2782 canendo?
2965 2740 3069 2795 quo
3094 2722 3219 2794 quid
3248 2722 3364 2777 ﬁeri
3390 2736 3581 2778 nume-

1990 2823 2164 2879 rosius
2191 2823 2400 2893 potest?
2446 2822 2559 2876 Hoc
2593 2820 2764 2875 nescit
2801 2817 3074 2882 indoctus,
3107 2815 3201 2871 sed
3240 2823 3415 2869 tamen
3458 2813 3585 2869 facit

1989 2924 2242 2988 aperante
2268 2925 2476 2970 natura.
2507 2913 2729 2981 Quando
2758 2920 2933 2966 autem
2974 2909 3190 2976 melior,
3222 2917 3274 2963 et
3303 2904 3584 2978 pecoribus

1990 3007 2417 3079 prteponendus?
2443 3005 2666 3073 Quando
2686 3005 2831 3059 novit
2856 3001 2997 3073 quod
3024 3000 3167 3056 facit.
3198 3000 3266 3054 At
3288 2997 3419 3052 nihil
3439 2996 3582 3051 aliud

1990 3116 2077 3155 me
2104 3101 2281 3171 pecori
2310 3099 2603 3171 praeponit,
2636 3099 2736 3153 nisi
2763 3096 2904 3168 quod
2933 3094 3190 3150 rationale
3216 3092 3411 3148 animal
3439 3107 3579 3147 sum.

2059 3191 2150 3248 50.
2181 3191 2460 3257 Quomodo
2489 3190 2646 3260 igitur
2676 3186 2991 3243 immortalis
3016 3194 3099 3241 est
3124 3184 3276 3249 ratio,
3309 3192 3364 3238 et
3387 3198 3487 3252 ego
3507 3180 3583 3237 si-

1990 3284 2103 3339 mul
2132 3291 2187 3339 et
2219 3283 2480 3337 rationale
2517 3290 2571 3335 et
2596 3280 2819 3335 mortale
2862 3277 3111 3349 quiddam
3154 3290 3275 3331 esse
3318 3273 3585 3329 definior?

1989 3376 2073 3430 An
2101 3375 2237 3431 ratio
2262 3389 2368 3428 non
2396 3382 2477 3428 est
2504 3371 2853 3427 immortalis?
2893 3368 3001 3424 Sed
3027 3382 3189 3422 unum
3228 3365 3296 3420 ad
3326 3364 3460 3431 duo,
3493 3364 3578 3418 vel

1990 3466 2098 3522 duo
2127 3466 2194 3521 ad
2221 3474 2474 3536 quatuor,
2493 3463 2768 3518 verissima
2798 3460 2934 3515 ratio
2963 3467 3046 3516 est
3077 3475 3091 3512 :
3116 3471 3215 3513 nec
3255 3456 3424 3526 magis
3466 3453 3583 3511 heri

1989 3558 2089 3615 fuit
2116 3560 2217 3614 ista
2256 3558 2393 3611 ratio
2433 3571 2556 3611 vera
2585 3569 2742 3625 quam
2778 3552 2970 3617 hodie;
3004 3565 3103 3605 nec
3132 3547 3301 3619 magis
3335 3561 3454 3602 cras
3492 3554 3584 3601 aut

1990 3658 2112 3723 post
2134 3665 2330 3704 annum
2356 3650 2457 3705 erit
2484 3661 2642 3714 vera;
2671 3662 2771 3701 nec
2796 3646 2841 3700 si
2868 3644 3043 3699 omnis
3073 3643 3171 3697 iste
3201 3638 3430 3696 mundus
3449 3652 3582 3694 eon-

1990 3743 2159 3809 cidat,
2206 3743 2400 3814 poterit
2438 3742 2537 3796 ista
2570 3740 2708 3795 ratio
2739 3754 2843 3793 non
2872 3752 3014 3793 esse.
3046 3734 3151 3791 Ista
3188 3735 3328 3791 enim
3372 3747 3585 3803 semper

1993 3836 2112 3892 talis
2133 3845 2246 3902 est;
2268 3834 2496 3890 mundus
2520 3842 2695 3889 autem
2718 3833 2818 3887 iste
2840 3846 2939 3887 nec
2966 3829 3084 3885 beri
3114 3828 3315 3894 habuit,
3346 3840 3445 3881 nec
3464 3840 3584 3881 cras

1991 3925 2207 3982 habebit
2243 3925 2385 3996 quod
2430 3924 2586 3979 habet
2633 3922 2820 3989 hodie,
2869 3935 2970 3975 nec
3012 3918 3273 3975 hodierno
3314 3916 3429 3986 ipso
3457 3915 3579 3982 die,

1991 4021 2077 4075 vel
2118 4020 2290 4090 Spatio
2324 4019 2480 4074 unius
2517 4017 2664 4071 hora:
2688 4015 2877 4071 eodem
2903 4013 3026 4067 loco
3052 4010 3221 4067 solem
3250 4007 3474 4063 habuit:
3507 4006 3580 4062 ita

1991 4126 2115 4168 eum
2140 4112 2193 4166 in
2221 4126 2286 4167 eo
2317 4110 2448 4165 nihil
2476 4117 2686 4174 manet,
2714 4106 2847 4161 nihil
2870 4104 2953 4160 vel
2980 4117 3142 4174 parvo
3168 4100 3340 4171 spatio
3366 4108 3579 4168 tempo-

1994 4204 2067 4259 ris
2097 4204 2258 4259 habet
2282 4201 2467 4257 eodem
2495 4198 2673 4254 modo.
2704 4195 2946 4267 lgitur,si
2974 4191 3291 4248 immortalis
3316 4198 3399 4245 est
3422 4188 3582 4256 ratio,

1994 4304 2051 4351 et
2076 4310 2175 4365 ego
2204 4295 2292 4365 qui
2323 4294 2419 4347 ista
2450 4291 2626 4346 omnia
2655 4290 2739 4345 vel
2768 4288 3012 4342 discerno
3038 4284 3123 4339 vel
3149 4291 3409 4338 connecto
3430 4322 3443 4347 ,
3492 4294 3578 4334 ra-

1996 4387 2072 4441 tio
2098 4402 2250 4451 sum;
2280 4384 2407 4440 illud
2438 4398 2541 4454 quo
2570 4381 2794 4436 mortale
2822 4378 3090 4449 appellor,
3130 4390 3237 4430 non
3272 4381 3355 4430 est
3383 4386 3585 4428 meum.

1997 4478 2125 4543 Aut,
2156 4477 2200 4531 si
2230 4476 2403 4530 anima
2436 4489 2539 4529 non
2569 4472 2619 4527 id
2646 4470 2888 4542 estquod
2914 4469 3076 4536 ratio,
3101 4475 3154 4522 et
3183 4476 3359 4521 tamen
3383 4463 3589 4518 ratione

1998 4578 2147 4636 utor,
2189 4578 2245 4623 et
2285 4582 2379 4637 per
2416 4566 2678 4621 rationem
2720 4564 2911 4619 melior
2954 4576 3101 4626 sum;
3145 4574 3175 4612 a
3215 4557 3481 4613 deteriore
3520 4553 3590 4610 ad

1998 4663 2222 4729 melius,
2254 4676 2284 4715 a
2314 4660 2525 4714 mortali
2553 4657 2619 4713 ad
2646 4656 2947 4712 immortale
2982 4652 3289 4725 fugiendum
3318 4659 3418 4704 est.
3460 4647 3587 4704 Haec

1998 4764 2054 4813 et
2073 4756 2171 4810 alia
2197 4753 2363 4808 multa
2392 4766 2575 4807 secum
2597 4750 2773 4805 anima
2802 4748 2939 4803 bene
2964 4744 3171 4801 erudita
3210 4742 3439 4811 loquitur
3462 4780 3476 4804 ,
3506 4746 3588 4792 at-

1999 4864 2104 4920 que
2132 4848 2294 4918 agitat
2321 4863 2335 4901 :
2363 4858 2482 4915 quae
2508 4842 2755 4914 persequi
2786 4841 2910 4896 nolo
2930 4883 2943 4904 ,
2973 4854 3039 4894 ne
3069 4852 3190 4891 cum
3220 4832 3460 4889 ordinem
3492 4842 3589 4884 vos

2000 4939 2195 4995 docere
2219 4938 2402 5007 cupio,
2429 4933 2645 4989 modum
2673 4931 2946 4997 excedam,
2970 4928 3060 4999 qui
3085 4935 3235 4997 pater
3257 4932 3341 4979 est
3361 4920 3585 4977 ordinis.

2001 5031 2273 5089 Gradatim
2303 5028 2444 5085 enim
2475 5042 2564 5092 se,
2594 5035 2647 5081 et
2693 5024 2758 5078 ad
2802 5036 2979 5078 mores
3019 5020 3287 5087 vitamque
3327 5015 3581 5086 optimam

2002 5139 2108 5181 non
2130 5123 2239 5193 jam
2259 5121 2372 5177 sola
2397 5119 2501 5174 ﬁde
2520 5159 2535 5185 ,
2566 5115 2660 5172 sed
2685 5122 2827 5170 certa
2856 5112 3060 5167 ratione
3087 5108 3345 5180 perducit.
3367 5106 3463 5162 Cui
3484 5121 3582 5161 nu-

2004 5231 2273 5273 merorum
2304 5213 2408 5268 vim
2437 5220 2597 5281 atque
2626 5206 2917 5279 potentiam
2955 5204 3235 5275 diligenter
3259 5200 3481 5257 intuenti
3507 5200 3591 5255 ni-

2006 5309 2108 5365 mis
2137 5306 2407 5376 indignum
2439 5302 2707 5359 videbitur
2731 5308 2784 5355 et
2813 5298 2972 5353 nimis
3001 5296 3232 5351 flendum
3254 5333 3269 5363 ,
3319 5309 3415 5365 per
3439 5307 3591 5349 suam

2006 5401 2281 5458 scientiam
2298 5413 2512 5455 versum
2530 5397 2670 5452 bene
2690 5407 2905 5450 currere
2920 5390 3282 5458 citharamque
3292 5388 3598 5455 concinere,

2006 5502 2061 5551 et
2084 5509 2236 5550 suam
2272 5492 2436 5547 vitam
2474 5504 2637 5560 seque
2680 5488 2849 5558 ipsam
2879 5499 2999 5555 qua:
3025 5481 3201 5538 anima
3227 5490 3339 5550 est,
3384 5479 3600 5536 devium

2073 5673 2090 5704 ί
2109 5678 2238 5733 Lov.,
2258 5665 2532 5733 discindere
2543 5665 2728 5733 nititur.
2742 5670 2837 5723 En,
2851 5659 3092 5733 disjicere.
3108 5654 3606 5733 Bg.d.,dishigge.ft

2009 5718 2123 5783 Am.
2138 5718 2191 5782 et
2207 5718 2510 5781 ltissrdecem
2534 5718 2833 5792 praeferunt,
2865 5718 3112 5792 dissicere.
3135 5719 3267 5792 Quod
3282 5718 3604 5792 verbumpri-

2012 5780 2164 5857 tiquis
2178 5780 2463 5843 auctoribus
2484 5780 2738 5857 receptum
2762 5780 2875 5857 esse
2897 5788 3158 5857 observant
3177 5780 3354 5834 eruditi
3372 5813 3390 5842 .
3411 5783 3466 5831 et
3498 5788 3603 5832 ωι-

2012 5852 2365 5919 ιιυζςαὶριοωω
2387 5867 2479 5917 0pc
2503 5852 2678 5920 palm
2699 5852 2979 5904 restituunt.
