2048 3184
257 188 326 218 1019

258 245 309 273 iter
322 244 415 280 sequi,
440 248 467 272 ct
486 243 639 272 dominante
654 243 704 271 sibi
725 243 849 276 libidine,
874 250 935 270 cum
954 242 1052 277 turpis-

257 291 326 320 simo
340 298 369 318 se
381 290 504 318 vitiorum
517 290 629 325 strepitu
640 289 788 317 dissonare.

292 329 338 365 5i.
353 337 420 366 Cum
432 342 522 365 autem
540 345 570 366 se
588 337 766 372 composuerit
780 340 807 364 et
820 336 982 364 ordinaverit
992 357 999 370 ,
1015 343 1047 364 ac

257 383 418 411 concinnam
448 383 638 418 pulchramque
668 381 829 416 reddiderit,
859 381 968 409 audebit
994 383 1051 416 jam

257 430 342 458 Deum
355 430 460 462 videre,
476 435 554 465 atque
566 430 652 464 ipsum
670 429 768 457 fontem
783 428 854 456 unde
872 433 959 456 manat
971 436 1051 460 omne

257 483 349 504 verum
358 496 366 509 ,
381 476 520 511 ipsumque
534 475 640 502 Patrem
650 474 784 503 Veritatis.
796 475 865 502 Deus
879 482 975 510 magne
985 495 992 507 ,
1006 474 1050 509 qui

260 525 338 549 erunt
356 521 393 548 illi
405 521 473 548 oculi
487 522 493 548 l
508 528 587 556 quam
602 521 674 553 sani,
688 528 768 556 quam
788 520 892 553 decori,
907 527 985 555 quam
1006 527 1051 547 va-

259 566 345 605 lentes
354 587 362 600 ,
377 574 454 601 quam
468 570 622 594 constantes
634 587 641 600 ,
655 574 735 601 quam
746 566 832 593 sereni
847 586 853 598 ,
869 573 948 600 quam
962 565 1048 593 beati!

262 612 331 648 Quid
344 617 433 640 autem
448 617 489 640 est
502 612 565 640 illud
579 612 649 647 quod
666 611 771 639 vident?
786 610 1051 647 quid,qu;cso?Quid

257 657 433 691 arbitremur,
448 657 510 693 quid
520 658 698 691 aestimemus,
713 657 777 692 quid
788 657 945 692 loquamur?
959 656 1052 690 Quoti-

256 695 335 731 diana
347 695 598 736 verba.occurrunt,
614 708 641 731 et
653 703 785 730 sordidata
800 707 861 730 sunt
875 702 962 730 omnia
979 702 1051 729 vilis-

255 747 329 775 simis
342 748 435 776 rebus.
451 749 521 776 Nihil
535 749 648 784 amplius
658 748 760 783 dicam,
776 748 826 775 nisi
842 748 958 783 promitti
973 748 1049 775 nobis

256 799 393 828 aspectum
413 794 631 829 pulchritudinis,
654 794 730 830 cujus
753 793 899 821 imitatione
920 793 1047 828 pulchra,

257 839 334 874 etu'us
349 841 547 875 comparatione
572 840 640 869 [teda
669 844 730 868 sunt
756 845 862 868 cetera.
883 840 956 867 llanc
977 840 1051 875 quis—

256 886 316 920 quis
344 886 440 914 viderit
465 886 575 921 (videbit
597 890 686 914 autent
710 886 754 921 qui
782 886 848 914 bene
870 886 933 913 vivit
948 907 955 918 .
982 885 1050 913 bene

254 936 328 965 orat,
353 932 421 960 bene
442 932 553 968 studet),
566 933 671 967 quando
694 941 754 960 eum
778 932 894 960 movebit
914 940 962 960 cur
983 933 1050 960 alius

255 982 349 1013 optans
362 976 461 1007 habere
474 978 542 1007 filios
555 987 608 1007 non
620 979 730 1013 habeat,
743 979 809 1006 alius
824 978 989 1006 abundantes
1001 987 1050 1006 cx-

255 1028 351 1060 ponat,
373 1025 442 1052 alius
465 1025 552 1053 oderit
576 1026 739 1057 nascituros,
754 1025 845 1061 diligat
861 1025 928 1053 alius
951 1030 1047 1053 natos:

254 1070 389 1106 quomodo
404 1079 455 1098 non
469 1076 597 1107 repugnet
611 1071 677 1099 nihil
691 1071 806 1099 futurum
821 1079 879 1099 esse
889 1092 896 1104 ,
911 1071 982 1107 quod
996 1080 1049 1099 non

255 1116 289 1143 sit
301 1116 369 1152 apud
385 1117 477 1149 Deum,
489 1125 522 1145 ex
534 1125 586 1153 quo
597 1125 707 1145 necesse
719 1122 759 1145 est
773 1117 867 1144 ordine
878 1117 966 1144 omnia
978 1117 1046 1150 ﬁeri,

254 1165 281 1189 et
293 1166 379 1189 tamen
391 1171 443 1189 non
457 1163 554 1190 frustra
566 1163 648 1191 Deum
660 1164 766 1198 rogari?
779 1163 928 1195 Postremo,
941 1163 1048 1198 quando

252 1206 351 1241 justum
363 1208 448 1235 virum
463 1208 607 1236 movebunt
622 1213 667 1235 aut
682 1208 734 1235 ulla
747 1216 838 1240 onera,
854 1213 899 1235 aut
911 1208 963 1235 ulla
976 1209 1048 1243 peri-

254 1253 327 1284 cula,
342 1257 386 1280 aut
399 1253 451 1280 ulla
466 1248 580 1287 fastidia,
597 1259 641 1281 aut
652 1254 704 1281 ulla
720 1253 900 1281 blandimenta
915 1253 1047 1281 fortunm?

253 1297 282 1326 In
297 1298 347 1326 hoc
361 1300 431 1327 enim
445 1300 562 1327 sensibili
577 1299 677 1327 mundo
692 1299 863 1327 vehementer
876 1299 1048 1327 consideran-

253 1344 316 1371 dum
329 1349 369 1372 est
390 1345 452 1380 quid
468 1345 502 1372 sit
517 1350 620 1380 tempus
644 1349 670 1372 ct
688 1345 781 1377 locus;
797 1349 827 1372 ut
848 1344 920 1380 quod
935 1338 1049 1373 delectat

253 1389 279 1416 in
296 1393 369 1424 parte
379 1410 386 1422 ,
403 1390 458 1417 sive
473 1389 541 1423 loci,
556 1390 611 1417 sive
625 1389 767 1424 temporis,
785 1388 946 1424 intelligatur
959 1393 1047 1417 tamen

253 1436 337 1463 multo
349 1443 408 1463 esse
421 1436 516 1463 melius
532 1439 615 1462 totum
628 1456 635 1469 ,
652 1436 726 1470 cujus
740 1434 781 1462 illa
797 1442 858 1470 pars
869 1439 908 1462 cst
920 1443 927 1467 ;
943 1439 970 1462 ct
985 1443 1046 1462 rur-

257 1488 314 1514 sus,
329 1479 399 1516 quod
423 1479 533 1508 offendit
553 1480 580 1509 in
603 1485 693 1516 parte,
706 1479 873 1516 perspicuum
894 1480 927 1507 sit
948 1481 1049 1509 homini

254 1526 348 1560 docto,
363 1535 415 1554 non
430 1527 464 1554 ob
478 1526 549 1554 aliud
565 1525 717 1559 oﬂ‘endere,
733 1524 782 1554 nisi
796 1526 856 1561 quia
876 1533 928 1552 non
945 1525 1049 1553 videtur

253 1577 337 1601 totum
347 1594 355 1607 ,
370 1573 411 1601 cui
427 1581 487 1608 pars
502 1573 544 1601 illa
558 1572 715 1600 mirabiliter
726 1571 867 1608 congruit:
884 1571 910 1599 in
927 1571 971 1599 illo
984 1572 1048 1600 Vero

253 1618 353 1647 mundo
375 1619 546 1655 intelligibili,
571 1618 716 1655 quamlibet
729 1621 847 1654 partem,
865 1623 988 1653 tanquam
1004 1622 1047 1646 to-

254 1669 308 1692 tum
321 1686 327 1695 .
342 1665 477 1700 pulchram
490 1673 550 1693 esse
565 1669 643 1700 atque
657 1664 799 1700 perfectam
812 1664 820 1680 ι
832 1684 838 1691 .
851 1663 977 1691 Dicentur
997 1661 1047 1692 ista

252 1710 341 1744 latius,
354 1711 376 1738 si
390 1715 477 1739 vestra
490 1710 576 1738 studia
587 1711 643 1738 sive
652 1715 827 1738 memoratum
841 1709 918 1738 istum
930 1718 944 1737 a
957 1710 1045 1744 nobis,

252 1757 308 1784 sive
325 1757 405 1784 alium
421 1756 534 1784 fortasse
555 1755 702 1786 breviorem
718 1761 797 1791 atque
817 1756 1025 1784 commodiorem
1037 1778 1046 1791 ,

253 1807 355 1830 rectum
379 1807 468 1830 tamen
489 1797 609 1830 ordinem
620 1823 627 1835 ,
643 1806 672 1830 ut
692 1801 784 1829 hortor
798 1810 829 1829 ac
843 1810 938 1837 spero,
956 1806 1047 1830 tenere

252 1849 432 1884 instituerint,
446 1854 525 1885 atque
537 1849 645 1876 omnino
660 1848 775 1884 graviter
786 1852 992 1884 constanterque
1006 1851 1046 1877 tc—

253 1896 369 1924 nuerint.

277 1953 390 1982 CAPUT
405 1953 465 1981 XX.
481 1967 517 1973 --
527 1952 651 1987 Epilogus
665 1952 768 1979 hortans
780 1952 814 1979 ad
828 1953 919 1979 bonam
934 1952 1020 1979 vitam.

288 1999 334 2027 52.
357 1999 434 2033 Quod
455 2003 485 2026 ut
496 1998 574 2025 nobis
587 1998 678 2029 liceat.
695 2005 799 2025 summa
811 2005 892 2033 opera
906 1998 993 2026 danda
1005 2003 1048 2027 est

252 2045 360 2080 optimis
374 2044 509 2077 moribus;
534 2044 603 2071 Deus
616 2044 687 2071 enim
701 2048 791 2071 noster
805 2043 884 2071 aliter
896 2050 945 2071 nos
963 2051 1046 2072 exau-

253 2090 311 2119 dire
322 2098 374 2118 non
391 2091 487 2125 poterit
499 2098 505 2117 :
515 2090 584 2118 bene
593 2095 683 2117 autem
696 2090 816 2117 viventes
829 2089 952 2117 facillime
963 2098 1046 2118 exau-

253 2135 308 2163 diet
323 2136 347 2171 (l
364 2135 489 2168 Retract.,
500 2144 523 2162 ε.
538 2136 564 2168 5,
580 2144 607 2162 n.
617 2135 661 2171 .5).
676 2135 789 2163 Oremus
798 2143 875 2170 ergo,
892 2143 944 2163 non
958 2140 986 2164 ut
998 2144 1048 2164 no-

251 2181 293 2209 bis
307 2181 421 2213 divitiae,
435 2181 476 2210 vel
491 2181 616 2213 honores,
632 2181 673 2209 vel
688 2181 840 2216 hujusmodi
854 2189 898 2209 res
911 2181 990 2209 ilum:
1004 2185 1045 2209 at-

252 2234 304 2262 que
323 2230 444 2255 nutantes
455 2248 462 2259 ,
479 2231 506 2254 et
526 2227 620 2262 quovis
636 2227 776 2254 resistente
797 2231 982 2261 transeuntes,
998 2228 1046 2256 sed

251 2276 282 2300 ut
302 2280 333 2300 ea
348 2273 518 2308 proveniant,
535 2281 595 2308 quae
609 2280 658 2300 nos
671 2272 756 2300 bonos
769 2271 867 2300 faciant
888 2280 921 2300 ac
941 2273 1044 2300 beatos.

252 2319 317 2353 Qun
339 2323 398 2346 vota
418 2323 446 2347 ut
469 2319 639 2347 devotissime
662 2319 835 2354 impleantur,
862 2319 909 2347 tibi
930 2320 1046 2349 maxime

251 2365 303 2393 hoc
318 2365 466 2400 negotium,
478 2370 573 2399 mater,
588 2366 767 2401 injungimus;
783 2367 858 2402 cujus
871 2367 993 2402 precibus
1006 2367 1050 2399 in-,

251 2412 403 2440 dubitanter
417 2411 499 2440 credo
514 2416 593 2447 atque
604 2412 734 2440 conﬁrmo
748 2412 813 2440 mihi
829 2413 906 2440 istam
927 2417 1044 2440 mentem

252 2458 335 2486 Deum
355 2458 475 2491 dedisse,
491 2462 519 2485 ut
534 2457 700 2485 inveniendze
720 2458 825 2485 veritati
849 2457 914 2485 nihil
936 2458 1045 2486 omnino

250 2510 423 2539 praeponam,
447 2503 512 2530 nihil
532 2502 603 2530 aliud
625 2503 720 2537 velim,
744 2503 809 2530 nihil
823 2503 954 2537 cogitem,
978 2503 1045 2531 nihil

282 2565 291 2586 ἀ
304 2572 333 2594 Er
340 2571 366 2594 et
376 2573 445 2599 νεα,
453 2567 581 2601 quamlibet
589 2570 683 2600 partem
693 2568 766 2593 totam
776 2563 903 2600 pulchram
912 2571 964 2593 esse
974 2570 1045 2599 atque

250 2601 395 2633 porrectus.
408 2599 474 2631 ιονξ,
487 2599 616 2633 quamlibet
627 2603 720 2632 partem
728 2618 736 2631 ,
749 2599 862 2632 tanquam
873 2601 947 2625 totum
955 2617 963 2630 ,
973 2602 1047 2625 totam

251 2630 379 2664 pulchram
390 2634 460 2664 atque
469 2630 608 2664 perfectam.
622 2630 650 2656 tu.

633 185 677 214 DE
697 183 878 219 SEQUENTE
898 180 1002 210 LlBliO
1025 181 1068 209 DE
1088 181 1206 208 AMBL-E
1226 181 1515 210 ιΜΜΟΒΤΑωΤΑΤΕ.

1828 187 1897 216 1020

1104 249 1200 269 amem.
1221 241 1274 269 Nec
1289 242 1382 270 desino
1400 243 1511 270 credere
1525 250 1573 270 nos
1589 242 1638 271 hoc
1659 248 1760 271 tantum
1782 244 1898 278 bonum,

1104 288 1174 325 quod
1190 293 1215 316 te
1228 294 1398 323 promerente
1412 289 1627 324 concupivimus,
1643 289 1735 318 cadem
1750 295 1775 318 te
1791 281 1904 326 petente

1104 335 1254 370 adepturos.
1278 335 1337 363 Jam
1352 343 1415 363 vero
1431 340 1472 370 te,
1498 332 1590 372 Alypi,
1614 328 1677 371 quid
1697 336 1809 364 horter?
1834 338 1900 373 quid

1104 381 1249 410 moneam?
1271 381 1320 415 Qui
1336 386 1475 417 propterea
1495 382 1593 410 nimius
1608 391 1660 410 non
1682 390 1727 415 es.
1750 382 1811 418 quia
1836 382 1899 411 talia

1104 427 1272 462 quantumvis
1284 435 1387 461 amare,
1410 427 1521 455 fortasse
1534 432 1639 463 semper
1653 435 1747 464 parum
1756 449 1764 462 ,
1787 429 1902 458 nimium

1104 480 1169 502 vero
1181 481 1314 508 nunquam
1329 478 1400 501 recte
1409 471 1463 502 dici
1479 478 1574 509 potest.

1140 519 1184 546 55.
1207 519 1254 546 llic
1275 519 1336 546 ille:
1353 519 1422 547 Vere
1435 519 1560 553 effecisti,
1576 519 1679 555 inquit,
1694 524 1723 547 ut
1741 518 1902 548 memoriam

1105 564 1319 592 doctissimorum
1330 572 1360 592 ac
1374 572 1529 600 magnorum
1544 565 1673 599 virorum,
1687 574 1747 602 qua:
1757 565 1901 601 aliquando

1105 618 1154 645 pro
1169 619 1257 638 rerum
1270 611 1451 646 magnitudine
1462 611 1624 639 incredibilis
1633 610 1780 647 videbatur,
1795 617 1822 640 et
1834 620 1901 647 quo-

1105 656 1201 684 tidiana
1215 657 1438 690 consideratione.
1453 661 1481 685 et
1492 657 1542 685 ista
1556 658 1680 693 prtesenti
1693 666 1751 693 qua
1766 658 1793 685 in
1809 663 1835 685 te
1850 666 1901 685 no-

1104 701 1144 729 bis
1157 706 1199 730 cst
1211 702 1401 736 admiratione,
1425 711 1477 731 non
1499 703 1587 731 solum
1601 703 1709 731 dubiam
1732 711 1784 731 non
1801 703 1901 731 habea-

1104 756 1174 782 mus,
1187 756 1281 776 verum
1292 750 1387 783 etiam,
1403 750 1426 777 si
1437 757 1548 778 necesse
1561 749 1610 783 sit,
1628 748 1662 777 de
1675 749 1719 777 illa
1731 749 1822 784 jurare
1834 757 1900 785 pos-

1104 794 1197 821 simus.
1213 794 1281 827 Quid
1298 795 1393 822 euim?
1413 795 1490 823 nobis
1514 803 1602 823 nonne
1621 795 1666 822 illa
1689 795 1849 823 venerabilis
1868 803 1901 823 ac

1104 849 1186 876 prope
1200 841 1304 873 divina,
1330 850 1388 876 qum
1400 842 1460 876 jure
1472 845 1498 869 et
1518 842 1607 868 habita
1628 846 1668 869 est
1680 846 1707 869 et
1721 841 1831 877 probata
1847 836 1902 878 Py-

1105 883 1221 917 lllngorm
1242 884 1396 918 disciplina,
1413 884 1459 910 abs
1482 889 1506 910 te
1522 883 1601 910 hodie
1616 882 1714 911 nostris
1728 883 1808 911 etiam
1832 891 1903 918 pene

1104 929 1187 955 oculis
1197 934 1313 956 rescrala
1324 935 1364 956 est
1374 931 1381 945 ί
1393 929 1460 964 (Lib.
1475 930 1482 956 l
1499 926 1619 962 Κασπίη
1629 932 1685 965 cap.
1696 929 1722 963 5,
1736 938 1762 956 η.
1774 929 1820 964 5)?
1833 929 1902 958 Cum

1104 977 1131 1001 et
1144 974 1203 1000 \‘ilte
1219 975 1333 1009 regulas,
1345 979 1371 1001 et
1384 974 1499 1001 scientiae
1511 983 1562 1001 non
1575 979 1627 1001 tam
1637 973 1729 1002 itinera
1738 982 1816 1010 quam
1827 975 1902 1010 ipsos

1104 1027 1226 1055 campos,
1243 1030 1273 1047 ac
1294 1021 1391 1056 liquida
1411 1028 1516 1056 :equora
1527 1043 1534 1055 ,
1550 1025 1576 1048 ct
1591 1021 1660 1056 quod
1676 1020 1713 1048 illi
1727 1021 1784 1049 viro
1797 1029 1902 1057 magnae

1104 1067 1267 1095 venerationi
1283 1068 1344 1100 fuit,
1362 1068 1416 1102 ipsa
1433 1068 1511 1095 etiam
1527 1068 1642 1095 sacraria
1660 1067 1778 1095 veritatis
1793 1067 1838 1095 ubi
1857 1075 1902 1095 es-

1104 1118 1177 1144 sent,
1195 1114 1279 1148 qualia
1296 1119 1394 1146 essent,
1410 1114 1501 1148 quales
1515 1118 1675 1148 qnmrercnt,
1691 1118 1718 1142 et
1732 1113 1858 1147 breviter,
1874 1116 1903 1142 et

1104 1159 1139 1186 ita
1156 1161 1233 1193 plene
1249 1160 1413 1194 signiﬁcasti,
1430 1165 1457 1186 ut
1476 1160 1595 1194 quamvis
1614 1159 1789 1195 suspicentur,
1802 1163 1828 1187 et
1842 1167 1902 1187 crc-

1104 1205 1198 1234 damus
1213 1206 1260 1233 tibi
1277 1214 1336 1234 csse
1354 1206 1441 1234 adhuc
1455 1206 1614 1240 secretiora,
1628 1211 1715 1234 tamen
1731 1214 1785 1234 non
1799 1206 1902 1241 absque

1104 1252 1265 1287 impudentia
1282 1259 1330 1279 nos
1346 1256 1468 1286 putemus
1478 1272 1485 1285 ,
1504 1249 1526 1279 si
1543 1252 1657 1287 amplius
1669 1251 1811 1288 quidquam
1826 1251 1902 1287 ﬂagi-

1106 1297 1213 1325 tandum
1229 1298 1277 1325 abs
1289 1302 1313 1324 te
1326 1298 1494 1325 arbitremur.
1556 1334 1558 1336 γ
1676 1333 1677 1336 η

1140 1344 1184 1372 54.
1198 1344 1306 1379 Accipio
1316 1344 1364 1371 ista
1375 1365 1383 1378 ,
1400 1335 1519 1380 inquam,
1532 1334 1655 1372 libenter.
1669 1340 1761 1380 Neque
1772 1334 1844 1372 enim
1855 1335 1900 1372 uiti

1105 1393 1159 1416 tam
1182 1390 1261 1417 verba
1277 1394 1320 1417 tua
1331 1411 1339 1423 ,
1353 1398 1412 1425 qua:
1427 1398 1489 1417 vcra
1504 1397 1557 1417 non
1573 1394 1651 1424 sunt,
1678 1397 1758 1425 quam
1780 1397 1859 1417 verus
1872 1389 1900 1417 in

1105 1435 1194 1463 verbis
1207 1435 1312 1462 animus
1325 1435 1439 1463 delectat
1448 1439 1527 1470 atque
1539 1435 1646 1463 excitat.
1662 1425 1696 1462 Et
1711 1434 1779 1463 bene
1793 1434 1863 1470 quod
1875 1433 1900 1463 ei

1105 1481 1211 1508 mittere
1229 1481 1371 1508 statuimus
1383 1479 1431 1508 has
1445 1479 1548 1509 litteras
1558 1501 1565 1513 ,
1578 1480 1623 1516 qui
1636 1472 1670 1508 de
1691 1480 1768 1508 nobis
1780 1481 1848 1508 solet
1868 1480 1900 1508 li-

1105 1527 1201 1555 benter
1211 1527 1292 1554 multa
1305 1527 1424 1555 mentiri.
1438 1525 1466 1555 Si
1481 1527 1526 1562 qui
1541 1531 1629 1554 autem
1639 1526 1684 1554 alii
1696 1523 1811 1555 fortasse
1826 1527 1900 1562 lege-

1104 1573 1173 1608 rint,
1193 1580 1280 1608 nequc
1301 1572 1350 1600 hos
1376 1577 1482 1606 metuo,
1509 1581 1543 1600 ne
1563 1573 1609 1601 tibi
1633 1578 1815 1601 succenseant.
1835 1573 1901 1608 Quis

1105 1620 1177 1648 enim
1192 1620 1306 1647 amantis
1322 1619 1409 1647 errori
1424 1620 1450 1646 in
1463 1619 1608 1654 judicando
1630 1628 1683 1646 non
1698 1618 1899 1647 benevolentis-

1105 1666 1173 1693 sime
1188 1664 1403 1700 ignoscat?Quod
1415 1669 1504 1693 autern
1511 1661 1668 1700 Pythagorae
1682 1666 1845 1692 mentionem
1861 1664 1900 1692 fe-

1105 1711 1163 1738 cisti
1177 1732 1185 1744 ,
1201 1712 1292 1739 nescio
1305 1719 1359 1746 quo
1379 1711 1423 1738 illo
1447 1707 1539 1737 diiino
1564 1709 1657 1738 ordine
1676 1706 1780 1738 occulto
1803 1710 1851 1738 tibi
1873 1707 1901 1739 in

1104 1761 1222 1784 mentem
1236 1757 1340 1785 venisse
1359 1755 1450 1785 credo.
1468 1749 1522 1784 Res
1536 1755 1607 1783 enim
1620 1748 1733 1783 multum
1749 1756 1900 1784 necessaria

1105 1802 1171 1830 mihi
1184 1810 1293 1837 prorsus
1304 1801 1455 1836 exciderat,
1471 1810 1551 1836 quam
1566 1802 1593 1829 in
1607 1798 1651 1830 illo
1666 1802 1723 1829 viro
1734 1801 1767 1838 (si
1781 1801 1844 1837 quid
1858 1793 1901 1829 lit-

1105 1850 1168 1877 teris
1177 1849 1311 1877 memoriae
1320 1848 1451 1876 mandatis
1463 1846 1625 1876 credendum
1634 1844 1690 1881 est;
1703 1848 1823 1883 quamvis
1835 1845 1900 1875 Var-

1104 1890 1163 1923 roni
1183 1894 1243 1930 quis
1258 1902 1311 1922 non
1324 1894 1453 1929 credat?)
1470 1893 1560 1921 mirari
1582 1888 1608 1921 et
1632 1901 1699 1928 pene
1720 1892 1899 1928 quotidianis,

1105 1944 1134 1968 ut
1156 1941 1228 1974 scis,
1249 1940 1344 1968 eﬂ‘erre
1374 1940 1493 1968 laudibus
1519 1939 1593 1967 soleo
1614 1937 1702 1976 (Ibid.
1717 1938 1738 1973 ),
1758 1936 1829 1974 quod
1858 1947 1900 1967 re-

1104 1985 1197 2021 genda:
1219 1985 1370 2020 reipublicze
1394 1984 1561 2020 disciplinam
1585 1978 1640 2012 suis
1657 1983 1823 2012 auditoribus
1838 1983 1900 2011 ulti-

1104 2039 1174 2058 mam
1198 2031 1317 2058 tradebat
1338 2030 1394 2066 jam
1421 2030 1523 2064 doctis,
1542 2029 1598 2065 jam
1631 2029 1770 2065 perfectis,
1784 2030 1841 2065 jam
1855 2037 1899 2057 sa-

1105 2078 1255 2115 pientibus,
1269 2077 1324 2113 jam
1344 2077 1437 2105 beatis.
1455 2075 1554 2104 Tantos
1567 2076 1603 2105 ibi
1621 2076 1692 2104 enim
1706 2074 1802 2104 ﬂuctus
1824 2075 1899 2104 vidc-

1103 2124 1158 2159 bal,
1176 2128 1205 2151 ut
1217 2124 1256 2152 eis
1265 2123 1347 2150 nollet
1367 2122 1534 2150 committere
1548 2120 1598 2150 nisi
1612 2122 1698 2149 virum
1714 2121 1757 2158 qui
1772 2124 1798 2149 et
1814 2122 1840 2148 in
1855 2129 1898 2149 re-

1103 2170 1189 2206 gendo
1202 2177 1269 2205 pene
1285 2169 1372 2196 divine
1385 2169 1507 2202 scopulos
1528 2167 1649 2200 evitaret,
1665 2164 1703 2200 et,
1713 2166 1735 2194 si
1749 2166 1839 2194 omnia
1854 2166 1900 2194 de-

1102 2210 1228 2244 fecissent
1240 2236 1247 2248 ,
1265 2215 1320 2250 ipse
1332 2215 1383 2241 illis
1396 2214 1518 2241 ﬂuctibus
1531 2213 1606 2248 quasi
1619 2208 1744 2248 scopulus
1758 2207 1844 2240 fieret.
1861 2211 1899 2240 De

1102 2262 1160 2291 solo
1173 2263 1244 2290 enim
1257 2261 1375 2296 sapiente
1390 2260 1528 2287 verissime
1541 2259 1593 2287 dici
1606 2263 1710 2294 potest,

1164 2308 1207 2334 llle
1219 2306 1287 2333 velut
1299 2306 1379 2338 pelagi
1394 2313 1468 2337 rupes
1479 2304 1585 2336 inmota,
1597 2305 1707 2337 resistit;

1103 2357 1129 2380 et
1141 2356 1237 2379 cetera
1251 2358 1309 2384 qum
1324 2348 1464 2376 luculentis
1479 2349 1504 2375 in
1521 2348 1589 2375 hanc
1603 2346 1762 2375 sententiam
1777 2346 1901 2375 versibus

1103 2397 1172 2425 dicta
1190 2400 1252 2423 sunt
1275 2393 1458 2430 (.L’ncid.,lib.
1471 2393 1504 2426 7,
1519 2395 1582 2420 vers.
1603 2392 1743 2428 585-589).
1766 2391 1815 2420 Hic
1837 2392 1902 2422 ﬁnit;

1103 2441 1288 2479 disputationis
1302 2440 1387 2468 factus
1401 2440 1457 2474 est,
1474 2439 1594 2474 lmtisque
1605 2439 1729 2467 omnibus
1743 2442 1770 2467 ct
1784 2439 1897 2467 multum

1102 2488 1271 2525 sperantibus
1286 2493 1441 2514 consessum
1456 2482 1621 2518 dimisimus,
1645 2484 1705 2512 cum
1718 2484 1773 2520 jam
1789 2489 1897 2512 noctur-

1101 2543 1166 2564 num
1180 2535 1268 2562 lumen
1280 2530 1373 2560 fuisset
1385 2529 1497 2559 illatum.

1099 2597 1193 2655 αὺΕὲ
1206 2602 1214 2621 :
1225 2594 1287 2627 Quid
1295 2593 1359 2621 enim
1369 2592 1437 2619 nobis
1447 2599 1494 2618 non
1505 2592 1536 2618 de
1546 2592 1590 2618 illa
1601 2591 1898 2618 mahﬂt’...meratm

1206 2681 1382 2688 __..__.__

347 2765 420 2802 DE
453 2759 744 2809 SEQUENTE
775 2762 947 2802 ano
979 2763 1051 2801 DE
1081 2755 1284 2801 ΑΝΙΜᾹῑ
1310 2753 1813 2804 IMItIORTALiTA'rE,
1863 2736 1866 2739 ’

297 2856 374 2889 Vide
391 2857 505 2888 librum
521 2857 550 2893 1¹
569 2865 636 2896 cap.
653 2855 690 2894 5,
706 2855 996 2891 Retractation'um,
1011 2855 1073 2886 col.
1091 2852 1245 2895 590—591,
1259 2865 1279 2886 ιι
1293 2852 1404 2889 verbis.
1421 2851 1495 2885 Post
1508 2853 1608 2886 libros
1623 2851 1873 2892 SoliIOquiorum
1883 2873 1891 2889 ,

247 2919 284 2943 ιι.
302 2910 330 2947 1,
347 2911 441 2947 usque
454 2908 494 2940 ad
507 2907 601 2940 verba
613 2916 646 2938 η.
661 2906 691 2944 3,
707 2906 831 2941 Alicubi
846 2909 894 2940 est
907 2906 1088 2947 disciplina.

1309 2905 1363 2950 Μ..
