4096 6368
273 536 277 541 ’
870 548 1013 679 s.
1071 548 1845 676 AUBELII
1922 531 2947 670 Auens-rm:

1237 742 1998 845 HIPPONENSIS
2056 748 2584 843 EPISCOPI

513 928 785 1084 DE
851 914 2536 1249 IMMonﬁLlTaTE
2605 920 3307 1113 ANIMZE

1761 1166 1854 1243 ετ
1900 1164 2123 1249 at.
2208 1171 2300 1235 α.

1761 1166 1854 1243 ετ
1900 1164 2123 1250 lilii/i5
2184 1164 2300 1235 (α).

389 1344 611 1399 continet
630 1343 710 1397 hic
728 1340 856 1394 iiber
877 1339 1162 1405 congeriem
1181 1336 1420 1391 rationum
1440 1348 1529 1402 pro
1551 1337 1725 1388 animae
1746 1336 2122 1397 immortalitate,
2145 1347 2335 1387 necnon
2357 1334 2783 1386 intercurrentium
2803 1334 3134 1388 diﬂicultatum
3148 1334 3453 1389 solutionem.

1677 1448 2148 1490 -οθεθθθθθοσ-

282 1554 506 1628 CAPUT
534 1558 906 1625 PRIMUM.—
929 1563 1107 1619 Prima
1130 1564 1281 1630 ratio,
1305 1562 1440 1633 quod
1466 1562 1636 1615 anima
1675 1558 1738 1616 sit
1762 1558 1863 1616 im-

321 1657 565 1727 in'ortalis,
585 1661 702 1729 auia
716 1656 992 1726 subiectum
1012 1665 1082 1711 est
1097 1656 1377 1726 disciplina:
1397 1671 1507 1727 qua:
1522 1650 1716 1725 semper
1740 1660 1830 1707 est.

352 1746 402 1809 ἱ.
425 1748 482 1809 Si
502 1752 697 1807 alicubi
721 1760 803 1806 est
833 1746 1129 1818 disciplina,
1154 1762 1251 1801 nec
1280 1761 1398 1802 esse
1423 1746 1522 1801 nisi
1553 1746 1604 1800 in
1631 1759 1694 1800 eo
1723 1742 1863 1814 quod

285 1843 409 1899 vivit
439 1851 633 1915 potest,
655 1838 709 1898 et
733 1846 947 1912 ‘semper
976 1848 1075 1906 est,
1119 1846 1289 1909 neque
1339 1836 1623 1909 quidquam
1670 1834 1722 1891 in
1760 1851 1864 1907 quo

284 1934 408 2007 quid
439 1940 649 2004 semper
677 1928 760 1988 est
787 1934 963 2003 potest
992 1947 1109 1986 esse
1137 1946 1240 1985 non
1273 1942 1513 2000 semper;
1546 1944 1756 1999 semper
1780 1928 1862 2000 ᾖ,

285 2017 355 2080 vit
386 2022 437 2079 ih
466 2028 571 2097 quo
596 2031 679 2080 est
698 2023 995 2093 disciplina.
1029 2020 1084 2077 Si
1113 2037 1209 2076 nos
1253 2034 1434 2076 sumus
1460 2020 1547 2090 qui
1576 2018 1862 2074 ratiocina-

284 2114 420 2182 mur,
450 2113 501 2170 id
532 2124 612 2170 est
641 2114 851 2168 animus
874 2121 1076 2181 noster,
1106 2127 1203 2167 nec
1240 2121 1383 2167 recte
1413 2110 1713 2166 ratiocinari
1750 2111 1865 2165 sine

280 2204 558 2276 disciplina
587 2211 781 2275 potest,
812 2206 910 2259 nec
934 2204 1048 2258 sine
1068 2200 1342 2273 diScipilna
1364 2206 1484 2258 esse
1510 2200 1735 2268 animus,
1761 2201 1864 2256 nisi

283 2296 335 2353 iri
364 2308 466 2369 quo
494 2296 768 2368 disciplina
798 2313 904 2351 non
932 2304 1031 2365 est,
1058 2305 1262 2367 potest;
1287 2304 1367 2352 est
1392 2295 1442 2350 in
1477 2296 1704 2351 hominis
1745 2295 1862 2349 ani-

282 2398 368 2447 mo
393 2390 692 2461 disciplina.
720 2390 814 2445 Est
838 2397 1013 2444 autem
1046 2389 1242 2444 alicubi
1270 2387 1543 2457 disciplina
1571 2407 1583 2441 :
1611 2386 1732 2442 ham
1761 2394 1861 2455 est,

279 2493 333 2539 et
352 2482 607 2553 “quidquid
649 2490 729 2537 est
750 2488 1009 2552 nusquam
1037 2495 1155 2536 esse
1186 2495 1289 2535 non
1318 2484 1509 2551 potest.
1537 2481 1664 2534 Item
1696 2478 1860 2534 disci-

279 2576 423 2646 plina
462 2590 566 2630 non
616 2580 790 2644 potest
828 2590 968 2642 esse,
1012 2575 1115 2628 nisi
1153 2574 1208 2629 in
1250 2588 1314 2628 eo
1360 2574 1500 2643 quod
1538 2568 1690 2628 vivit.
1722 2566 1864 2630 Nihil

278 2660 421 2722 eiii'm
446 2666 585 2737 quod
619 2681 724 2721 non
774 2665 920 2733 vivit,
953 2666 1148 2735 aliquid
1177 2662 1365 2731 discit;
1418 2681 1516 2720 nec
1545 2680 1663 2720 esse
1706 2662 1754 2719 in
1799 2679 1865 2721 eo

278 2756 421 2831 quod
451 2759 582 2815 nihil
629 2756 802 2825 discit,
851 2760 1124 2829 disciplina
1164 2768 1339 2829 potest
1365 2754 1459 2829 (ὁ).
1493 2758 1620 2813 item
1651 2773 1865 2829 semper

279 2856 361 2911 est
386 2850 681 2924 disciplina.
722 2850 855 2907 Nam
903 2850 1043 2922 quod
1085 2860 1165 2906 est
1192 2859 1349 2922 atque
1390 2850 1721 2905 immutabile
1758 2858 1860 2917 est,

280 2952 494 3016 sempor
518 2947 585 2999 Sit
612 2958 830 3000 necesse
856 2952 955 2998 est.
974 2942 1105 2997 Esse
1132 2951 1307 2996 autem
1329 2940 1680 3010 disciplinam,
1704 2955 1865 2995 nemo

282 3032 458 3108 negat.
488 3035 555 3090 Et
593 3035 828 3106 quisquis
872 3032 1067 3089 fatetur
1096 3033 1211 3088 fieri
1254 3034 1357 3087 non
1388 3048 1576 3103 posse,
1609 3041 1668 3087 ut
1710 3031 1865 3086 ducta

283 3132 377 3198 per
402 3128 633 3183 medium
660 3124 911 3181 circulum
938 3126 1077 3181 linea
1105 3141 1209 3178 non
1227 3122 1297 3180 sit
1322 3124 1582 3189 omnium,
1614 3126 1730 3193 (ιιιὼ
1758 3138 1865 3177 non

283 3226 378 3293 per
415 3214 645 3276 medium
696 3219 957 3275 ducuntur
994 3218 1242 3282 maxima,
1287 3214 1445 3286 idque
1491 3231 1609 3271 esse
1646 3216 1867 3283 alicujus

284 3316 579 3385 disciplinae
602 3332 615 3377 ;
641 3312 1022 3369 immutabilem
1050 3310 1381 3381 disciplinam
1408 3323 1526 3363 esse
1555 3312 1661 3363 nun
1692 3316 1864 3376 negat.

286 3408 415 3463 item
440 3405 571 3459 nihil
598 3405 649 3458 in
695 3419 800 3474 quo
837 3403 963 3473 quid
1005 3408 1215 3471 semper
1241 3400 1338 3464 est,
1385 3394 1561 3469 potest
1599 3412 1718 3453 esse
1763 3413 1869 3451 non

287 3502 516 3568 semper.
566 3494 706 3551 Nihil
740 3497 881 3550 enim
918 3495 1055 3565 quod
1098 3488 1310 3563 semper
1349 3496 1467 3556 est,
1523 3489 1718 3559 patitur
1768 3490 1870 3545 sibi

289 3588 525 3645 subtrahi
548 3580 827 3658 aliquando
855 3585 905 3640 id
933 3585 982 3639 in
1006 3600 1110 3655 quo
1131 3588 1340 3652 semper
1361 3588 1459 3637 est.
1482 3581 1727 3636 JamVero
1749 3595 1868 3634 cum

288 3678 682 3740 ratiocinamur,
716 3677 921 3731 animus
948 3670 997 3729 id
1024 3674 1148 3746 agit.
1181 3672 1294 3728 Non
1327 3673 1467 3727 enim
1511 3670 1563 3725 id
1612 3672 1738 3741 agit,
1765 3668 1871 3724 nisi

290 3764 377 3841 ιιϋὶ
397 3761 646 3839 intelligit
677 3786 690 3821 :
723 3782 821 3821 nec
851 3768 1043 3835 corpus
1068 3763 1329 3833 intelligit,
1362 3777 1461 3816 nec
1483 3760 1692 3815 animus
1721 3759 1873 3814 auxi-

290 3860 454 3916 liante
482 3856 706 3929 Corpore
743 3854 1022 3927 intelligit;
1050 3855 1170 3925 quia
1197 3870 1317 3909 cum
1346 3850 1641 3923 intelligere
1675 3850 1809 3917 vult,
1842 3864 1872 3905 a

290 3960 513 4022 corpore
542 3949 817 4005 avertitur.
846 3946 997 4016 Quod
1036 3948 1176 4002 enim
1211 3945 1521 4016 intelligitur
1541 3946 1581 4010 ¹,
1613 3942 1873 4013 ejusmodi

290 4053 372 4100 est
402 4058 615 4113 semper
637 4042 739 4113 (c);
768 4039 1003 4110 nihilque
1040 4032 1281 4108 corporis
1324 4033 1584 4107 ejusmodi
1614 4044 1693 4090 est
1729 4048 1873 4089 sem-

292 4154 388 4209 per
415 4153 429 4191 :
457 4138 561 4190 non
590 4133 750 4205 igitur
788 4139 962 4203 potest
992 4129 1244 4201 adjuvare
1281 4128 1515 4182 animum
1558 4125 1624 4180 ad
1668 4123 1875 4180 intelle-

292 4242 432 4290 ctum
461 4234 740 4297 nitentem,
766 4224 847 4284 cui
873 4243 979 4282 non
1013 4225 1269 4295 impedire
1295 4224 1423 4279 Satis
1445 4229 1545 4278 est.
1564 4221 1691 4276 item
1717 4234 1873 4274 nemo

293 4325 407 4381 sine
428 4323 705 4391 disciplina
734 4320 881 4374 recte
918 4318 1281 4371 ratiocinator.
1321 4313 1415 4369 Est
1443 4312 1585 4368 enim
1614 4316 1759 4364 recta
1791 4324 1875 4363 ra-

293 4415 565 4472 tiocinatio
590 4428 617 4466 a
645 4412 804 4467 certis
830 4410 895 4465 ad
925 4410 1247 4463 incertorum
1278 4404 1669 4475 indagationem
1700 4401 1875 4455 nitens

289 4506 547 4580 cogitatio
569 4507 590 4537 ²
620 4523 631 4558 :
665 4502 900 4573 nihilque
930 4508 1130 4558 certum
1153 4506 1233 4555 est
1264 4500 1316 4553 in
1347 4497 1523 4551 animo
1553 4493 1693 4565 quod
1722 4494 1875 4563 igno-

290 4608 390 4656 rat.
423 4600 593 4654 Omne
623 4606 797 4651 au‘tem
838 4595 977 4666 q‘u‘od
1020 4593 1119 4649 'scit
1158 4593 1389 4658 animus,
1420 4590 1471 4644 in
1517 4602 1635 4643 sese
1678 4584 1871 4650 habet;

291 4705 389 4749 nec
416 4690 575 4747 ullam
607 4705 717 4743 rem
746 4684 962 4743 Scieniia
994 4685 1382 4755 complectitur,
1417 4682 1516 4738 nisi
1546 4695 1663 4751 quae
1684 4677 1749 4732 ad
1775 4676 1875 4730 aii-

288 4798 447 4855 quam
479 4781 739 4850 pertineat
772 4778 1100 4846 disciplinam
1135 4777 1233 4846 (d).
1275 4774 1373 4829 Est
1413 4774 1555 4828 enim
1599 4767 1874 4840 disCip‘iina

288 4880 745 4944 quarumcumque
773 4872 950 4921 rerum
981 4866 1222 4922 scientia.
1254 4864 1475 4934 Semper
1493 4862 1648 4933 igitur
1668 4860 1873 4915 animus

290 4964 559 5019 humanus
587 4957 737 5011 vivit.

342 5070 426 5132 ’(a)
451 5070 808 5132 Scriptusanno
827 5065 994 5132 Christi
1009 5064 1121 5132 5§7.

378 5125 427 5203 ὁ)
450 5128 479 5203 ,ζ
501 5125 726 5203 βρῑωοῐη
750 5138 854 5191 cap.
879 5127 928 5188 5,
950 5140 1002 5176 n.
1026 5125 1074 5174 2.

375 5071 430 5318 Ξ
451 5071 565 5179 iii

376 5207 402 5243 ε
449 5193 562 5242 ibid.

450 5254 567 5304 ibid.

351 5072 372 5318 Ξ

1972 1838 2163 1893 Melior
2190 1848 2366 1893 autem
2396 1840 2531 1914 [alio
2560 1848 2760 1915 nostra,
2788 1856 2943 1916 gnam
2973 1857 3167 1920 comug
3191 1852 3427 1923 nasum
3456 1861 3469 1899 :
3495 1852 3550 1901 "et
3621 1832 3683 1947 ,ρ

1968 1943 2157 1966 ρηνηιια
2187 1936 2426 1966 nndh-nm
2461 1933 2706 1966 nlmnnlln
2736 1934 3027 1966 αίιιίριηνίιὲι
3052 1941 3130 1966 ne.
3177 1942 3227 1966 no
3256 1936 3441 1966 ...Λυδή
3470 1942 3550 1966 λσο

2004 1548 2228 1618 CAPUT
2254 1561 2317 1617 il.
2336 1563 2538 1618 —Atia
2571 1565 2722 1634 ratio,
2756 1567 2873 1636 quia
2902 1568 3176 1636 aubjeclum
3200 1578 3275 1625 est
3299 1570 3511 1626 rationis

2494 1671 2605 1726 quae
2632 1664 2731 1710 no‘n
2762 1666 3001 1713 imitatur.

2036 1745 2091 1800 2.
2120 1743 2274 1800 Ratio
2301 1745 2541 1814 profecto
2574 1756 2671 1801 aut
2716 1750 2923 1803 animus
2969 1758 3069 1816 est,
3102 1759 3191 1806 aut
3239 1753 3291 1806 in
3346 1753 3544 1808 animo.

1972 1838 2171 1901 Melior
2190 1848 2366 1901 autem
2396 1840 2531 1901 ratio
2560 1848 2943 1901 nominenam
2973 1852 3427 1901 corousnostrum
3456 1861 3469 1899 :
3495 1852 3550 1901 et

1968 1943 2159 2000 corpus
2187 1936 2426 1985 nostrum
2461 1933 2709 1986 nonnulla
2736 1934 3029 1988 substantia
3051 1941 3151 1999 est,
3175 1942 3230 1990 et
3256 1936 3443 1990 melius
3469 1942 3552 1990 est

1969 2032 2091 2075 esse
2141 2021 2510 2085 substantiam,
2541 2029 2697 2093 quam
2731 2024 2859 2078 nihil
2909 2042 2923 2079 :
2966 2032 3070 2079 non
3110 2032 3191 2080 est
3230 2025 3387 2096 igitur
3415 2028 3551 2081 ratio

1968 2111 2116 2166 nihil.
2150 2114 2413 2181 Rursum,
2461 2116 2808 2185 quaecumque
2846 2117 3120 2172 harmonia
3164 2118 3402 2187 corporis
3450 2124 3550 2184 est,

1968 2205 2021 2259 in
2051 2205 2286 2274 subjecto
2315 2220 2536 2276 corpore
2562 2206 2630 2261 sit
2648 2214 2863 2263 neceSse
2885 2204 2967 2263 eat
2990 2206 3431 2278 inseparabiliter,
3455 2216 3553 2265 nec

1968 2294 2108 2351 aliud
2130 2296 2415 2367 quidquam
2448 2297 2499 2352 in
2527 2296 2615 2353 illa
2644 2299 2919 2353 harmonia
2956 2304 3073 2355 esse
3113 2300 3379 2363 credam,
3413 2300 3554 2371 quod

1969 2405 2072 2444 non
2099 2406 2249 2460 :eque
2291 2391 2594 2445 necessario
2627 2392 2693 2445 sit
2730 2392 2783 2446 in
2822 2392 3063 2461 subice“)
3094 2393 3185 2446 illo
3225 2400 3469 2462 corpore,
3499 2393 3554 2447 in

1969 2497 2073 2553 quo
2104 2491 2159 2537 et
2186 2481 2298 2552 ipsa
2332 2480 2606 2537 harmonia
2638 2484 2743 2537 non
2768 2485 2942 2538 minus
2969 2482 3409 2554 inseparabiliter.
3439 2484 3552 2537 Mu—

1971 2572 2129 2628 ta'biie
2158 2579 2239 2627 est
2263 2572 2438 2628 autem
2470 2582 2661 2644 corpus
2688 2573 2998 2641 humanum,
3022 2582 3077 2630 et
3105 2575 3446 2630 immutabilis
3470 2577 3558 2629 ra-

1970 2664 2061 2718 tio.
2085 2662 2331 2720 Mtitab‘il‘e
2357 2665 2438 2719 est
2462 2666 2603 2720 enim
2622 2681 2780 2722 omne
2796 2665 2937 2736 quod
2959 2672 3168 2735 Semper
3188 2666 3374 2722 eodem
3396 2667 3558 2722 modo

1971 2756 2076 2809 non
2104 2756 2201 2809 est.
2238 2755 2301 2809 Et
2325 2760 2541 2825 semper
2566 2755 2752 2810 eadem
2781 2754 2941 2811 modo
2966 2764 3066 2821 est,
3097 2757 3210 2810 Duo
3235 2763 3289 2811 et
3308 2746 3554 2827 quatuor,

1970 2860 2062 2899 sex
2087 2844 2125 2895 ί.
2154 2842 2283 2899 item
2316 2859 2528 2915 semper
2555 2846 2742 2901 eodem
2787 2846 2948 2901 modo
2974 2850 3057 2902 εει
3103 2847 3242 2917 Quod
3276 2854 3377 2915 est,
3416 2848 3559 2918 quod

1970 2942 2194 3017 quatuor
2217 2934 2414 2990 habent
2449 2936 2555 2991 duo
2601 2943 2655 2992 et
2697 2937 2836 3004 duo;
2869 2938 2970 2993 hoc
2999 2944 3176 2993 autem
3217 2940 3320 2992 non
3362 2938 3560 2994 habent

1970 3021 2075 3076 duo
2105 3039 2116 3074 :
2148 3020 2252 3075 duo
2279 3022 2437 3091 igitur
2459 3030 2683 3092 quatuor
2712 3032 2817 3076 non
2844 3032 2986 3078 sunt.
3014 3022 3107 3078 Est
3134 3030 3309 3077 autem
3341 3023 3442 3079 ista
3470 3036 3557 3077 ra-

1973 3111 2046 3165 tio
2076 3111 2418 3166 innnutabiiis
2450 3129 2462 3163 :
2495 3112 2651 3181 igitur
2694 3114 2830 3167 ratio
2859 3120 2961 3168 est.
2995 3112 3152 3168 Nullo
3181 3113 3340 3168 modo
3377 3120 3555 3168 autem

1972 3210 2167 3271 poteSt,
2197 3202 2399 3257 mutato
2421 3203 2677 3273 subjecto,
2705 3205 2756 3259 id
2781 3205 2993 3275 quodin
3024 3220 3089 3260 eo
3118 3214 3199 3260 est
3227 3204 3561 3276 inseparabi-

1972 3294 2093 3347 liter
2130 3308 2235 3347 non
2280 3296 2491 3349 mutari.
2518 3296 2633 3349 Non
2675 3304 2758 3351 est
2799 3298 2962 3367 igitur
3005 3296 3277 3353 harmonia
3318 3300 3560 3368 corporis

1973 3387 2199 3440 animus.
2230 3384 2339 3439 Nee
2366 3392 2509 3441 mors
2547 3394 2723 3457 poteSt
2748 3388 2987 3443 accidere
3032 3389 3442 3443 iminutabiiibus
3469 3396 3561 3445 re;

1975 3476 2091 3530 bus.
2115 3476 2337 3547 Semper
2361 3492 2487 3546 ergo
2506 3480 2712 3533 animus
2732 3476 2880 3545 vivit,
2899 3482 3009 3535 sive
3035 3481 3149 3550 ipse
3171 3479 3307 3535 ratio
3333 3481 3421 3546 sit,
3445 3480 3559 3537 sive

1975 3570 2028 3622 in
2053 3584 2117 3623 eo
2145 3570 2279 3624 ratio
2301 3570 2737 3641 inseparabiliter.

1975 3668 2199 3725 CAPUT
2230 3668 2315 3723 ili.
2340 3700 2410 3709 —-
2435 3668 2559 3723 Viva
2592 3669 2871 3724 substantia
2900 3680 2944 3725 et
2978 3666 3302 3726 immutabilis
3336 3672 3555 3739 animus,

2033 3778 2124 3815 nec
2146 3762 2187 3816 si
2210 3762 2377 3833 aliquo
2404 3758 2551 3815 modo
2580 3761 2852 3825 mutabilis,
2880 3762 3143 3833 propterea
3170 3762 3396 3817 Mortalis
3425 3754 3500 3832 ﬁt.

2048 3857 2101 3910 5.
2129 3855 2381 3922 Quaedam
2426 3856 2736 3910 constantiae
2766 3855 2933 3910 virtus
2980 3863 3081 3922 est,
3129 3865 3182 3911 et
3226 3856 3398 3910 omnis
3435 3870 3563 3910 eon-

1977 3949 2169 4003 stantia
2200 3947 2539 4002 immutabilis
2565 3952 2664 4011 est,
2698 3957 2750 4001 et
2775 3936 2948 4002 omnis
2978 3949 3144 4001 virtus
3172 3952 3344 4017 petest
3364 3942 3563 4018 aliquid

1976 4058 2153 4112 agere,
2186 4058 2285 4097 nec
2309 4057 2426 4097 cum
2456 4042 2563 4113 agit
2590 4039 2789 4111 aliquid
2816 4044 2858 4109 ³,
2889 4042 3055 4095 virttis
3098 4038 3203 4094 non
3245 4048 3344 4094 εει.
3376 4034 3564 4095 Omnis
3594 4048 3599 4053 ’

1977 4148 2139 4203 porro
2165 4132 2301 4188 actio
2327 4141 2587 4200 movetur,
2615 4140 2702 4187 aut
2722 4140 2917 4187 movet.
2950 4132 3055 4185 Aut
3080 4130 3240 4201 igitur
3269 4146 3374 4185 non
3402 4130 3561 4186 omne

1978 4224 2117 4294 quod
2145 4233 2404 4289 movetur,
2436 4230 2529 4278 aut
2549 4232 2692 4279 certe
2734 4220 2836 4278 no'n
2865 4234 3024 4278 omne
3050 4220 3193 4293 quod
3216 4232 3414 4289 movet,
3440 4236 3562 4277 mu--

1982 4315 2137 4368 labile
2166 4324 2265 4369 est.
2293 4315 2363 4368 At
2391 4316 2548 4369 omne
2575 4314 2714 4384 quod
2745 4304 2809 4369 ab
2828 4315 2932 4369 alio
2964 4318 3225 4380 movetur,
3259 4328 3357 4369 nec
3381 4308 3560 4368 movet

1981 4407 2175 4476 ipsum,
2201 4404 2397 4475 aliquid
2427 4407 2646 4460 mortale
2672 4413 2773 4459 est.
2808 4404 2987 4475 Neque
3022 4404 3247 4460 mortale
3272 4402 3563 4475 quidquam

1981 4496 2327 4551 immutabile.
2365 4497 2537 4564 Quare
2572 4495 2636 4550 de
2671 4503 2815 4549 certo
2841 4494 2949 4563 jam
2983 4500 3037 4550 et
3065 4492 3179 4551 si'rle
3221 4495 3326 4551 ulla
3358 4496 3565 4568 disiun-

1980 4588 2154 4642 ctione
2200 4585 2556 4652 concluditur,
2589 4600 2696 4639 non
2738 4602 2897 4640 omne
2942 4585 3084 4657 quod
3134 4584 3311 4643 movet
3348 4586 3562 4642 mutari.

1979 4680 2165 4735 Nullus
2196 4688 2369 4733 autem
2414 4687 2586 4732 mutus
2616 4678 2730 4732 sine
2761 4678 3052 4732 substantia
3085 4696 3098 4734 :
3129 4670 3181 4734 et
3220 4678 3396 4733 omnis
3437 4674 3568 4733 sub-4

1981 4772 2171 4827 stantia
2193 4778 2282 4829 aut
2307 4770 2454 4837 vivit,
2486 4777 2575 4824 aut
2600 4784 2702 4823 non
2736 4770 2899 4823 vivit:
2927 4780 3084 4839 atque
3111 4784 3268 4823 omne
3287 4769 3425 4837 quod
3457 4776 3564 4822 non

1980 4866 2128 4932 vivit,
2158 4865 2399 4921 exanime
2428 4872 2537 4928 est;
2570 4878 2667 4918 nec
2691 4873 2772 4918 est
2804 4864 2908 4917 ulla
2943 4862 3204 4917 unanimis
3248 4863 3403 4914 actio.
3428 4860 3563 4914 illud

1980 4957 2139 5027 igitur
2163 4956 2302 5026 quod
2330 4955 2399 5008 ita
2426 4962 2602 5008 movet
2632 4963 2686 5007 ut
2713 4969 2816 5008 non
2846 4963 3095 5015 mutetur,
3121 4966 3221 5004 non
3248 4960 3421 5021 poteSt
3448 4956 3567 5006 esse

1981 5046 2083 5102 nisi
2113 5046 2230 5101 viva
2253 5046 2565 5102 substantia.
2600 5043 2723 5098 iizt‘c
2750 5053 2924 5097 autem
2965 5043 3137 5095 omnis
3183 5057 3278 5111 per
3304 5040 3567 5111 quoslibet

1981 5136 2175 5209 gratius
2200 5142 2391 5207 corpus
2421 5146 2615 5189 movet.
2648 5134 2761 5187 Non
2802 5134 2961 5201 igitur
3000 5146 3158 5187 omne
3187 5132 3327 5202 quod
3369 5136 3562 5206 cerpus

1981 5240 2178 5293 movet,
2203 5229 2454 5282 mutabile
2479 5224 2798 5295 est.Corpus
2819 5235 2994 5279 autem
3016 5241 3121 5279 non
3150 5226 3251 5280 nisi
3273 5226 3577 5284 secundum

1523 5362 1781 5401 Λυκωπιο
1802 5364 1877 5399 PP.
1899 5354 2323 5397 BENEDICTINORUM.

354 5441 641 5504 amantius
663 5443 742 5489 est
761 5436 821 5487 ad
845 5443 949 5486 Mss.
975 5433 1340 5504 corneliensem
1363 5440 1718 5504 peremtum.
1738 5414 3551 5504 991‘b0i‘195q1':lliﬁhafliflf‘fﬂt.i‘i‘fg{iiliﬁlfl’ﬂlii‘iil‘923321)T‘l‘i‘ZPEEEf

288 5480 2927 5564 ερῆῑῖῐῖδξῘδ-ἶοῖιῖθῖιξίέῶῖ’γῖέῐβῖἷιῇὸῖἆίιδὲξέόιίιῶήῖᾀὸέιζὸμίιίρῐηκΒὶεφῇθξξξιξῐινΔῈά.ἓξίπίὶξξι¹ξὶξ.-νθιίοέηιυωἱ
2968 5480 3029 5532 aid
3067 5484 3309 5533 variantes
3330 5481 3475 5535 lectio
3487 5497 3579 5533 nos

292 5547 757 5624 addiscentem
778 5547 866 5623 per
887 5547 1209 5610 liovanienses
1231 5547 1521 5621 excerptas;
1547 5556 1605 5606 ad
1630 5556 1869 5605 editiones
1887 5547 2085 5602 demum
2108 5547 2216 5597 Bad.
2241 5554 2341 5595 Am.
2366 5550 2439 5593 Er.
2467 5552 2519 5594 et.
2537 5551 2645 5593 Lov.

352 5645 735 5714 Comparavimus
756 5653 993 5711 praeterea
1014 5661 1095 5699 eas
1116 5659 1275 5697 onmes
1294 5644 1523 5696 editiones
1546 5642 1681 5694 initio
1703 5639 2100 5691 Retractationum
2122 5642 2175 5687 et
2195 5634 2547 5686 Confessiorum
2564 5638 2863 5687 memoratas.
3000 5638 3072 5680 aM.

356 5755 375 5787 ι
409 5761 506 5816 Am.
531 5757 606 5800 Er.
646 5754 699 5816 et
729 5756 868 5816 tam,
893 5750 1019 5814 quod
1035 5750 1161 5803 anim
1183 5748 1419 5816 mtelligil.
1439 5750 1532 5816 Sed
1547 5748 1663 5816 caci.
1679 5754 1731 5816 et
1753 5753 1878 5807 Mss.,

292 5824 395 5883 tum
417 5815 514 5877 hic,
540 5821 641 5863 tum
658 5815 709 5861 in
729 5808 863 5883 limi
883 5808 1086 5869 iietract.
1111 5828 1215 5878 cap.
1240 5814 1289 5877 5,
1312 5808 1494 5865 habent
1514 5808 1808 5878 intelligitur.

358 5879 381 5913 ³
411 5883 506 5928 Sex
529 5883 655 5939 Mss,

2051 5740 2067 5770 ι
2105 5745 2153 5786 ιιι
2178 5744 2245 5797 13.,
2270 5743 2314 5787 et
2352 5750 2457 5788 sex.
2484 5744 2606 5797 Pan,
2630 5749 2744 5797 sem,
2766 5738 2876 5787 sine
2907 5738 3074 5789 vocula
3108 5744 3169 5791 et.
3196 5738 3431 5790 Posterior
3463 5737 3569 5790 haec

1986 5799 2132 5850 lectio
2153 5802 2292 5849 nobis
2314 5801 2414 5848 visa
2436 5808 2511 5849 est
2532 5799 2860 5862 przeierenda.
2891 5861 2894 5862 ν
2918 5808 2973 5849 Μ.

1989 5863 2342 5977 ὠέὃὲἓνάέἔὲῗ
2362 5875 2469 5914 cum
2485 5860 2576 5914 non
2595 5860 2692 5927 agit
2713 5860 2912 5927 al‘i’qtdd.
2931 5862 3022 5917 sed
3045 5862 3186 5917 abest
3198 5874 3293 5915 non
3322 5874 3352 5912 a
3373 5868 3496 5924 tum,
3515 5864 3570 5914 α

3552 1832 3683 1920 κο
