4096 6368
750 323 757 327 η
804 322 889 331 ..ι-η

535 413 678 475 ιοξδ

535 541 744 600 tempus
765 534 1009 583 movetur
1038 542 1052 581 :
1083 525 1149 582 ad
1176 525 1279 581 hoc
1306 526 1446 580 enim
1464 526 1697 597 pertinet
1718 523 1917 578 tardius
1943 529 1998 576 et
2023 536 2110 576 ce-

532 621 698 680 lerius
722 618 922 674 moveri
950 634 964 672 :
997 616 1275 673 conﬁcitur
1292 633 1408 672 esse
1432 616 1683 687 quiddam
1707 614 1847 684 quod
1874 622 2112 682 tempore

534 722 764 780 moveat,
799 726 899 768 nec
924 721 1098 767 tamen
1128 719 1377 766 mutetur.
1409 710 1581 766 Omne
1610 717 1786 764 autem
1807 707 1948 781 quod
1978 716 2111 763 tem-

535 821 665 878 pore
691 812 870 860 movet
905 816 1117 877 corpus,
1149 802 1355 856 tametsi
1402 801 1467 855 ad
1496 816 1659 855 unum
1702 799 1858 855 tinem
1905 799 2106 866 tendat,

537 907 713 954 tamen
740 911 837 952 nec
855 896 1013 952 simul
1045 904 1221 965 potest
1253 894 1429 949 omnia
1456 893 1648 957 facere,
1683 908 1781 947 nec
1807 902 1978 963 potest
2004 907 2110 947 non

535 988 686 1060 plura
716 987 888 1043 facere
913 1004 927 1040 :
955 1002 1126 1055 neque
1147 985 1287 1041 enim
1302 986 1444 1040 valet
1469 985 1653 1054 quavis
1673 999 1774 1054 ope
1799 993 2001 1055 agatur,
2021 992 2110 1038 aut

536 1077 770 1150 perfecte
799 1092 961 1131 unum
986 1090 1125 1143 esse,
1149 1075 1287 1145 quod
1330 1076 1382 1131 in
1406 1082 1583 1145 partes
1611 1074 1777 1129 secari
1801 1081 1993 1143 potest,
2022 1081 2113 1128 aut

536 1169 702 1225 ullum
732 1177 815 1225 est
838 1170 952 1224 sine
982 1169 1217 1239 partibus
1237 1184 1448 1238 corpus,
1481 1176 1572 1221 aut
1600 1168 1713 1222 sine
1734 1180 2004 1221 morarum
2031 1167 2111 1220 in-

536 1263 754 1319 tervallo
781 1272 1007 1332 tempus,
1031 1270 1120 1315 aut
1140 1276 1269 1316 vero
1290 1261 1370 1315 vel
1394 1260 1701 1314 brevissima
1723 1259 1922 1331 syllaba
1945 1274 2112 1314 enun-

535 1352 726 1419 tietur,
758 1353 907 1422 cujus
946 1368 1051 1407 non
1096 1360 1221 1423 tunc
1263 1352 1420 1405 tinem
1460 1350 1664 1415 audias,
1706 1364 1827 1404 cum
1854 1348 1963 1418 jam
2002 1364 2109 1403 non

534 1444 687 1500 audis
716 1445 938 1499 initium.
969 1444 1134 1499 Porro
1164 1443 1302 1513 quod
1325 1443 1401 1497 sic
1421 1441 1610 1511 agitur,
1640 1449 1693 1494 et
1718 1440 2109 1508 exspectatione

533 1550 668 1606 opus
691 1546 772 1591 est
799 1544 856 1591 ut
877 1536 1077 1605 peragi,
1101 1544 1154 1589 et
1176 1533 1432 1588 memoria
1460 1541 1517 1586 ut
1552 1530 1930 1601 comprehendi
1952 1540 2109 1600 queat

533 1637 785 1698 quantum
816 1635 1007 1698 potest.
1038 1627 1105 1681 Et
1134 1625 1457 1695 exspectatio
1488 1624 1779 1678 futurarum
1807 1638 1981 1678 rerum
2004 1632 2105 1691 est,

533 1720 918 1790 praeteritarum
943 1733 1074 1775 vero
1101 1718 1373 1773 memoria.
1398 1719 1468 1770 At
1494 1716 1713 1771 intentio
1753 1715 1817 1769 ad
1846 1714 2108 1784 agendum

424 1812 475 1881 ,ζ
532 1811 808 1889 pratsentis
829 1819 916 1889 est
947 1805 1752 1911 tentipomeiqtiod
1786 1806 1837 1860 in
1868 1806 2106 1874 prmteri-

533 1874 552 1896 θ
710 1879 776 1893 μ
829 1877 895 1889 δ’*

533 1907 643 1955 tum
668 1900 877 1967 transit,
906 1915 1003 1954 nee
1029 1907 1188 1970 ccepti
1210 1908 1381 1952 motus
1402 1912 1640 1966 COI'pOl‘IS
1667 1882 2107 1965 eam

531 1999 709 2061 potest
733 1992 847 2045 sine
878 1991 982 2045 ulla
1012 1990 1286 2044 memoria.
1309 1990 1583 2055 Quomodo
1605 1986 1745 2042 enim
1772 1996 2107 2055 exspectatur

531 2090 593 2137 ut
620 2082 842 2147 desinat,
868 2082 1005 2149 quod
1032 2090 1121 2136 aut
1149 2080 1375 2150 coepisse
1399 2079 1612 2146 excidit,
1644 2086 1735 2132 aut
1756 2079 1973 2132 omnino
2000 2093 2108 2133 mo-

536 2180 649 2228 tttm
684 2172 839 2228 esse?
880 2172 1084 2226 Rursus
1130 2171 1351 2225 intentio
1390 2168 1674 2239 peragendi
1717 2182 1834 2237 quae
1873 2182 2107 2237 prmsens

530 2273 633 2329 est,
665 2264 779 2319 sine
797 2262 1191 2333 exspectatione
1210 2260 1326 2315 linis
1342 2261 1429 2329 qui
1448 2259 1653 2313 futurus
1681 2266 1781 2324 est,
1806 2272 1910 2312 non
1934 2266 2108 2327 potest

532 2369 653 2414 esse
682 2373 696 2409 :
729 2370 826 2410 nec
868 2364 951 2410 est
980 2354 1265 2425 quidquam
1298 2352 1437 2423 quod
1480 2361 1571 2405 aut
1608 2350 1839 2406 nondum
1878 2360 1988 2416 est,
2015 2357 2107 2404 aut

528 2446 636 2519 jam
664 2463 769 2502 non
798 2455 899 2501 est.
933 2446 1114 2501 Potest
1152 2446 1312 2515 igitur
1346 2445 1398 2499 in
1437 2443 1642 2512 agendo
1676 2441 1924 2513 quiddam
1963 2456 2102 2507 esse,

529 2537 671 2610 quod
694 2537 761 2593 ad
788 2551 849 2592 ea
875 2552 993 2607 qua:
1032 2536 1264 2591 nondum
1305 2544 1426 2590 sunt
1453 2535 1731 2604 pertineat.
1764 2533 1991 2588 Possunt
2027 2532 2105 2587 si-

529 2632 639 2688 mul
666 2631 721 2685 in
742 2638 930 2701 agente
956 2630 1104 2699 plura
1127 2643 1246 2685 esse
1266 2670 1280 2694 ,
1313 2642 1432 2682 cum
1467 2642 1529 2681 ea
1560 2627 1709 2696 plura
1736 2640 1853 2695 quae
1881 2633 2106 2694 aguntur

528 2722 688 2778 simul
714 2735 832 2776 esse
868 2736 973 2776 non
1016 2719 1239 2790 possint.
1282 2719 1510 2773 Possunt
1550 2732 1676 2786 ergo
1710 2716 1865 2770 etiam
1897 2715 1949 2769 in
1985 2729 2103 2770 mo-

526 2820 709 2880 vente,
740 2827 860 2866 cum
894 2812 943 2866 in
970 2826 1037 2866 eo
1056 2809 1197 2881 quod
1216 2818 1457 2865 movetur
1484 2823 1589 2863 non
1615 2808 1839 2877 possint.
1872 2807 1942 2861 At
1961 2822 2105 2877 qua:-

529 2916 756 2972 cumque
776 2902 829 2957 in
869 2910 1108 2972 tempore
1126 2899 1281 2955 simul
1305 2914 1424 2956 esse
1450 2915 1555 2954 non
1584 2907 1822 2969 possunt,
1853 2906 1907 2955 et
1931 2910 2105 2954 tamen

529 3006 563 3048 a
581 2994 757 3048 futuro
778 2993 835 3048 in
859 2993 1183 3063 praeteritum
1215 2992 1663 3059 transmittuntur,
1695 2991 1969 3047 mutabilia
1996 2992 2105 3047 sint

530 3100 749 3143 necesse
769 3094 871 3141 est.

600 3179 655 3232 4.
682 3177 815 3232 Hinc
857 3176 965 3247 jam
1008 3175 1320 3246 colligimus,
1351 3191 1507 3246 posse
1535 3191 1655 3233 esse
1686 3177 1933 3248 quiddam
1964 3178 2103 3248 quod

529 3280 651 3323 cum
679 3274 856 3320 movet
899 3265 1199 3333 mutabilia,
1230 3282 1335 3322 non
1369 3276 1621 3321 mutatur.
1650 3266 1783 3322 Cum
1815 3268 1956 3323 enim
1997 3283 2105 3324 non

527 3362 762 3412 mutatur
784 3357 1046 3410 moventis
1073 3356 1292 3411 intentio
1315 3356 1636 3426 perducendi
1665 3356 1729 3411 ad
1757 3357 1915 3413 linem
1945 3372 2101 3428 quem

528 3446 673 3503 volet
700 3462 891 3516 corpus
917 3447 1056 3517 quod
1084 3458 1281 3514 movet,
1313 3448 1544 3519 illudque
1573 3464 1763 3516 corpus
1788 3449 1855 3504 de
1880 3465 1984 3519 quo
2009 3451 2105 3504 ali-

528 3536 655 3608 quid
685 3537 741 3591 lit
765 3537 950 3593 eodem
980 3546 1124 3593 motu
1146 3553 1239 3608 per
1267 3548 1529 3593 momenta
1554 3548 1803 3602 mutetur,
1833 3548 1990 3609 atque
2016 3540 2104 3595 ille

527 3626 750 3683 intentio
778 3627 1083 3696 perﬁciendi
1124 3644 1279 3698 quam
1312 3630 1640 3684 immutatam
1676 3645 1892 3685 manere
1935 3632 2105 3685 mani«

527 3704 717 3771 festum
746 3725 847 3784 est,
874 3726 927 3772 ct
956 3718 1068 3786 ipsa
1108 3719 1342 3773 membra
1387 3720 1635 3785 artilicis,
1669 3729 1721 3775 ct
1769 3722 1965 3789 lignum
2012 3730 2103 3777 aut

527 3805 753 3876 lapidem
789 3807 975 3861 artilici
1012 3807 1306 3877 subjectum
1337 3819 1565 3877 moveat,
1592 3811 1706 3880 quis
1736 3811 1944 3866 dubitet
1969 3827 2098 3867 con-

530 3912 760 3969 sequens
784 3911 903 3952 esse
924 3898 1062 3967 quod
1086 3899 1285 3953 dictum
1320 3901 1432 3955 est?
1458 3901 1570 3956 Non
1599 3902 1754 3971 igitur
1777 3902 1821 3956 si
1855 3918 1957 3972 qua
1987 3919 2103 3958 mu-

528 3986 656 4041 tatio
683 4002 964 4058 corporum
1004 3998 1251 4045 movente
1284 3992 1463 4044 animo
1504 3994 1579 4056 tit,
1622 3994 1863 4061 quamvis
1905 3994 1955 4047 in
1981 4009 2098 4049 eam

524 4078 596 4135 sit
623 4079 876 4145 intentus,
905 4077 1028 4133 hinc
1061 4094 1182 4134 eum
1225 4082 1523 4137 necessario
1561 4084 1779 4149 mutari,
1813 4094 1866 4139 et
1894 4084 1962 4139 ob
2000 4085 2103 4142 hoc

528 4170 689 4226 etiam
720 4172 855 4225 mori
882 4170 1239 4226 arbitrandum
1275 4180 1375 4227 est.
1408 4173 1588 4229 Potest
1614 4175 1753 4228 enim
1783 4174 1837 4229 in
1882 4176 1980 4230 hac
2014 4178 2101 4231 in-

526 4262 761 4317 lentionc
784 4261 938 4315 simul
978 4269 1031 4316 et
1068 4263 1375 4317 memoriam
1405 4265 1790 4334 praeteritorum
1817 4275 1870 4320 et
1907 4282 2100 4336 exspe-

525 4352 811 4409 ctationem
846 4352 1143 4409 futurorum
1186 4354 1419 4422 habere,
1451 4372 1567 4426 quae
1610 4358 1785 4411 omnia
1833 4360 1947 4415 sine
1994 4359 2098 4413 vita

525 4458 647 4500 esse
668 4460 771 4497 non
801 4454 1040 4514 possunt.
1059 4446 1367 4518 Quanquam
1392 4449 1489 4503 etsi
1511 4449 1686 4505 nullus
1716 4451 1956 4507 interitus
1983 4452 2099 4508 sine

528 4535 819 4591 mutatione
840 4536 926 4602 sit,
960 4546 1011 4591 et
1038 4538 1177 4592 nulla
1198 4540 1421 4594 mutatio
1446 4541 1561 4596 sine
1582 4551 1729 4597 motu
1750 4560 1764 4609 ;
1790 4560 1893 4598 non
1920 4552 2096 4599 tamen

524 4626 700 4682 omnis
728 4628 949 4682 mutatio
978 4628 1282 4696 interitum,
1314 4631 1590 4701 omnisque
1630 4643 1803 4689 motus
1848 4636 2097 4690 mutatio-

522 4732 647 4774 nem
675 4728 943 4789 operatur.
972 4718 1121 4774 Licet
1157 4721 1295 4774 enim
1328 4720 1498 4791 ipsum
1528 4738 1721 4793 corpus
1760 4734 2019 4792 nostrum,
2043 4734 2098 4781 et

521 4816 725 4863 motum
758 4808 1070 4880 plerumque
1098 4811 1328 4881 qualibet
1351 4813 1577 4880 actione,
1607 4822 1661 4867 et
1681 4824 1933 4869 mutatum
1951 4825 2097 4872 certe

521 4900 607 4956 vel
634 4909 787 4954 aetate
806 4900 1003 4968 dicere,
1036 4910 1211 4957 tamen
1239 4902 1471 4957 nondum
1503 4904 1766 4971 interisse,
1795 4905 1847 4959 id
1874 4915 1954 4960 est
1987 4923 2093 4961 non

522 5004 642 5047 esse
669 4992 783 5045 sine
812 4992 934 5045 vita.
962 4993 1143 5048 Liceat
1171 4996 1328 5064 igitur
1352 5004 1405 5050 et
1433 4996 1665 5049 animum
1702 5012 1805 5051 non
1845 5000 2096 5055 continuo

523 5088 709 5151 putare
730 5081 922 5149 privari
948 5084 1071 5149 vita,
1102 5100 1400 5155 quanquam
1440 5085 1491 5140 ei
1521 5086 1743 5143 fortasse
1771 5103 1865 5158 per
1892 5099 2095 5149 motum

524 5169 744 5225 mutatio
775 5173 1020 5226 nonnulla
1052 5176 1338 5245 contingat.
2078 5160 2089 5172 ’

524 5256 748 5315 CAPUT
788 5259 874 5313 IV.
915 5291 984 5302 —
1020 5261 1119 5316 Ars
1156 5272 1201 5317 et
1237 5264 1366 5318 ratio
1408 5280 1726 5321 numerorum
1773 5268 2097 5327 immutabilis

821 5370 934 5423 qua:
958 5355 1125 5409 animo
1151 5373 1252 5410 non
1279 5357 1386 5410 sine
1412 5358 1510 5411 vita
1538 5360 1795 5417 iit/tierent.

593 5443 646 5496 ὕ.
690 5440 745 5496 Si
788 5443 928 5498 enim
968 5456 1144 5501 manet
1189 5448 1385 5518 aliquid
1422 5449 1749 5508 immutabile
1792 5452 1844 5507 in
1882 5454 2093 5522 animo,

522 5532 663 5603 quod
684 5535 799 5589 sine
825 5535 924 5589 vita
951 5552 1068 5593 esse
1092 5553 1195 5593 non
1223 5539 1419 5609 possit;
1449 5542 1626 5596 animo
1651 5543 1807 5597 etiam
1829 5545 1933 5600 vita
1954 5561 2095 5601 sem-

524 5627 733 5697 piterna
771 5639 981 5684 maneat
1009 5645 1226 5687 necesse
1261 5640 1363 5688 est.
1389 5632 1521 5688 Nam
1548 5635 1647 5690 hoc
1676 5651 1890 5705 prorsus
1929 5639 1996 5693 ita
2035 5655 2096 5695 se

524 5716 717 5787 habet,
759 5726 819 5775 ut
853 5720 900 5775 si
935 5721 1157 5791 primum
1195 5731 1310 5789 est,
1350 5725 1419 5778 sit
1454 5725 1763 5779 secundum.
1796 5727 1891 5783 Est
1918 5738 2094 5785 autem

520 5813 771 5886 primum.
812 5813 941 5883 Quis
974 5814 1149 5882 enim,
1184 5823 1244 5870 ut
1281 5815 1382 5871 alia
1420 5817 1690 5887 omittam,
1717 5828 1811 5877 aut
1837 5822 2094 5880 rationem

1435 408 1523 464 DE
1564 402 2128 463 iMMORTALlTATE
2165 404 2423 477 ΔΝΙΜΑΞ,
2461 408 2518 466 S.
2558 408 2925 468 AUGUSTINI

2220 538 2563 580 numerorum
2592 527 2899 583 mutabilem
2925 542 3044 584 esse
3068 529 3259 587 audeat
3282 530 3460 589 dicere
3478 573 3494 600 ,
3518 541 3611 590 aut
3630 544 3798 595 artem

2218 616 2508 684 quamlibet
2540 632 2648 672 non
2684 618 2781 673 ista
2822 620 3027 677 ratione
3061 631 3339 689 constare;
3381 632 3471 679 aut
3496 634 3666 681 artem
3695 643 3799 687 non

2215 718 2337 761 esse
2362 705 2414 759 in
2442 707 2663 774 artilice,
2692 709 2853 764 etiam
2876 724 2996 765 cum
3023 725 3141 766 eam
3164 725 3273 767 non
3297 723 3539 782 exercet;
3566 724 3660 771 aut
3686 718 3800 789 ejus

2218 810 2358 864 esse,
2390 797 2489 851 nisi
2516 798 2568 852 in
2592 800 2802 865 animo;
2834 808 2927 855 aut
2954 801 3042 857 ubi
3069 802 3174 859 vita
3204 818 3310 859 non
3338 805 3427 872 sit,
3460 821 3581 862 esse
3606 823 3796 878 posse;

2216 896 2309 943 aut
2335 889 2474 960 quod
2500 888 2825 948 immutabile
2850 902 2966 958 est,
3004 908 3124 950 esse
3150 895 3434 966 aliquando
3459 913 3565 954 non
3596 914 3798 971 posse;

2216 990 2305 1033 aut
2329 980 2470 1035 aliud
2500 995 2618 1037 esse
2647 991 2815 1037 artem
2835 1024 2850 1050 ,
2878 983 3020 1037 aliud
3047 985 3348 1040 rationem?
3375 987 3629 1054 Quamvis
3655 990 3800 1046 enim

2215 1082 2303 1122 ars
2330 1084 2432 1123 una
2452 1070 2743 1135 multarum
2766 1072 2914 1141 quasi
2942 1073 3155 1143 quidam
3183 1084 3359 1131 coetus
3386 1077 3652 1133 rationum
3679 1095 3799 1136 esse

2214 1158 2421 1214 dicatur
2440 1200 2453 1225 ,
2487 1169 2663 1217 tamen
2689 1177 2775 1217 ars
2800 1162 2961 1218 etiam
2987 1179 3091 1219 una
3116 1166 3254 1220 ratio
3284 1166 3388 1221 dici
3414 1169 3694 1226 verissime
3718 1180 3799 1225 at-

2213 1266 2317 1321 que
2344 1252 2559 1321 intelligi
2590 1260 2784 1323 potest.
2817 1254 2923 1310 Sed
2950 1260 3062 1312 sive
3089 1258 3223 1326 hoc,
3254 1259 3367 1315 sive
3395 1261 3523 1316 illud
3552 1263 3655 1329 sit,
3687 1279 3794 1319 non

2212 1343 2390 1397 minus
2434 1342 2813 1399 immutabilem
2859 1356 3029 1401 artem
3078 1362 3197 1403 esse
3246 1350 3524 1407 conﬁcitur
3567 1370 3581 1406 :
3629 1362 3797 1411 artem

2211 1441 2387 1489 autem
2427 1449 2531 1488 non
2573 1436 2745 1495 solum
2787 1451 2907 1492 esse
2936 1438 2987 1491 in
3016 1440 3195 1495 animo
3230 1441 3480 1510 artiﬁcis,
3511 1443 3606 1499 sed
3636 1446 3797 1501 etiam

2212 1539 2471 1594 nusquam
2510 1540 2629 1581 esse
2671 1527 2774 1581 nisi
2814 1528 2868 1581 in
2907 1529 3084 1583 animo
3124 1531 3459 1587 manifestum
3497 1544 3605 1600 est,
3640 1536 3800 1607 idque

2212 1613 2653 1684 inseparabiliter.
2681 1616 2814 1671 Nam
2841 1619 2885 1673 si
2915 1633 3001 1673 ars
3026 1620 3094 1674 ab
3113 1622 3292 1676 animo
3317 1624 3686 1693 separabitur;
3709 1636 3800 1682 aut

2210 1706 2314 1760 erit
2340 1717 2692 1777 praeterquam
2725 1709 2777 1762 in
2807 1710 3004 1773 animo,
3034 1718 3127 1765 aut
3151 1727 3407 1783 nusquam
3436 1714 3537 1769 erit
3557 1757 3572 1782 ,
3605 1725 3700 1770 aut
3732 1717 3799 1773 de

2210 1798 2389 1852 animo
2420 1799 2471 1852 in
2498 1799 2732 1854 animum
2763 1800 3015 1856 continuo
3045 1803 3309 1858 transibit.
3339 1805 3408 1859 At
3433 1814 3489 1859 ut
3513 1805 3669 1862 sedes
3696 1807 3800 1862 arti

2214 1890 2358 1957 nplla
2388 1891 2503 1946 sine
2534 1893 2639 1946 vita
2666 1902 2748 1947 est
2767 1933 2782 1957 ,
2812 1892 2882 1947 ita
2914 1909 3013 1949 nec
3040 1895 3146 1949 vita
3176 1911 3297 1951 cum
3327 1898 3531 1953 ratione
3568 1899 3662 1953 ulli
3695 1899 3798 1956 nisi

2209 1952 2400 2037 εἷῆἶῖιῗω
2432 1981 2526 2055 (α).
2557 1952 2825 2054 Nusquam
2852 2001 3012 2055 porro
3051 2002 3171 2043 esse
3210 1988 3351 2058 quod
3391 1990 3614 2057 est,vel
3651 1952 3797 2061 quod

2210 2072 2537 2130 immutabile
2563 2085 2644 2131 est
2671 2092 2775 2132 non
2802 2092 2924 2133 esse
2949 2079 3231 2148 aliquando
3253 2096 3357 2135 non
3380 2091 3572 2151 potest.
3592 2082 3649 2138 Si
3670 2098 3799 2139 vero

2208 2178 2298 2218 ars
2323 2164 2390 2219 de
2415 2167 2593 2221 animo
2620 2169 2674 2221 in
2703 2168 2934 2222 animum
2968 2170 3187 2237 transit,
3218 2171 3272 2225 in
3302 2172 3394 2227 illo
3418 2188 3672 2229 mansura
3698 2174 3799 2231 de-

2208 2268 2392 2310 serens
2421 2256 2615 2322 istum;
2643 2273 2801 2313 nemo
2829 2266 2997 2315 artem
3026 2260 3181 2315 docet
3210 2263 3311 2316 nisi
3341 2264 3635 2319 amittendo
3655 2306 3671 2331 ,
3702 2272 3802 2321 aut

2208 2343 2367 2399 etiam
2396 2360 2503 2400 non
2532 2348 2631 2401 nisi
2661 2347 2899 2404 docentis
2928 2349 3190 2407 oblivione
3227 2352 3288 2407 ﬁt
3325 2354 3517 2424 aliquis
3553 2355 3758 2424 peritus
3779 2397 3798 2425 ,

2209 2434 2319 2490 sive
2347 2446 2518 2491 morte
2540 2438 2579 2490 ί.
2612 2437 2740 2504 Quae
2773 2439 2818 2492 si
2844 2439 3221 2495 absurdissima
3249 2452 3303 2497 et
3332 2442 3615 2499 falsissima
3638 2454 3797 2512 sunt,

2207 2527 2363 2583 sicuti
2390 2538 2532 2595 sunt,
2564 2530 2876 2587 immortalis
2905 2542 2987 2588 est
3009 2535 3218 2590 animus
3244 2534 3526 2592 humanus.

2280 2621 2334 2676 6.
2364 2623 2433 2676 At
2463 2624 2601 2677 enim
2632 2625 2677 2678 si
2705 2640 2792 2680 ars
2821 2626 3102 2696 aliquando
3131 2636 3245 2695 est,
3273 2629 3558 2700 aliquando
3583 2647 3690 2687 non
3714 2642 3801 2691 est

2208 2710 2262 2767 in
2288 2713 2482 2777 animo,
2510 2714 2649 2784 quod
2673 2729 2769 2784 per
2790 2716 3109 2772 oblivionem
3139 2728 3296 2789 atque
3320 2721 3640 2790 imperitiam
3667 2725 3801 2781 satis

2208 2811 2394 2857 notum
2420 2812 2534 2869 est;
2566 2805 2696 2860 nihil
2726 2806 2791 2861 ad
2818 2808 2934 2877 ejus
2962 2809 3413 2868 immortalitatem
3449 2814 3603 2870 affert
3633 2831 3793 2888 argu-

2208 2895 2375 2949 menti
2411 2895 2570 2965 hujus
2607 2900 2867 2954 connexio
2892 2941 2907 2965 ,
2948 2901 3049 2956 nisi
3091 2910 3312 2973 negetur
3344 2906 3667 2963 antecedens
3694 2908 3800 2967 hoc

2208 2987 2389 3042 modo.
2420 2988 2525 3043 Aut
2543 2999 2623 3043 est
2650 2989 2848 3061 aliquid
2874 2991 2927 3045 in
2956 2992 3157 3061 animo,
3184 2994 3325 3064 quod
3351 2995 3405 3050 in
3435 2999 3687 3067 praesenti
3710 3014 3797 3055 co-

2207 3079 2465 3149 gitatione
2502 3097 2608 3136 non
2644 3091 2761 3149 est;
2791 3093 2883 3139 aut
2918 3100 3026 3140 non
3058 3094 3141 3141 est
3173 3087 3226 3141 in
3260 3088 3468 3143 erudito
3502 3091 3682 3145 animo
3708 3105 3799 3147 ars

2209 3172 2410 3226 musica
2430 3212 2445 3238 ,
2484 3187 2605 3227 cum
2634 3173 2700 3229 de
2727 3174 2837 3229 sola
2866 3178 3187 3244 geometrica
3224 3180 3419 3250 cogitat
3447 3199 3461 3236 :
3492 3183 3592 3238 hoc
3617 3194 3797 3240 autem

2210 3261 2401 3329 falsum
2430 3272 2548 3331 est;
2583 3266 2714 3320 illud
2740 3267 2899 3337 igitur
2925 3284 3132 3324 verum.
3158 3270 3275 3327 Non
3306 3282 3483 3330 autem
3509 3276 3796 3347 quidquam

2207 3368 2267 3409 se
2306 3353 2502 3410 habere
2541 3358 2747 3413 animus
2785 3361 2976 3427 sentit,
3018 3362 3120 3418 nisi
3161 3365 3302 3434 quod
3336 3366 3390 3420 in
3420 3368 3796 3437 cogitationem

2207 3446 2431 3501 venerit.
2454 3447 2636 3504 Potest
2659 3451 2822 3520 igitur
2844 3452 3045 3523 aliquid
3067 3469 3186 3511 esse
3211 3456 3265 3511 in
3289 3459 3486 3528 animo,
3514 3461 3654 3531 quod
3674 3476 3797 3521 esse

2210 3535 2265 3590 in
2292 3550 2351 3591 se
2375 3538 2585 3594 animus
2614 3540 2727 3610 ipse
2755 3556 2861 3597 non
2890 3544 3105 3599 sentiat.
3136 3544 3193 3601 ω
3219 3557 3395 3604 autem
3424 3551 3673 3620 quamdiu
3699 3554 3794 3621 sit,

2209 3629 2339 3683 nihil
2368 3630 2606 3687 interest.
2635 3632 2873 3704 Namque
2893 3639 2941 3690 si
2966 3637 3164 3693 diutius
3188 3640 3344 3695 fuerit
3367 3642 3421 3696 in
3446 3643 3563 3699 aliis
3584 3646 3795 3705 animus

2206 3732 2516 3792 occupatus,
2548 3739 2705 3794 quam
2728 3736 2785 3780 ut
2804 3726 3151 3785 intentionem
3173 3745 3322 3786 suam
3344 3733 3397 3787 in
3418 3744 3541 3790 ante
3562 3738 3794 3807 cogitata

2203 3808 2361 3867 facile
2387 3813 2553 3881 possit
2585 3814 2876 3883 reﬂecterc,
2910 3818 3107 3875 oblivio
3135 3820 3217 3875 vel
3247 3822 3514 3893 imperitia
3545 3828 3792 3883 nomina-

2210 3909 2318 3957 tur.
2350 3902 2455 3959 Sed
2481 3920 2599 3960 cum
2627 3908 2712 3961 vel
2738 3924 2835 3964 nos
2863 3910 2961 3979 ipsi
2988 3912 3262 3969 nobiscum
3288 3916 3682 3987 ratiocinantes,
3704 3922 3792 3977 vel

2204 3995 2272 4051 ab
2298 3996 2405 4051 alio
2431 3995 2568 4052 bene
2596 3999 2903 4071 interrogati
2931 4002 2997 4057 de
3025 4005 3335 4074 quibusdam
3364 4008 3675 4065 liberalibus
3701 4028 3790 4067 ar-

2204 4084 2345 4140 tibus
2370 4100 2429 4141 ea
2460 4102 2577 4157 quae
2604 4089 2927 4157 invenimus,
2958 4107 3063 4147 non
3088 4094 3213 4148 alibi
3234 4112 3390 4166 quam
3419 4100 3470 4153 in
3496 4101 3675 4156 animo
3700 4118 3789 4158 ηο‹

2203 4183 2314 4231 stro
2342 4177 2675 4235 invenimus:
2707 4195 2879 4251 neque
2915 4182 2969 4236 id
3005 4193 3087 4238 est
3125 4186 3396 4255 invenire,
3432 4190 3573 4259 quod
3612 4191 3789 4249 facere

2203 4274 2296 4321 aut
2321 4267 2572 4338 gignere;
2604 4270 2835 4341 alioquin
2864 4281 3060 4327 aeterna
3088 4275 3329 4346 gigneret
3365 4279 3573 4335 animus
3600 4282 3786 4338 inven-

2204 4357 2346 4412 tione
2397 4360 2677 4429 temporali
2722 4361 2879 4430 (uam
2929 4372 3127 4417 aeterna
3179 4380 3319 4435 saepe
3368 4368 3606 4437 invenit;
3657 4374 3785 4443 quid

2200 4448 2344 4502 enim
2381 4456 2487 4503 tam
2533 4459 2789 4505 aeternum
2829 4468 2987 4522 quam
3024 4454 3207 4509 circuli
3246 4458 3409 4527 ratio,
3451 4463 3536 4516 vel
3572 4464 3618 4518 si
3656 4466 3785 4535 quid

2201 4538 2343 4593 aliud
2389 4541 2443 4594 in
2493 4541 2858 4610 hujuscemodi
2904 4544 3143 4612 artibus,
3187 4562 3286 4603 nec
3323 4566 3433 4607 non
3471 4552 3637 4611 fuisse
3680 4558 3782 4613 ali-

2201 4628 2431 4698 quando,
2458 4645 2686 4687 necnon
2711 4634 2822 4687 fore
2845 4636 3377 4712 comprehenditur?)
3402 4659 3415 4694 :
3439 4644 3784 4706 manifestum

2200 4718 2359 4773 etiam
2397 4730 2509 4787 est,
2556 4722 2906 4778 immortalem
2948 4739 3066 4781 esse
3102 4728 3334 4782 animum
3374 4730 3694 4802 humanum,
3731 4747 3785 4795 et

2199 4824 2387 4865 omnes
2422 4827 2576 4867 veras
2615 4814 2846 4869 rationes
2873 4814 2927 4869 in
2956 4818 3177 4879 secretis
3214 4820 3329 4889 ejus
3355 4838 3473 4878 esse
3492 4868 3508 4893 ,
3538 4834 3783 4897 quamvis

2199 4913 2292 4954 eas
2320 4900 2436 4956 sive
2464 4902 2794 4972 ignoratione
2822 4905 2934 4961 sive
2967 4907 3235 4975 oblivione
3254 4950 3269 4977 ,
3297 4921 3388 4968 aut
3410 4928 3517 4969 non
3546 4916 3779 4986 habere,

2198 4993 2291 5039 aut
2320 4985 2561 5041 amisisse
2584 4985 2848 5042 videatur.

2255 5076 2481 5133 CAPUT
2519 5077 2585 5133 V.
2612 5107 2685 5119 —
2713 5078 2924 5135 Animm
2949 5099 3050 5138 non
3076 5093 3294 5140 mutatur
3320 5095 3375 5142 ut
3398 5089 3595 5147 desinat
3620 5109 3725 5150 esse

2879 5174 3095 5229 animus.

2270 5258 2325 5313 7.
2354 5258 2504 5314 Nunc
2532 5269 2707 5316 autem
2748 5272 3008 5333 quatenus
3053 5266 3357 5336 accipienda
3383 5270 3455 5326 sit
3472 5273 3635 5329 animi
3660 5291 3770 5330 mu-

2199 5350 2330 5405 tatio
2356 5350 2648 5409 videamus.
2672 5354 2730 5409 Si
2758 5355 2898 5409 enim
2929 5357 3221 5427 subjectum
3247 5369 3329 5416 est
3352 5364 3559 5422 animus
3582 5377 3696 5424 arte
3722 5369 3773 5424 in

2198 5440 2437 5511 subjecto
2462 5444 2722 5500 existente
2741 5486 2755 5511 ,
2786 5461 2958 5517 neque
2986 5449 3279 5518 subjectum
3307 5453 3573 5511 immutari
3600 5468 3771 5528 potest

2199 5535 2328 5605 quin
2350 5544 2404 5592 et
2428 5536 2480 5591 id
2505 5537 2645 5607 quod
2669 5537 2723 5592 in
2748 5537 2988 5609 subjecto
3012 5549 3093 5597 est
3117 5542 3455 5615 immutetur;
3482 5549 3569 5619 qui
3595 5565 3769 5620 possu-
3824 5542 3843 5598 ἶ

2264 5711 2366 5820 :ﬂt:
2387 5710 2521 5773 prius
2541 5708 2750 5773 vulgatis
2765 5743 2783 5772 ,
2805 5711 2907 5763 sine
2938 5720 3103 5767 morte.
3122 5716 3213 5768 sed
3249 5718 3425 5770 melius
3445 5722 3495 5770 in
3527 5727 3655 5789 Mss,
3677 5718 3771 5776 sive

2198 5784 2366 5822 morte.
3641 5784 3649 5789 ’
3768 5819 3794 5856 η,

2259 5831 2964 5898 (a)tttctract.,cap.5,n.2.
3401 5896 3407 5898 _
3479 5885 3482 5888 .
