4096 6368
299 515 424 558 mus
463 497 706 556 obtinere
743 494 1123 554 immutabilem
1162 508 1283 552 esse
1318 500 1487 550 artem
1523 499 1681 563 atque
1713 492 1877 547 ratio-

298 610 450 661 nem,
473 594 517 649 si
538 591 805 647 mutabilis
825 590 1033 646 animus
1057 590 1108 644 in
1136 603 1241 660 quo
1260 588 1348 643 illa
1372 596 1497 643 sunt
1518 600 1637 642 esse
1660 584 1877 640 convin-

296 685 477 741 citur?
500 683 631 751 Quae
652 692 829 739 autem
852 682 1021 751 major
1046 696 1203 751 quam
1232 681 1287 735 in
1310 678 1573 735 contraria
1600 676 1735 733 solet
1757 691 1875 732 esse

297 776 560 832 mutatio?
587 784 642 832 et
667 775 786 847 quis
814 782 970 846 negat
996 773 1228 828 animum
1250 813 1265 837 ,
1296 781 1354 826 ut
1380 771 1621 826 omittam
1646 778 1836 826 caetera
1854 810 1871 838 ,

295 867 519 921 stultum
545 866 709 933 alias,
745 865 877 921 alias
904 879 1029 920 vero
1056 879 1174 919 esse
1202 863 1536 932 sapientem?
1569 862 1721 917 Prius
1748 877 1874 931 ergo

294 966 428 1028 quot
465 955 637 1011 modis
676 954 984 1026 accipiatur,
1023 970 1140 1025 qua:
1176 954 1366 1009 dicitur
1401 952 1593 1008 animas
1627 954 1871 1020 mutatio,

296 1046 605 1111 videamus;
651 1045 775 1116 qui,
823 1054 881 1100 ut
925 1045 1144 1115 Opinor,
1187 1043 1574 1099 maniiestiores
1620 1043 1875 1098 duntaxat

293 1139 655 1209 clarioresque
674 1139 827 1194 nobis
846 1138 951 1193 duo
976 1146 1100 1192 sunt
1121 1152 1337 1208 genere,
1356 1137 1532 1208 Specie
1551 1150 1677 1191 vero
1693 1136 1870 1206 plures

295 1230 655 1284 inveniuntur.
684 1228 921 1299 Namque
949 1237 1040 1283 aut
1066 1226 1353 1283 secundum
1394 1226 1634 1297 corporis
1668 1225 1871 1295 passio-

293 1338 411 1389 nes,
444 1331 536 1377 aut
558 1322 848 1378 secundum
876 1336 1019 1388 suas,
1042 1322 1215 1375 anima
1244 1320 1434 1375 dicitur
1460 1319 1745 1374 immutari.
1776 1318 1873 1373 Se-

294 1415 527 1472 cundum
556 1416 815 1485 corporis,
838 1422 897 1469 ut
922 1429 1014 1484 per
1035 1421 1238 1481 aetates,
1265 1428 1360 1483 per
1384 1412 1617 1477 morbos,
1651 1427 1745 1481 per
1772 1410 1870 1467 do-

295 1506 708 1573 lores,labores,
734 1503 1074 1571 oll'ensiones,
1104 1518 1199 1575 per
1223 1502 1540 1573 voluptates.
1569 1501 1870 1557 Secundum

293 1612 417 1654 suas
438 1605 615 1653 autem
632 1639 649 1663 ,
676 1605 735 1653 ut
761 1594 1051 1666 cupiendo,
1080 1594 1329 1665 luctando,
1359 1594 1663 1666 metuendo,
1706 1608 1872 1667 aegre-

293 1688 516 1754 scendo,
545 1687 829 1753 studendo,
859 1686 1133 1746 discendo.

366 1780 422 1834 8.
459 1780 549 1834 lim
584 1794 770 1838 omnes
798 1782 1114 1836 mutationes
1134 1822 1149 1847 ,
1177 1784 1221 1836 si
1252 1795 1355 1835 non
1385 1781 1685 1836 necessario
1711 1794 1870 1849 argu-

294 1880 477 1930 mento
513 1882 637 1930 sunt
682 1874 818 1928 mori
848 1874 1078 1926 animam
1100 1914 1116 1937 ,
1163 1872 1294 1927 nihil
1337 1871 1548 1941 quidem
1576 1870 1871 1925 metuendae

297 1974 421 2021 sunt
457 1980 553 2035 per
591 1980 648 2019 se
686 1964 813 2031 ipsaa
851 1964 1175 2034 separatim:
1208 1962 1302 2019 sed
1340 1978 1406 2018 ne
1442 1964 1631 2018 rationi
1676 1970 1872 2017 nostra:

298 2055 680 2120 adversentur,
713 2069 815 2123 qua
846 2053 1043 2108 dictum
1075 2060 1189 2116 est,
1218 2060 1417 2107 mutato
1450 2051 1687 2122 subjecto
1715 2066 1872 2108 omne

297 2147 442 2217 quod
476 2147 529 2202 in
570 2144 811 2215 subjecto
858 2153 939 2199 est
986 2143 1284 2199 necessario
1328 2143 1547 2209 mutari,
1590 2142 1872 2198 videndum

298 2247 401 2294 est.
428 2237 533 2294 Sed
559 2252 664 2292 non
689 2236 1054 2292 adversantur.
1080 2234 1213 2291 Nam
1250 2234 1378 2290 illud
1412 2235 1701 2295 secundum
1737 2234 1873 2290 hanc

300 2329 646 2385 mutationem
666 2328 886 2397 subjecti
908 2327 1118 2394 dicitur,
1142 2341 1236 2396 per
1256 2342 1411 2397 quam
1434 2326 1649 2381 omnino
1668 2336 1873 2382 mutare

298 2422 507 2494 cogitur
540 2436 757 2476 nomen.
780 2418 913 2474 Nam
945 2420 990 2474 si
1018 2434 1083 2474 ex
1112 2418 1234 2474 albo
1260 2432 1380 2473 cera
1408 2418 1615 2488 nigrum
1639 2417 1871 2474 colorem

299 2512 458 2569 ducat
479 2511 745 2578 alicunde,
768 2526 875 2566 non
901 2512 1073 2565 minus
1098 2525 1219 2565 cera
1246 2518 1359 2576 est;
1387 2518 1441 2564 et
1460 2510 1504 2563 si
1530 2525 1593 2565 ex
1618 2511 1873 2581 quadrata

300 2603 584 2659 rotundam
629 2602 853 2657 formam
897 2609 1102 2666 sumat,
1134 2608 1189 2656 et
1213 2615 1277 2656 ex
1306 2600 1449 2655 molli
1478 2600 1751 2668 durescat,
1782 2602 1875 2657 iri-

300 2706 585 2768 gescatque
613 2713 679 2753 ex
709 2697 878 2753 calida
904 2712 919 2750 :
949 2706 1004 2752 at
1031 2697 1130 2753 ista
1159 2698 1210 2752 in
1239 2696 1475 2766 subjecto
1503 2704 1646 2764 sunt,
1677 2704 1731 2752 et
1753 2711 1874 2753 cera

301 2790 621 2860 subjectum.
661 2790 836 2845 Manet
876 2797 1053 2845 autem
1097 2804 1219 2844 cera
1268 2806 1374 2843 non
1423 2790 1587 2860 magis
1633 2790 1876 2846 minusve

303 2898 428 2938 cera
447 2925 463 2950 ,
489 2897 612 2937 cum
639 2882 728 2938 illa
753 2890 1041 2938 mutentur.
1068 2881 1250 2937 Potest
1278 2881 1433 2952 igitur
1458 2880 1631 2951 aliqua
1657 2882 1876 2938 mutatio

304 2974 422 3031 ﬁeri
447 2990 632 3031 eorum
661 2990 780 3045 quae
808 2975 860 3028 in
887 2974 1127 3043 subjecto
1156 2982 1310 3038 sunt,
1340 2987 1459 3027 cum
1493 2973 1664 3042 ipsum
1700 2982 1877 3028 tamen

300 3066 451 3138 juxta
475 3067 528 3122 id
555 3066 694 3139 quod
727 3066 829 3122 hoc
851 3076 933 3121 est
957 3081 1021 3121 ac
1044 3065 1267 3132 dicitur,
1296 3080 1402 3120 non
1438 3073 1687 3120 mutetur.
1726 3065 1795 3119 At
1831 3064 1877 3120 si

304 3171 488 3213 eorum
517 3173 633 3228 quae
661 3157 712 3211 in
737 3156 974 3226 subjecto
998 3166 1141 3223 sunt,
1177 3165 1317 3212 tanta
1340 3156 1681 3229 commutatio
1704 3156 1875 3225 ﬁeret,

306 3256 364 3303 ut
391 3246 519 3303 illud
545 3247 684 3318 quod
706 3247 926 3303 subesse
951 3248 1243 3316 dicebatur,
1273 3248 1375 3303 dici
1395 3248 1505 3318 jam
1530 3248 1747 3303 omnino
1771 3263 1875 3303 non

308 3348 515 3410 posset;
539 3338 697 3393 veluti
723 3354 843 3393 cum
870 3340 1047 3393 calore
1074 3339 1207 3408 ignis
1231 3352 1353 3393 cera
1378 3338 1429 3392 in
1456 3354 1609 3393 auras
1633 3338 1875 3406 discedit,

307 3444 530 3500 eamque
556 3431 904 3485 mutationem
934 3430 1133 3500 patitur
1160 3438 1217 3483 ut
1243 3438 1386 3484 recte
1413 3430 1733 3499 intelligatur
1758 3446 1877 3484 mu-

310 3530 472 3576 tatum
494 3536 611 3576 esse
631 3520 947 3591 subjectum,
970 3520 1111 3591 quod
1131 3536 1252 3576 cera
1273 3530 1408 3590 erat,
1430 3530 1483 3576 et
1502 3536 1623 3576 cera
1643 3522 1751 3591 jam
1772 3536 1877 3577 non

308 3622 427 3668 est:
452 3613 595 3668 nullo
623 3612 780 3667 modo
806 3612 979 3683 aliqua
997 3612 1204 3669 ratione
1224 3612 1505 3683 quidquam
1533 3629 1737 3681 eorum,
1759 3628 1880 3683 quae

310 3704 362 3760 in
406 3704 496 3759 illo
534 3704 774 3775 subjecto
806 3704 925 3761 ideo
963 3712 1115 3761 erant
1139 3705 1259 3775 quia
1298 3706 1399 3761 hoc
1432 3714 1577 3774 erat,
1606 3720 1881 3761 remanere

312 3802 603 3865 putaretur.

381 3885 434 3942 9.
464 3885 819 3955 Quamobrem
857 3885 903 3942 si
936 3886 1112 3945 anima
1155 3887 1449 3958 subjectum
1485 3896 1601 3954 est,
1630 3896 1688 3943 ut
1723 3902 1882 3959 supra

315 3973 543 4031 diximus
562 4019 579 4044 ,
609 3977 662 4031 in
690 3992 796 4049 quo
833 3976 969 4033 ratio
996 3978 1447 4048 inseparabiliter,
1478 3995 1538 4034 ea
1568 3980 1882 4036 necessitate

313 4082 521 4138 quoque
557 4082 660 4139 qua
702 4068 756 4123 in
795 4068 1034 4137 subjecto
1067 4082 1186 4124 esse
1222 4077 1544 4124 monstratur
1566 4070 1604 4134 ι,
1646 4085 1743 4125 nec
1780 4069 1883 4125 nisi

314 4159 431 4215 viva
458 4159 631 4215 anima
656 4168 830 4230 potest
867 4172 986 4215 esse
1015 4160 1187 4214 anima
1207 4201 1222 4227 ,
1250 4175 1349 4216 nec
1374 4160 1429 4215 in
1455 4175 1516 4216 ea
1544 4160 1677 4214 ratio
1709 4169 1886 4231 potest

316 4266 434 4308 esse
487 4252 602 4308 sine
640 4252 767 4317 vita,
807 4261 861 4307 et
895 4251 1207 4307 immortalis
1253 4260 1335 4307 est
1365 4251 1532 4317 ratio;
1577 4252 1886 4306 immortalis

318 4354 399 4400 est
431 4346 625 4399 anima.
666 4346 889 4401 Prorsus
927 4344 1068 4399 enim
1110 4344 1255 4399 nullo
1294 4353 1447 4415 pacto
1486 4358 1588 4397 non
1629 4343 1887 4399 existente

318 4437 554 4507 subjecto
602 4452 700 4493 suo
755 4436 1098 4491 immutabilis
1148 4435 1282 4490 ratio
1333 4442 1687 4505 permaneret.
1737 4432 1887 4499 Quod

319 4531 587 4597 eveniret,
618 4529 664 4585 si
694 4538 837 4585 tanta
870 4528 1135 4585 accideret
1167 4528 1357 4583 anima:
1397 4527 1616 4582 mutatio
1636 4568 1650 4593 ,
1687 4534 1743 4580 ut
1769 4540 1887 4581 eam

320 4637 424 4678 non
450 4623 680 4678 animam
705 4623 921 4691 laceret,
951 4622 1002 4677 id
1026 4631 1107 4678 est
1129 4622 1261 4677 mori
1286 4631 1517 4693 cogeret.
1536 4620 1688 4675 Nulla
1712 4628 1888 4676 autem

319 4712 525 4769 illarum
555 4714 903 4770 mutationum
927 4751 944 4779 ,
974 4728 1093 4783 quae
1120 4713 1231 4768 sive
1269 4726 1365 4782 per
1400 4726 1626 4782 corpus,
1656 4712 1767 4767 sive
1795 4725 1891 4781 per

318 4804 487 4877 ipsam
513 4806 743 4859 animam
768 4804 898 4859 ﬁunt
914 4804 1177 4875 (quamvis
1196 4813 1371 4860 utrum
1395 4805 1583 4876 aliqua:
1605 4820 1701 4875 per
1719 4805 1889 4876 ipsam

320 4899 483 4963 liant,
527 4896 578 4950 id
618 4906 700 4951 est
736 4912 959 4967 quarum
999 4898 1111 4968 ipsa
1152 4898 1223 4953 sit
1260 4912 1439 4966 causa,
1481 4915 1585 4954 non
1626 4914 1783 4969 parva
1822 4899 1891 4954 sit

319 4990 591 5062 quaastio),
626 4988 676 5043 id
701 4989 809 5060 agit
838 4999 895 5045 ut
922 4990 1150 5045 animam
1178 5005 1281 5046 non
1311 4992 1539 5046 animam
1569 4993 1741 5047 iaciat.
1773 4992 1890 5048 Jam

322 5081 480 5153 igitur
505 5095 607 5136 non
630 5079 803 5135 solum
830 5095 926 5151 per
947 5094 1028 5149 se,
1053 5096 1238 5138 verum
1261 5096 1357 5137 nec
1383 5082 1575 5137 nostris
1602 5083 1892 5140 rationibus

322 5168 663 5229 formidanda:
687 5178 830 5227 sunt.

320 5259 547 5317 CAPUT
584 5260 673 5316 VI.
711 5292 785 5303 —-
821 5262 973 5318 Ratio
999 5277 1113 5333 qua!
1144 5262 1561 5318 incommutabilis
1583 5273 1685 5332 est,
1716 5265 1816 5319 sive
1838 5264 1894 5321 in

393 5355 561 5409 anirno
585 5354 688 5410 sive
716 5370 827 5409 cum
849 5356 1020 5411 animo
1046 5357 1137 5423 sit,
1168 5356 1268 5411 sive
1290 5357 1486 5411 animus
1508 5357 1561 5413 in
1586 5374 1666 5426 ea,
1697 5357 1759 5413 ab
1784 5360 1895 5429 ipso

394 5443 569 5499 eodem
596 5445 763 5499 animo
789 5447 1016 5516 separari
1044 5447 1231 5517 nequit.

400 5537 488 5592 10.
520 5536 662 5608 Ergo
689 5537 1103 5595 incumbendum
1131 5540 1373 5595 omnibus
1396 5540 1740 5597 ratiocinandi
1769 5532 1898 5596 viri-'-

332 5625 431 5683 bus
456 5627 635 5695 video,
666 5638 724 5686 ut
750 5630 885 5687 ratio
910 5631 1033 5702 quid
1063 5632 1161 5701 sit,
1187 5641 1241 5688 et
1263 5632 1469 5702 quoties
1496 5632 1704 5688 deliniri
1732 5633 1901 5703 possit

327 5742 655 5856 "63m
676 5751 806 5811 Mss,
826 5757 884 5798 ea
900 5744 1175 5799 messitate
1191 5746 1559 5813 quaquauein
1578 5745 1902 5814 wbjectoem

1712 373 1917 435 LIBER
1950 372 2149 436 UNUS.

1984 490 2202 559 sciatur,
2231 499 2292 548 ut
2318 494 2607 552 secundum
2634 510 2821 555 omnes
2846 494 3033 554 modos
3059 502 3116 553 et
3135 494 3204 553 de
3228 494 3419 553 animae
3446 497 3552 554 im-

1982 584 2303 641 mortalitate
2327 596 2551 643 constet.
2577 588 2733 645 Ratio
2756 597 2838 645 est
2860 597 3103 660 aspectus
3126 588 3309 657 animi,
3332 602 3437 659 quo
3455 602 3553 658 per
3634 608 3641 625 ι

1981 677 2243 746 seipsum,
2286 694 2395 733 non
2428 695 2523 750 per
2558 696 2750 753 corpus
2785 698 2972 738 verum
3005 682 3270 748 intuetur;
3309 689 3400 736 aut
3436 682 3552 751 ipsa

1980 769 2091 823 veri
2117 772 2512 842 contemplatio,
2544 790 2649 829 non
2677 791 2773 846 per
2797 791 3022 846 corpus;
3052 783 3143 831 aut
3167 776 3339 845 ipsum
3362 788 3553 829 verum

1979 862 2120 932 quod
2146 864 2550 935 contemplatur.
2569 866 2802 922 Primum
2824 867 2952 923 illud
2978 868 3031 923 in
3058 866 3235 922 animo
3254 879 3373 920 esse
3393 878 3552 919 nemo

1979 953 2197 1023 ambigit
2224 972 2237 1008 :
2266 954 2333 1010 de
2360 956 2593 1011 secundo
2630 966 2684 1013 et
2721 958 2879 1014 tertio
2916 958 3081 1029 quaeri
3119 964 3329 1028 potest:
3372 955 3465 1012 sed
3495 963 3552 1011 et

1978 1043 2268 1099 secundum
2316 1045 2429 1100 sine
2471 1047 2648 1103 animo
2699 1062 2818 1105 esse
2868 1064 2973 1103 non
3024 1057 3215 1119 potest.
3263 1047 3339 1103 De
3390 1046 3551 1102 tertio

1979 1151 2167 1207 magna
2198 1138 2420 1210 qumstio
2443 1148 2557 1206 est,
2588 1149 2761 1195 utrum
2791 1156 2975 1195 verum
3006 1140 3135 1195 illud
3162 1139 3301 1210 quod
3329 1139 3445 1194 sine
3470 1135 3552 1194 in-S

1976 1236 2270 1283 strumento
2306 1231 2545 1301 corporis
2570 1232 2779 1289 animus
2805 1234 3035 1289 intuetur
3060 1234 3129 1289 sit
3157 1248 3252 1303 per
3277 1233 3507 1303 seipsum
3528 1273 3548 1302 ,

1976 1326 2031 1374 et
2060 1335 2165 1375 non
2194 1319 2263 1374 sit
2288 1321 2341 1375 in
2370 1323 2565 1390 animo,
2590 1332 2681 1378 aut
2706 1324 2872 1394 possit
2897 1340 3015 1381 esse
3044 1325 3157 1379 sine
3181 1325 3377 1379 animo.
3405 1322 3550 1389 Quo-

1975 1409 2209 1479 quolibet
2228 1411 2386 1465 modo
2405 1422 2580 1468 autem
2598 1429 2656 1468 se
2682 1414 2891 1483 habeat,
2914 1430 3022 1470 non
3042 1414 3094 1469 id
3116 1422 3294 1484 posset
3309 1423 3551 1469 contem-

1974 1500 2107 1570 plari
2148 1502 2353 1557 animus
2399 1518 2492 1572 per
2528 1504 2778 1574 seipsum,
2821 1505 2921 1559 nisi
2963 1505 3138 1575 aliqua
3173 1505 3544 1576 conjunctione

1974 1604 2096 1648 cum
2121 1607 2204 1650 eo.
2232 1592 2363 1649 Nam
2391 1608 2548 1651 omne
2573 1594 2711 1667 quod
2740 1596 3177 1668 contemplemur,
3208 1596 3319 1650 sive
3346 1595 3549 1666 cogita-

1975 1685 2118 1739 tione
2145 1687 2409 1755 capimus,
2437 1695 2527 1741 aut
2554 1702 2712 1743 sensu
2740 1697 2829 1743 aut
2856 1689 3123 1744 intellectu
3154 1689 3408 1759 capimus.
3440 1684 3551 1744 Sed

1975 1790 2037 1829 ea
2058 1790 2175 1845 qua:
2199 1792 2357 1831 sensu
2380 1779 2681 1847 capiuntur,
2708 1790 2856 1835 extra
2879 1781 3035 1835 etiam
3060 1796 3159 1835 nos
3183 1795 3300 1836 esse
3321 1782 3551 1835 sentiun-

1977 1873 2082 1933 tur,
2122 1876 2177 1922 et
2214 1867 2344 1922 locis
2378 1870 2735 1935 continentur,
2782 1870 2919 1925 unde
2966 1886 3064 1926 nec
3100 1870 3299 1940 percipi
3335 1869 3550 1940 quidem

1974 1970 2132 2025 posse
2168 1956 2515 2012 afﬁrmantur.
2559 1960 2631 2013 Ea
2678 1976 2805 2015 vero
2852 1976 2968 2031 qua:
3014 1961 3392 2031 intelliguntur,
3443 1976 3551 2016 non

1974 2048 2124 2117 quasi
2153 2048 2275 2103 alibi
2304 2051 2475 2120 posita
2500 2051 2885 2122 intelliguntur,
2914 2068 3071 2123 quam
3100 2054 3213 2123 ipse
3238 2052 3327 2124 qui
3353 2052 3552 2109 intelli-

1974 2136 2050 2207 git
2076 2137 2283 2193 animus
2307 2156 2321 2193 :
2353 2139 2511 2195 simul
2540 2142 2681 2195 enim
2712 2144 2871 2197 etiam
2897 2142 3261 2214 intelliguntur
3285 2158 3391 2199 non
3418 2156 3553 2198 con-

1977 2227 2131 2283 tineri
2162 2228 2301 2283 loco.
3546 2242 3555 2299 δ

2047 2319 2133 2373 11.
2167 2318 2341 2387 Quare
2368 2320 2465 2376 ista
2502 2321 2805 2391 conjunctio
2845 2322 3101 2379 intuentis
3128 2324 3327 2391 animi,
3360 2330 3414 2380 et
3439 2322 3554 2394 ejus

1978 2410 2094 2466 veri
2131 2412 2271 2480 quod
2300 2413 2564 2481 intuetur,
2596 2422 2685 2467 aut
2712 2415 2783 2468 ita
2809 2422 2891 2469 est
2918 2423 2975 2468 ut
3002 2414 3297 2485 subjectum
3335 2414 3404 2470 sit
3438 2414 3555 2470 ani-

1976 2518 2118 2569 mus,
2148 2519 2332 2559 verum
2358 2513 2533 2560 autem
2566 2505 2692 2559 illud
2718 2506 2771 2560 in
2798 2505 3069 2576 subjecto;
3098 2515 3189 2561 aut
3213 2514 3395 2563 contra
3422 2506 3553 2563 sub-

1972 2596 2171 2667 jectum
2210 2612 2393 2652 verum
2414 2640 2429 2665 ,
2460 2607 2512 2653 et
2540 2600 2592 2653 in
2621 2599 2857 2669 subjecto
2883 2601 3126 2667 animus;
3157 2610 3247 2656 aut
3274 2611 3555 2674 utrumque

1978 2688 2288 2743 substantia.
2334 2690 2533 2745 Horum
2573 2700 2750 2748 autem
2792 2693 2949 2747 trium
2975 2694 3019 2747 si
3047 2695 3272 2763 primum
3301 2704 3416 2764 est,
3446 2705 3554 2752 tam

1977 2788 2059 2835 est
2086 2780 2396 2837 immortalis
2425 2783 2631 2837 animus
2650 2799 2808 2853 quam
2827 2784 2980 2848 ratio,
3004 2785 3290 2840 secundum
3312 2786 3553 2857 superio‘

1978 2886 2091 2926 rem
2104 2872 2687 2945 diSputationcm,qnod
2718 2875 2891 2931 inesse
2921 2875 3007 2929 illa
3036 2876 3135 2929 nisi
3162 2877 3282 2931 vivo
3306 2892 3413 2932 non
3439 2885 3552 2947 pot-

1979 2971 2080 3018 est.
2130 2963 2335 3018 Eadem
2365 2966 2652 3020 necessitas
2677 2966 2728 3019 in
2756 2967 2987 3021 secundo
3012 2974 3113 3021 est.
3145 2966 3273 3021 Nam
3300 2968 3345 3022 si
3371 2980 3557 3023 verum

1980 3052 2108 3107 illud
2133 3054 2273 3123 quod
2300 3055 2434 3108 ratio
2460 3054 2670 3121 dicitur,
2696 3056 2821 3109 nihil
2850 3055 3009 3111 habet
3028 3057 3401 3113 commutabile
3420 3057 3558 3112 sicut

1979 3155 2228 3215 apparet;
2262 3146 2391 3202 nihil
2425 3149 2738 3202 commutari
2768 3157 2940 3218 potest
2965 3150 3103 3219 quod
3134 3151 3183 3203 in
3214 3165 3279 3206 eo
3308 3160 3557 3221 tanquam

1981 3239 2034 3293 in
2061 3237 2300 3308 subjecto
2321 3249 2421 3294 cst.
2444 3239 2702 3295 Remanet
2724 3240 2881 3310 igitur
2900 3242 3073 3296 omnis
3098 3258 3268 3311 pugna
3290 3240 3356 3297 de
3377 3243 3557 3299 tertio.

1980 3328 2112 3383 Nam
2146 3331 2190 3383 si
2223 3330 2431 3384 animus
2471 3331 2763 3384 substantia
2790 3340 2889 3397 est,
2922 3340 2974 3385 et
2994 3332 3283 3385 substantia
3310 3332 3443 3386 ratio
3471 3332 3559 3388 cui

1981 3420 2315 3491 conjungitur
2337 3422 2355 3454 ¹
2378 3438 2393 3487 ;
2421 3436 2525 3476 non
2551 3421 2775 3476 absurde
2803 3423 2919 3491 quis
2949 3423 3208 3492 putaverit
3237 3424 3349 3478 ﬁeri
3379 3438 3556 3493 posse,

1981 3520 2040 3566 ut
2066 3521 2311 3567 manente
2337 3511 2423 3566 illa
2453 3511 2539 3566 hic
2565 3528 2682 3567 esse
2718 3512 2940 3567 desinat.
2979 3512 3082 3567 Sed
3112 3512 3445 3567 manifestum
3474 3518 3560 3568 est

1981 3603 2232 3673 quamdiu
2258 3604 2467 3659 animus
2497 3618 2527 3658 a
2548 3605 2753 3658 ratione
2776 3618 2881 3658 non
2911 3614 3183 3673 separatur
3212 3604 3365 3674 eique
3389 3603 3558 3661 cohae-

1981 3702 2099 3760 ret,
2131 3694 2430 3749 necessario
2471 3709 2591 3748 eum
2629 3709 2846 3750 manere
2880 3705 3036 3765 atque
3073 3696 3269 3750 vivere.
3313 3694 3559 3765 Separari

1982 3792 2156 3839 autem
2187 3800 2289 3854 qua
2316 3784 2528 3839 tandem
2560 3785 2608 3839 vi
2636 3786 2845 3854 potest?
2872 3784 3009 3839 Num
3032 3801 3306 3856 corporea,
3335 3786 3485 3857 cujus
3505 3793 3561 3842 et

1983 3878 2217 3947 potentia
2246 3877 2505 3932 inﬁrmior
2524 3918 2540 3943 ,
2567 3886 2619 3933 et
2646 3878 2795 3948 origo
2823 3877 3038 3933 inferior
3055 3920 3069 3943 ,
3100 3887 3154 3934 et
3180 3879 3312 3934 ordo
3339 3894 3558 3950 separa.

1984 3967 2127 4022 tior?
2158 3967 2311 4023 Nullo
2350 3966 2527 4022 modo.
2568 3967 2798 4022 Animali
2833 3969 2997 4038 ergo?
3033 3967 3137 4024 Sed
3171 3970 3330 4024 etiam
3365 3970 3417 4023 in
3452 3983 3562 4041 quo

1986 4058 2181 4113 modo?
2210 4059 2291 4112 An
2336 4058 2472 4112 alter
2496 4058 2704 4113 animus
2732 4058 2998 4127 potentior
3026 4058 3263 4130 quisquis
3288 4068 3393 4127 est,
3422 4072 3554 4115 con-

1990 4148 2233 4219 templari
2256 4149 2510 4203 rationem
2539 4162 2644 4203 non
2670 4156 2862 4217 potest,
2890 4147 2991 4203 nisi
3016 4149 3237 4204 alterum
3266 4149 3388 4204 inde
3415 4163 3562 4219 sepa-

1992 4241 2220 4295 raverit?
2242 4240 2310 4294 At
2338 4254 2507 4309 neque
2532 4238 2668 4293 ratio
2693 4239 2937 4309 cuiquam
2968 4238 3344 4309 contemplanti
3374 4238 3558 4294 defue-

1988 4334 2087 4399 rit,
2126 4333 2170 4388 si
2207 4347 2393 4387 omnes
2426 4331 2888 4402 contemplemur:
2921 4339 2975 4387 et
3015 4346 3137 4385 cum
3175 4331 3302 4385 nihil
3339 4331 3407 4385 sit
3446 4330 3564 4401 ipsa

1989 4426 2191 4481 ratione
2207 4426 2493 4496 potentius,
2516 4440 2617 4494 qua
2640 4425 2771 4478 nihil
2791 4432 2873 4479 est
2891 4424 3397 4490 incommutabilius;
3418 4423 3565 4480 nullo

1992 4527 2146 4589 pacto
2174 4516 2276 4572 erit
2301 4517 2506 4570 animus
2533 4516 2765 4570 nondum
2793 4515 2985 4570 rationi
3011 4517 3322 4586 conjunctus
3342 4557 3356 4581 ,
3383 4532 3449 4573 eo
3474 4515 3566 4588 qui

1990 4618 2072 4664 est
2100 4608 2411 4678 conjunctus
2440 4606 2723 4677 potentior.
2752 4606 2937 4662 Restat
2964 4615 3021 4661 ut
3045 4616 3135 4662 aut
3160 4607 3275 4678 ipsa
3298 4608 3432 4663 ratio
3454 4622 3485 4663 a
3506 4620 3568 4665 se

1993 4704 2164 4774 ipsum
2191 4709 2417 4771 separet,
2451 4710 2542 4756 aut
2567 4700 2681 4771 ipse
2706 4701 2914 4756 animus
2937 4701 3005 4757 ab
3030 4718 3092 4757 ea
3120 4703 3389 4758 voluntate
3412 4716 3566 4772 sepa-

1994 4804 2161 4851 retur.
2189 4792 2297 4849 Sed
2322 4792 2457 4848 nihil
2483 4800 2567 4849 est
2594 4792 2645 4847 in
2674 4792 2763 4849 illa
2790 4802 2973 4849 natura
3003 4792 3327 4858 invidentia,
3357 4791 3567 4863 quomi-

1993 4900 2093 4942 nus
2130 4884 2406 4941 fruendam
2441 4897 2501 4939 se
2539 4884 2715 4941 animo
2749 4884 3000 4956 praebeat.
3035 4884 3234 4940 Deinde
3267 4898 3372 4955 quo
3399 4883 3568 4953 magis

1993 4990 2075 5036 est
2092 5021 2106 5045 ,
2135 4995 2200 5035 eo
2223 4978 2477 5051 quidquid
2526 4978 2625 5035 sibi
2652 4980 2989 5050 conjungitur
3014 4977 3140 5033 facit
3167 4987 3227 5033 ut
3252 4979 3350 5043 sit,
3376 4977 3461 5032 cui
3486 4977 3567 5034 rei

1994 5072 2289 5127 contrarius
2316 5079 2400 5127 est
2426 5072 2690 5127 interitus.
2707 5070 2987 5125 Voluntate
3020 5077 3194 5123 autem
3219 5068 3451 5123 animum
3481 5083 3571 5123 se-

1994 5166 2167 5237 parari
2188 5180 2219 5219 a
2240 5165 2445 5220 ratione
2467 5180 2572 5220 non
2597 5162 2755 5218 nimis
2774 5161 2999 5218 absurde
3014 5161 3135 5233 quis
3154 5161 3374 5226 diceret,
3396 5160 3439 5215 si
3459 5159 3570 5215 ulla

1995 5257 2064 5312 ab
2091 5258 2313 5312 invicem
2343 5257 2606 5326 separatio
2626 5262 2805 5325 posset
2827 5268 2946 5309 esse
2966 5269 3141 5310 rerum
3164 5267 3294 5325 quas
3314 5268 3419 5306 non
3440 5265 3571 5306 con-

1998 5347 2131 5402 tinet
2154 5347 2300 5403 locus
2329 5346 2427 5419 (a).
2458 5346 2611 5414 Quod
2636 5344 2849 5415 quidem
2873 5344 2977 5400 dici
3003 5344 3256 5399 adversus
3280 5342 3452 5398 omnia
3480 5356 3571 5396 su-

1998 5441 2209 5510 periora
2242 5446 2435 5510 potest,
2465 5437 2656 5508 quibus
2688 5436 2820 5492 alias
2850 5435 3293 5492 contradictiones
3312 5432 3567 5504 opposui-

2002 5544 2139 5587 mus.
2168 5528 2305 5597 Quid
2334 5528 2497 5598 ergo?
2528 5528 2717 5583 Jamne
2740 5526 3156 5583 concludendum
3184 5534 3265 5581 est
3284 5565 3301 5592 ,
3331 5524 3567 5578 animum

2067 5661 2085 5692 ί
2118 5665 2327 5731 ιιι-μείνῃ,
2340 5665 2392 5710 et
2696 5671 2840 5723 quam
2854 5660 2895 5713 si
2911 5672 3021 5711 cttm
3035 5659 3269 5710 hactenus
3284 5656 3427 5709 editis
3438 5653 3575 5718 lega-

2003 5726 2611 5786 manumissorum
2522 5726 2534 5729 ⁷
2615 5757 2628 5771 .

2046 5808 2122 5873 (a)
2143 5804 2167 5859 ι
2188 5800 2426 5870 Benaci”
2455 5819 2560 5870 cap.
2584 5806 2637 5870 5,
2656 5818 2708 5857 ιι.
2730 5804 2779 5857 2.

3458 5878 3546 5905 ..θη
