4096 6368
550 384 685 449 1027

550 520 673 563 esse
714 503 1115 559 immortalem:
1147 512 1214 552 an
1244 496 1457 553 etiamsi
1500 495 1735 567 separari
1776 508 1884 550 non
1930 499 2129 564 potest,

554 596 819 667 exstingui
835 572 1040 665 potest?
1056 593 1125 646 At
1144 591 1188 645 si
1208 591 1295 647 illa
1317 589 1537 644 rationis
1557 587 1635 643 vis
1656 588 1768 658 ipsa
1792 602 1887 642 sua
1912 586 2136 655 conjun-

551 681 729 749 ctiOne
760 687 923 743 afﬁcit
956 686 1225 749 animum;
1264 696 1435 751 neque
1468 680 1610 735 enim
1647 694 1753 734 non
1780 678 1992 732 allicere
2015 688 2134 747 pot-

552 792 673 849 est;
711 783 781 838 ita
840 779 1078 852 profecto
1115 775 1276 831 afficit
1302 780 1362 830 ut
1391 775 1440 829 ei
1466 788 1586 829 esse
1624 771 1834 826 tribuat.
1870 770 1965 824 Est
1991 770 2131 824 enim

556 876 785 941 maxime
814 864 926 946 ipsa
951 872 1115 939 ratio,
1146 869 1234 925 ubi
1266 883 1471 922 summa
1499 868 1659 921 etiam
1690 862 2135 919 incommutabili-

550 944 633 1029 tas
658 944 985 1043 intelligitur.
1010 962 1188 1032 itaque
1218 975 1340 1015 eum
1366 975 1521 1030 quem
1548 973 1613 1013 ex
1641 970 1700 1012 se
1734 955 1898 1010 afﬁcit
1919 956 1967 1021 ⁸,
1994 954 2134 1024 cogit

549 1072 668 1113 esse
697 1052 1103 1127 quodammodo.
1122 1052 1234 1107 Non
1254 1066 1378 1122 ergo
1395 1049 1656 1120 exstingui
1684 1049 1891 1103 animus
1919 1054 2127 1117 potest,

550 1149 651 1204 nisi
695 1163 725 1201 a
770 1147 976 1203 ratione
1017 1143 1581 1215 separatus;separari
1633 1152 1807 1196 autem
1861 1156 1966 1195 non
2016 1147 2133 1209 pot-

546 1250 661 1309 est,
700 1250 758 1296 ut
803 1254 959 1310 supra
1011 1238 1308 1295 ratiocinati
1349 1251 1575 1294 sumus:
1609 1252 1715 1292 non
1754 1243 1931 1305 potest
1973 1234 2131 1305 igitur

544 1320 783 1389 interire.
872 1322 873 1325 “

543 1425 769 1483 CAPUT
813 1424 920 1482 γη.
943 1454 1016 1467 —-
1046 1423 1155 1481 Nec
1181 1467 1192 1490 ,
1224 1424 1269 1479 si
1301 1440 1390 1495 per
1426 1423 1753 1478 substantiam
1786 1422 1854 1476 ad
1882 1420 2128 1493 defectum

935 1519 1092 1574 tendit
1117 1518 1335 1583 animus,
1368 1517 1427 1571 ob
1458 1517 1513 1570 id
1538 1515 1733 1570 interit.

616 1614 703 1679 12.
737 1615 805 1668 At
834 1614 975 1670 enim
1003 1612 1210 1668 aversio
1243 1612 1354 1682 ipsa
1380 1628 1411 1666 a
1438 1611 1643 1666 ratione
1680 1626 1776 1681 per
1808 1626 1964 1681 quam
1992 1610 2127 1666 stul-

542 1705 657 1760 titia
716 1704 973 1775 contingit
1016 1703 1230 1770 animo,
1277 1703 1392 1756 sine
1443 1701 1652 1757 defectu
1701 1702 1814 1772 ejus
1861 1702 1975 1757 ﬂeri
2020 1716 2127 1756 non

541 1804 719 1868 potest
764 1813 776 1850 :
825 1796 869 1850 si
908 1793 1050 1849 'cnim
1094 1795 1260 1867 magis
1299 1802 1380 1850 est
1418 1794 1483 1849 ad
1531 1797 1789 1849 rationem
1838 1809 2126 1850 conversus

541 1890 697 1967 eique
726 1890 1023 1967 inhmrcns,
1072 1888 1192 1943 ideo
1233 1887 1375 1958 quod
1434 1886 1658 1942 inhaeret
1707 1886 2125 1973 incommutabili

540 1980 622 2053 rei
661 1996 780 2059 quae
826 1988 909 2035 est
944 1979 1173 2043 veritas,
1227 1994 1344 2057 qua:
1396 1988 1449 2033 et
1501 1979 1728 2033 maxime
1779 1987 1831 2034 et
1880 1980 2127 2050 primitus

543 2083 665 2147 est;
732 2089 850 2129 cum
903 2073 970 2128 ab
1031 2088 1092 2147 ea
1149 2081 1230 2129 est
1277 2087 1531 2141 aversus,
1585 2072 1810 2142 idipsum
1858 2088 1977 2129 esse
2028 2075 2127 2130 mi-

542 2178 643 2219 nus
671 2164 863 2230 habet,
910 2163 1050 2233 quod
1078 2172 1160 2218 est
1187 2162 1436 2217 deﬁcere.
1467 2162 1650 2217 Omnis
1676 2173 1852 2219 autem
1888 2163 2125 2223 defectus

542 2257 713 2331 tendit
735 2256 802 2311 ad
830 2256 1081 2329 nihilum;
1110 2264 1164 2311 et
1191 2256 1460 2314 interitum
1487 2257 1689 2311 nullum
1720 2258 1888 2331 magis
1911 2259 2126 2331 proprie

540 2332 753 2423 Oportet
781 2349 967 2419 accipi,
991 2363 1148 2419 quam
1178 2362 1299 2403 cum
1328 2346 1401 2413 id,
1430 2348 1573 2419 quod
1603 2349 1800 2427 aliquid
1828 2357 1960 2418 erat,
1994 2350 2126 2405 nihil

538 2430 616 2497 iit.
651 2442 825 2521 Quare
858 2440 1074 2497 tendere
1113 2440 1180 2495 ad
1220 2441 1465 2511 nihilum,
1496 2452 1577 2499 cst
1614 2442 1681 2498 ad
1710 2443 1979 2515 interitum
2007 2453 2124 2498 ten-

537 2533 687 2599 dere.
719 2534 819 2603 Qui
848 2550 943 2589 cur
969 2550 1075 2601 non
1107 2532 1259 2589 cadat
1290 2534 1342 2588 in
1370 2535 1604 2603 animum
1625 2578 1639 2602 ,
1680 2537 1765 2591 vix
1793 2544 1876 2591 est
1904 2536 2083 2592 dicere
2106 2579 2123 2611 ,

536 2626 591 2684 in
633 2642 793 2698 quem
821 2627 1059 2682 defectus
1085 2625 1244 2682 cadit.
1284 2624 1488 2681 Dantur
1528 2626 1613 2681 hic
1641 2636 1833 2683 caetera
1865 2646 1877 2682 :
1910 2627 2002 2684 sed
2032 2644 2125 2685 ne-

536 2730 692 2795 gatnr
711 2734 830 2774 esse
852 2733 1183 2791 consequens
1214 2718 1429 2773 interire
1459 2717 1510 2772 id
1536 2718 1677 2797 quod
1704 2718 1868 2774 tendit
1894 2719 1959 2774 ad
1990 2718 2128 2775 nihi-

538 2808 679 2874 lum,
711 2809 874 2864 idest
913 2809 980 2863 ad
1016 2808 1240 2864 nihilum
1270 2810 1567 2881 pervenire.
1615 2810 1766 2881 Quod
1808 2810 1859 2865 in
1901 2827 2126 2882 corpore

539 2918 751 2976 quoque
786 2902 1135 2971 animadverti
1170 2888 1366 2975 potest.
1408 2904 1540 2959 Nam
1578 2907 1827 2976 quoniam
1858 2907 2125 2978 quodlibet

537 2980 734 3073 corpus
764 3013 884 3073 pars
900 3007 981 3057 est
1002 2997 1182 3055 mundi
1204 2998 1489 3063 sensibilis,
1513 3006 1567 3054 et
1589 2999 1708 3054 ideo
1735 3008 1932 3070 quanto
1954 3000 2125 3073 majus

541 3099 623 3163 est
652 3089 862 3169 locique
885 3090 1005 3160 plus
1025 3099 1270 3165 occupat,
1302 3098 1446 3153 tanto
1472 3092 1635 3167 magis
1666 3094 1985 3165 propinquat
2009 3094 2127 3153 uni-

543 3195 700 3257 verso
734 3200 745 3235 :
776 3191 1077 3265 quantoque
1122 3180 1174 3249 id
1220 3182 1387 3253 magis
1426 3180 1585 3255 facit,
1633 3192 1777 3249 tanto
1812 3186 1978 3259 magis
2020 3194 2121 3240 est.

540 3272 703 3349 Magis
730 3274 871 3335 enim
892 3275 913 3306 ¹
940 3282 1021 3333 est
1055 3281 1223 3329 totum
1252 3289 1409 3347 qnam
1445 3289 1585 3347 pars.
1627 3274 1801 3342 Quare
1829 3276 1988 3331 etiam
2020 3276 2124 3332 mi-

538 3381 640 3429 nus
679 3367 778 3432 sit,
818 3381 938 3427 cum
969 3367 1251 3433 minuitur,
1292 3384 1511 3429 necesse
1548 3378 1647 3431 est.
1685 3370 1959 3435 Deiectum
1996 3386 2125 3443 ergo

537 3460 736 3537 patitur
765 3476 885 3519 cum
913 3461 1183 3521 minuitur.
1214 3462 1380 3517 Porro
1409 3472 1583 3519 autem
1612 3464 1884 3529 minuitur,
1913 3480 2033 3519 cum
2059 3481 2123 3521 ex

543 3567 610 3615 eo
638 3553 837 3623 aliquid
872 3553 1187 3624 praecisione
1230 3554 1542 3615 detrahitur.
1582 3556 1662 3611 Ex
1699 3571 1802 3627 quo
1846 3557 2124 3619 coniicitur

540 3652 600 3711 ut
626 3644 716 3705 tali
750 3643 1076 3705 detractione
1108 3644 1285 3705 tendat
1323 3645 1390 3703 ad
1420 3647 1663 3707 nihilum.
1702 3651 1771 3707 At
1814 3649 1956 3709 nulla
1986 3665 2117 3718 prae:

535 3737 669 3803 cisio
695 3736 937 3811 perducit
964 3738 1032 3807 ad
1070 3738 1309 3793 nihilum.
1340 3740 1527 3801 Omnis
1560 3742 1701 3801 enim
1731 3758 1854 3814 pars
1883 3758 2001 3813 quae
2031 3760 2120 3800 re-

537 3838 739 3901 manet,
774 3843 970 3903 corpus
998 3838 1106 3897 est,
1149 3842 1204 3889 ct
1232 3832 1484 3903 quidquid
1513 3832 1615 3890 hoc
1651 3844 1764 3899 est,
1794 3837 2123 3906 quantolibet

538 3920 714 3997 spatio
740 3920 916 3989 locum
947 3932 1189 3993 occupat.
1229 3922 1411 3995 Neque
1440 3924 1493 3979 id
1522 3935 1735 3994 posset,
1768 3926 1869 3984 nisi
1900 3928 2121 3995 haberet

537 4021 717 4081 partes
747 4012 800 4073 in
822 4027 955 4083 quas
983 4013 1270 4072 identidem
1297 4016 1608 4087 caederetur.
1645 4019 1824 4083 Potest
1853 4021 2009 4092 igitur
2033 4024 2118 4087 in-

535 4101 684 4171 ﬁnite
710 4102 963 4169 credendo
1001 4105 1205 4169 inﬁnite
1240 4108 1405 4175 minui
1426 4151 1440 4175 ,
1472 4117 1527 4169 et
1566 4110 1685 4166 ideo
1718 4112 1981 4171 defectum
2012 4118 2117 4187 pati

537 4202 701 4264 atque
743 4194 811 4249 ad
853 4195 1074 4259 nihilum
1106 4198 1359 4266 tendere,
1398 4202 1638 4271 quamvis
1667 4208 1942 4273 pervenire
1981 4224 2117 4271 nun-

534 4302 697 4357 quam
721 4298 896 4357 queat.
929 4289 1080 4356 Quod
1111 4290 1234 4351 item
1256 4291 1323 4346 de
1354 4296 1468 4362 ipso
1493 4296 1662 4363 spatio
1688 4306 1741 4353 et
1769 4299 2000 4367 quolibet
2031 4301 2115 4357 in-

535 4378 759 4447 tervallo
809 4378 910 4439 dici
953 4390 1110 4452 atque
1153 4383 1372 4454 intelligi
1416 4394 1607 4454 potest.
1652 4388 1784 4447 Nam
1827 4399 1880 4453 et
1921 4390 1989 4451 de
2038 4391 2118 4449 his

532 4471 708 4539 etiam
765 4474 1094 4540 terminatis,
1138 4476 1443 4544 dimidiam,
1472 4479 1619 4539 verbi
1671 4482 1871 4551 gratia,
1914 4492 2117 4553 partem

536 4563 889 4632 detrahendo,
917 4577 971 4633 et
993 4582 1057 4622 ex
1083 4582 1148 4622 eo
1171 4568 1310 4638 quod
1341 4578 1505 4631 reSIat
1522 4612 1537 4638 ,
1576 4585 1785 4643 semper
1814 4574 2115 4644 dimidiam,

536 4656 798 4729 minuitur
822 4657 1181 4726 intervallum,
1207 4668 1364 4731 atque
1388 4661 1456 4721 ad
1484 4663 1643 4723 linem
1674 4667 2029 4736 progreditur,
2052 4668 2119 4725 ω

537 4764 697 4821 quem
739 4757 915 4807 tamen
959 4751 1102 4809 nullo
1125 4753 1430 4822 pervcnitur
1458 4756 1634 4819 modo.
1667 4758 1781 4825 Quo
1808 4762 1983 4819 minus
2018 4760 2120 4818 hoc

532 4842 602 4911 de
628 4842 808 4911 animo
844 4843 1233 4909 lot'utidauduut
1262 4855 1360 4903 cst.
1402 4846 1500 4909 Est
1541 4849 1685 4911 enim
1727 4852 1960 4920 profecto
1997 4870 2116 4913 cor-

531 4948 665 5007 pore
694 4936 881 5003 metior
908 4928 961 4999 et
991 4940 1220 4997 vivacior
1238 4979 1254 5008 ,
1284 4955 1318 4996 a
1345 4956 1451 5011 quo
1479 4942 1602 5003 huic
1629 4944 1736 5005 vita
1766 4937 2028 5007 tribuitnr'.

530 5027 757 5093 CAPUT
812 5028 940 5091 ιίιι.
982 5060 1051 5072 —-
1082 5031 1150 5093 Ut
1193 5034 1394 5102 corpori
1436 5050 1539 5095 non
1582 5044 1741 5105 potest
1787 5041 1981 5109 auferri
2020 5058 2119 5114 quo

731 5138 917 5191 corpus
941 5133 1035 5191 est,
1066 5124 1137 5177 ita
1161 5140 1251 5189 nec
1277 5125 1446 5181 animo
1474 5143 1577 5197 quo
1603 5130 1803 5195 animus
1830 5142 1921 5191 est.

602 5215 692 5280 15.
738 5216 893 5283 Quod
930 5217 977 5279 si
1028 5232 1135 5279 non
1189 5218 1240 5277 id
1284 5220 1428 5289 quod
1462 5229 1545 5278 est
1586 5222 1640 5285 in
1686 5225 1825 5281 mole
1859 5230 2116 5299 corporis,

516 5308 635 5367 sed.
676 5306 728 5369 id
761 5308 904 5379 quod
941 5308 997 5367 in
1036 5313 1216 5380 specie
1261 5310 1389 5374 facit
1415 5327 1608 5389 corpus
1652 5332 1770 5377 esse
1794 5358 1809 5383 ,
1838 5335 1956 5390 qua:
1994 5338 2119 5383 seu-

520 5398 706 5460 .tcuia
734 5400 1013 5459 invictiore
1046 5404 1254 5479 ratione
1276 5407 1599 5476 approbatur
1627 5428 1640 5464 ;
1668 5417 1815 5475 iam
1837 5415 1981 5473 enim
2010 5432 2122 5475 ma.

524 5494 611 5565 gis
637 5501 722 5550 est
745 5507 961 5565 corpus,
975 5504 1172 5565 quanto
1190 5495 1481 5567 speciosius
1505 5510 1586 5557 est
1623 5512 1785 5576 atque
1814 5509 2119 5579 pulchrius;

594 5651 783 5733 1.9132
799 5650 1223 5733 ⁸991ἑέίὲξεῖίῖλὲ
1238 5658 1644 5733 famam
1665 5676 1729 5727 επ
1750 5678 1800 5715 δε
1821 5665 1967 5733 adicit
1985 5680 2021 5733 ;_
2037 5684 2122 5721 cx-

527 5720 672 5806 cepto
690 5714 821 5775 ma,
834 5714 885 5761 in
902 5725 1001 5776 quo
1016 5712 1249 5781 habetur:
1266 5723 1339 5767 Ita
1350 5712 1919 5801 ξιυοειηξιάηε.;;νέτῑζάίῑ
1931 5712 2117 5783 main.

527 5831 539 5840 .
629 5776 774 5840 ,ΕΜ-ν
790 5780 919 5826 “mw
932 5784 1091 5840 ΜΨ
1206 5777 1362 5840 Mdu
1377 5788 1449 5834 est
1461 5796 1604 5836 erm.
1617 5788 1709 5839 Sed
1724 5796 1997 5840 concinnior
2015 5803 2117 5840 tam.

628 5788 774 5847 _mu.,
1206 5788 1362 5840 Mala
1377 5788 1449 5834 est
1461 5788 1604 5836 eam.
1617 5788 1709 5839 Sed
1724 5792 1997 5847 concinnior
2015 5803 2117 5847 Mss.

525 5831 671 5888 lectio
687 5831 833 5901 quam
852 5831 1172 5889 resﬁmus.

1430 377 1521 438 DE
1558 375 2123 437 IMMORTALI’I‘ATE
2149 373 2409 448 ΛΝῙΜΕ,
2450 381 2507 440 S.
2550 382 2921 443 AUGUSTlNl

3695 395 3840 458 4088

2244 502 2495 566 tantoque
2516 501 2690 555 minus
2715 509 2815 565 est,
2842 508 3043 571 quanto
3063 499 3260 560 Inditis
3284 503 3693 579 "domum;
3717 530 3841 585 qua:

2241 587 2467 643 defectio
2494 605 2601 645 non
2628 593 2940 661 praecisione
2958 596 3140 664 molis,
3162 596 3232 653 de
3252 613 3354 670 qua
3371 599 3482 671 jam
3507 606 3640 659 satis
3659 616 3837 665 actum

2242 688 2344 742 est,
2369 680 2463 734 sed
2490 682 2687 752 speciei
2708 685 3002 754 privatione
3024 688 3043 720 ι
3071 690 3331 762 contingit
3357 710 3371 746 τ
3397 697 3743 764 quaerendum
3770 701 3839 757 de

2241 772 2341 828 hac
2365 790 2425 828 re
2455 774 2738 847 diligenter
2753 794 2815 834 ac
2843 779 3237 839 discutiendum
3266 796 3367 853 est,
3391 803 3458 844 ne
3475 790 3593 859 quis
3606 790 3839 850 afﬁrmet

2240 866 2473 920 animum
2496 869 2582 923 tali
2602 870 2811 926 defectu
2835 873 3054 930 interire
3078 893 3091 943 ;
3111 886 3170 931 ut
3187 880 3434 948 quoniam
3460 884 3638 951 specie
3659 885 3835 957 aliqua

2238 971 2334 1012 sua
2356 959 2595 1028 privatur
2609 962 2735 1016 dum
2757 965 2949 1020 stultus
2971 976 3071 1032 est,
3092 969 3404 1026 credaturin
3419 980 3621 1028 tantum
3646 981 3832 1047 augeri

2238 1065 2396 1121 posse
2423 1053 2558 1136 hanc
2584 1056 2957 1126 privationem,
2987 1068 3044 1114 ut
3072 1062 3218 1115 omni
3245 1064 3405 1118 modo
3429 1067 3607 1135 specie
3636 1069 3835 1137 spoliet

2237 1133 2472 1197 animum
2495 1185 2510 1211 ,
2544 1154 2597 1200 et
2622 1162 2682 1201 ea
2713 1147 2832 1203 labe
2871 1149 2940 1204 ad
2984 1150 3206 1206 nihilum
3234 1153 3438 1225 redigat
3460 1133 3722 1228 cogatque
3750 1158 3832 1211 in-

2236 1236 2417 1291 terire.
2445 1237 2803 1304 Quamobrem
2824 1242 2870 1297 si
2897 1244 3225 1312 potuerimus
3244 1245 3530 1316 impetrare
3556 1258 3614 1303 ut
3645 1259 3831 1304 osten-

2236 1327 2414 1397 datur,
2440 1346 2508 1385 ne
2528 1333 2738 1401 corpori
2762 1334 2973 1403 quidem
2998 1335 3099 1391 hoc
3120 1334 3276 1407 posse
3296 1338 3558 1405 accidere,
3586 1350 3645 1394 ut
3666 1342 3829 1397 etiam

2234 1432 2297 1474 ea
2323 1421 2503 1490 specie
2532 1422 2769 1493 privetur
2790 1440 2892 1496 qua
2918 1440 3113 1497 corpus
3138 1437 3252 1495 est;
3290 1429 3410 1499 jure
3434 1430 3660 1486 Iurtasse
3684 1432 3828 1487 obti-

2235 1510 2480 1567 nebimus
2499 1511 2667 1567 multo
2691 1514 2868 1569 minus
2888 1515 3085 1571 auferri
3106 1531 3264 1587 posse
3286 1502 3467 1574 animo
3486 1535 3592 1590 quo
3615 1522 3830 1579 animus

2236 1613 2334 1661 est.
2362 1605 2632 1677 Siquidem
2664 1623 2823 1664 nemo
2849 1624 2907 1665 se
2937 1610 3072 1666 bene
3115 1611 3369 1689 inspexit,
3415 1614 3503 1685 qui
3531 1630 3643 1671 non
3677 1618 3830 1673 omni

2232 1700 2441 1769 corpori
2476 1700 2815 1771 qualemlibet
2853 1705 3090 1759 animum
3130 1706 3546 1776 praeponendum
3582 1723 3702 1765 esse
3747 1709 3829 1765 fa-

2234 1799 2426 1848 teatur.

2306 1885 2393 1939 M.
2420 1884 2501 1942 Sit
2520 1886 2679 1957 igitur
2696 1898 2895 1945 nostra:
2917 1890 3335 1948 ratiocinationis
3355 1893 3656 1962 exordium,
3681 1895 3827 1965 quod

2232 1976 2375 2031 nulla
2402 1992 2489 2033 res
2516 1993 2574 2033 se
2604 1978 2731 2034 facit
2759 1990 2849 2035 aut
2888 1982 3091 2053 gignit,
3126 1983 3358 2053 alioquin
3386 1993 3503 2039 erat
3540 1994 3826 2055 antequam

2232 2077 2372 2123 esset
2402 2087 2414 2123 :
2442 2070 2581 2141 quod
2611 2070 2657 2125 si
2687 2070 2876 2126 falsum
2902 2082 3004 2141 est,
3037 2073 3164 2128 illud
3184 2083 3267 2129 est
3289 2090 3494 2130 verum.
3522 2076 3652 2131 item
3680 2076 3827 2146 quod

2230 2156 2427 2214 factum
2458 2169 2699 2217 ortumve
2726 2177 2831 2218 non
2863 2173 2946 2219 est
2966 2207 2980 2230 ,
3010 2174 3061 2219 et
3093 2172 3272 2221 tamen
3304 2175 3404 2231 est,
3439 2167 3825 2237 sempiternum

2231 2251 2302 2307 sit
2323 2267 2542 2309 necesse
2558 2263 2653 2310 est.
2678 2254 2847 2322 Quam
2865 2264 3106 2311 naturam
3127 2266 3180 2312 et
3192 2258 3562 2314 excellentiam
3578 2259 3825 2330 quisquis

2230 2346 2325 2400 ulli
2355 2349 2561 2416 corpori
2590 2348 2710 2411 dat,
2744 2357 2889 2404 errat
2922 2350 3269 2406 vehementer
3297 2350 3529 2422 quidem.
3561 2351 3671 2406 Sed
3696 2352 3825 2422 quid

2230 2440 2572 2510 pugnamus?
2598 2442 2766 2497 multo
2796 2443 2936 2497 cnim
2968 2444 3138 2514 magis
3157 2459 3275 2499 eam
3314 2444 3441 2499 dare
3466 2443 3645 2499 animo
3671 2443 3825 2514 cogi-

2230 2544 2367 2584 mur.
2418 2531 2493 2585 lta
2538 2533 2583 2587 si
2627 2547 2820 2604 corpus
2865 2534 3030 2588 ullum
3068 2544 3149 2590 est
3190 2535 3597 2605 sempiternum,
3640 2534 3826 2590 nullus

2231 2622 2441 2678 animus
2488 2639 2595 2678 non
2640 2626 2993 2696 sempiternus
3022 2635 3121 2681 est.
3155 2626 3415 2694 Quoniam
3450 2626 3673 2698 quilibet
3709 2626 3825 2682 ani-

2230 2731 2355 2772 mus
2379 2717 2596 2773 cuilibet
2622 2720 2833 2789 corpori
2861 2719 3225 2790 praeferendus
3251 2730 3331 2775 est
3351 2762 3365 2787 ,
3398 2730 3452 2776 et
3476 2720 3653 2775 omnia
3683 2736 3823 2777 sem-

2231 2808 2437 2879 piterna
2464 2824 2569 2864 non
2598 2811 2957 2880 sempiternis.
2990 2814 3056 2866 At
3085 2812 3129 2865 si
3155 2811 3297 2883 quod
3326 2827 3451 2867 vere
3481 2811 3676 2867 dicitur
3694 2854 3709 2880 ,
3738 2812 3823 2868 fa-

2230 2914 2375 2959 ctum
2407 2912 2488 2959 est
2514 2920 2741 2974 corpus;
2772 2907 2945 2977 aliquo
2986 2907 3216 2963 faciente
3245 2908 3438 2964 factum
3466 2918 3580 2975 est,
3620 2925 3723 2966 nec
3758 2925 3822 2966 eo

2230 2993 2501 3050 inferiore.
2530 2996 2712 3067 Neque
2730 2999 2870 3053 enim
2893 3008 3032 3067 esset
3058 3013 3246 3069 petens
3267 3001 3331 3055 ad
3352 3001 3585 3069 dandum
3610 3002 3660 3055 ei
3680 3001 3821 3073 quod

2232 3084 2451 3154 faceret,
2481 3088 2735 3158 quidquid
2766 3090 2892 3145 illud
2921 3092 3162 3161 estquod
3184 3101 3285 3158 est,
3319 3093 3370 3147 id
3401 3094 3540 3164 quod
3571 3092 3818 3150 faciebat.

2235 3176 2341 3232 Sed
2386 3193 2453 3233 ne
2482 3179 2594 3248 pari
2623 3181 2835 3250 quidem
2871 3200 2883 3235 :
2912 3192 3120 3254 oportet
3152 3184 3295 3239 enim
3324 3184 3603 3241 facientem
3632 3187 3823 3242 melius

2230 3268 2429 3341 aliquid
2455 3270 2651 3327 habere
2679 3273 2746 3327 ad
2777 3272 3102 3342 faciendum,
3132 3293 3292 3348 quam
3320 3288 3401 3334 est
3430 3279 3481 3333 id
3510 3278 3650 3350 quod
3676 3280 3818 3335 facit.

2230 3359 2362 3416 Nam
2392 3361 2458 3417 de
2486 3363 2736 3434 gignente
2766 3381 2872 3420 non
2898 3367 3126 3423 absurde
3152 3368 3362 3437 dicitur,
3395 3369 3497 3425 hoc
3522 3386 3644 3426 eum
3670 3387 3819 3440 esse,

2230 3456 2370 3525 quod
2398 3465 2478 3513 est
2508 3458 2636 3512 illud
2659 3460 2800 3529 quod
2831 3461 2898 3515 ah
2928 3477 2994 3517 eo
3032 3464 3282 3539 gignitur.
3314 3463 3631 3525 Universum
3660 3465 3821 3535 igitur

2229 3564 2423 3618 corpus
2448 3550 2515 3605 ab
2536 3551 2707 3623 aliqua
2730 3553 2781 3606 vi
2807 3561 2861 3608 et
2886 3564 3072 3611 natura
3100 3557 3395 3625 potentiore
3416 3567 3573 3627 atque
3596 3557 3820 3612 meliore

2228 3639 2425 3696 factum
2469 3652 2583 3710 est,
2621 3659 2726 3699 non
2752 3644 2934 3723 utique
2961 3662 3240 3721 corporea.
3286 3648 3420 3703 Nam
3459 3649 3504 3706 si
3549 3663 3749 3723 corpus
3788 3663 3819 3704 a

2227 3747 2451 3803 corpore
2489 3734 2685 3791 factum
2713 3746 2796 3792 est
2816 3780 2831 3805 ,
2865 3752 2969 3792 non
3000 3740 3170 3808 potuit
3198 3741 3503 3796 universum
3531 3739 3667 3795 fieri.
3711 3741 3819 3795 Ve-

2226 3826 2497 3901 rissimum
2542 3837 2625 3882 est
2666 3832 2808 3883 enim
2858 3830 2999 3903 quod
3044 3831 3097 3888 in
3142 3831 3363 3886 exordio
3401 3831 3819 3893 ratiocinationis

2226 3916 2382 3988 hujus
2430 3922 2723 3991 posuimus,
2768 3906 2969 3976 nullam
3001 3938 3114 3978 rem
3160 3938 3190 3979 a
3231 3938 3289 3979 se
3328 3938 3486 3997 posse
3522 3923 3655 3979 fieri.
3694 3923 3819 3979 Haec

2225 4019 2401 4065 autem
2428 4012 2507 4066 vis
2532 4021 2585 4068 et
2613 4023 2796 4067 natura
2829 4014 3142 4085 incorporea
3164 4014 3403 4071 effectrix
3430 4014 3671 4085 corporis
3698 4014 3817 4068 uni-

2224 4104 2365 4159 versi
2406 4116 2670 4173 praesente
2710 4107 2941 4175 potentia
2975 4114 3121 4161 tenet
3160 4109 3483 4161 universum.
3516 4105 3631 4162 Non
3672 4106 3817 4159 enim

2224 4194 2367 4265 fecit,
2401 4204 2560 4268 atque
2590 4197 2837 4253 discessit
2859 4197 3211 4271 elfectumque
3233 4199 3487 4255 deseruit.
3518 4198 3592 4253 Ea
3618 4199 3815 4271 quippe

2225 4287 2515 4341 substantia
2541 4304 2659 4359 qum
2693 4303 2887 4358 corpus
2916 4306 3020 4343 non
3049 4300 3165 4357 est,
3195 4304 3387 4361 neque,
3430 4298 3487 4344 ut
3523 4288 3593 4343 ita
3619 4288 3811 4354 dicam,

2222 4376 2463 4435 localiter
2507 4390 2786 4446 mevetur,
2832 4390 2888 4436 ut
2934 4382 3001 4436 ab
3044 4398 3106 4437 ca
3153 4383 3442 4437 substantia
3487 4398 3605 4453 quae
3639 4381 3813 4441 locum

2226 4471 2464 4538 obtinet,
2498 4474 2731 4543 separari
2768 4482 2966 4544 queat;
3009 4482 3063 4528 et
3089 4474 3175 4527 illa
3207 4474 3475 4529 eﬂ‘ectoria
3505 4475 3584 4528 vis
3625 4491 3813 4531 vacare

2226 4580 2330 4618 non
2364 4572 2559 4635 potest,
2594 4565 2719 4636 quin
2748 4566 2799 4619 id
2829 4566 2970 4638 quod
3008 4567 3074 4622 ab
3105 4583 3166 4622 ea
3197 4566 3392 4623 factum
3419 4577 3529 4635 est,
3563 4578 3771 4623 tueatur
3793 4610 3809 4635 ,

2227 4666 2278 4712 et
2306 4657 2481 4735 specie
2502 4672 2687 4710 carere
2706 4672 2811 4710 non
2839 4658 2996 4725 sinat,
3023 4675 3123 4729 qua
3144 4659 3296 4714 estin
3321 4670 3811 4731 quantumcumque

2224 4757 2326 4803 est.
2356 4747 2505 4815 Quod
2536 4747 2678 4802 enim
2719 4764 2814 4818 per
2851 4764 2909 4803 se
2943 4765 3046 4803 non
3080 4759 3195 4817 est,
3225 4750 3267 4804 si
3299 4750 3623 4806 destituatur
3650 4753 3718 4805 ab
3749 4768 3813 4809 eo

2225 4856 2321 4911 per
2362 4840 2501 4912 quod
2545 4849 2664 4908 est,
2696 4841 2933 4912 profecto
2977 4859 3082 4899 non
3112 4844 3212 4898 erit
3245 4862 3256 4896 :
3287 4855 3340 4899 et
3381 4860 3483 4898 non
3531 4860 3812 4915 possumus

2225 4931 2405 4987 dicere
2432 4932 2485 4986 id
2516 4932 2787 5005 accepisse
2815 4949 3011 5003 corpus
3038 4950 3157 4991 cum
3189 4935 3383 4991 factum
3413 4946 3516 5002 est,
3550 4947 3608 4990 ut
3638 4939 3812 5007 seipse

2220 5024 2329 5101 jam
2357 5034 2664 5082 contentum
2691 5042 2812 5083 esse
2838 5038 3037 5107 posset,
3065 5029 3274 5085 etiamsi
3301 5044 3330 5084 a
3361 5030 3638 5086 conditore
3658 5030 3810 5085 dese-

2224 5128 2453 5175 teretur.

2298 5211 2384 5266 15.
2412 5212 2727 5283 Quanquam
2770 5212 2815 5266 si
2842 5213 2911 5267 ita
2948 5222 3061 5287 est,
3104 5214 3271 5286 magis
3301 5213 3352 5270 id
3379 5213 3539 5279 habet
3560 5216 3807 5291 animu$~

2227 5319 2383 5376 quem
2424 5305 2635 5377 corpori
2664 5314 2919 5379 prmstare
2944 5306 3284 5381 manifestum
3312 5317 3410 5363 est.
3442 5310 3616 5381 Atque
3646 5310 3715 5362 ita
3745 5309 3812 5363 de

2229 5397 2471 5467 proximo
2519 5398 2835 5453 immortalis
2886 5399 3172 5471 probatur,
3222 5402 3267 5457 si
3324 5411 3499 5475 potest
3549 5418 3667 5465 esse
3716 5417 3815 5473 per

2227 5489 2485 5563 seipsuln.
2527 5489 2793 5573 Quidquid
2833 5491 2975 5545 enim
3020 5492 3126 5547 tale
3167 5502 3286 5573 est,
3319 5493 3718 5571 incorruptihile
3746 5494 3814 5547 sit

2227 5596 2449 5637 necesse
2476 5568 2558 5641 est
2581 5625 2595 5649 ,
2627 5598 2689 5637 ac
2718 5598 2811 5655 per
2845 5581 2948 5638 hoc
2976 5584 3195 5647 interire
3226 5569 3328 5639 non
3361 5568 3553 5657 possit,
3576 5587 3696 5665 quia
3729 5586 3810 5641 ni-

2228 5669 2300 5726 hil
2337 5687 2394 5726 se
2425 5672 2641 5727 deserit.
2678 5673 2781 5729 Sed
2822 5677 3063 5746 corporis
3106 5676 3430 5733 mutabilitas
3469 5679 3519 5732 in
3566 5688 3812 5753 promptu

2292 5864 2308 5893 ι
2344 5862 2415 5912 sic
2435 5869 2537 5913 Mss.
2558 5873 2667 5911 cum
2682 5859 2788 5912 Bad.
2811 5866 2864 5911 At
2888 5868 2989 5911 Am.
3009 5867 3083 5911 Er.
3106 5867 3156 5912 et
3172 5868 3280 5913 Lov.
3305 5862 3507 5925 habent,
3525 5863 3780 5928 putatione.
