4096 6368
1711 377 1913 437 [ABER
1951 372 2149 437 ωωε.

3422 389 3576 452 σθω

285 513 371 557 αι
393 539 406 562 ,
453 495 595 568 quod
635 493 801 568 ipsius
843 489 1078 559 universi
1116 495 1358 568 corporis
1385 493 1662 552 universus
1700 503 1875 550 motus
1984 505 2141 561 quam
2185 491 2334 548 color
2377 498 2432 548 et
2469 491 2640 548 forma
2690 492 3112 565 inseparabiliter
3152 499 3351 558 inesse:
3375 544 3389 569 ,
3450 495 3579 563 tuto‘

287 593 418 648 satis
440 588 655 645 indicat.
697 588 852 644 Unde
882 589 1166 659 diligenter
1193 590 1595 660 inspicientibus
1619 596 1873 659 quantum

285 681 411 738 talis
439 688 628 736 neutra
667 679 858 750 inspici
888 689 1096 751 potest,
1139 681 1382 736 ordinata
1427 680 1778 740 mutabilitate
1819 679 1874 734 id

285 779 426 851 quod
457 779 787 836 immutabile
814 787 898 835 est
923 776 1122 836 imitari
1144 779 1408 849 reperitur
1429 777 1469 831 ⁸.
1511 777 1666 846 Quod
1695 783 1871 832 autem

285 887 381 943 per
410 887 470 929 se
509 882 631 939 εει,
670 887 738 927 ne
774 880 922 926 motu
951 871 1163 942 quidem
1193 885 1329 941 Opus
1356 871 1517 926 habet
1553 871 1694 932 ullo,
1727 867 1871 922 omni

281 963 436 1033 copia
479 963 582 1018 sibi
629 962 806 1034 seipse
855 963 1150 1027 existente;
1196 963 1319 1032 quia
1367 971 1541 1017 motus
1586 959 1758 1018 omnis
1802 958 1870 1014 ad

283 1053 426 1109 aliud
455 1061 560 1122 est,
609 1054 762 1123 cujus
796 1054 995 1124 indiget
1030 1055 1168 1124 quod
1209 1064 1469 1109 movetur.
1506 1052 1670 1108 Adest
1712 1051 1872 1121 igitur

279 1147 490 1218 species
532 1147 783 1202 universo
820 1145 1072 1216 corpori,
1112 1146 1336 1202 meliore
1362 1154 1550 1200 natura
1577 1143 1869 1198 sufﬁciente

281 1247 442 1309 atque
468 1239 742 1294 obtinente
761 1253 880 1308 qua}
906 1237 1030 1293 fecit
1057 1254 1072 1291 :
1105 1252 1269 1308 quare
1300 1237 1388 1293 illa
1419 1237 1739 1292 mutabilitas
1761 1250 1867 1290 non

282 1330 468 1386 adimit
497 1331 709 1400 corpori
740 1346 934 1402 corpus
959 1345 1097 1397 esse,
1132 1331 1226 1386 sed
1260 1331 1327 1386 de
1353 1330 1530 1401 specie
1556 1331 1609 1385 in
1635 1329 1866 1400 speciem

279 1423 512 1478 transire
539 1423 663 1478 facit
687 1431 834 1478 motu
861 1423 1276 1478 ordinatissime.
1301 1422 1416 1478 Non
1438 1422 1579 1478 enim
1605 1423 1866 1493 quaepiam

282 1516 396 1588 ejus
425 1531 550 1588 pars
570 1517 637 1572 ad
662 1517 884 1572 nihilum
905 1516 1072 1588 redigi
1095 1516 1306 1584 sinitur,
1334 1532 1455 1572 cum
1485 1524 1653 1572 totum
1683 1531 1868 1586 capes-

281 1618 363 1665 sat
390 1610 470 1664 vis
504 1610 593 1664 illa
619 1609 890 1665 eﬂ'ectoria
919 1624 1018 1665 nec
1046 1609 1321 1665 laborante
1346 1624 1445 1664 nec
1472 1609 1655 1664 deside
1675 1617 1866 1679 poten-

282 1700 350 1755 tia
372 1742 386 1767 ,
417 1700 553 1755 dans
579 1709 638 1755 ut
658 1701 727 1755 sit
753 1715 913 1757 omne
939 1701 1082 1772 quod
1107 1716 1203 1772 per
1227 1700 1369 1756 illam
1395 1709 1497 1767 est,
1528 1700 1582 1756 in
1610 1709 1865 1770 quantum

280 1800 364 1846 est
395 1808 408 1844 :
442 1791 786 1862 quamobrem
829 1806 988 1847 nemo
1031 1800 1137 1846 tam
1180 1791 1364 1847 devius
1407 1807 1437 1846 a
1477 1793 1681 1846 ratione
1709 1791 1867 1847 debet

279 1897 399 1939 esse
424 1925 439 1950 ,
479 1883 565 1938 cui
609 1891 701 1938 aut
741 1897 850 1938 non
889 1883 959 1939 sit
985 1894 1190 1940 certum
1221 1898 1448 1954 corpore
1476 1884 1712 1938 animum
1746 1898 1864 1939 esse

279 1973 554 2029 meliorem
579 2015 596 2039 ,
641 1982 732 2028 aut
766 1975 856 2044 qui
893 1975 996 2030 hoc
1032 1990 1288 2031 concesso
1327 1975 1614 2030 arbitretur
1653 1973 1864 2044 corpori

279 2080 385 2120 non
401 2066 644 2121 accidere
665 2075 724 2121 ut
748 2081 943 2136 corpus
959 2083 1063 2122 non
1082 2073 1170 2134 sit,
1202 2067 1382 2121 animo
1409 2067 1652 2121 accidere
1670 2075 1729 2121 ut
1752 2067 1865 2120 ani-

276 2169 397 2211 mus
428 2170 534 2236 nqn
563 2156 652 2211 sit.
679 2157 832 2226 Quod
859 2158 904 2212 si
932 2173 1037 2212 non
1067 2159 1280 2225 accidit,
1314 2173 1484 2228 neque
1508 2159 1718 2212 animus
1744 2172 1864 2213 esse

276 2248 378 2303 nisi
407 2249 570 2317 vivat,
590 2257 784 2320 potest,
816 2266 1084 2320 nunquam
1116 2251 1351 2321 profecto
1378 2251 1586 2306 animus
1616 2251 1860 2304 moritur.

273 2337 504 2396 CAPUT
556 2339 648 2394 IX.
672 2370 743 2381 —
773 2341 984 2395 Animus
1021 2342 1120 2395 vita
1166 2351 1266 2408 est,
1305 2342 1377 2396 sic
1415 2341 1515 2394 vita
1554 2357 1725 2396 carere
1763 2356 1862 2395 non

978 2443 1155 2506 potest.

345 2521 435 2578 id.
461 2523 613 2590 Quod
641 2524 686 2580 si
712 2525 993 2596 quisquam
1018 2541 1124 2581 non
1151 2541 1275 2582 eum
1301 2527 1572 2582 interitum
1601 2527 1726 2583 dicit
1756 2527 1862 2582 for-

271 2612 584 2670 midandum
609 2615 790 2671 animo
811 2657 827 2684 ,
856 2630 962 2687 quo
990 2615 1218 2672 efﬁcitur
1243 2626 1300 2672 ut
1339 2617 1466 2671 nihil
1497 2618 1565 2671 sit
1591 2617 1732 2688 quod
1760 2618 1862 2672 ali-

231 2741 234 2743 -
274 2707 402 2778 quid
433 2706 551 2774 fuit,
585 2708 679 2764 sed
707 2723 828 2764 eum
857 2723 964 2780 quo
1003 2709 1232 2765 dicimus
1266 2725 1329 2766 ea
1365 2719 1571 2765 mortua
1611 2727 1728 2782 qum
1757 2712 1861 2766 vita

273 2807 498 2865 carent;
527 2799 765 2855 attendat
793 2801 934 2871 quod
964 2801 1107 2856 nulla
1134 2816 1221 2856 res
1249 2803 1421 2872 seipsa
1446 2811 1609 2857 caret.
1641 2803 1734 2856 Est
1762 2819 1860 2857 au»

273 2894 384 2944 tem
425 2890 634 2947 animus
665 2892 772 2946 vita
800 2893 1044 2963 quaedam
1077 2911 1090 2947 :
1125 2893 1265 2950 unde
1291 2909 1450 2950 omne
1493 2895 1633 2964 quod
1660 2895 1862 2951 anima-

273 2985 386 3033 tum
417 2989 533 3045 est,
560 2981 774 3046 vivere;
812 2997 971 3038 omne
999 2993 1176 3038 autem
1206 2982 1439 3038 inanime
1468 2985 1609 3055 quod
1637 2986 1858 3042 animari

271 3079 484 3141 potest,
511 3081 778 3126 mortuum
803 3113 819 3141 ,
856 3074 908 3129 id
949 3083 1033 3129 est
1074 3075 1179 3130 vita
1222 3075 1483 3146 privatum
1527 3077 1855 3148 intelligitur.

271 3156 390 3218 Non
435 3177 562 3233 ergo
602 3173 781 3234 potest
813 3165 1023 3222 animus
1062 3169 1216 3222 mori.
1269 3168 1400 3222 Nam
1439 3169 1484 3224 si
1513 3184 1695 3225 carere
1742 3180 1862 3242 pot-

273 3255 377 3309 erit
431 3255 576 3322 vita,
627 3272 731 3312 non
783 3259 991 3314 animus
1053 3259 1149 3316 sed
1185 3262 1475 3318 animatum
1518 3264 1716 3334 aliquid
1756 3276 1856 3321 est.

271 3345 425 3414 Quod
448 3348 493 3401 si
519 3348 806 3404 absurdum
843 3359 944 3417 est,
968 3352 1136 3406 multo
1165 3354 1340 3409 minus
1359 3354 1654 3431 hoclgenus
1677 3357 1862 3413 interi-

271 3445 358 3495 tus
387 3436 681 3494 timendum
725 3449 804 3496 est
845 3442 1024 3497 animo
1047 3484 1062 3510 ,
1109 3444 1250 3514 quod
1291 3446 1413 3500 vitae
1448 3457 1594 3504 certe
1633 3465 1738 3504 non
1777 3459 1861 3507 est

274 3529 591 3585 timendum.
622 3531 752 3586 Nam
775 3547 994 3602 prorsus
1019 3535 1062 3589 si
1095 3545 1216 3590 tunc
1242 3539 1466 3594 moritur
1484 3541 1713 3608 animus,
1737 3557 1858 3598 cum

274 3633 396 3675 eum
441 3620 640 3676 deserit
686 3623 793 3676 vita
833 3624 954 3688 illa;
1001 3625 1114 3696 ipsa
1159 3628 1262 3682 vita
1313 3645 1431 3699 quae
1479 3631 1617 3688 hunc
1661 3633 1861 3689 deserit

276 3712 448 3768 multo
476 3713 665 3768 melius
691 3714 1003 3786 intelligitur
1033 3717 1265 3787 animus,
1296 3729 1354 3774 ut
1378 3723 1487 3790 jam
1519 3739 1625 3778 non
1649 3725 1716 3778 sit
1741 3725 1858 3780 ani-

277 3815 397 3858 mus
423 3803 675 3888 quidquid
708 3819 738 3858 a
767 3805 870 3859 vita
896 3805 1184 3876 deseritur,
1228 3809 1321 3864 sed
1348 3827 1409 3866 ea
1446 3812 1557 3883 ipsa
1600 3815 1705 3870 vita
1741 3831 1858 3894 quae

276 3894 491 3962 deserit.
523 3896 786 3980 Quidquid
811 3899 953 3956 enim
991 3901 1099 3956 vita
1123 3901 1391 3958 desertum
1431 3915 1696 3980 mortuum
1725 3908 1857 3972 dici-

276 3996 394 4058 tur,
435 3989 488 4045 id
521 3975 588 4045 ab
627 3993 801 4047 anima
841 3993 1113 4049 desertum
1157 3975 1461 4068 intelligitur
1491 4017 1502 4052 :
1527 3977 1651 4056 lhrec
1679 4009 1857 4066 autem

275 4082 404 4150 vita,
434 4098 551 4166 quae
589 4083 787 4140 deserit
821 4101 882 4141 ea
925 4103 1041 4157 quae
1091 4089 1422 4158 moriuntur,
1456 4093 1579 4164 quia
1624 4095 1733 4166 ipsa
1777 4105 1860 4151 es:

278 4161 515 4244 animus,
555 4187 608 4233 et
651 4179 879 4251 seipsam
918 4197 1023 4236 non
1065 4182 1298 4254 deserit;
1336 4201 1439 4240 non
1485 4188 1711 4244 moritur
1740 4191 1856 4248 ani-

276 4282 413 4334 mus.

311 4363 394 4418 CA
406 4364 539 4421 PUT
583 4365 650 4421 Χ.
676 4397 748 4408 -
775 4367 984 4422 Animus
1021 4387 1122 4424 non
1161 4381 1231 4426 est
1258 4375 1550 4444 temperatio
1578 4379 1819 4448 corporis.

351 4457 436 4512 l7.
470 4458 578 4513 Nisi
608 4458 742 4517 forte
767 4461 930 4532 vitam
958 4465 1394 4536 temperationem
1418 4467 1645 4539 aliquam
1670 4483 1860 4542 corpo-

277 4548 373 4618 ris,
398 4558 456 4604 ut
476 4551 716 4608 nonnulli
733 4553 931 4623 opinati
950 4564 1093 4623 sunt,
1118 4555 1375 4611 debemus
1395 4558 1632 4616 credere.
1657 4560 1858 4630 Quibus

276 4631 516 4728 profecto
544 4658 808 4714 nunquam
841 4645 942 4700 hoc
973 4646 1144 4700 visum
1178 4656 1353 4715 esset,
1395 4649 1436 4704 si
1476 4665 1537 4706 ea
1574 4666 1693 4722 quae
1735 4667 1860 4708 vere

275 4742 398 4802 sunt
427 4742 481 4788 et
520 4733 963 4792 incommutabilia
1011 4749 1358 4818 permanent,
1393 4740 1579 4804 eodem
1614 4743 1792 4802 animo
1828 4760 1859 4818 ξι

274 4841 575 4902 corporum’
591 4828 970 4902 consuetudine
996 4829 1224 4885 alienato
1249 4841 1407 4902 atque
1438 4846 1656 4906 purgato
1681 4837 1860 4896 videre

275 4916 588 4992 valuissent.
620 4915 750 4986 Quis
777 4918 914 4972 enim
945 4919 1080 4980 bene
1109 4936 1166 4976 se
1197 4922 1500 4992 inspiciens,
1533 4943 1641 4986 non
1667 4943 1858 5000 exper-

273 5020 360 5088 tps
387 5018 471 5066 est
501 5017 646 5064 tanto
672 5023 730 5066 se
759 5009 954 5082 aliquid
987 5011 1310 5080 intellexisse
1337 5016 1627 5086 sincerius,
1660 5030 1861 5094 quanto

274 5116 555 5182 removere
578 5110 736 5172 atque
774 5100 1067 5176 subducere
1092 5104 1438 5178 intentionem
1467 5109 1660 5174 mentis
1687 5125 1717 5164 a
1743 5127 1861 5176 cor.-

277 5200 426 5271 poris
467 5195 713 5274 sensibus
745 5195 960 5270 potuit?
989 5195 1141 5266 Quod
1184 5198 1229 5256 si
1267 5201 1581 5269 temperatio
1622 5205 1860 5274 corporis

277 5298 422 5358 esset
464 5288 706 5356 animus,
755 5303 862 5352 non
910 5287 1090 5360 utique
1135 5288 1185 5344 id
1225 5298 1405 5360 posset
1442 5291 1701 5352 accidere.
1742 5294 1861 5352 Non

277 5385 423 5458 enim
453 5397 516 5444 ea
545 5397 633 5440 res
661 5397 780 5456 quae
808 5390 1050 5446 naturam
1077 5384 1342 5454 propriam
1374 5399 1478 5441 non
1505 5385 1746 5455 haberet,
1768 5403 1862 5444 ne-

279 5455 383 5548 que
410 5474 704 5544 substantia
736 5482 913 5542 esset,
957 5473 1053 5530 sed
1097 5473 1150 5530 in
1195 5473 1435 5544 subjecto
1480 5491 1704 5547 corpore
1747 5488 1861 5534 tan-

342 5591 360 5624 ¹
384 5596 500 5660 ΛΞΡ·
519 5593 606 5660 ειη.
629 5593 826 5660 HD?»
845 5585 898 5639 δά
920 5586 1047 5660 πρά
1068 5585 1295 5660 rem
1314 5593 1386 5660 ei!
1603 5591 1858 5660 νερςνίειινι

276 5647 578 5720 frtetulimus
587 5647 672 5720 hic
685 5647 946 5720 lectiuneni
959 5658 1080 5720 MSS?
1091 5664 1214 5720 quze.
1224 5657 1300 5720 est
1318 5647 1460 5720 etiam
1479 5653 1585 5702 Bad.
1600 5647 1741 5720 Pa'ulo
1757 5665 1864 5720 post

277 5711 462 5785 legitur
479 5712 529 5763 in
685 5725 773 5764 nec
1346 5711 1512 5785 ullum.
1525 5723 1582 5766 At
1600 5718 1652 5785 i_n_
1671 5711 1788 5778 vssf,
1803 5733 1862 5770 ne

694 5788 812 5841 opus
831 5773 972 5828 ιαια
993 5773 1165 5841 alium;
1183 5775 1280 5840 vel,
1305 5789 1366 5829 ne
1386 5783 1518 5830 motu
1536 5779 1728 5844 quidem
1745 5773 1862 5847 opus

1982 582 2144 638 modo
2178 597 2239 638 se
2284 583 2351 644 ab
2405 584 2592 646 eodem
2636 600 2861 657 corpore
2892 589 2960 644 ad
3007 589 3350 662 intelligibilia
3387 599 3560 666 porci.

1979 675 2171 746 pienda
2206 686 2490 732 conaretur
2523 687 2784 747 avertere,
2813 683 2945 736 etin
2973 693 3227 754 quantum
3257 686 3310 740 id
3341 699 3555 758 posset,

1979 764 2036 822 in
2063 773 2265 823 tantum
2293 768 2382 824 illa
2407 777 2588 838 posset
2616 770 2828 838 intueri,
2860 787 3030 844 eaque
3059 776 3262 832 visione
3286 779 3474 834 melior
3505 789 3560 839 et

1978 861 2316 928 praestantior
2359 860 2492 916 fieri.
2544 861 2699 918 Nullo
2737 865 2933 936 quippe
2966 867 3127 924 modo
3155 869 3324 926 forma
3361 872 3444 928 vel
3462 889 3559 935 eo-

1976 949 2091 1017 lor,
2142 952 2228 1007 vel
2255 954 2366 1022 ipsa
2409 955 2570 1010 etiam
2605 960 2846 1028 corporis
2885 965 3234 1032 temperatio,
3271 981 3389 1036 qua
3412 977 3558 1026 certa

1976 1043 2284 1098 commixtio
2305 1054 2389 1100 est
2413 1061 2594 1102 earum
2623 1059 2850 1120 quatuor
2877 1061 3182 1111 naturarum
3201 1058 3392 1127 quibus
3416 1060 3557 1118 idem

1975 1146 2169 1203 cunnis
2209 1135 2475 1205 subsistit,
2511 1150 2754 1196 avertere
2797 1158 2859 1198 se
2903 1143 2971 1199 ab
2998 1162 3062 1201 eo
3104 1156 3308 1217 potest,
3349 1149 3406 1207 in
3449 1169 3558 1224 quo

1976 1227 2221 1296 subjecto
2247 1238 2329 1286 est
2354 1231 2796 1301 inseparabiliter.
2835 1237 2917 1292 Ad
2943 1238 3075 1307 hate,
3116 1255 3178 1296 ea
3204 1258 3320 1312 qua:
3359 1245 3557 1300 intelli-

1971 1317 2049 1387 git
2073 1319 2282 1378 animus
2321 1337 2441 1377 cum
2481 1339 2542 1382 se
2581 1328 2774 1381 avertit
2801 1342 2829 1382 a
2857 1344 3114 1399 corpore,
3145 1343 3398 1406 nonsunt
3430 1353 3556 1406 pro-

1971 1406 2110 1466 festo
2159 1425 2448 1480 corporea;
2491 1423 2545 1469 et
2587 1423 2760 1472 tamen
2810 1427 2970 1489 sunt,
3014 1422 3347 1494 maximeque
3393 1436 3554 1496 sunt,

1971 1514 2096 1560 nam
2140 1502 2332 1572 eodem
2376 1505 2536 1566 modo
2571 1522 2786 1578 semper
2830 1525 2950 1566 sese
2993 1510 3208 1572 habent.
3249 1514 3381 1573 Nam
3423 1518 3555 1574 nihil

1969 1591 2253 1650 absurdius
2291 1595 2397 1651 dici
2426 1605 2600 1667 potest
2644 1611 2801 1670 quam
2840 1617 2904 1657 ea
2932 1619 3054 1660 esse
3077 1622 3195 1676 quae
3222 1610 3389 1665 oculis
3408 1611 3553 1667 vide-

1971 1699 2126 1751 mus,
2160 1701 2224 1741 ea
2261 1702 2367 1743 non
2393 1703 2513 1745 esse
2539 1706 2658 1760 qua:
2701 1693 3047 1764 intelligentia
3085 1700 3384 1769 cernimus;
3430 1719 3552 1758 cum

1969 1776 2213 1834 dubitare
2239 1780 2503 1837 dementis
2523 1784 2610 1850 sit,
2640 1785 3037 1856 intelligentiam
3068 1791 3555 1862 incomparabiliter

1969 1870 2139 1925 oculis
2163 1871 2439 1928 anteferri.
2468 1874 2592 1930 Haec
2631 1887 2806 1932 autem
2833 1893 2952 1948 qua:
2976 1880 3342 1952 intelliguntur
3363 1885 3553 1944 eodem

1968 1960 2128 2016 modo
2152 1975 2273 2018 sese
2302 1961 2578 2034 habentia,
2609 1981 2730 2022 cum
2773 1984 2837 2023 ea
2874 1971 3106 2028 intuetur
3143 1973 3382 2038 animus,
3425 1977 3554 2032 satis

1969 2053 2203 2122 ostendit
2230 2070 2288 2110 se
2329 2056 2430 2111 illis
2458 2072 2578 2113 esse
2605 2059 2944 2129 conjunetnm
2964 2104 2978 2127 ,
3012 2064 3150 2118 miro
3185 2065 3415 2134 quodam
3457 2083 3552 2124 eo-

1968 2143 2195 2216 demque
2241 2147 2562 2218 incorporali
2615 2151 2774 2206 modo
2797 2193 2812 2216 ,
2869 2152 3073 2208 scilicet
3121 2171 3229 2224 non
3290 2157 3549 2216 localiter.

1966 2234 2206 2308 Namque
2234 2249 2324 2294 aut
2351 2242 2402 2295 in
2430 2242 2520 2296 illo
2546 2251 2669 2298 sunt
2688 2285 2702 2309 ,
2734 2253 2826 2298 aut
2855 2245 2969 2314 ipse
3004 2245 3058 2300 in
3099 2248 3223 2302 illis.
3250 2249 3315 2305 Et
3343 2259 3551 2307 utrum-

1967 2331 2098 2387 libet
2124 2331 2313 2387 horum
2345 2334 2434 2402 sit,
2458 2343 2549 2389 aut
2574 2336 2624 2392 in
2656 2335 2894 2406 subjecto
2921 2339 3145 2393 alterum
3172 2339 3225 2394 in
3253 2341 3420 2396 altero
3445 2352 3545 2411 est,

1967 2433 2058 2478 aut
2083 2432 2364 2496 utrumque
2389 2427 2686 2482 substantia
2716 2437 2816 2483 est.
2841 2429 2946 2484 Sed
2971 2431 3016 2484 si
3040 2431 3168 2486 illud
3199 2433 3423 2501 primum
3444 2445 3548 2505 est,

1967 2532 2072 2571 non
2103 2527 2186 2572 est
2215 2519 2267 2572 in
2297 2519 2540 2588 subjecto
2563 2535 2789 2591 corpore
2815 2521 3024 2576 animus
3043 2565 3056 2586 ,
3087 2531 3143 2578 ut
3183 2525 3332 2579 color
3355 2535 3410 2582 et
3443 2527 3554 2583 for-

1965 2624 2053 2664 ma
2082 2627 2095 2662 :
2129 2611 2251 2679 quia
2293 2612 2376 2666 vel
2401 2613 2514 2682 ipse
2552 2613 2845 2667 substantia
2874 2622 2986 2681 est,
3017 2615 3101 2670 vel
3127 2615 3279 2671 alteri
3305 2619 3552 2676 substan-

1967 2702 2054 2756 tia:
2083 2717 2202 2773 quae
2227 2718 2421 2774 corpus
2450 2719 2553 2758 non
2585 2714 2686 2771 est,
2732 2705 2784 2760 in
2824 2707 3062 2777 subjecto
3089 2708 3244 2764 inest.
3277 2711 3333 2766 Si
3369 2722 3548 2776 autem

1965 2792 2068 2848 hoc
2095 2795 2384 2850 secundum
2419 2810 2604 2851 verum
2649 2805 2759 2861 est,
2806 2814 2909 2851 non
2956 2808 3037 2852 est
3079 2799 3131 2854 in
3158 2801 3402 2871 subjecto
3425 2819 3548 2862 cor-

1964 2897 2096 2953 pore
2157 2893 2405 2955 tanquam
2442 2887 2590 2941 color
2634 2888 2876 2956 animus,
2921 2889 3043 2958 quia
3084 2891 3379 2948 substantia
3444 2905 3545 2952 est.

1963 2973 2304 3046 Temperatio
2350 2989 2529 3032 autem
2573 2980 2813 3049 corporis
2857 2980 2908 3034 in
2936 2981 3177 3051 subjecto
3207 2999 3432 3055 corpore
3465 2999 3548 3044 est

1963 3077 2214 3140 tanquam
2267 3072 2455 3126 color:
2491 3087 2592 3126 non
2643 3083 2724 3127 est
2768 3088 2897 3143 ergo
2949 3078 3264 3145 temperatio
3309 3079 3548 3151 corporis

1963 3149 2193 3228 animus,
2225 3163 2320 3216 sed
2345 3163 2450 3217 vita
2481 3172 2564 3218 est
2590 3165 2798 3221 animus
2828 3183 2839 3217 :
2872 3174 2926 3220 et
2955 3181 3014 3222 se
3038 3169 3179 3226 nulla
3202 3186 3290 3226 res
3313 3149 3545 3241 deserit;

1963 3262 2018 3308 et
2056 3252 2107 3307 id
2136 3254 2359 3308 moritur
2399 3255 2540 3325 quod
2570 3255 2674 3309 vita
2696 3255 2892 3311 deserit
2927 3273 2940 3310 :
2985 3271 3090 3312 non
3131 3259 3292 3331 igitur
3334 3264 3547 3322 animus

1962 3345 2098 3399 mori
2131 3354 2324 3414 potest.

1961 3433 2188 3490 CAPUT
2220 3434 2308 3490 XI.
2332 3430 2618 3491 —--Am'mus
2647 3453 2737 3490 nec
2765 3453 2854 3508 per
2874 3437 3144 3514 falsitatem
3187 3442 3316 3511 perit
3344 3443 3546 3504 ueritati

1965 3549 1977 3592 ς
2173 3529 2513 3593 contrariam,
2546 3527 2638 3584 etsi
2661 3528 2816 3587 animi
2841 3539 2911 3583 est
2939 3545 3092 3586 causa
3131 3533 3338 3593 veritas.

2037 3620 2122 3675 i8.
2164 3621 2370 3675 Rursus
2400 3621 2564 3691 igitur
2605 3622 2650 3675 si
2681 3621 2808 3694 quid
2833 3623 3178 3678 metuendum
3206 3634 3308 3692 est,
3358 3625 3411 3681 id
3455 3636 3537 3683 est

1961 3711 2304 3766 metuendum
2347 3726 2415 3770 ne
2453 3711 2748 3767 deiiciendo
2794 3713 3008 3768 animus
3055 3715 3313 3782 intereat,
3368 3717 3421 3772 id
3464 3729 3546 3775 est

1961 3805 2088 3860 dum
2119 3805 2228 3876 ipsa
2259 3805 2520 3860 existendi
2549 3805 2726 3874 specie
2756 3805 3013 3876 privatur.
3060 3807 3137 3864 De
3165 3825 3268 3880 qua
3299 3825 3358 3866 re
3380 3826 3548 3882 quan-

1962 3913 2120 3968 quam
2143 3897 2271 3953 satis
2293 3913 2410 3954 esse
2433 3897 2634 3954 dictum
2655 3898 2898 3963 arbitrer,
2925 3908 2978 3954 et
2997 3915 3155 3970 quam
3181 3901 3280 3958 hoc
3301 3903 3414 3958 fieri
3439 3921 3547 3961 non

1963 3990 2134 4060 possit
2178 3999 2326 4045 certa
2373 3991 2580 4046 ratione
2623 4000 2974 4048 monstratum
3018 3995 3124 4060 sit;
3171 4005 3350 4052 tamen
3386 3999 3546 4056 etiam

1969 4079 2072 4134 hoc
2099 4081 2476 4136 attendendum
2519 4090 2620 4147 est,
2663 4098 2770 4136 non
2799 4097 2920 4140 esse
2957 4085 3114 4139 aliam
3152 4101 3365 4142 causam
3393 4088 3548 4160 hujus

1961 4171 2283 4239 formidinis,
2317 4173 2418 4230 nisi
2446 4174 2567 4244 quia
2591 4173 2860 4230 fatendum
2890 4185 2971 4230 est
2999 4177 3051 4231 in
3075 4176 3284 4234 defectu
3312 4181 3543 4251 quodam

1962 4279 2081 4320 esse
2119 4265 2360 4320 animum
2409 4266 2647 4331 stultum,
2679 4274 2734 4320 et
2774 4267 2825 4320 in
2856 4268 3084 4323 essentia
3120 4271 3350 4327 certiore
3391 4284 3549 4344 atque

1961 4357 2205 4427 pleniore
2227 4359 2539 4427 sapientem.
2569 4358 2671 4414 Sed
2697 4361 2763 4426 si,
2795 4362 2936 4430 quod
2963 4365 3157 4418 nemini
3193 4366 3410 4422 dubium
3440 4377 3542 4438 est,

1965 4459 2089 4507 tunc
2117 4461 2200 4506 est
2237 4452 2445 4506 animus
2474 4452 2914 4522 sapientissimus,
2944 4469 3065 4510 cum
3093 4459 3394 4530 veritatem,
3429 4477 3548 4532 qua:

1963 4559 2175 4614 semper
2203 4545 2390 4600 eodem
2434 4546 2591 4600 modo
2633 4555 2734 4611 est,
2762 4548 3012 4616 intuetur,
3064 4552 3219 4622 eique
3262 4555 3549 4614 immobilis

1966 4637 2190 4691 inhaeret
2230 4636 2411 4690 divino
2438 4652 2621 4691 amore
2649 4638 2992 4708 conjunctus;
3021 4651 3073 4696 et
3101 4644 3188 4698 illa
3225 4647 3402 4701 omnia
3429 4665 3547 4718 qum

1963 4743 2179 4799 quoquo
2208 4728 2367 4783 modo
2393 4736 2516 4783 sunt
2538 4728 2606 4783 ab
2633 4743 2695 4784 ea
2740 4732 2969 4786 essentia
2998 4744 3139 4801 sunt,
3173 4752 3291 4805 quae
3329 4751 3540 4794 summe

1961 4820 2301 4891 maximeque
2328 4829 2411 4876 est
2438 4821 2454 4851 ¹
2482 4838 2495 4874 :
2521 4828 2613 4874 aut
2649 4820 2716 4875 ab
2746 4822 2833 4875 illa
2865 4831 2948 4878 est
2970 4825 3181 4882 animus
3207 4826 3260 4880 in
3291 4839 3545 4896 quantum

1964 4924 2067 4982 est,
2090 4922 2180 4970 aut
2210 4929 2304 4984 per
2325 4913 2556 4985 seipsum
2585 4922 2686 4970 est.
2710 4914 2816 4970 Sed
2838 4915 2883 4970 si
2907 4931 3000 4986 per
3019 4917 3250 4986 seipsum
3278 4925 3382 4984 est,
3409 4936 3542 4991 quo.

1965 5009 2106 5062 niam
2138 5008 2251 5078 ipse
2273 5008 2373 5064 sibi
2394 5023 2552 5064 causa
2574 5007 2838 5064 existendi
2864 5016 2966 5076 est,
2989 5017 3042 5065 et
3068 5025 3336 5080 nunquam
3366 5027 3425 5068 se
3451 5013 3545 5070 dc-

1963 5100 2127 5165 serit;
2151 5115 2421 5172 nunquam
2448 5100 2647 5167 interit,
2675 5108 2736 5154 ut
2763 5115 2920 5171 supra
2945 5100 3102 5154 etiam
3142 5101 3544 5172 disputavimus.

1964 5190 2021 5247 Si
2051 5207 2178 5245 vero
2203 5207 2269 5246 ex
2313 5192 2422 5259 illa,
2454 5191 2735 5262 diligenter
2779 5205 2914 5261 opus
2936 5198 3018 5245 est
3045 5207 3286 5261 quaerere
3312 5209 3428 5264 quae
3458 5212 3548 5252 res

1967 5284 2017 5338 ei
2045 5283 2212 5353 possit
2241 5297 2360 5338 esse
2386 5283 2669 5346 contraria,
2706 5297 2824 5353 quae
2859 5284 3038 5338 animo
3067 5283 3269 5340 auferat
3309 5287 3545 5344 animum

1967 5389 2087 5430 esse
2113 5373 2255 5444 quod
2285 5373 2371 5428 illa
2412 5372 2630 5444 praebet.
2654 5373 2790 5440 Quid
2820 5381 2902 5428 est
2929 5374 3132 5446 igitur?
3157 5376 3237 5430 An
3267 5376 3404 5434 forte
3450 5379 3547 5434 fal-

1972 5466 2124 5533 sitas,
2156 5465 2279 5535 quia
2311 5465 2398 5519 illa
2421 5465 2650 5520 veritas?
2679 5465 2782 5522 Sed
2809 5465 3145 5522 manifestum
3175 5479 3277 5536 est,
3314 5479 3473 5542 atque
3493 5473 3547 5530 in

1971 5565 2219 5630 promptu
2249 5557 2429 5625 situm,
2461 5566 2716 5628 quantum
2741 5573 2935 5615 nocere
2967 5559 3148 5615 animo
3191 5561 3394 5618 falsitas
3422 5580 3546 5634 pos-

1969 5651 2057 5707 sit.
2083 5649 2222 5705 Num
2263 5651 2404 5706 enim
2443 5649 2671 5722 amplius
2700 5659 2875 5722 potest
2913 5667 3070 5722 quam
3111 5654 3331 5711 fallere?
3356 5668 3411 5712 at
3447 5658 3546 5714 nisi

2032 5791 2047 5822 ί
2067 5797 2140 5838 Er.
2162 5795 2212 5839 et
2233 5795 2362 5901 Lov},
2381 5795 2426 5840 et
2442 5787 2526 5839 illa
2542 5785 2750 5838 omnium
2772 5798 2881 5852 qua:
2895 5787 3221 5856 quaquaude
3241 5794 3350 5858 stat;
3370 5803 3547 5858 summ

2032 5865 2266 5901 attumne
2291 5866 2338 5901 (’8
2363 5889 2373 5901 .

1967 5865 2070 5902 nus:
2085 5865 2266 5916 tneque
2291 5865 2373 5902 est.
