4096 6368
540 369 675 428 1051

533 488 633 567 Qui
656 482 806 552 vivit,
831 481 1029 540 fallitur
1051 496 1229 542 nemo.
1254 481 1371 541 Non
1398 485 1558 555 igitur
1582 483 1787 542 falsitas
1813 486 2125 545 interimere

540 577 781 633 animum
807 584 1001 649 potest.
1023 576 1176 647 Quod
1200 578 1246 633 si
1272 577 1388 633 hmo
1431 593 1536 634 non
1561 586 1737 648 potest
1761 593 1879 649 qua:
1905 586 2124 634 contra-

542 669 624 727 ria
647 668 857 724 veritati
901 677 1028 738 est,
1078 669 1284 725 auferre
1321 668 1500 747 animo
1541 669 1776 724 animum
1801 684 1941 738 esse,
1982 669 2124 741 quod

545 762 597 819 ei
620 762 816 819 veritas
844 762 990 819 dedit
1023 763 1127 835 (ita
1173 764 1315 818 enim
1353 770 1435 818 est
1475 763 1824 820 invictissime
1852 763 2120 836 veritas);

542 854 671 926 quid
694 854 841 910 aliud
865 854 1181 922 invenietur,
1204 855 1346 927 quod
1372 853 1575 910 auferat
1598 856 1776 911 animo
1804 855 1857 911 id
1878 855 2017 926 quod
2042 864 2125 911 est

548 946 798 1003 animus?
841 946 983 1003 Nihil
1026 946 1266 1016 profecto
1320 963 1335 1002 :
1391 960 1512 1001 nam
1552 946 1684 1001 nihil
1730 954 1814 1003 est
1855 947 2123 1002 contrario

530 1040 802 1096 valentius
820 1039 886 1095 ad
902 1039 955 1094 id
974 1039 1339 1104 auferendum,
1354 1039 1497 1111 quod
1514 1039 1572 1094 lit
1603 1039 1669 1095 ah
1684 1040 1800 1110 ejus
1831 1040 2119 1096 contrario.

529 1130 764 1189 CAPUT
802 1130 916 1189 XII.
942 1160 1015 1171 --
1048 1130 1256 1186 Veritati
1280 1148 1313 1186 a
1348 1148 1447 1200 qua
1472 1141 1545 1187 est
1586 1133 1784 1187 animus
1822 1133 1959 1204 quod
2006 1142 2118 1202 est,

817 1233 1062 1294 quatenus
1087 1224 1201 1295 ipsa
1234 1232 1322 1290 est,
1352 1225 1481 1279 nihil
1505 1224 1833 1279 contrarium.

608 1317 697 1375 l9.
741 1318 808 1373 At
827 1317 873 1373 si
892 1316 1103 1373 veritati
1128 1318 1450 1373 contrarium
1480 1317 1553 1372 ita
1578 1331 1898 1388 quaeramus,
1928 1332 2034 1373 non
2063 1317 2119 1372 in

534 1417 790 1482 quantum
812 1409 1009 1465 veritas
1027 1416 1130 1475 est,
1150 1407 1243 1464 sed
1265 1408 1317 1463 in
1342 1416 1597 1478 quantum
1623 1423 1831 1465 summe
1857 1408 2117 1465 maxime-

539 1518 646 1575 que
670 1513 771 1571 est,
792 1516 1093 1574 quanquam
1119 1501 1175 1557 in
1203 1509 1407 1557 tantum
1431 1510 1515 1557 est
1538 1502 1765 1573 idipsum
1790 1502 1846 1557 in
1864 1510 2118 1573 quantum

535 1604 620 1653 est
642 1595 870 1661 veritas;
895 1594 1159 1665 siquidem
1183 1592 1468 1649 veritatem
1491 1607 1607 1648 eam
1631 1592 1858 1648 dicimus
1874 1607 1976 1663 qua
1991 1607 2117 1648 vera

536 1696 661 1744 sunt
684 1688 861 1743 omnia
891 1687 944 1741 in
960 1695 1444 1758 quantumcumque
1463 1693 1605 1752 sunt,
1624 1685 1677 1739 in
1703 1692 1905 1739 tantum
1940 1693 2117 1739 autem

537 1789 662 1837 sunt
692 1780 745 1835 in
769 1786 1023 1850 quantum
1044 1792 1169 1833 vera
1194 1786 1352 1843 sunt;
1374 1786 1550 1832 tamen
1578 1775 1723 1830 nullo
1746 1775 1905 1830 modo
1930 1774 1982 1829 id
2019 1775 2117 1830 de-

534 1870 785 1942 fugerim,
827 1868 970 1941 quod
1014 1868 1145 1923 mihi
1189 1866 1490 1923 evidentius
1530 1865 1865 1936 suffragatur.
1910 1864 2043 1919 Nam
2070 1864 2117 1919 si

534 1964 679 2021 nulla
703 1962 935 2020 essentia
961 1961 1015 2016 in
1037 1968 1292 2032 quantum
1332 1960 1561 2015 essentia
1589 1968 1691 2024 est,
1735 1959 1931 2030 aliquid
1957 1958 2118 2015 habet

536 2054 884 2121 contrarium,
934 2052 1103 2108 multo
1145 2051 1321 2107 minus
1366 2050 1529 2105 habet
1574 2049 1900 2105 contrarium
1945 2050 2115 2119 prima

534 2148 625 2204 illa
651 2148 905 2213 essentia,
927 2161 1044 2217 qua:
1066 2144 1260 2201 dicitur
1286 2143 1503 2208 veritas,
1525 2143 1578 2197 in
1604 2151 1855 2212 quantum
1883 2142 2115 2197 essentia

531 2248 635 2296 est.
667 2238 904 2294 Primum
940 2245 1115 2291 autem
1142 2250 1328 2291 verum
1357 2242 1459 2289 est.
1498 2232 1685 2288 Omnis
1709 2232 1851 2287 enim
1880 2231 2113 2287 essentia

533 2344 641 2387 non
666 2330 735 2385 ob
764 2327 905 2383 aliud
941 2327 1169 2383 essentia
1199 2334 1300 2389 est,
1330 2324 1433 2379 nisi
1475 2324 1597 2394 quia
1635 2330 1731 2378 est.
1767 2322 1901 2378 Esse
1937 2331 2113 2377 autem

531 2436 638 2478 non
662 2421 823 2476 habet
849 2418 1196 2485 contrarium,
1225 2416 1325 2471 nisi
1356 2431 1461 2469 non
1481 2428 1600 2470 esse
1630 2431 1644 2469 :
1684 2412 1824 2469 unde
1865 2413 1995 2468 nihil
2032 2421 2116 2469 est

535 2513 784 2570 essentia;
840 2510 1184 2566 contrarium.
1234 2506 1393 2562 Nullo
1443 2504 1603 2561 modo
1660 2504 1818 2575 igitur
1868 2519 1957 2560 res
2008 2504 2113 2559 ulla

527 2618 649 2660 esse
675 2610 851 2673 potest
879 2600 1145 2657 contraria
1179 2598 1253 2654 illi
1277 2596 1614 2663 substantiae,
1644 2611 1764 2666 quae
1792 2596 2024 2651 maxime
2046 2610 2111 2651 ac

527 2694 772 2766 primitus
800 2699 901 2747 est.
944 2691 1024 2746 Ex
1054 2704 1157 2759 qua
1191 2689 1235 2743 si
1266 2688 1427 2744 habet
1459 2687 1671 2742 animus
1712 2685 1940 2756 idipsum
1968 2685 2111 2757 quod

526 2795 610 2843 est
634 2786 774 2858 (non
809 2784 951 2840 enim
987 2780 1201 2836 aliunde
1228 2781 1329 2835 hoc
1357 2778 1555 2861 habere
1599 2785 1796 2848 potest,
1838 2778 1927 2848 qui
1954 2792 2021 2833 ex
2050 2792 2112 2833 se

528 2891 636 2932 non
662 2875 842 2940 habet,
859 2872 960 2928 nisi
993 2872 1060 2927 ab
1076 2871 1163 2926 illa
1188 2885 1254 2934 re,
1272 2884 1391 2940 qure
1422 2869 1513 2924 illo
1539 2868 1653 2938 ipso
1673 2875 1757 2922 est
1779 2868 1956 2922 animo
1978 2882 2113 2937 pra:-

528 2966 821 3037 stantior),
862 2963 1005 3019 nulla
1034 2977 1120 3018 res
1144 2970 1346 3031 estqua
1376 2959 1429 3015 id
1454 2964 1680 3025 amittat,
1709 2958 1833 3029 quia
1858 2958 2000 3013 nulla
2024 2973 2111 3014 res

528 3060 579 3117 ei
604 3059 682 3115 rei
726 3065 810 3114 est
837 3056 1104 3112 contraria
1144 3070 1247 3125 qua
1278 3053 1329 3109 id
1376 3053 1575 3119 habet;
1606 3062 1660 3107 et
1687 3061 1965 3122 propterea
1994 3066 2113 3108 esse

530 3165 640 3208 non
664 3149 877 3206 desinit.
904 3140 1230 3219 Sapientiam
1255 3161 1405 3213 vero,
1435 3146 1557 3216 quia
1581 3145 1927 3200 conversione
1955 3144 2113 3199 habet

527 3242 596 3298 ad
645 3242 699 3298 id
740 3257 808 3297 ex
845 3254 953 3311 quo
991 3246 1090 3305 est,
1137 3238 1416 3293 aversione
1455 3236 1600 3292 illam
1635 3243 1811 3306 potest
1845 3236 2108 3292 amittere.

525 3331 875 3391 Conversioni
903 3344 1132 3400 namque
1166 3329 1372 3384 aversio
1398 3327 1663 3383 contraria
1690 3337 1791 3383 est.
1825 3326 1958 3382 illud
1984 3341 2111 3383 vero

526 3425 669 3496 quod
696 3440 760 3481 ex
787 3438 852 3479 eo
880 3422 1040 3477 habet
1074 3422 1159 3477 cui
1189 3420 1334 3476 nulla
1356 3435 1443 3475 res
1467 3427 1551 3475 est
1577 3420 1867 3485 contraria,
1897 3434 2003 3474 non
2025 3425 2109 3474 est

526 3515 671 3573 unde
697 3514 864 3585 possit
891 3514 1151 3568 amittere.
1181 3512 1295 3566 Non
1330 3511 1488 3582 igitur
1512 3518 1689 3581 potest
1725 3510 1965 3566 interire.

600 3606 827 3665 CAPUT
856 3603 995 3662 XIII.
1015 3635 1087 3647 --
1110 3604 1322 3659 Animus
1342 3620 1432 3659 nec
1446 3603 1499 3657 in
1524 3620 1705 3675 corpus
1720 3604 2037 3658 convertitur.

597 3699 689 3756 20.
731 3699 829 3755 Hic
868 3696 1011 3755 forte
1046 3698 1321 3755 oboriatur
1360 3696 1613 3752 nonnulla
1642 3698 1885 3767 qumstio,
1932 3704 2110 3752 utrum

531 3794 669 3849 sicut
697 3808 802 3848 non
828 3791 1009 3847 interit
1037 3791 1270 3856 animus,
1299 3790 1371 3845 ita
1399 3804 1499 3846 nec
1528 3790 1580 3845 in
1621 3789 1940 3845 deteriorem
1964 3805 2111 3846 com-

529 3892 764 3953 mutetur
800 3882 1107 3939 essentiam.
1138 3880 1322 3936 Videri
1363 3882 1503 3936 enim
1537 3880 1763 3951 cuipiam
1790 3888 1983 3950 potest,
2012 3896 2109 3938 ne-

529 3989 635 4046 que
659 3974 885 4045 injuria,
914 3972 967 4028 id
1007 3972 1255 4027 effectum
1283 3986 1405 4027 esse
1451 3972 1854 4028 ratiocinatione
1895 3973 2013 4040 hac,
2054 3983 2111 4030 ut

528 4066 739 4121 animus
766 4064 833 4118 ad
862 4062 1085 4118 nihilum
1110 4077 1216 4118 non
1244 4060 1411 4132 possit
1433 4062 1729 4131 pervenire,
1753 4064 1991 4119 converti
2017 4079 2111 4120 au-

526 4164 637 4212 tem
663 4157 715 4211 in
736 4168 928 4225 corpus
954 4153 1172 4209 forsitan
1202 4153 1389 4224 possit.
1415 4154 1469 4210 Si
1498 4155 1639 4209 enim
1660 4156 1803 4226 quod
1838 4165 1954 4212 erat
1982 4167 2107 4215 ante

530 4247 762 4313 animus,
792 4259 989 4315 corpus
1017 4242 1176 4300 fuerit
1200 4243 1469 4312 effectum,
1516 4260 1621 4301 non
1665 4245 1848 4317 utique
1891 4250 2109 4305 omnino

532 4353 641 4394 non
685 4337 804 4394 erit.
844 4335 949 4393 Sed
989 4336 1091 4393 hoc
1119 4337 1232 4392 eri
1276 4352 1383 4392 non
1418 4346 1611 4409 potest,
1657 4340 1757 4395 nisi
1796 4349 1887 4396 aut
1914 4341 2027 4413 ipse
2054 4342 2109 4398 id

527 4429 675 4495 velit,
706 4436 800 4484 aut
815 4427 883 4484 ab
904 4427 1011 4484 alio
1034 4438 1271 4500 cogatur.
1293 4428 1400 4485 Nec
1419 4429 1668 4486 continuo
1690 4441 1864 4489 tamen
1879 4434 2107 4505 animus,

529 4521 643 4579 sive
684 4521 799 4593 ipse
842 4520 897 4576 id
936 4522 1234 4593 appetierit,
1273 4524 1386 4579 sive
1427 4534 1645 4581 coactus
1685 4525 1866 4595 fuerit,
1911 4530 2111 4601 poterit

527 4628 721 4687 corpus
766 4629 905 4672 esse.
954 4614 1087 4671 illud
1125 4616 1265 4672 enim
1323 4618 1561 4688 sequitur
1613 4625 1711 4689 ut,
1766 4621 1811 4676 si
1846 4622 1934 4689 sit,
1980 4623 2110 4681 velit

524 4716 617 4764 aut
643 4717 881 4781 cogatur.
932 4709 1001 4765 At
1043 4709 1169 4764 illud
1218 4724 1323 4766 non
1363 4712 1601 4782 sequitur
1639 4721 1726 4780 ut,
1761 4714 1806 4769 si
1854 4715 1980 4771 velit
2018 4724 2109 4773 aut

528 4812 769 4875 cogatur,
799 4803 891 4859 sit.
921 4801 1201 4874 Nunquam
1232 4812 1410 4860 autem
1434 4806 1613 4861 volet:
1649 4822 1771 4862 nam
1798 4808 1970 4864 omnis
1992 4810 2110 4880 ejus

526 4894 790 4964 appetitus
825 4893 893 4950 ad
937 4908 1151 4965 corpus,
1190 4903 1284 4951 aut
1310 4905 1369 4951 ut
1397 4896 1448 4951 id
1476 4898 1766 4967 possideat,
1797 4908 1900 4969 est,
1930 4912 2022 4957 aut
2049 4910 2109 4958 ut

523 4984 773 5052 vivicet,
803 4993 893 5041 aut
933 4994 993 5041 ut
1016 4985 1406 5057 quodammodo
1431 4986 1735 5059 fabricetur,
1761 5000 1853 5047 aut
1875 4993 2109 5062 quolibet

525 5082 682 5147 pacto
705 5076 755 5132 ei
779 5076 1037 5133 consulat.
1076 5075 1219 5132 Nihil
1260 5087 1438 5135 autem
1469 5078 1661 5136 horum
1691 5081 1806 5137 eri
1840 5090 2034 5153 potest,
2060 5084 2107 5142 si

526 5183 631 5225 non
658 5170 727 5224 sit
752 5183 977 5241 corpore
1001 5170 1214 5227 melior.
1236 5170 1309 5226 At
1328 5172 1374 5228 si
1392 5173 1498 5229 erit
1519 5188 1734 5244 corpus,
1764 5178 1954 5233 melior
1981 5192 2105 5234 cor-

519 5276 649 5330 pore
674 5261 911 5333 prolecto
956 5276 1062 5318 non
1087 5264 1208 5319 erit.
1233 5262 1350 5319 Non
1376 5264 1537 5337 igitur
1563 5281 1759 5338 corpus
1787 5284 1906 5325 esse
1941 5270 2104 5328 volet.

519 5350 705 5422 Neque
733 5352 895 5408 ullum
924 5354 1004 5409 rei
1029 5354 1184 5427 hujus
1208 5357 1407 5412 certius
1427 5370 1793 5430 argumentum
1823 5371 1924 5429 est,
1946 5379 2105 5435 quam

521 5455 643 5497 cum
666 5443 899 5519 seipspm
927 5445 1050 5502 hinc
1090 5447 1383 5520 interrogat
1408 5452 1640 5507 animus.
1676 5452 1749 5509 Ita
1778 5455 1920 5510 enim
1950 5456 2106 5514 facile

521 5537 782 5607 comperit
826 5538 1120 5610 appetitum
1169 5555 1361 5598 senon
1404 5543 1618 5613 habere,
1662 5548 1763 5604 nisi
1792 5548 1981 5621 agendi
2008 5549 2105 5604 ali-

517 5627 666 5699 quid,
713 5638 806 5684 aut
840 5630 1068 5700 sciendi,
1120 5642 1214 5689 aut
1265 5635 1551 5704 sentiendi,
1610 5646 1702 5692 aut
1742 5641 2105 5699 tantummodo

521 5718 730 5775 vivendi
758 5720 815 5777 in
842 5731 1096 5793 quantum
1114 5738 1209 5781 sua
1240 5724 1313 5780 illi
1343 5736 1579 5797 potestas
1603 5737 1703 5785 est.

585 5809 681 5870 21.
719 5811 777 5872 Si
817 5822 996 5872 autem
1028 5816 1235 5890 cogitur
1280 5831 1473 5890 corpus
1501 5834 1645 5890 esse,
1684 5836 1713 5877 a
1753 5836 1859 5895 quo
1885 5824 2099 5885 tandem

1405 369 1496 429 DE
1534 367 2102 431 [MMORTALITATE
2138 369 2399 445 ,
2438 372 2499 431 S.
2539 373 2914 437 AUGUSTIN!

3673 389 3820 450 1033

2227 487 2469 557 cogitur?
2561 490 2820 560 quolibet,
2851 498 3000 549 certe
3026 506 3057 549 a
3084 491 3403 565 potentiore.
3446 496 3562 555 Non
3590 514 3720 574 ergo
3744 505 3816 563 ab

2226 579 2345 650 ipso
2367 596 2593 652 corpore
2611 585 2729 654 cogi
2758 592 2953 655 potest.
2975 580 3295 643 Nullo'enim
3318 588 3482 646 modo
3497 591 3605 647 ullo
3628 595 3814 652 animo

2225 671 2393 727 ullum
2418 687 2612 744 corpus
2636 677 2924 745 potentius.
2958 676 3233 734 Potentior
3257 688 3435 737 autem
3457 684 3675 740 animus
3702 700 3815 743 non

2226 762 2367 832 cogit
2386 764 2438 817 in
2464 764 2680 835 aliquid,
2708 766 2810 822 nisi
2830 767 2971 837 quod
2999 783 3109 824 suae
3135 772 3385 839 potestati
3411 773 3683 831 subditum
3710 787 3816 835 est.

2228 853 2340 911 Nec
2375 856 2483 912 ullo
2512 858 2673 913 modo
2707 861 2917 915 animus
2958 863 3204 931 potestati
3244 863 3469 920 alterius
3494 867 3679 934 animi,
3712 868 3820 925 nisi

2232 947 2348 1001 suis
2376 948 2750 1019 cupiditatibus
2791 952 3053 1007 subditur.
3100 953 3255 1023 Cogit
3304 970 3430 1026 ergo
3467 956 3557 1013 ille
3601 958 3819 1015 animus

2223 1054 2330 1094 non
2356 1040 2581 1109 amplius
2604 1057 2761 1112 quam
2783 1050 3039 1112 quantum
3063 1044 3176 1114 ejus
3202 1061 3361 1115 quem
3386 1048 3526 1118 cogit
3548 1049 3814 1119 cupidita-

2226 1138 2306 1186 tes
2331 1131 2533 1187 sinunt.
2575 1133 2782 1189 Dictum
2808 1143 2891 1190 est
2934 1142 3110 1191 autem
3146 1137 3490 1207 cupiditatem
3522 1156 3629 1195 non
3658 1154 3819 1211 posse

2222 1226 2457 1281 animum
2502 1226 2719 1295 habere,
2746 1236 2807 1283 ut
2840 1243 3035 1299 corpus
3073 1229 3143 1283 sit
3170 1231 3209 1281 .
3256 1230 3394 1286 illud
3442 1233 3600 1287 etiam
3644 1232 3819 1288 mani.

2222 1314 2415 1385 festum
2472 1326 2556 1373 est
2602 1318 2669 1373 ad
2705 1320 2905 1375 nullam
2953 1335 3065 1374 suae
3100 1321 3406 1391 cupiditatis
3448 1326 3811 1395 expletionem

2222 1408 2519 1477 pervenire,
2547 1409 2674 1464 dum
2701 1411 2899 1466 amittit
2920 1426 3138 1467 omnem
3164 1413 3507 1482 cupiditatem
3542 1434 3555 1469 :
3583 1425 3640 1471 et
3658 1416 3819 1471 amit-

2222 1500 2285 1555 tit
2311 1500 2438 1556 dum
2462 1516 2657 1572 corpus
2677 1505 2754 1557 lit.
2775 1502 2889 1558 Non
2914 1503 3074 1575 igitur
3097 1507 3354 1575 potestab
3373 1522 3439 1562 eo
3463 1509 3579 1579 cogi
3609 1517 3670 1563 ut
3690 1508 3805 1578 at,

2219 1592 2310 1661 qui
2333 1592 2553 1662 cogendi
2570 1592 2656 1662 jus
2680 1594 2783 1649 nisi
2808 1610 2905 1664 per
2932 1595 3129 1651 subditi
3150 1597 3465 1667 cupiditates
3491 1615 3597 1654 non
3628 1599 3815 1657 habet.

2221 1684 2421 1740 Deinde
2468 1685 2702 1756 quisquis
2754 1687 2962 1743 animus
3002 1689 3229 1745 alterum
3270 1690 3506 1746 animum
3557 1691 3721 1747 habet
3757 1692 3815 1747 in

2219 1782 2499 1844 potestate,
2532 1777 2699 1847 magis
2725 1792 2850 1833 eum
2892 1794 3112 1835 necesse
3156 1789 3241 1835 est
3276 1781 3405 1835 velit
3443 1781 3497 1836 in
3544 1790 3816 1852 potestate

2220 1865 2416 1921 habere
2446 1881 2609 1936 quam
2647 1882 2863 1939 corpus,
2897 1878 2952 1924 et
2978 1870 3029 1925 ei
3059 1871 3188 1925 velit
3229 1872 3466 1927 bonitate
3506 1873 3813 1943 consulere,

2219 1956 2307 2011 vel
2336 1957 2533 2012 malitia
2568 1958 2896 2029 imperitare.
2944 1960 3059 2015 Non
3086 1977 3213 2032 ergo
3237 1962 3383 2017 volet
3410 1972 3470 2017 ut
3492 1978 3690 2034 corpus
3713 1964 3809 2019 sit.

2286 2047 2377 2102 22.
2400 2048 2674 2104 Postremo
2692 2051 2791 2106 iste
2816 2050 3029 2106 animus
3057 2066 3253 2121 cogens
3265 2063 3356 2107 aut
3374 2054 3573 2108 animal
3589 2064 3695 2123 est,
3718 2063 3815 2112 aut

2217 2147 2362 2193 caret
2389 2154 2613 2208 corpore
2643 2139 2685 2211 (l
2709 2140 2953 2209 Retract.,
2983 2157 3031 2196 c.
3056 2142 3108 2207 5,
3135 2160 3187 2196 .
3206 2142 3300 2215 5).
3337 2142 3442 2198 Sed
3464 2144 3509 2199 si
3528 2152 3678 2200 caret
3691 2159 3816 2201 cor-

2216 2244 2366 2300 pore,
2388 2230 2439 2284 in
2462 2230 2564 2285 hoc
2582 2231 2782 2286 mundo
2811 2248 2915 2287 non
2947 2242 3048 2288 est.
3079 2234 3145 2288 Et
3168 2234 3213 2288 si
3243 2235 3315 2288 ita
3345 2243 3447 2303 est,
3476 2250 3685 2291 summe
3710 2236 3814 2292 bo-

2217 2336 2317 2376 nus
2336 2330 2435 2385 est,
2450 2337 2548 2377 nec
2564 2331 2737 2392 potest
2753 2323 2886 2379 velle
2901 2324 3055 2380 alteri
3079 2333 3185 2379 tam
3208 2334 3412 2396 turpem
3431 2328 3815 2383 commutatio-

2217 2428 2361 2467 nem.
2404 2413 2459 2469 Si
2483 2422 2658 2469 autem
2702 2415 2899 2470 animal
2938 2425 3041 2483 est,
3069 2426 3162 2472 aut
3198 2418 3395 2473 animal
3422 2427 3503 2474 est
3529 2419 3692 2498 etiam
3720 2418 3817 2476 ille

2215 2521 2373 2577 quem
2395 2508 2556 2578 cogit,
2579 2518 2667 2563 aut
2685 2524 2788 2563 non
2807 2518 2907 2564 est.
2933 2509 3039 2565 Sed
3057 2510 3228 2565 sinon
3242 2521 3344 2578 est,
3360 2511 3427 2566 ad
3443 2512 3574 2566 nihil
3593 2512 3716 2583 cogi
3736 2512 3809 2569 ab

2214 2599 2321 2654 alio
2348 2608 2541 2669 potest.
2573 2601 2690 2656 Non
2713 2603 2853 2656 enim
2876 2601 3037 2658 habet
3058 2605 3406 2673 potentiorem
3424 2606 3514 2675 qui
3530 2606 3584 2661 in
3600 2619 3815 2662 summo

2216 2699 2316 2745 est.
2333 2690 2389 2746 Si
2415 2700 2591 2747 autem
2618 2693 2667 2747 in
2696 2708 2920 2763 corpore
2945 2702 3029 2750 est
3053 2735 3067 2760 ,
3096 2695 3165 2750 ab
3189 2710 3256 2751 eo
3277 2711 3459 2751 rursus
3475 2698 3565 2767 qui
3599 2698 3652 2752 in
3684 2713 3814 2754 cor-

2216 2798 2346 2852 pore
2360 2794 2444 2839 est
2474 2800 2570 2855 per
2596 2800 2791 2855 corpus
2819 2788 3043 2857 cogitur,
3071 2788 3137 2842 ad
3168 2788 3540 2860 quodcumque
3576 2790 3811 2861 cogitur.

2215 2875 2344 2943 Quis
2362 2886 2537 2932 autem
2556 2877 2763 2933 dubitet
2779 2879 2921 2934 nullo
2945 2879 3105 2935 modo
3122 2895 3219 2950 per
3246 2895 3440 2950 corpus
3461 2880 3574 2936 eri
3600 2890 3812 2937 tantam

2213 2970 2685 3026 commutationem
2716 2971 2893 3025 animo
2914 2970 2938 3024 ?
2964 2972 3141 3027 Fieret
3165 2973 3307 3027 enim
3330 2973 3375 3028 si
3400 2982 3544 3029 esset
3567 2973 3659 3028 illo
3680 2968 3808 3031 cor-

2215 3077 2316 3131 pus
2362 3063 2630 3131 potentius
2664 3080 2679 3118 :
2710 3063 2949 3132 quamvis
2978 3063 3231 3133 quidquid
3258 3063 3387 3119 illud
3422 3074 3531 3131 est,
3560 3065 3628 3120 ad
3656 3064 3808 3136 quod

2216 3168 2310 3224 per
2338 3169 2530 3222 corpus
2556 3154 2792 3223 cogitur,
2820 3169 3037 3225 prorsus
3067 3168 3173 3209 non
3203 3170 3298 3224 per
3326 3170 3520 3225 corpus
3539 3196 3553 3219 ,
3583 3155 3682 3211 sed
3713 3170 3814 3226 per

2214 3242 2528 3314 cupiditates
2554 3258 2679 3299 suas
2706 3244 2932 3315 cogitur,
2970 3244 3039 3300 de
3078 3246 3268 3316 quibus
3297 3246 3426 3301 satis
3454 3246 3657 3302 dictum
3689 3254 3803 3305 est.

2214 3333 2367 3401 Quod
2393 3342 2568 3389 autem
2592 3335 2839 3389 rationali
2868 3336 3045 3389 anima
3069 3337 3257 3391 melius
3278 3346 3378 3404 est,
3404 3336 3650 3393 omnibus
3671 3352 3812 3394 con-

2213 3425 2587 3492 sentientibus,
2619 3426 2759 3480 Deus
2781 3434 2884 3481 est.
2910 3427 3010 3495 Qui
3051 3428 3290 3496 profecto
3328 3429 3556 3484 consulit
3580 3429 3807 3500 animai,

2213 3524 2269 3571 et
2294 3515 2413 3571 ideo
2441 3531 2547 3571 non
2574 3516 2642 3571 ab
2669 3532 2734 3573 eo
2753 3518 2871 3589 cogi
2895 3518 3073 3573 anima
3091 3529 3282 3589 potest,
3305 3530 3363 3576 ut
3381 3531 3726 3579 convertatur
3745 3523 3809 3583 in

2211 3621 2426 3678 corpus.

2214 3697 2441 3755 CAPUT
2478 3698 2621 3756 XIV.
2644 3730 2715 3777 -_-
2738 3699 2851 3777 Nec
2873 3716 3051 3777 somno
3077 3742 3091 3766 ,
3137 3718 3230 3777 nec
3255 3702 3545 3777 hujusmodi
3568 3703 3803 3777 corporis

2606 3770 2872 3838 affectione
2909 3774 3094 3826 anima:
3120 3773 3220 3827 vim
3245 3770 3421 3828 minui.

2283 3860 2374 3915 23.
2419 3859 2474 3917 Si
2500 3861 2655 3932 igitur
2695 3877 2795 3917 nec
2841 3864 3055 3934 propria
3096 3865 3389 3934 voluntate,
3431 3880 3530 3922 nec
3585 3867 3691 3923 alio
3717 3881 3814 3925 co-

2213 3958 2369 4020 gente
2393 3950 2445 4007 id
2464 3951 2672 4008 animus
2692 3953 2916 4023 patitur;
2946 3954 3087 4010 unde
3116 3955 3169 4011 id
3198 3957 3303 4025 pati
3328 3958 3538 4027 potest?
3560 3958 3641 4013 An
3673 3959 3806 4029 quia

2213 4042 2406 4099 invitos
2433 4059 2531 4100 nos
2552 4045 2862 4118 plerumque
2881 4049 3135 4119 opprimit
3158 4065 3376 4107 somnus
3396 4093 3414 4119 ,
3444 4051 3801 4108 metuendum

2212 4141 2297 4189 est
2324 4150 2392 4192 ne
2420 4152 2525 4207 quo
2552 4136 2643 4191 tali
2664 4136 2874 4194 deiectu
2894 4140 3101 4196 animus
3121 4151 3462 4198 convertatur
3488 4144 3542 4199 in
3570 4142 3811 4214 corpus?

2212 4223 2374 4293 Quasi
2436 4241 2563 4282 vero
2599 4229 2847 4298 quoniam
2886 4244 3075 4286 somno
3108 4232 3344 4287 membra
3378 4242 3558 4288 nostra
3600 4248 3809 4290 marce-

2212 4323 2388 4381 scunt,
2420 4316 2617 4373 idcirco
2645 4319 2853 4375 animus
2882 4319 2973 4376 at
2998 4321 3100 4377 ulla
3126 4337 3191 4378 ex
3215 4331 3365 4393 parte
3389 4323 3634 4379 debilior.
3656 4324 3799 4380 Sen-

2212 4405 2385 4461 sibilia
2408 4415 2610 4463 tantum
2631 4424 2735 4464 non
2760 4412 2937 4479 sentit,
2973 4412 3093 4482 quia
3118 4413 3372 4485 quidquid
3398 4414 3529 4469 illud
3549 4424 3632 4470 est
3658 4413 3808 4485 quod

2213 4510 2460 4552 somnum
2497 4498 2619 4552 facit
2643 4540 2657 4564 ,
2679 4515 2710 4556 e
2729 4513 2954 4571 corpore
2975 4510 3057 4557 est
3084 4511 3243 4574 atque
3271 4504 3325 4560 in
3353 4518 3578 4576 corpore
3612 4519 3809 4575 opera-

2214 4596 2320 4643 tur.
2345 4588 2646 4659 Corporeos
2669 4593 2813 4647 enim
2841 4608 3030 4650 sensus
3059 4597 3198 4666 sopit
3232 4606 3287 4652 et
3322 4597 3518 4654 claudit
3543 4596 3807 4669 quodam-

2213 4680 2392 4748 modo,
2425 4682 2494 4736 ita
2534 4697 2662 4738 sane
2706 4691 2767 4738 ut
2792 4685 2882 4739 tali
2923 4687 3327 4743 commutationi
3369 4688 3610 4759 corporis
3647 4687 3808 4745 cedat

2211 4771 2387 4827 anima
2434 4786 2555 4827 cum
2595 4773 2900 4844 voluptate:
2946 4776 3067 4847 quia
3117 4777 3407 4834 secundum
3453 4788 3697 4835 naturam
3723 4789 3806 4835 est

2212 4861 2334 4916 talis
2361 4864 2707 4919 commutatio
2726 4880 2845 4935 quae
2879 4865 3054 4921 reiicit
3072 4880 3269 4938 corpus
3291 4884 3323 4923 a
3350 4868 3623 4924 laboribus
3651 4884 3664 4924 :
3695 4884 3806 4925 non

2212 4962 2389 5009 tamen
2421 4954 2534 5009 haec
2565 4956 2750 5012 adimit
2790 4955 2969 5015 animo
2998 4960 3083 5016 vel
3111 4960 3371 5018 sentiendi
3396 4962 3502 5017 vim
3537 4962 3622 5018 vel
3649 4963 3780 5019 intel

2210 5043 2427 5115 ligendi.
2471 5045 2604 5101 Nam
2632 5056 2684 5104 et
2712 5048 2972 5121 imagines
3012 5052 3346 5109 sensibilium
3388 5063 3585 5125 praesto
3613 5053 3805 5127 habet,

2210 5142 2354 5191 tanta
2381 5139 2724 5208 expressione
2740 5139 3115 5209 similitudinis,
3141 5153 3198 5199 ut
3217 5144 3408 5215 eoipso
3429 5153 3669 5217 tempore
3687 5146 3789 5204 dis-

2208 5227 2357 5284 cerni
2400 5238 2669 5300 nequeant
2694 5231 2760 5286 ab
2788 5232 2871 5288 his
2900 5233 3063 5291 rebus
3095 5250 3315 5307 quarum
3345 5237 3604 5309 imagines
3639 5246 3767 5294 sunt

2208 5330 2264 5376 et
2289 5322 2485 5393 siquid
2514 5323 2782 5394 intelligit,
2809 5341 2964 5397 aeque
3006 5327 3291 5384 dormienti
3335 5343 3399 5384 ac
3442 5330 3676 5402 vigilanti
3705 5346 3787 5388 ve-

2209 5425 2328 5467 rum
2365 5420 2464 5468 est.
2489 5412 2621 5468 Nam
2646 5416 2795 5471 verbi
2825 5416 2992 5486 gratia
3027 5418 3072 5473 si
3116 5434 3213 5490 per
3240 5421 3504 5477 somnium
3528 5421 3802 5494 disputare

2208 5503 2310 5558 sibi
2350 5504 2493 5560 visus
2524 5503 2704 5574 fuerit,
2731 5522 2992 5579 verasque
3016 5511 3249 5566 rationes
3275 5521 3489 5568 secutus
3525 5512 3578 5568 in
3622 5512 3783 5584 dispu

2218 5595 2379 5652 tando
2404 5595 2649 5654 didicerit
2669 5598 2865 5669 aliquid
2885 5616 2900 5667 ;
2924 5601 3083 5656 etiam
3109 5602 3479 5674 expergefacta
3493 5602 3695 5660 eaedem
3720 5605 3800 5661 in-

2415 5713 2466 5762 in
2488 5720 2594 5765 Mss.
2614 5720 2670 5764 At
2700 5715 2753 5785 in
2782 5715 3276 5788 priuseditiislegitur
3639 5727 3799 5768 autem

2474 5788 2611 5839 posse
2639 5779 2855 5830 attritum
2887 5783 2941 5830 ut
2974 5779 3278 5845 corpussit;
3312 5779 3442 5831 haud
3475 5784 3593 5833 satis
