4096 6368
334 364 470 422 1053

335 482 735 540 commutabiles
757 492 994 548 manent,
1022 486 1264 554 quamvis
1284 486 1416 543 falsa
1444 489 1775 559 reperiantur
1803 507 1908 547 cre-

333 586 475 641 tera,
537 574 701 631 veluti
752 575 896 630 locus
941 576 1026 630 ubi
1066 577 1389 648 disputatio,
1424 591 1477 636 et
1519 597 1741 652 persona
1790 598 1910 638 cum

332 681 430 738 qua
453 665 742 737 disputatio
771 667 935 724 fuisse
961 669 1072 724 visa
1098 680 1232 739 erat,
1249 680 1304 728 et
1325 673 1484 729 verba
1511 675 1645 744 ipsa,
1676 675 1816 745 quod
1843 677 1908 732 ad

330 773 516 814 sonum
562 760 768 824 attinet,
811 760 1005 829 quibus
1047 760 1305 831 disputari
1358 765 1668 835 videbatur,
1713 777 1767 824 et
1803 769 1907 824 alia

326 848 725 919 hujuscemodi;
758 866 875 920 quae
893 852 1052 906 etiam
1064 869 1184 908 cum
1205 855 1333 924 ipsis
1354 857 1598 915 sensibus
1609 861 1908 916 sentiuntur

325 952 657 1013 agunturque
703 958 736 998 a
784 943 1160 1014 vigilantibus,
1198 958 1517 1017 praztereunt
1561 961 1758 1019 tamen,
1809 970 1908 1011 nec

326 1033 429 1087 ulla
461 1051 526 1088 ex
561 1044 708 1103 parte
741 1037 1118 1106 sempiternam
1159 1044 1491 1108 praesentiam
1541 1060 1784 1100 verarum
1815 1063 1904 1103 ra-

327 1129 524 1182 tionum
547 1141 917 1200 assequuntur.
952 1132 1028 1186 Ex
1055 1149 1163 1204 quo
1183 1136 1471 1206 colligitur,
1496 1139 1584 1193 tali
1605 1151 1902 1196 commuta-

327 1220 468 1274 tione
509 1222 769 1290 corporis,
816 1225 988 1293 qualis
1036 1241 1253 1282 somnus
1299 1239 1400 1297 est,
1457 1247 1609 1286 usum
1666 1235 1904 1304 ejusdem

323 1312 561 1380 corporis
587 1313 797 1383 animae,
825 1330 928 1370 non
961 1317 1120 1372 vitam
1151 1320 1164 1350 ¹
1189 1323 1474 1391 propriam,
1505 1339 1661 1393 posse
1687 1329 1872 1383 minui.

324 1400 544 1457 CAPUT
590 1403 703 1460 XV.
735 1435 808 1465 τ-
831 1406 1055 1464 Rursum
1079 1413 1302 1467 animam
1337 1431 1438 1470 non
1471 1433 1616 1487 posse
1638 1419 1689 1473 in
1717 1437 1902 1492 corpus

1009 1506 1212 1560 mutari.

386 1603 476 1661 24.
509 1607 786 1664 Postremo
813 1611 858 1666 si
886 1614 1126 1682 quamvis
1171 1615 1342 1672 locum
1383 1623 1659 1692 occupanti
1688 1627 1900 1696 corpori

322 1698 491 1754 anima
513 1710 687 1758 tamen
713 1719 814 1759 non
836 1705 1070 1762 localiter
1084 1708 1326 1782 jungitur
1342 1755 1356 1780 ,
1381 1719 1600 1774 summis
1623 1719 1723 1775 illis
1743 1729 1897 1776 atter—

319 1791 500 1862 nisque
529 1793 839 1863 rationibus,
871 1814 990 1869 qua:
1008 1799 1508 1863 incommutabiliter
1535 1823 1769 1882 manent,
1798 1830 1898 1876 nec

318 1883 494 1954 utique
520 1885 636 1940 loco
673 1889 1013 1945 continentur
1036 1934 1052 1960 ,
1092 1894 1236 1962 prior
1273 1896 1500 1954 afﬁcitur
1526 1904 1700 1958 anima
1737 1921 1895 1977 quam

317 1987 509 2044 corpus
527 1992 541 2041 ;
573 1991 668 2032 nec
681 1978 824 2048 prior
838 1989 1060 2051 tantum,
1078 1985 1168 2041 sed
1182 1987 1340 2044 etiam
1360 1993 1545 2062 magis.
1569 1995 1738 2054 Tanto
1753 2001 1893 2055 enim

315 2064 479 2135 prior,
492 2076 689 2137 quanto
705 2063 1049 2144 propinquior
1066 2094 1089 2143 ;
1108 2086 1163 2132 et
1185 2078 1370 2136 eadem
1393 2098 1550 2139 causa
1575 2096 1719 2142 tanto
1733 2100 1892 2147 etiam

315 2158 504 2228 magis,
539 2171 735 2230 quanto
761 2164 920 2220 etiam
941 2181 1164 2240 corpore
1191 2173 1400 2228 melior.
1427 2175 1535 2232 Nec
1557 2179 1652 2234 ista
1675 2183 1894 2253 pr0pin-

312 2249 486 2318 quitas
516 2251 654 2321 loco,
685 2255 779 2310 sed
823 2267 1027 2314 natura:
1053 2263 1239 2320 ordine
1277 2265 1418 2323 dicta
1462 2269 1549 2324 sit.
1579 2249 1690 2329 Hoc
1716 2249 1891 2332 autem

312 2341 496 2399 ordine
533 2343 840 2418 intelligitur
886 2366 918 2406 a
966 2368 1171 2409 summa
1215 2359 1443 2414 essentia
1470 2363 1728 2431 'Speciem
1768 2381 1892 2422 cor-

311 2432 426 2502 pori
448 2449 545 2504 per
558 2436 789 2493 animam
808 2440 985 2510 tribui,
1002 2458 1105 2514 qua
1125 2455 1206 2501 est
1227 2447 1277 2502 in
1290 2459 1770 2526 quantumcumque
1786 2467 1886 2514 est.

311 2525 414 2582 Per
439 2529 672 2586 animam
699 2547 827 2604 ergo
861 2549 1053 2607 corpus
1077 2540 1334 2608 subsistit,
1366 2552 1420 2598 et
1442 2559 1508 2600 eo
1532 2547 1658 2618 ipso.
1681 2525 1760 2605 est
1786 2567 1891 2621 quo

309 2621 593 2691 animatur,
622 2625 740 2682 sive
789 2629 1177 2702 universaliter,
1216 2643 1271 2689 ut
1296 2637 1554 2706 mundus;
1585 2640 1697 2697 sive
1721 2644 1888 2713 ρειτιὶ-

307 2712 575 2782 culariter,
629 2725 686 2772 ut
734 2723 1146 2794 unumquodque
1213 2726 1408 2784 animal
1448 2729 1584 2785 intra
1610 2733 1886 2790 mundum.

309 2804 642 2877 Quapropter
684 2825 1014 2883 consequens
1055 2825 1169 2872 erat
1211 2827 1266 2873 ut
1311 2821 1486 2876 anima
1525 2811 1620 2893 per
1656 2827 1886 2884 animam

310 2912 506 2968 corpus
549 2899 724 2971 ﬁeret,
775 2919 875 2960 nec
919 2908 1135 2964 omnino
1170 2910 1321 2966 aliter
1349 2924 1547 2982 posset.
1586 2915 1739 2984 Quod
1765 2921 1888 2990 quia

203 3003 417 3062 (,non
442 2989 519 3058 lit,
548 3003 796 3050 manente
835 2997 1028 3068 quippe
1069 3004 1241 3074 anima
1277 3002 1330 3056 in
1356 3019 1420 3059 eo
1446 3021 1550 3076 quo
1576 3009 1753 3064 anima
1781 2989 1883 3081 est,

305 3095 498 3150 corpus
527 3099 621 3153 per
646 3086 786 3141 illam
817 3089 1075 3158 subsistit,
1104 3092 1315 3150 dantem
1347 3098 1597 3168 speciem,
1622 3117 1730 3158 non
1773 3104 1885 3159 adi-

309 3185 583 3244 mentem;
613 3183 932 3238 commutari
955 3185 1007 3238 in
1037 3201 1230 3257 corpus
1269 3192 1442 3246 anima
1474 3209 1577 3248 non
1606 3205 1796 3266 potest.
1827 3199 1884 3254 Si

304 3267 445 3322 enim
473 3284 579 3324 non
603 3272 760 3327 tradit
793 3275 1022 3344 speciem
1051 3293 1207 3347 quam
1230 3283 1390 3336 sumit
1419 3299 1446 3336 a
1474 3299 1681 3341 summo
1720 3289 1881 3360 bono,

305 3371 410 3412 non
451 3373 547 3428 per
591 3360 732 3415 illam
761 3364 818 3417 lit
846 3379 1040 3435 corpus
1081 3385 1094 3421 :
1142 3377 1196 3424 et
1225 3370 1271 3424 si
1318 3389 1422 3427 non
1472 3392 1566 3445 per
1619 3378 1762 3434 illam
1802 3381 1880 3451 fit,

303 3458 392 3504 aut
419 3467 525 3506 non
550 3452 608 3506 lit
651 3456 892 3525 omnino,
920 3469 1010 3514 aut
1041 3469 1144 3516 tam
1192 3467 1486 3538 propinque
1529 3473 1761 3541 speciem
1789 3489 1882 3530 su-

303 3539 400 3593 mit
439 3558 595 3611 quam
639 3547 812 3601 anima
846 3566 858 3600 :
891 3549 984 3604 sed
1015 3561 1068 3605 et
1099 3553 1156 3608 lit
1193 3569 1406 3626 corpus,
1452 3569 1508 3616 et
1546 3539 1594 3617 si
1625 3574 1731 3619 tam
1761 3583 1884 3636 pro-

301 3630 500 3700 pinque
530 3647 762 3691 sumeret
801 3641 1055 3708 Speciem,
1085 3642 1137 3698 id
1165 3655 1308 3702 esset
1345 3650 1484 3719 quod
1513 3654 1689 3709 anima
1717 3673 1730 3709 :
1757 3675 1877 3714 nam

299 3718 402 3776 hoc
423 3722 667 3792 interest;
693 3742 864 3798 eoque
887 3732 1062 3787 anima
1093 3735 1283 3792 melior
1307 3781 1322 3807 ,
1350 3718 1454 3810 quo
1480 3746 1640 3801 sumit
1669 3752 1880 3819 propin-

302 3812 478 3880 quius.
509 3814 636 3869 Tam
663 3821 958 3891 propinque
986 3833 1162 3880 autem
1205 3829 1362 3884 etiam
1397 3848 1587 3905 corpus
1616 3851 1872 3910 sumeret,

302 3901 347 3953 si
375 3918 478 3957 non
511 3919 604 3974 per
628 3909 862 3964 animam
917 3924 1170 3970 sumeret.
1213 3918 1424 3976 Etenim
1462 3927 1608 3981 nullo
1636 3929 1875 4000 interpo-

300 3992 406 4047 sito
453 4003 560 4050 tam
612 4001 906 4072 propinque
941 4007 1121 4076 utique
1174 4021 1426 4067 sumeret.
1458 4015 1566 4071 Nec
1611 4019 1878 4078 invenitur

299 4085 495 4155 aliquid
517 4089 657 4159 quod
693 4093 762 4147 sit
803 4095 942 4150 inter
964 4113 1224 4155 summam
1257 4103 1436 4170 vitam,
1467 4124 1585 4177 quae
1616 4113 1872 4180 sapientia

299 4189 352 4233 ct
379 4182 573 4238 veritas
599 4193 680 4240 est
701 4186 1164 4261 incommutabilis,
1195 4202 1248 4249 et
1274 4196 1325 4251 id
1351 4199 1490 4268 quod
1523 4203 1762 4260 ultimum
1789 4208 1872 4262 vi-

295 4272 553 4341 viﬁcatur,
588 4277 636 4332 id
664 4288 744 4334 est
767 4297 979 4352 corpus,
1010 4284 1109 4340 nisi
1140 4288 1407 4346 viviﬁcans
1431 4295 1626 4351 anima.
1652 4299 1802 4365 Quod
1828 4303 1875 4357 si

294 4365 451 4421 tradit
494 4370 724 4437 Speciem
752 4374 926 4430 anima
953 4378 1186 4447 corpori,
1226 4391 1281 4435 ut
1306 4381 1373 4436 sit
1399 4399 1591 4456 corpus
1618 4389 1670 4443 in
1711 4407 1874 4460 quan-

295 4465 405 4511 tum
437 4469 538 4527 est,
563 4478 668 4515 non
692 4465 872 4536 utique
901 4469 1134 4538 speciem
1165 4475 1420 4530 tradendo
1446 4478 1650 4535 adimit.
1675 4483 1874 4542 Adimit

294 4557 468 4604 autem
501 4554 554 4607 in
603 4571 798 4626 corpus
825 4561 1052 4616 animam
1101 4570 1522 4627 transmutando.
1567 4571 1684 4630 Non
1712 4576 1872 4648 igitur

293 4643 466 4698 anima
514 4645 626 4701 sive
674 4664 771 4720 per
815 4653 1042 4723 seipsam
1076 4672 1268 4730 corpus
1316 4662 1412 4730 ﬁt,
1455 4667 1574 4736 quia
1621 4686 1725 4723 non
1770 4671 1872 4726 nisi

291 4734 468 4789 anima
512 4748 761 4794 manente
790 4756 980 4812 corpus
1011 4762 1103 4815 per
1143 4765 1257 4804 eam
1302 4752 1386 4820 lit;
1417 4734 1527 4810 sive
1557 4773 1650 4827 per
1688 4761 1867 4831 aliam,

287 4828 408 4897 quia
432 4844 539 4884 non
562 4830 662 4884 nisi
691 4833 970 4891 traditione
985 4841 1181 4908 speciei
1205 4842 1262 4896 ﬁt
1285 4831 1474 4915 corpus
1496 4865 1588 4919 per
1614 4851 1866 4922 animam,

290 4929 343 4975 et
365 4920 706 4992 ademptione
732 4927 928 4995 speciei
955 4930 1130 4987 anima
1153 4935 1204 4988 in
1230 4950 1423 5006 corpus
1449 4953 1866 5017 converteretur,

290 5015 338 5070 si
366 5027 786 5074 converteretur.

381 5274 711 5282 ,v———.

944 369 1312 425 ADMONlTlO
1353 368 1440 428 DE
1478 371 1840 442 SEQUENTE
1879 376 2082 436 LIBRO
2120 382 2206 440 DE
2245 383 2685 466 QUANTITATE
2731 397 2987 455 ΛΝΙΜΑΞ.

3467 387 3605 447 [054

2015 494 2243 554 CAPUT
2283 502 2421 558 XVI.
2462 535 2534 546 —-
2570 507 2654 563 Ne
2695 511 2747 564 in
2775 515 2995 567 animam
3024 515 3220 586 quidem
3245 521 3594 584 irrationalem

2086 592 2346 650 rationalis
2380 599 2549 653 anima
2587 606 2905 660 convertitur.
2936 607 3121 665 Anima
3154 620 3257 667 tota
3294 625 3365 672 est
3396 617 3450 674 in
3487 627 3592 678 toto

2086 690 2294 746 corpore
2330 689 2377 735 et
2411 683 2621 755 singulis
2658 689 2900 756 partibus.
3599 703 3619 784 ξ

2085 764 2175 822 25.
2207 769 2318 825 Hoc
2352 772 2494 827 etde
2524 775 2811 834 irrationali
2840 783 3014 840 anima
3042 785 3124 843 vel
3152 789 3256 844 vita
3277 832 3292 860 ,
3320 793 3463 864 quod
3489 811 3592 853 nec

2015 853 2068 909 in
2101 873 2218 913 eam
2259 862 2531 921 rationalis
2565 869 2740 926 anima
2781 877 3127 946 convertitur,
3163 880 3267 936 dici
3297 894 3489 953 potest.
3522 888 3595 945 Et

2013 945 2126 1016 ipsa
2153 951 2295 1005 enim
2323 953 2425 1008 nisi
2451 955 2704 1016 inferiore
2729 964 2917 1021 ordine
2945 968 3189 1026 rationali
3216 974 3588 1047 subjiceretur,

2012 1051 2163 1108 aeque
2199 1054 2433 1100 sumeret
2470 1051 2701 1118 speciem
2740 1065 2793 1107 et
2831 1057 2948 1112 talis
2991 1071 3152 1116 esset.
3189 1063 3427 1124 Tradunt
3460 1085 3588 1141 ergo

2011 1129 2242 1197 speciem
2269 1149 2298 1186 a
2325 1151 2529 1192 summa
2561 1142 2953 1210 pulchritudine
2989 1162 3260 1222 acceptam
3289 1160 3590 1226 potentiora

2010 1218 2390 1282 inﬁrmioribus
2419 1233 2640 1286 naturali
2668 1235 2875 1292 ordine.
2901 1239 2969 1295 Et
2995 1218 3176 1313 utique
3199 1218 3321 1302 cum
3350 1258 3428 1304 tra
3444 1250 3586 1322 lunt,
3658 1255 3664 1260 ⁷

2009 1324 2115 1364 non
2153 1312 2412 1371 adimunt.
2451 1318 2635 1391 quue
2675 1335 2800 1380 sunt
2835 1344 2951 1398 qua:
2991 1312 3284 1391 inﬁrmiora
3326 1350 3484 1409 sunt,
3533 1343 3588 1399 in
3664 1327 3672 1342 ’

2007 1411 2264 1470 quantum
2293 1415 2451 1474 sunt,
2482 1413 2623 1481 quod
2657 1418 2864 1485 species
2891 1420 2971 1476 eis
2992 1462 3006 1488 ,
3037 1439 3138 1494 qua
3167 1428 3275 1483 sint
3296 1430 3312 1460 ί
3341 1445 3371 1484 a
3398 1440 3588 1501 potcn-
3649 1441 3664 1459 ι

2007 1492 2229 1550 tioribus
2264 1497 2518 1554 traditur:
2545 1517 2662 1573 qua:
2700 1506 2914 1576 quidem
2950 1492 3245 1581 potentiora
3281 1492 3440 1576 etiam
3474 1539 3588 1578 me-

2006 1582 2139 1641 liora
2167 1598 2310 1644 sunt.
2334 1591 2485 1657 Quod
2509 1593 2590 1650 his
2615 1601 2815 1655 naturis
2841 1602 3020 1659 datum
3042 1615 3144 1676 est,
3173 1626 3292 1680 quae
3316 1629 3422 1668 non
3443 1617 3586 1672 mole

2006 1676 2210 1747 majore
2238 1680 2358 1750 plus
2386 1695 2608 1752 possunt
2635 1690 2928 1748 minoribus
2953 1676 3204 1763 molibus,
3233 1702 3328 1757 sed
3351 1704 3468 1760 sine
3499 1717 3584 1760 tu-

2002 1783 2152 1824 more
2170 1768 2276 1828 ullo
2292 1772 2475 1831 localis
2495 1781 2870 1850 magnitudinis
2885 1788 3070 1844 eadem
3087 1792 3265 1860 specie
3285 1799 3584 1864 potentiora

2002 1869 2125 1915 sunt
2150 1877 2252 1932 qua
2282 1865 2518 1923 meliora.
2562 1871 2617 1925 ln
2653 1889 2760 1944 quo
2796 1890 2991 1945 genere
3028 1891 3111 1935 est
3146 1885 3322 1940 anima
3360 1902 3585 1958 corpore

2001 1954 2192 2010 melior
2228 1967 2284 2012 et
2323 1963 2606 2028 potentior.
2649 1965 2984 2040 Quapropter
3016 1986 3138 2028 cum
3179 1990 3272 2045 per
3311 1954 3487 2046 illam;
3527 1991 3586 2036 ut

2000 2043 2196 2102 dictum
2232 2059 2332 2117 est,
2379 2067 2571 2124 corpus
2613 2058 2898 2128 subsistat,
2950 2063 3063 2134 ipsa
3105 2043 3394 2139 inicorpus
3435 2071 3584 2127 nullo

2001 2137 2161 2192 modo
2186 2141 2317 2195 verti
2351 2152 2542 2212 potest.
2571 2146 2778 2218 Corpus
2807 2152 2947 2207 enim
2975 2156 3181 2212 nullum
3208 2157 3284 2223 fit,
3313 2160 3413 2214 nisi
3444 2161 3585 2216 acci-

2000 2228 2192 2297 piendo
2237 2248 2334 2301 per
2374 2236 2606 2292 animam
2649 2242 2904 2310 speciem.
2949 2245 3019 2300 At
3062 2249 3238 2304 anima
3287 2259 3345 2306 ut
3387 2266 3583 2322 corpus

1985 2318 2184 2390 .lieret,
2228 2339 2332 2379 non
2372 2331 2681 2398 accipiendo
2721 2335 2972 2405 speciem,
2999 2340 3094 2393 sed
3121 2341 3432 2409 amittendo,
3463 2318 3580 2399 fieri

1996 2422 2214 2482 posset:
2247 2428 2302 2475 et
2325 2431 2604 2492 propterea
2633 2425 2747 2482 ﬁeri
2777 2445 2880 2484 non
2911 2441 3117 2500 potest;
3147 2436 3247 2490 nisi
3284 2435 3423 2494 forte
3463 2440 3581 2497 loco

1996 2505 2174 2561 anima
2210 2513 2544 2580 continetur,
2573 2526 2627 2571 et
2657 2517 2896 2575 localiter
2918 2521 3131 2593 corpori
3155 2528 3415 2598 jungitur.
3444 2529 3580 2586 Nam

1996 2592 2042 2648 si
2060 2593 2130 2649 ita
2151 2607 2253 2666 est,
2282 2609 2456 2668 potest
2478 2618 2594 2658 eam
2616 2605 2841 2664 fortasse
2869 2592 3037 2682 major
3064 2592 3254 2683 moles,
3276 2633 3580 2691 quanquam

1994 2688 2372 2755 speciosiorem
2393 2733 2408 2759 ,
2438 2693 2489 2748 in
2520 2709 2670 2751 suam
2697 2698 3032 2756 deteriorem
3061 2714 3270 2763 vertere
3309 2712 3539 2780 speciem
3557 2753 3574 2779 ,

1996 2783 2055 2831 ut
2083 2793 2177 2833 aer
2205 2782 2376 2851 major
2401 2785 2575 2855 ignem
2601 2789 2882 2847 minorem.
2917 2792 3023 2850 Sed
3049 2812 3156 2852 non
3183 2809 3266 2855 est
3289 2801 3380 2856 ita.
3413 2803 3579 2864 Moles

1994 2868 2187 2938 quippe
2212 2874 2386 2928 omnis
2413 2892 2531 2946 quae
2557 2891 2780 2950 occupat
2810 2884 3002 2952 locum,
3035 2903 3139 2942 non
3165 2899 3249 2944 est
3267 2891 3328 2946 in
3355 2894 3578 2963 singulis

1992 2961 2102 3017 suis
2142 2965 2377 3033 partibus
2417 2976 2559 3034 tota,
2602 2972 2694 3028 sed
2738 2974 2790 3028 in
2829 2978 3093 3033 omnibus.
3122 2979 3298 3048 Quare
3325 2983 3426 3038 alia
3447 2961 3578 3056 pars

1991 3054 2107 3124 ejus
2129 3056 2252 3112 alibi
2277 3068 2376 3127 est,
2403 3070 2457 3116 et
2481 3063 2606 3119 alibi
2632 3067 2753 3120 alia.
2781 3069 2972 3126 Anima
2995 3088 3121 3129 vero
3148 3091 3252 3131 non
3279 3079 3439 3134 modo
3461 3082 3580 3136 uni-

1991 3159 2160 3201 versa:
2194 3150 2319 3204 moli
2355 3157 2595 3222 corporis
2625 3159 2739 3226 sui,
2773 3161 2868 3216 sed
2903 3163 3062 3220 etiam
3092 3168 3376 3240 unicuique
3405 3175 3574 3243 parti-

1993 3237 2290 3296 culazillius
2320 3251 2429 3298 tota
2455 3247 2612 3301 simul
2637 3249 2806 3304 adest.
2835 3252 3005 3310 Partis
3025 3258 3167 3312 enim
3192 3263 3431 3330 corporis
3461 3280 3577 3334 pas-

1989 3331 2194 3387 sionem
2226 3342 2331 3388 tota
2363 3339 2556 3401 sentit,
2589 3355 2687 3394 nec
2716 3342 2767 3396 in
2800 3352 2910 3398 toto
2939 3355 3114 3402 tamen
3152 3365 3394 3421 corpore.
3436 3354 3572 3410 Cum

1989 3423 2129 3476 enim
2157 3425 2282 3494 quid
2307 3427 2454 3483 dolet
2477 3430 2528 3483 in
2558 3431 2710 3500 pede,
2737 3434 2967 3491 advertit
2992 3440 3198 3508 oculus,
3217 3442 3451 3512 loquitur
3471 3447 3574 3500 lin-

1986 3527 2110 3583 gna,
2135 3515 2447 3574 admovetur
2469 3536 2678 3577 manus.
2711 3524 2862 3592 Quod
2891 3539 2998 3582 non
3026 3529 3194 3596 ﬁeret,
3224 3533 3324 3587 nisi
3351 3535 3403 3588 id
3428 3538 3570 3605 quod

1986 3606 2176 3662 animaa
2217 3608 2266 3662 in
2307 3610 2384 3665 eis
2427 3614 2663 3682 partibus
2689 3623 2804 3681 est,
2841 3626 2896 3672 et
2928 3618 2982 3673 in
3020 3620 3154 3690 pede
3181 3625 3435 3691 sentiret;
3469 3643 3569 3683 nec

1985 3696 2184 3752 sentire
2210 3699 2351 3768 quod
2379 3701 2449 3756 ibi
2480 3702 2676 3758 factum
2707 3715 2790 3760 est
2815 3706 3010 3765 absens
3044 3723 3239 3780 posset.
3269 3714 3387 3771 Non
3423 3719 3570 3782 enim

1985 3789 2172 3845 nuntio
2186 3791 2362 3861 aliquo
2382 3795 2633 3850 credibile
2649 3807 2730 3853 est
2747 3799 2861 3854 ﬁeri
2878 3816 2982 3856 non
2998 3805 3261 3862 sentiente
3275 3809 3414 3878 quod
3431 3826 3567 3865 nun-

1985 3880 2079 3936 tiat
2099 3900 2113 3938 :
2134 3884 2257 3954 quia
2278 3887 2454 3954 passio
2477 3903 2594 3958 quae
2616 3890 2674 3944 lit
2695 3906 2800 3946 non
2824 3909 2918 3963 per
2939 3897 3387 3956 continuationem
3409 3904 3565 3960 molis

1982 3975 2167 4043 currit,
2199 3987 2256 4042 ut
2277 3987 2499 4035 caeteras
2525 3982 2717 4038 anima:
2748 3994 2924 4055 partes
2949 4003 3068 4058 quae
3095 3991 3220 4047 alibi
3247 4003 3371 4049 sunt
3398 3995 3565 4053 latere

1983 4080 2090 4121 non
2127 4069 2294 4137 sinat;
2325 4073 2421 4128 sed
2448 4074 2578 4129 illud
2611 4085 2717 4131 tota
2746 4081 2905 4149 sentit
2937 4083 3112 4138 anima
3143 4085 3282 4155 quod
3313 4089 3366 4142 in
3394 4091 3562 4160 parvi-

1981 4159 2097 4213 cula
2127 4160 2186 4216 ﬁt
2211 4163 2360 4233 pedis
2379 4207 2394 4232 ,
2424 4175 2478 4222 et
2505 4168 2576 4223 ibi
2607 4177 2808 4226 tantum
2837 4175 2998 4229 sentit
3026 4177 3113 4231 ubi
3144 4178 3219 4232 lit.
3249 4179 3381 4236 Tota
3398 4159 3565 4254 igitur

1981 4250 2203 4322 singulis
2228 4256 2464 4323 partibus
2491 4258 2647 4314 simul
2674 4261 2844 4332 adest,
2868 4280 2986 4335 quae
3012 4277 3117 4322 tota
3143 4269 3301 4326 simul
3326 4250 3487 4329 sentit
3508 4277 3562 4330 in

1980 4340 2217 4411 singulis.
2243 4343 2353 4401 Nec
2387 4356 2563 4403 tamen
2601 4349 2702 4406 hoc
2737 4354 2896 4409 modo
2921 4357 3072 4412 adest
3105 4368 3214 4414 tota
3235 4402 3249 4428 ,
3281 4373 3338 4419 ut
3361 4366 3563 4422 candor

1979 4433 2064 4488 vel
2089 4433 2190 4487 alia
2229 4434 2529 4506 bujusmodi
2556 4444 2783 4511 qualitas
2817 4446 2868 4500 in
2907 4465 3218 4523 unaquaque
3256 4467 3405 4525 parte
3437 4474 3560 4515 cor-

1979 4524 2126 4593 poris
2155 4533 2262 4580 tota
2292 4537 2392 4582 est.
2418 4530 2549 4586 Nam
2577 4533 2720 4602 quod
2749 4537 2798 4589 in
2829 4537 2931 4592 alia
2964 4551 3113 4608 parte
3141 4524 3334 4617 corpus
3365 4552 3562 4619 patitur

1978 4616 2226 4673 candoris
2252 4618 2616 4678 immutatione
2635 4666 2650 4690 ,
2680 4635 2852 4695 potest
2878 4630 2944 4685 ad
2969 4616 3253 4692 candorem
3279 4616 3380 4710 qui
3398 4649 3481 4697 est
3505 4645 3558 4698 in

1977 4708 2080 4762 alia
2103 4720 2252 4779 parte
2272 4729 2376 4767 non
2403 4717 2682 4783 pertinere.
2707 4719 3038 4793 Quapropter
3063 4708 3352 4785 secundum
3380 4743 3558 4802 partes

1978 4801 2132 4857 molis
2157 4817 2186 4856 a
2216 4817 2275 4858 se
2301 4804 2589 4875 distantes,
2621 4818 2676 4866 et
2702 4812 2814 4882 ipse
2839 4830 2868 4869 a
2897 4830 2957 4871 se
2980 4817 3179 4875 distare
3205 4823 3552 4880 convincitur.

1977 4891 2090 4947 Non
2119 4903 2292 4950 autem
2321 4896 2393 4953 ita
2425 4914 2544 4955 esse
2579 4901 2632 4955 in
2667 4904 2840 4959 anima
2874 4922 2973 4978 per
3006 4924 3219 4966 sensqu
3249 4912 3316 4967 de
3341 4929 3446 4984 quo
3471 4916 3554 4972 di-

1976 4993 2118 5040 ctum
2148 4995 2248 5055 est,
2277 4990 2547 5058 probatur.

2041 5078 2344 5162 ilex-.2999?
2828 5091 3212 5162 amentiorem
3243 5097 3473 5152 nam
3497 5108 3556 5156 ιι

1976 5145 2083 5190 Mss.
2108 5143 2327 5193 veriOres
2343 5177 2360 5204 ,
2382 5143 2510 5210 Quod
2531 5143 2712 5212 species
2731 5150 2816 5214 eis,
2843 5143 2940 5216 q'ua
2959 5143 3069 5205 sint.

371 5707 647 5782 Dialogum
677 5711 741 5768 de
765 5715 970 5773 Anima:
993 5721 1293 5788 Quantitate
1312 5740 1432 5781 cum
1460 5729 1663 5787 Evodio
1692 5732 1874 5791 habuit
1900 5737 2246 5814 Augustinus,
2277 5749 2351 5803 uti
2378 5751 2551 5820 prodit
2591 5757 2704 5825 ipse
2730 5761 2952 5829 epistola
2993 5773 3278 5827 centesima
3310 5789 3534 5847 sexagc-

371 5818 431 5847 na
461 5806 687 5847 mmmrla
743 5809 914 5847 υἷι-Ιηηι
939 5813 1139 5847 Πυηιῖιη
1163 5820 1443 5847 “nn-tun..-
1745 5832 1764 5847 «ι
1892 5837 1902 5847 .
2193 5843 2203 5847 -

1987 5806 2010 5812 -
2231 5806 2243 5814 υ
2379 5806 2392 5820 ,
2515 5806 2548 5808 ν-
2591 5806 2702 5825 -ι---ν
2733 5806 2952 5829 *ιι-’δινσιε
2994 5806 3278 5827 ιυιιιυειιιιιι
3310 5806 3534 5847 δεκάδα-ο

295 5807 434 5859 slma
460 5806 711 5875 secunda,
743 5809 914 5865 eidem
939 5813 1139 5870 Evodio
1163 5820 1444 5878 nonnullas
1496 5842 1702 5887 rursum
1729 5832 1797 5888 de
1819 5837 1991 5893 anima
2022 5843 2305 5909 qurestions
2337 5852 2654 5916 proponent'
2686 5855 2984 5912 erCl'ilICﬂS
3012 5859 3091 5914 his
3114 5867 3288 5922 verbis
3321 5886 3332 5923 ;
3363 5867 3534 5927 ιιιαα

686 5900 720 5927 Ω
744 5922 752 5927 .
769 5919 888 5927 ..--
960 5906 978 5927 Δ
1001 5925 1036 5927 _.
1055 5925 1066 5927 _
1089 5925 1118 5927 _,
1141 5925 1148 5927 Α
1270 5911 1296 5927 ν

685 5900 908 5964 Sacr.
945 5906 1219 5969 Ac-eusr.
1268 5911 1296 5972 Ι

2756 5945 3267 6028 ΙίΤνωέίς-ίγοίε..)
