4096 6368
334 396 469 467 “37
670 490 893 550 CAPUT
922 488 985 544 ll.
1013 517 1083 530 —-
1111 487 1293 542 Anima
1314 484 1480 559 qualis
1507 483 1590 539 sit.

407 590 459 644 ὅ.
500 585 569 641 Ε.
607 578 823 641 interim
850 581 1050 653 accipio
1080 579 1219 635 unde
1247 579 1316 634 sit
1340 578 1512 633 anima
1537 618 1552 644 ,
1594 574 1646 631 id
1690 583 1805 646 est,
1847 592 1912 631 ex

337 682 449 737 Deo
472 722 487 749 ,
534 696 650 750 quae
680 693 891 732 mecum
920 675 1102 731 sedulo
1127 674 1424 729 retractabo
1443 714 1458 740 ,
1500 681 1553 728 et
1592 670 1637 726 si
1673 668 1799 742 quid
1826 684 1915 726 me

337 775 583 837 moverit,
612 781 731 842 post
754 770 1039 840 requiram.
1071 766 1220 822 Unde
1245 780 1425 835 quaeso
1443 807 1457 832 ,
1490 764 1721 834 explices
1745 762 1915 834 qualis

336 870 427 927 sit.
454 870 518 924 Α.
547 867 771 924 Videtur
793 865 921 921 mihi
949 878 1068 920 esse
1093 862 1281 918 similis
1303 862 1428 916 Deo.
1456 860 1530 915 De
1553 858 1727 913 anima
1749 857 1912 923 enim,

338 960 442 1017 nisi
469 958 649 1026 fallor,
679 954 906 1026 requiris
930 954 1177 1009 humana.
1205 951 1272 1005 E.
1299 950 1526 1023 Idipsum
1557 959 1639 1005 est
1664 946 1802 1019 quod
1822 946 1917 1002 abs

340 1062 394 1108 te
419 1052 671 1123 explicari
701 1049 893 1105 vellem
913 1090 927 1115 ,
960 1043 1404 1119 quemadmodum
1437 1044 1505 1099 sit
1528 1043 1700 1097 anima
1729 1040 1917 1096 similis

342 1144 489 1213 Deo;
521 1159 641 1200 cum
674 1143 839 1198 Deum
866 1157 897 1197 a
924 1141 1069 1197 nullo
1094 1139 1285 1194 factum
1316 1153 1434 1194 esse
1461 1134 1738 1190 credamus
1756 1175 1769 1198 ,
1798 1132 1917 1187 ani-

340 1253 481 1293 mam
510 1251 636 1302 vero
658 1235 726 1290 ab
748 1234 863 1305 ipso
883 1234 993 1289 Deo
1018 1232 1205 1287 factam
1232 1246 1391 1301 supra
1413 1229 1628 1283 dixeris.
1655 1226 1716 1280 A.
1743 1224 1918 1294 Quid?

342 1340 397 1386 tu
423 1328 638 1385 difﬁcile
662 1336 816 1398 putas
846 1328 956 1381 Deo
985 1325 1164 1390 fuisse,
1194 1333 1250 1379 ut
1283 1321 1480 1393 aliquid
1507 1319 1607 1375 sibi
1633 1319 1807 1374 simile
1836 1318 1918 1373 fa-

343 1430 509 1489 ceret,
537 1435 659 1477 cum
685 1418 787 1473 hoc
817 1419 870 1472 in
901 1425 1048 1472 tanta
1071 1418 1327 1472 varietate
1348 1413 1632 1483 imaginum
1659 1411 1818 1465 etiam
1844 1409 1923 1464 vi-

345 1513 471 1569 deas
496 1513 649 1568 nobis
668 1526 787 1567 esse
806 1509 1155 1566 concessum?
1175 1507 1242 1562 E.
1266 1494 1371 1563 Sed
1399 1520 1496 1561 nos
1520 1504 1761 1559 videmur
1779 1517 1923 1557 mor-

343 1606 466 1662 talia
489 1604 685 1671 facere,
715 1604 857 1659 Deus
873 1612 1050 1658 autem
1078 1600 1432 1656 immortalem
1453 1597 1682 1654 animam
1706 1594 1845 1662 fecit,
1866 1602 1924 1649 ut

346 1699 555 1768 opinor,
589 1697 689 1751 nisi
718 1694 853 1750 forte
882 1694 973 1750 tibi
1002 1693 1158 1748 aliter
1182 1690 1408 1747 videtur.
1436 1690 1498 1744 Α.
1524 1689 1661 1760 Ergo
1682 1696 1738 1743 tu
1759 1686 1923 1741 velles

346 1790 466 1844 talia
494 1788 609 1844 ﬁeri
646 1787 714 1843 ab
749 1786 1072 1853 hominibus,
1103 1784 1276 1855 qualia
1305 1784 1443 1837 Deus
1472 1781 1598 1836 fecit
1623 1779 1682 1834 ‘7
1713 1776 1776 1832 E.
1808 1776 1924 1833 Non

347 1880 591 1951 equidem
631 1879 731 1934 hoc
760 1878 1003 1935 dixerim.
1041 1874 1146 1932 Sed
1177 1873 1619 1947 quemadmodum
1663 1871 1775 1941 ipse
1821 1870 1923 1925 im-

348 1973 586 2030 mortalis
625 1972 927 2027 immortale
965 1969 1218 2041 quiddam
1258 1968 1384 2024 fecit
1423 1966 1489 2021 ad
1529 1963 1924 2020 similitudinem

350 2080 499 2120 suam
523 2079 539 2130 ;
570 2063 647 2119 sic
674 2074 728 2131 et
756 2078 854 2117 nos
879 2062 1203 2117 immortales
1229 2076 1259 2114 a
1287 2060 1395 2115 Deo
1418 2057 1565 2122 facti,
1592 2055 1657 2110 ad
1684 2053 1928 2109 similitu-

350 2156 525 2213 dinem
547 2165 780 2212 nostram
803 2155 941 2226 quod
960 2154 1199 2219 iacimus,
1224 2151 1520 2208 immortale
1543 2165 1662 2206 esse
1686 2149 1924 2205 deberet.

353 2250 414 2302 Α.
443 2248 606 2303 Recte
631 2247 857 2313 diceres,
890 2246 936 2301 si
959 2245 1024 2302 ad
1052 2244 1165 2315 ejus
1192 2244 1471 2316 imaginem
1494 2240 1741 2313 pingeres
1773 2238 1928 2294 tabu—

348 2338 453 2396 lam
476 2381 492 2407 ,
524 2340 664 2411 quod
685 2339 739 2394 in
764 2347 818 2395 te
844 2338 1143 2394 immortale
1170 2352 1289 2394 esse
1314 2336 1488 2393 credis
1511 2353 1524 2389 :
1555 2349 1695 2390 nunc
1719 2349 1845 2390 vero
1874 2333 1928 2389 in

353 2447 414 2486 ea
456 2431 709 2501 exprimis
746 2428 1147 2485 similitudinem
1194 2431 1462 2500 corporis,
1507 2426 1647 2500 quod
1694 2424 1929 2497 profecto

352 2527 576 2581 mortale
601 2534 703 2581 est.
729 2523 799 2580 Ε.
826 2524 1102 2592 Quomodo
1128 2539 1253 2593 ergo
1280 2537 1396 2578 sum
1422 2521 1608 2577 similis
1648 2521 1776 2589 Deo,
1806 2534 1930 2576 cum

353 2617 671 2673 immortalia
696 2617 839 2672 nulla
870 2632 1083 2687 possum
1111 2615 1288 2670 facere
1315 2624 1371 2669 ut
1402 2614 1531 2669 ille?
1559 2613 1622 2666 A.
1652 2612 1929 2681 Quomodo

352 2725 449 2765 nec
477 2710 652 2781 imago
675 2710 914 2780 corporis
946 2712 1015 2762 tui
1046 2717 1222 2779 potest
1261 2705 1362 2763 hoc
1400 2707 1576 2762 valere
1615 2704 1757 2777 quod
1785 2714 1930 2760 tuum

352 2816 544 2872 corpus
564 2794 735 2867 valei;
763 2801 842 2856 sic
866 2801 1041 2855 anima
1067 2815 1171 2855 non
1198 2798 1496 2854 mirandum
1535 2806 1616 2854 est
1650 2797 1696 2852 si
1737 2804 1929 2867 poten-

353 2893 477 2947 tiam
507 2901 706 2947 tantam
738 2908 843 2947 non
873 2892 1051 2960 habet,
1076 2900 1325 2963 quantam
1353 2890 1444 2946 ille
1469 2889 1538 2943 ad
1562 2888 1712 2959 cujus
1736 2887 1927 2945 simili-

352 2986 589 3042 tudinem
614 2984 750 3040 facta
778 2993 880 3041 est.

653 3075 876 3133 CAPUT
915 3073 1001 3130 lli.
1037 3104 1109 3116 —
1140 3073 1324 3129 Anima
1347 3081 1531 3143 quanta
1560 3071 1644 3126 sit.

418 3168 473 3224 4.
516 3166 581 3221 Ε.
612 3168 677 3224 Et
706 3167 806 3223 hoc
831 3166 1043 3222 interim
1073 3165 1200 3220 satis
1228 3173 1347 3221 est:
1375 3164 1463 3221 dic
1488 3178 1627 3220 nunc
1650 3170 1843 3235 quanta
1860 3162 1931 3219 sit

352 3260 547 3314 anima.
574 3260 639 3314 A.
668 3258 945 3329 Quomodo
973 3256 1167 3329 quaeris
1189 3266 1385 3329 quanta
1411 3256 1515 3312 sit?
1541 3254 1658 3310 Non
1683 3255 1824 3312 enim
1848 3255 1930 3309 in~

353 3353 529 3422 telligo
556 3362 735 3407 utrum
758 3352 873 3421 ejus
898 3350 1047 3421 quasi
1075 3349 1301 3419 spatium
1331 3346 1622 3403 latitudinis
1645 3346 1732 3402 vel
1759 3346 1931 3417 longi-

352 3442 567 3508 tudinis,
602 3442 684 3497 vel
714 3441 939 3508 roboris,
970 3440 1053 3495 vel
1077 3438 1267 3495 ltorum
1296 3438 1454 3492 simul
1479 3437 1717 3492 omnium
1748 3434 1929 3506 requi-

352 3549 470 3601 ras;
520 3549 589 3587 an
635 3542 890 3602 quantum
934 3531 1104 3587 valeat
1144 3544 1304 3585 nosse
1332 3528 1486 3583 velis.
1518 3528 1762 3584 Solemus
1786 3526 1929 3582 enim

353 3640 590 3696 qumrere
612 3636 837 3695 quantus
858 3623 1015 3680 fuerit
1038 3622 1311 3688 Hercules,
1342 3621 1393 3676 id
1415 3630 1517 3687 est,
1543 3621 1595 3675 in
1617 3628 1741 3690 quot
1767 3618 1929 3690 pedes

351 3724 552 3770 statura
579 3715 695 3786 ejus
723 3724 963 3785 porrecta
991 3712 1168 3769 fuerit.
1200 3712 1268 3768 Et
1297 3711 1423 3767 item
1453 3722 1679 3782 quantus
1706 3711 1788 3766 vir
1812 3711 1928 3766 fue-

354 3810 438 3873 rit,
472 3807 527 3863 id
552 3816 650 3872 est,
678 3816 887 3878 quantm
915 3805 1162 3877 potentia:
1188 3815 1343 3876 atque
1365 3804 1592 3859 virtutis.
1616 3800 1683 3856 E.
1716 3802 1931 3859 Utrum-

352 3912 454 3969 que
478 3897 545 3952 de
575 3898 748 3952 anima
767 3896 904 3952 scire
935 3898 1108 3965 cupio.
1134 3895 1198 3949 A.
1225 3895 1382 3965 Atqui
1410 3894 1544 3948 illud
1567 3894 1810 3964 superius
1825 3892 1929 3948 dici

353 4004 458 4044 non
486 3999 678 4060 potest,
710 4004 810 4044 nec
836 3988 1052 4043 omnino
1082 3987 1305 4058 intelligi
1334 3986 1398 4042 de
1424 3985 1618 4041 anima.
1648 3985 1764 4042 Non
1785 3987 1929 4043 enim

354 4083 461 4137 ullo
487 4083 667 4151 modo,
696 4092 786 4138 aut
811 4083 985 4153 longa,
1014 4090 1105 4136 aut
1130 4081 1257 4151 lata,
1284 4090 1373 4135 aut
1397 4080 1548 4150 quasi
1568 4079 1737 4134 valida
1758 4080 1931 4152 suspi-

353 4178 520 4232 canda
547 4185 627 4231 est
651 4177 823 4231 anima
850 4193 863 4229 :
890 4189 1145 4245 corporea
1167 4174 1267 4229 ista
1294 4181 1437 4242 sunt,
1460 4183 1517 4227 ut
1541 4173 1668 4227 mihi
1697 4173 1927 4239 videtur;

353 4277 407 4322 et
432 4267 500 4322 dc
529 4268 909 4325 consuetudine
932 4281 1213 4337 corporum
1240 4264 1317 4321 sic
1353 4265 1582 4321 animam
1621 4265 1926 4337 quaerimus.

356 4359 581 4432 Ideoque
612 4361 747 4416 bene
772 4360 1074 4432 praecipitur
1098 4358 1258 4416 etiam
1288 4356 1339 4412 in
1367 4355 1654 4428 mysteriis,
1678 4363 1734 4409 ut
1753 4358 1931 4415 omnia

356 4467 609 4523 corporea
641 4460 963 4517 contemnat,
994 4450 1342 4519 universoque
1367 4446 1491 4503 huic
1516 4446 1714 4503 mundo
1733 4462 1931 4503 renun-

356 4546 597 4616 tiet,qni,
626 4554 682 4599 ut
707 4544 969 4609 videmus,
988 4555 1276 4612 corporeus
1301 4549 1402 4607 est,
1418 4539 1653 4610 quisquis
1682 4553 1739 4594 se
1767 4538 1928 4595 talem

354 4637 502 4693 reddi
528 4636 811 4704 desiderat,
839 4634 1007 4710 qualis
1032 4650 1060 4687 a
1088 4635 1197 4690 Deo
1222 4630 1396 4688 factus
1428 4639 1537 4699 est,
1568 4630 1622 4686 id
1659 4640 1760 4697 est,
1782 4631 1928 4687 simi—

354 4729 458 4784 lem
491 4729 636 4784 Deo:
668 4743 774 4782 non
812 4727 955 4781 enim
983 4726 1085 4780 alia
1122 4725 1265 4781 salus
1290 4724 1481 4779 anima).
1506 4730 1621 4792 est,
1652 4730 1743 4778 aut
1770 4738 1929 4780 reno-

350 4822 512 4887 vatio,
540 4828 633 4873 aut
654 4818 1013 4873 reconcilaitio
1032 4816 1235 4872 auctori
1255 4830 1372 4871 suo.
1388 4816 1739 4881 Quamobrem
1761 4832 1928 4886 quan-

352 4919 399 4965 ta
425 4910 494 4964 sit
514 4907 688 4962 anima
710 4907 997 4962 secundum
1022 4905 1412 4976 inquisitionem
1439 4905 1577 4961 hanc
1600 4906 1692 4962 tibi
1712 4922 1926 4977 respon-

351 5004 476 5057 dere
506 5015 612 5056 non
630 5015 882 5073 possum;
915 4998 1008 5054 sed
1038 5014 1251 5069 possum
1274 4997 1560 5064 afﬁrmare,
1588 5015 1757 5070 neque
1777 4999 1924 5056 illam

351 5094 562 5163 iungam
591 5106 733 5157 esse,
756 5105 856 5145 nec
884 5089 1064 5153 latam,
1090 5103 1187 5144 nec
1210 5088 1503 5157 robustam,
1528 5103 1701 5158 neque
1724 5089 1923 5159 aliquid

354 5185 542 5244 horum
579 5200 698 5256 quae
733 5184 789 5239 in
827 5182 1088 5239 mensuris
1116 5195 1396 5253 corporum
1426 5179 1589 5249 quaeri
1625 5179 1819 5235 solent.
1858 5181 1924 5236 Et

354 5279 453 5336 hoc
478 5294 574 5336 cur
602 5279 919 5347 existimem,
950 5277 1209 5333 rationem
1235 5274 1328 5331 tibi
1352 5272 1567 5331 reddam
1588 5313 1605 5342 ,
1644 5274 1688 5328 si
1728 5274 1917 5343 placet.

1747 384 1948 447 LIBER
1972 380 2171 446 UNUS.

2018 480 2088 535 E.
2132 480 2311 537 Placet
2352 495 2479 537 vero
2496 522 2514 552 ,
2560 493 2623 539 ac
2669 480 3011 542 vehementer
3052 499 3303 561 exspecto
3338 479 3600 554 :videtur'

2019 574 2159 628 enim
2186 572 2315 628 mihi
2339 574 2488 645 quasi
2514 574 2644 631 nihil
2671 591 2791 633 esse
2814 578 3011 649 anima,
3039 581 3084 636 si
3111 582 3241 639 nihil
3263 593 3347 641 est
3373 585 3587 647 horum.

2020 662 2085 720 Δ.
2112 664 2263 720 Prius
2289 679 2415 737 ergo
2443 665 2488 722 sl
2528 667 2756 737 videtur,
2796 672 3071 727 ostendam
3113 672 3205 730 tibi
3242 677 3436 735 multas
3471 694 3594 739 esse

2020 770 2108 811 res
2133 770 2263 827 quas
2292 772 2395 811 non
2424 758 2598 827 possis
2623 757 2802 815 dicere
2827 759 2957 816 nihil
2986 778 3139 830 esse,
3181 779 3281 822 nec
3318 775 3498 826 tamen
3537 771 3593 827 in

2021 847 2102 904 eis
2128 848 2369 905 invenire
2391 848 2562 922 aliqua
2595 850 2897 921 hujusmodi
2924 855 3113 925 spatia,
3142 859 3313 929 qualia
3342 861 3393 915 in
3418 864 3597 922 anima

2021 940 2247 1010 requiris
2284 957 2298 995 :
2338 948 2396 996 ut
2431 956 2536 998 non
2573 943 2743 999 solum
2785 959 2892 1000 non
2937 946 3028 1002 tibi
3068 961 3135 1004 ex
3170 966 3235 1005 eo
3267 952 3441 1011 anima
3466 955 3598 1013 nihil

2023 1044 2145 1086 esse
2176 1030 2449 1102 videatur,
2476 1034 2615 1105 quod
2643 1034 2696 1090 in
2731 1051 2793 1093 ea
2821 1050 2926 1092 non
2957 1038 3161 1096 invenis
3184 1042 3598 1115 longitudinem,

2024 1124 2135 1181 sive
2154 1125 2346 1197 aliquid
2368 1128 2500 1195 tale;
2527 1128 2622 1185 sed
2646 1145 2713 1187 eo
2737 1131 3020 1201 pretiosior
3040 1142 3094 1190 et
3109 1134 3270 1205 pluris
3290 1139 3601 1197 :estimanda

2023 1218 2126 1285 sit,
2160 1233 2265 1288 quo
2292 1218 2419 1274 nihil
2445 1216 2633 1276 borum
2667 1220 2844 1277 habet.
2886 1224 3086 1280 Deinde
3114 1238 3288 1283 utrum
3315 1244 3441 1285 vere
3467 1233 3602 1289 nihil

2025 1309 2217 1365 horum
2247 1311 2458 1381 habeat,
2486 1312 2800 1370 videbimus.
2828 1314 2894 1371 E.
2920 1315 3081 1374 Utere
3100 1335 3206 1392 quo
3231 1320 3309 1378 vis
3330 1323 3519 1381 ordine
3541 1340 3601 1383 ac

2026 1402 2204 1469 modo,
2234 1418 2332 1474 ego
2360 1403 2544 1462 audire
2571 1414 2626 1462 et
2652 1406 2858 1466 discere
2883 1420 3096 1481 paratus
3124 1428 3263 1469 sum.
3330 1456 3335 1465 .

2095 1492 2323 1552 CAPUT
2349 1493 2436 1552 IV.
2456 1504 2538 1537 ‘—-
2556 1498 2790 1553 Animam
2818 1502 3048 1558 nonnihil
3074 1520 3199 1573 esse,
3222 1507 3418 1564 tametsi
3443 1524 3534 1566 nec

2570 1587 2722 1662 longa
2758 1606 2847 1645 nec
2867 1591 2970 1647 lata
2987 1595 3072 1649 sit.

2098 1676 2151 1733 5.
2182 1675 2246 1732 Α.
2271 1676 2435 1734 Recte
2462 1676 2593 1737 facis
2621 1697 2636 1737 :
2666 1681 2760 1738 sed
2802 1683 2922 1740 volo
2964 1685 3305 1760 interroganti
3343 1691 3472 1748 mihi
3516 1709 3593 1751 re-

2027 1766 2327 1838 Spondeas;
2371 1767 2600 1827 fortasse
2634 1773 2777 1828 enim
2816 1788 2876 1829 ea
2922 1791 3039 1847 quae
3085 1788 3135 1833 te
3179 1778 3375 1839 docere
3416 1798 3607 1857 conor,

2031 1862 2144 1931 ipse
2168 1862 2278 1932 jam
2306 1861 2481 1919 nosti:
2510 1865 2671 1920 credo
2699 1866 2840 1922 enim
2869 1883 2974 1923 non
3005 1878 3055 1925 te
3082 1870 3324 1931 dubitare
3359 1876 3496 1933 hanc
3523 1894 3604 1933 ar-

2030 1954 2214 2009 borem
2241 1969 2346 2018 non
2373 1970 2491 2011 esse
2528 1956 2744 2011 omnino
2786 1958 2937 2014 nihil.
2978 1958 3043 2014 E.
3087 1961 3215 2028 Quis
3254 1964 3603 2024 dubitaverit.

2030 2044 2096 2100 Α.
2127 2044 2262 2115 Quid
2293 2044 2464 2101 illud?
2490 2063 2614 2101 num
2645 2048 2857 2105 dubitas
2877 2051 3135 2119 justitiam
3172 2055 3339 2110 multo
3368 2071 3486 2113 esse
3511 2057 3612 2116 hac

2031 2135 2222 2192 arbore
2267 2136 2572 2192 meliorem?
2608 2135 2674 2192 E.
2717 2138 3015 2196 Ridiculum
3058 2141 3198 2199 istud
3243 2146 3457 2215 quidem
3506 2157 3609 2215 est,

2034 2228 2184 2298 quasi
2213 2242 2340 2283 vero
2365 2229 2467 2283 ulla
2496 2229 2564 2284 sit
2591 2232 2937 2301 comparatio.
2976 2233 3040 2287 Α.
3068 2233 3380 2293 Liberaliter
3398 2254 3608 2296 mecum

2032 2323 2179 2393 agis;
2207 2323 2302 2379 sed
2337 2324 2468 2380 illud
2498 2340 2636 2381 nunc
2662 2326 2880 2384 attende
2920 2344 2935 2384 :
2974 2343 3094 2384 cum
3121 2339 3330 2388 constet
3370 2333 3441 2388 ita
3471 2334 3612 2390 hanc

2032 2414 2277 2471 arborem
2294 2431 2413 2473 esse
2434 2418 2750 2474 deteriorem
2771 2434 2929 2490 quam
2950 2431 3031 2477 est
3037 2422 3259 2492 justitia,
3283 2432 3340 2480 ut
3359 2441 3457 2482 nec
3468 2442 3609 2483 com-

2034 2508 2265 2580 paranda
2294 2509 2509 2581 quidem
2537 2509 2629 2566 tibi
2656 2511 2916 2579 videatur,
2938 2520 2993 2569 et
3013 2512 3117 2570 hoc
3142 2513 3341 2586 lignum
3363 2532 3469 2572 non
3488 2533 3611 2576 esse

2035 2599 2164 2654 nihil
2201 2600 2478 2657 confessus
2511 2601 2617 2668 sls;
2648 2601 2890 2672 plaeetne
2920 2603 3012 2658 tibi
3048 2612 3106 2659 ut
3147 2605 3312 2677 ipsam
3351 2608 3609 2679 justitiam

2034 2690 2165 2747 nihil
2192 2706 2312 2749 esse
2327 2692 2643 2749 credamus?
2671 2695 2739 2749 E.
2761 2694 2891 2761 Quis
2921 2696 3021 2752 hoc
3039 2696 3263 2756 demens
3286 2700 3616 2757 crediderit?

2031 2782 2095 2839 Α.
2128 2784 2291 2841 Recte
2320 2786 2541 2841 omnino
2572 2805 2587 2842 :
2620 2787 2715 2844 sed
2755 2787 2981 2845 fortasse
3003 2791 3163 2846 arbor
3192 2790 3308 2848 haec
3334 2801 3615 2865 propterea

2033 2874 2126 2934 tibi
2148 2878 2356 2934 videtur
2366 2894 2487 2935 esse
2502 2878 2719 2951 aliquid,
2740 2881 2881 2951 quod
2908 2879 3064 2952 longa
3085 2892 3166 2939 est
3196 2898 3292 2955 pro
3317 2900 3413 2939 suo
3434 2885 3616 2956 modo,

2032 2975 2087 3023 et
2115 2968 2240 3036 lata,
2272 2978 2328 3025 et
2362 2969 2609 3035 robusta;
2639 2986 2759 3041 quae
2788 2972 2833 3025 si
2870 2969 3187 3041 detraxeris,
3232 2974 3361 3028 nihil
3392 2975 3512 3029 erit.
3544 2974 3616 3035 Ε.

2032 3060 2106 3118 Ita
2135 3062 2361 3118 videtur.
2400 3065 2465 3118 Α.
2508 3063 2643 3133 Quid
2682 3062 2844 3134 ergo?
2882 3064 3105 3134 juStitia,
3144 3080 3302 3138 quam
3336 3082 3441 3122 non
3485 3066 3620 3125 nihil

2033 3172 2152 3212 esse
2180 3154 2540 3227 confessuses
2563 3200 2578 3226 ,
2623 3158 2732 3213 imo
2754 3160 3003 3231 quiddam
3045 3156 3204 3234 longe
3243 3158 3474 3223 divinius
3517 3162 3619 3226 hac

2032 3247 2292 3319 longeque
2314 3248 2671 3318 praestantius,
2694 3249 2901 3305 videtur
2916 3252 3006 3307 tibi
3022 3252 3177 3325 longa
3203 3270 3322 3312 esse
3337 3257 3360 3311 ?
3377 3257 3443 3312 E.
3459 3259 3615 3316 Nullo

2032 3338 2192 3395 modo
2221 3338 2353 3395 mihi
2380 3337 2586 3410 justitia
2614 3348 2705 3397 aut
2743 3340 2897 3415 longa
2917 3384 2935 3411 ,
2966 3350 3060 3401 aut
3090 3347 3226 3414 lata,
3252 3357 3344 3404 aut
3374 3351 3477 3406 tale
3514 3352 3616 3407 alio

2033 3431 2159 3502 quid
2185 3432 2435 3503 cogitanti
2463 3442 2637 3503 potest
2661 3449 2960 3492 occurrere.
2985 3436 3049 3491 Δ.
3081 3436 3139 3495 Si
3168 3439 3326 3511 igitur
3350 3440 3482 3497 nihil
3510 3441 3615 3499 bo-

2033 3538 2149 3577 rum
2176 3531 2258 3577 est
2279 3522 2503 3593 justitia,
2532 3532 2587 3581 et
2613 3533 2793 3581 tamen
2814 3525 2926 3598 ipsa
2958 3527 3087 3583 nihil
3118 3544 3225 3585 non
3245 3540 3327 3586 est
3351 3548 3367 3599 ;
3395 3549 3491 3588 cur
3516 3534 3619 3590 tibi

2033 3612 2207 3668 anima
2235 3612 2365 3669 nihil
2392 3614 2623 3688 videtur,
2650 3615 2757 3672 nisi
2777 3618 2893 3687 ejus
2911 3618 3086 3689 aliqua
3111 3618 3386 3692 longitudo
3410 3624 3517 3678 sit?
3543 3625 3613 3683 E.

2032 3703 2179 3776 Age;
2205 3704 2315 3775 jam
2353 3720 2459 3761 non
2502 3705 2632 3762 mihi
2656 3706 2864 3763 videtur
2888 3722 2954 3766 ex
2998 3725 3063 3765 eo
3099 3710 3233 3767 nihil
3270 3728 3389 3770 esse
3416 3714 3611 3783 anima,

2032 3795 2175 3868 quod
2200 3812 2300 3853 nec
2318 3797 2495 3869 longa,
2529 3813 2628 3854 nec
2652 3797 2776 3866 lata,
2800 3814 2901 3855 nec
2924 3800 3142 3858 robusta
3168 3802 3237 3859 sit
3264 3846 3279 3871 ,
3312 3804 3407 3861 sed
3436 3814 3616 3863 utrum

2032 3904 2157 3946 vere
2177 3890 2249 3945 ita
2270 3890 2358 3956 sit,
2381 3891 2616 3946 nondum
2636 3905 2667 3947 a
2695 3899 2748 3947 te
2776 3891 2974 3948 dictum
2998 3908 3118 3950 esse
3147 3893 3273 3951 scis.
3305 3894 3445 3952 Fieri
3469 3900 3615 3955 enim

2035 3990 2228 4053 potest,
2258 3983 2497 4037 utmulta
2525 3983 2632 4038 sint
2662 3984 2839 4054 magni
2866 3984 3207 4053 aestimanda,
3241 4000 3357 4057 qua:
3381 3987 3497 4043 istis
3521 4004 3614 4045 ca-

2034 4078 2220 4139 reant;
2249 4071 2344 4129 sed
2367 4087 2473 4128 non
2502 4071 2754 4129 continuo
2781 4086 2849 4131 ex
2876 4072 2982 4130 hoc
3001 4087 3196 4145 genere
3222 4076 3453 4132 animam
3489 4092 3616 4136 esse

2032 4164 2353 4221 credendum
2380 4173 2527 4235 puto.
3396 4220 3409 4245 ,

2105 4256 2158 4313 6.
2188 4256 2255 4312 Α.
2280 4256 2405 4313 Scio
2430 4256 2567 4312 istud
2607 4256 2761 4315 nobis
2788 4256 3124 4313 enodandum
3160 4266 3400 4331 restare,
3430 4267 3485 4317 et
3513 4260 3615 4320 hoc

2035 4364 2121 4404 me
2146 4347 2397 4419 deinceps
2429 4349 2809 4419 explicaturum
2834 4351 3181 4420 promiseram
3214 4368 3228 4408 :
3259 4366 3445 4410 verum
3491 4357 3616 4425 quia

2036 4455 2123 4495 res
2168 4440 2513 4496 subtilissima
2554 4450 2672 4508 est,
2716 4451 2771 4497 et
2811 4441 2968 4515 longe
3012 4442 3148 4499 alios
3190 4445 3383 4501 mentis
3430 4449 3617 4504 oculos

2034 4534 2242 4605 qumrit,
2265 4548 2421 4604 quam
2449 4533 2676 4616 humana
2699 4534 3027 4590 consuetudo
3055 4535 3108 4591 in
3135 4537 3457 4609 quotidianae
3494 4542 3614 4597 vitae

2032 4627 2237 4683 actibus
2265 4625 2462 4681 habere
2489 4627 2641 4682 solita
2670 4635 2746 4682 est
2769 4642 2784 4693 ;
2816 4627 3078 4685 admoneo
3104 4638 3174 4696 te,
3197 4638 3257 4686 ut
3282 4646 3380 4702 per
3409 4648 3493 4700 ea,
3519 4648 3615 4703 per

2032 4734 2150 4789 quae
2180 4725 2232 4774 te
2258 4717 2559 4773 ducendum
2589 4718 2852 4784 existimo,
2876 4718 3046 4776 libens
3070 4735 3279 4792 pergas,
3300 4736 3401 4778 nec
3429 4732 3614 4778 nostro

2034 4810 2259 4882 quodam
2290 4810 2592 4865 necessario
2627 4810 2852 4866 circuitu
2879 4810 3226 4883 defatigatus,
3256 4827 3399 4882 aegre
3426 4813 3613 4868 tuleris

2031 4902 2298 4972 aliquanto
2324 4908 2375 4956 te
2405 4899 2606 4956 tardius
2627 4899 2695 4956 ad
2733 4900 2785 4956 id
2815 4901 2955 4973 quod
2980 4902 3130 4972 cupis
3156 4901 3451 4972 pervenire.
3474 4901 3610 4958 Nam

2031 4996 2175 5066 prius
2201 4995 2296 5050 abs
2323 5002 2373 5050 te
2408 5010 2589 5065 quaero
2606 5035 2621 5063 ,
2648 5002 2826 5050 utrum
2853 5009 3047 5064 corpus
3085 4995 3249 5051 ullum
3289 5004 3443 5066 putes
3468 5012 3607 5064 esse,

2031 5088 2174 5159 quod
2204 5103 2308 5143 non
2350 5102 2447 5159 pro
2490 5086 2647 5143 modo
2689 5102 2787 5143 suo
2814 5087 3006 5143 habeat
3049 5088 3279 5158 aliquam
3322 5088 3609 5160 longitudi-

2030 5196 2175 5248 nem,
2200 5190 2255 5238 et
2278 5180 2629 5247 latitudinem,
2657 5190 2712 5236 et
2747 5179 3117 5236 altitudinem?
3153 5180 3219 5235 E.
3255 5182 3425 5250 Quam
3461 5181 3602 5236 dicas

2032 5273 2383 5341 altitudinem,
2405 5288 2511 5330 non
2538 5272 2793 5344 intelligo.
2825 5271 2891 5328 A.
2932 5271 3081 5327 illam
3113 5272 3232 5329 dico
3258 5286 3360 5344 qua
3382 5271 3611 5328 efﬁcitur

1008 5396 1017 5404 ο
1576 5379 1833 5417 ΔΏΜΟΝΙΤῙΟ
1850 5382 1924 5417 PP.
1945 5378 2364 5418 MEDICTINOBUI.

409 5453 527 5520 Huic
546 5450 993 5520 emendandoiibro
1014 5450 1348 5520 adhibitlsunt
1364 5456 1490 5520 μεθ.-
1517 5447 1759 5520 sorbonici
1779 5447 1892 5520 duo,
1914 5447 2166 5520 victorini_
2183 5454 2305 5520 tres,
2348 5446 2542 5520 Regius,
2562 5444 2911 5520 qlsterdennis,
3280 5446 3609 5520 Iiehaelinus,

351 5516 684 5588 Remigiensis,
700 5515 1022 5573 Corbeiensis,
1044 5512 1422 5585 vindpcinensis,
1445 5508 1803 5582 Ebrulphensis,
1823 5508 1940 5622 διξξέ

351 5577 555 5622 Βιιηιαιε
572 5578 882 5622 denmmmas
898 5589 986 5622 ner
1000 5583 1322 5622 Lovamenses
1339 5587 1354 5622 :
1373 5586 1564 5622 necnon
1586 5572 1826 5622 editiones

351 5572 555 5640 Belgicis
572 5572 882 5640 dem-emptas
897 5589 986 5639 per
1000 5572 1322 5627 Lovanienses
1339 5587 1354 5636 ;
1373 5586 1564 5624 necnon
1586 5572 1826 5623 editiones

1940 5505 2402 5622 iﬁsisétvatieanus,
2416 5505 2481 5562 'et
2500 5505 2801 5572 παίδων,
2823 5505 3003 5573 praeter
3042 5505 3281 5563 lectiones
3315 5522 3383 5563 ex
3403 5505 3623 5575 quatuor.

352 5694 355 5705 ι
428 5662 939 5743 Comparaeimus
976 5668 1277 5743 praetcrea
1306 5677 1637 5743 aesomnes
1671 5656 1972 5720 editiones
2003 5659 2189 5722 initio
2220 5657 2766 5722 Retractationum
2806 5660 2872 5724 et
2922 5649 3418 5717 Confessionum
3470 5670 3591 5718 me-

364 5740 662 5808 morati".
977 5740 996 5743 “
1356 5740 1443 5802 Μ.

453 5843 605 5906 Facit,
624 5848 757 5906 juxta
783 5853 896 5895 l'cn.
922 5851 1023 5893 Par.
1048 5851 1101 5893 at.
