4096 6368
457 441 480 494 i
491 429 594 493 039

458 559 515 609 ut
544 543 797 603 interiora
822 535 1059 609 corporis
1084 532 1398 605 cogitentur,
1427 536 1517 582 aut
1536 525 1696 580 etiam
1716 521 2030 580 sentiantur,

457 659 504 700 st
525 642 759 714 perlucet
783 644 842 690 ut
866 635 1094 693 vitrum;
1131 639 1427 698 quanquam
1469 620 1515 674 si
1555 618 1658 672 hoc
1697 616 1878 671 demas
1912 626 2034 714 cor:

459 713 680 808 poribus
709 733 726 764 ¹
751 773 766 798 ,
807 737 1058 799 quantum
1108 735 1225 776 mea
1267 716 1446 786 Opinio
1490 720 1590 776 est,
1641 723 1811 778 neque
1849 713 2036 807 sentiri

457 806 704 899 possunt,
738 837 908 891 neque
928 815 1143 873 omnino
1165 824 1388 880 corpora
1411 821 1528 860 esse
1548 811 1694 858 recte
1722 806 2032 856 existimari.

459 893 594 976 iiinc
627 917 754 974 mihi
784 914 906 969 volo
934 909 1141 980 aperias
1170 902 1298 975 quid
1338 911 1391 955 tu
1434 897 1650 954 sentias.
1701 893 1766 948 E.
1811 893 2037 948 Prorsus

459 1030 566 1067 non
587 1010 770 1066 dubito
799 1017 1022 1074 corpora
1051 997 1226 1053 omnia
1267 994 1351 1049 his
1384 1005 1568 1046 carere
1607 1001 1713 1041 non
1751 997 1926 1054 posse.
1969 981 2032 1035 A.

461 1102 599 1172 Quid
631 1098 792 1154 illud?
825 1072 974 1164 potes
1017 1091 1249 1159 cogitare
1286 1091 1386 1140 ista
1419 1082 1514 1136 tria
1545 1094 1648 1134 non
1689 1090 1809 1131 esse
1843 1072 1946 1128 nisi
1982 1072 2034 1126 in

459 1167 802 1263 corporibus?
832 1185 898 1238 E.
925 1183 1040 1238 Non
1071 1179 1310 1247 intelligo
1333 1170 1598 1244 quomodo
1625 1167 1894 1263 alibiesse
1916 1178 2039 1232 pos-

457 1258 580 1339 sint.
623 1283 685 1334 A.
730 1280 870 1348 Ergo
918 1275 1147 1329 animam
1197 1285 1305 1325 non
1356 1276 1507 1337 putas
1536 1277 1654 1318 esse
1700 1258 1840 1312 aliud
1878 1272 2036 1326 quam

457 1375 683 1446 corpus?
713 1371 778 1426 E.
807 1372 865 1427 Si
894 1370 1052 1424 etiam
1092 1373 1306 1420 ventum
1337 1374 1530 1428 corpus
1556 1369 1674 1409 esse
1699 1354 2033 1414 confitemur,

458 1443 651 1540 negare
678 1482 782 1521 non
813 1475 1025 1534 possum
1050 1470 1246 1526 corpus
1271 1451 1398 1506 mihi
1428 1450 1657 1504 animam
1685 1443 1852 1499 videri
1877 1461 1889 1495 :
1914 1455 2036 1494 nam

457 1535 564 1616 tale
590 1555 785 1628 aliquid
811 1569 930 1610 eam
956 1565 1075 1606 esse
1110 1547 1303 1616 cogito.
1335 1541 1398 1596 Α.
1432 1543 1635 1608 Corpus
1664 1535 1875 1606 quidem
1906 1547 2036 1587 ven-

457 1661 569 1706 tutn
598 1626 716 1704 csse
739 1657 843 1702 tam
871 1641 1127 1706 concedo,
1153 1651 1307 1707 quam
1333 1633 1378 1689 si
1411 1647 1495 1686 me
1521 1630 1589 1684 de
1617 1627 1778 1682 fluctu
1808 1626 2037 1678 interro-

457 1759 630 1816 gares.
655 1741 788 1797 Nam
815 1737 946 1793 nihil
971 1732 1116 1789 aliud
1133 1744 1290 1802 quam
1317 1728 1476 1782 istum
1507 1736 1685 1778 aerem
1713 1725 2037 1816 commotum

459 1807 524 1893 ac
573 1836 826 1907 agitatum
872 1839 1091 1885 ventum
1142 1838 1260 1878 esse
1298 1819 1585 1881 sentimus;
1633 1811 1772 1907 quod
1816 1810 1867 1907 in
1921 1807 2041 1907 loco

456 1898 897 1997 tranqhillissinto
918 1962 932 1987 ,
961 1928 1014 1974 et
1038 1917 1106 1972 ab
1132 1914 1375 1970 omnibus
1393 1910 1562 1964 ventis
1599 1901 1929 1975 quietissime
1956 1898 2040 1954 vel

458 2021 606 2078 brevi
647 2016 855 2074 ﬂabello
901 2008 1183 2082 approbari
1223 2011 1416 2077 potest,
1466 2014 1572 2071 quo
1622 1997 1780 2052 etiam
1827 2005 2042 2047 muscas

459 2112 733 2181 abigentes
759 2119 938 2162 aerem
980 2111 1404 2160 commovemus,
1441 2091 1728 2158 (latumque
1753 2084 2039 2142 sentimus.

461 2178 614 2273 Quod
657 2216 777 2257 cum
807 2196 1045 2254 evenerit
1087 2191 1376 2248 occultiore
1423 2185 1650 2256 quodam
1695 2191 1840 2237 motu
1882 2178 2044 2234 caele-

459 2271 622 2352 stium
643 2292 726 2348 vel
757 2300 1092 2346 terrenarum
1117 2295 1401 2351 corporum
1420 2292 1517 2349 per
1536 2288 1784 2344 magnum
1813 2271 2042 2341 spatium

467 2384 674 2449 mundi,
707 2391 896 2437 ventus
922 2387 1142 2433 vocatur
1159 2415 1176 2440 ,
1201 2388 1265 2428 ex
1296 2370 1523 2426 diversis
1548 2366 1784 2437 partibus
1801 2363 1919 2419 cceli
1948 2377 2044 2416 no-

463 2477 604 2531 mina
648 2474 807 2529 etiam
833 2471 1042 2526 diversa
1087 2464 1328 2522 sortitus.
1373 2463 1456 2517 An
1487 2460 1579 2515 tibi
1625 2459 1777 2512 aliter
1801 2455 2045 2511 videtur?

466 2567 531 2622 E.
559 2565 690 2622 Mihi
726 2579 854 2620 vero
900 2561 1072 2627 nihil,
1105 2568 1158 2614 et
1202 2554 1476 2628 probabile
1511 2567 1630 2607 esse
1659 2550 1861 2620 accipio
1903 2548 2044 2619 quod

461 2659 594 2715 dicis
620 2677 635 2713 :
661 2655 756 2712 sed
787 2669 886 2726 ego
913 2652 1145 2709 animam
1174 2663 1278 2704 non
1311 2647 1483 2717 ipsum
1521 2651 1737 2699 ventum
1756 2682 1771 2707 ,
1817 2639 1911 2695 sed
1943 2638 2045 2694 tale

463 2749 662 2822 aliquid
692 2762 810 2802 esse
845 2745 973 2800 dixi.
1022 2743 1085 2795 A.
1132 2741 1225 2794 Die
1262 2736 1389 2793 mihi
1427 2739 1614 2806 prius,
1647 2741 1826 2787 utrum
1872 2730 2045 2822 ipsum

465 2820 682 2896 ventum
708 2836 858 2907 cujus
887 2833 1214 2890 mentionem
1242 2827 1426 2892 fecisti,
1458 2824 1654 2879 habere
1679 2823 1907 2892 aliquam
1932 2820 2049 2875 lon-

465 2934 778 3006 gitudinem,
809 2927 1138 2984 latitudinem
1164 2934 1217 2980 et
1244 2921 1573 2977 altitudinem
1601 2918 1818 2973 sentias.
1845 2915 2048 2971 Deinde

465 3026 766 3083 videbimus
793 3030 969 3078 utrum
1001 3019 1105 3074 tale
1133 3015 1329 3086 aliquid
1360 3013 1533 3067 anima
1561 3012 1649 3078 sit,
1685 3019 1741 3063 ut
1766 3009 1866 3063 hoc
1887 3007 2048 3061 modo

466 3120 628 3176 etiam
655 3123 850 3188 quanta
889 3114 976 3180 sit,
1012 3109 1327 3178 investigare
1355 3106 1638 3177 possimus.
1687 3101 1752 3156 Ε.
1787 3101 1922 3168 Quid
1948 3101 2049 3155 hoc

467 3225 593 3266 aere
620 3209 850 3278 longius,
876 3213 930 3261 et
957 3203 1136 3269 latius,
1163 3211 1216 3256 et
1240 3199 1400 3254 altius
1431 3196 1582 3252 facile
1608 3194 1830 3250 inveniri
1854 3200 2046 3263 potest,

468 3317 626 3374 quem
646 3305 993 3364 commotum,
1017 3301 1235 3352 ventum
1257 3305 1376 3347 esse
1403 3303 1546 3346 nunc
1578 3287 1672 3343 abs
1697 3293 1749 3342 te
1774 3283 1906 3340 mihi
1924 3299 2050 3355 per-

465 3406 680 3451 suasum
700 3388 817 3445 est?

782 3475 1006 3536 CAPUT
1037 3475 1104 3532 ν.
1118 3504 1191 3516 -
1212 3471 1241 3528 1
1249 3473 1428 3542 nﬁnita
1442 3473 1624 3527 animi:
1641 3473 1734 3527 vis.

543 3574 598 3629 7.
626 3572 691 3627 Α.
732 3571 896 3628 Recte
922 3569 1054 3624 dicis
1086 3585 1101 3623 :
1131 3565 1228 3622 sed
1253 3564 1630 3635 numquidnam
1652 3565 1882 3618 animam
1909 3573 2051 3618 tuam

471 3675 627 3738 putas
655 3680 774 3722 esse
799 3663 901 3720 nisi
923 3663 976 3717 in
1003 3674 1227 3729 corpore
1255 3658 1379 3712 tuo?
1407 3656 1475 3712 E.
1504 3657 1576 3712 Ita
1598 3666 1744 3726 puto.
1771 3657 1835 3710 A.
1861 3655 2054 3710 lntrin-

471 3774 627 3814 secus
658 3766 882 3823 tantum,
912 3763 970 3810 ut
993 3762 1242 3823 tanquam
1286 3760 1459 3805 utrem
1502 3750 1716 3819 impleat
1743 3751 1799 3814 ’ς
1832 3764 1900 3803 an
1931 3757 2052 3804 tan-

475 3857 584 3904 tum
610 3848 936 3914 forinsecus,
963 3846 1107 3900 velut
1133 3840 1448 3906 tectorium;
1475 3857 1540 3894 an
1567 3848 1622 3895 et
1655 3839 1972 3894 intrinsecus
1999 3846 2054 3894 et

471 3940 800 3996 extrinsecus
829 3953 946 3992 eam
977 3950 1096 3989 esse
1137 3930 1451 3987 arbitraris?
1479 3930 1544 3984 E.
1575 3932 1685 3984 lloc
1709 3930 1883 3986 sentio
1911 3928 2070 4000 quod,

473 4033 715 4089 ultimunt
744 4026 1031 4097 requisisti.
1071 4025 1200 4078 Nam
1232 4022 1335 4076 nisi
1367 4029 1512 4076 esset
1548 4022 1886 4087 intrinsecus,
1920 4020 2052 4074 nihil

472 4125 526 4180 in
551 4123 848 4179 visceribus
879 4118 1078 4174 nostris
1108 4116 1264 4170 vitale
1293 4115 1610 4180 haberetur;
1648 4114 1749 4168 nisi
1783 4121 1924 4169 esset
1959 4128 2053 4168 ex-

474 4218 765 4279 trinsecus,
806 4227 911 4267 non
947 4211 1105 4265 etiam
1134 4209 1188 4263 in
1217 4217 1337 4263 cute
1373 4207 1558 4263 leviter
1598 4208 1765 4276 possit
1805 4207 1824 4238 ³
1853 4208 2051 4263 sentire

473 4312 814 4376 pungentetn.
858 4301 923 4355 Α.
955 4300 1089 4368 Quid
1118 4314 1245 4370 ergo
1273 4299 1497 4368 amplius
1524 4298 1717 4368 qumris
1742 4306 1936 4368 quanta
1980 4299 2052 4352 sit

475 4398 650 4452 anima
669 4437 683 4462 ,
713 4411 836 4450 cum
865 4393 1045 4448 videas
1068 4407 1186 4448 esse
1218 4400 1416 4445 tantam
1457 4399 1705 4460 quantam
1739 4389 1853 4460 ipsa
1881 4390 2050 4459 spatia

471 4487 710 4556 eoi-poris
736 4486 1040 4557 patiuntur?
1067 4483 1132 4539 E.
1174 4483 1226 4539 Si
1262 4484 1364 4537 hoc
1401 4484 1534 4538 ratio
1557 4483 1733 4551 docet,
1764 4483 1895 4537 nihil
1933 4499 2050 4538 am-

477 4582 610 4650 plius
643 4580 872 4648 requiro.
913 4577 976 4630 Α.
1009 4577 1170 4630 Recte
1209 4575 1334 4630 facis
1371 4574 1501 4628 nihil
1543 4591 1785 4644 quaerere
1825 4576 2050 4644 amplius

473 4687 629 4742 quam
657 4669 811 4725 dot-et
852 4669 1004 4723 ratio.
1046 4668 1148 4723 Sed
1192 4667 1308 4721 haec
1349 4667 1482 4720 ratio
1522 4666 1797 4721 videturne
1836 4667 1927 4720 tibi
1962 4666 2052 4721 ﬁr-

480 4765 748 4818 missima?
780 4761 844 4814 [ι’.
870 4761 1089 4828 Quando
1116 4759 1271 4812 aliam
1299 4774 1404 4812 non
1434 4757 1661 4824 invenio,
1690 4757 1911 4811 videtur.
1943 4757 2050 4811 Sno

473 4858 614 4910 enim
647 4857 764 4909 loco
795 4870 1048 4924 quaeram,
1073 4852 1210 4920 quod
1256 4866 1340 4904 me
1383 4850 1602 4904 multum
1651 4857 1846 4913 movet,
1876 4856 2050 4902 utrum

472 4946 586 5002 haec
615 4948 781 5017 figura
807 4946 991 5011 eadem
1038 4951 1247 4999 maneat
1289 4957 1409 4996 cum
1457 4956 1678 5011 corpore
1718 4939 2050 4998 excesserit:

475 5057 598 5093 nam
628 5040 728 5094 hoc
762 5039 899 5092 inter
925 5034 1254 5091 discutienda
1285 5034 1524 5088 ultimum
1555 5048 1650 5086 me
1678 5031 1917 5102 posuisse
1940 5048 2052 5086 tne-

477 5134 627 5188 mini.
661 5132 764 5189 Sed
806 5131 1057 5202 quoniam
1086 5129 1154 5184 de
1198 5142 1420 5182 numero
1457 5128 1750 5182 animarum
1791 5142 2046 5198 quat-rere,

483 5225 549 5280 ad
569 5225 913 5294 quantitatem
939 5220 1067 5276 mihi
1100 5220 1304 5274 videtur
1335 5220 1634 5289 pertinere,
1666 5235 1770 5273 non
1805 5235 1925 5275 esse
1950 5218 2051 5275 hoc

477 5318 596 5372 loco
620 5315 1043 5386 prtetereundum
1078 5313 1341 5369 existimo.
1381 5311 1444 5366 Α.
1473 5311 1589 5367 Non
1632 5311 1916 5382 incongrue
1940 5313 2052 5368 exi-

479 5411 687 5473 stimas,
721 5407 813 5463 sed
842 5407 986 5477 prius
1011 5407 1080 5461 de
1112 5405 1284 5476 spatio
1310 5403 1425 5474 ejus
1451 5405 1591 5474 quod
1624 5421 1710 5460 me
1741 5406 1913 5460 adhuc
1939 5421 2052 5460 mo-

479 5508 590 5566 vet,
622 5499 968 5569 explieemus,
1005 5499 1049 5553 si
1089 5497 1281 5567 placet,
1323 5504 1383 5551 ut
1409 5497 1568 5552 etiam
1607 5511 1708 5568 ego
1739 5497 1933 5568 aliquid
1972 5496 2054 5552 di-

532 5658 552 5689 ¹
578 5663 720 5707 Juxta
739 5663 870 5716 bov.,
894 5667 1038 5718 quam
1059 5653 1102 5705 si
1124 5654 1288 5705 demas
1321 5655 1612 5720 corporibus.
1677 5662 1735 5706 Μ.

532 5721 553 5750 ³
576 5720 710 5781 Edd.,
742 5723 794 5768 ut
815 5717 1042 5782 umquam
1072 5730 1198 5780 aqua
1234 5724 1389 5767 utrem
1406 5717 1628 5785 inpleat.
1653 5724 1710 5768 At
1729 5733 1760 5772 a
1785 5725 1891 5772 Mss.
1913 5722 2055 5777 abest

472 5794 764 5906 mimicas“,
782 5842 923 5906 juxta
943 5840 1017 5892 Kr.
1038 5849 1157 5892 Ven.
1184 5848 1293 5893 Lov.
1360 5855 1413 5895 λι.

1371 413 1456 470 DE
1495 402 1931 482 QUANTITATB
1971 394 2229 465 ΑΝΙΜᾹΞ,
2269 393 2324 454 S.
2356 393 2720 454 AUGUSTINI

3590 390 3728 478 tato

2147 526 2312 578 scam,
2339 511 2383 567 si
2416 511 2505 566 tibi
2528 511 2639 580 jam
2675 507 3002 564 satisfactum
3029 515 3129 563 est.
3175 505 3234 560 E.
3281 505 3471 572 Quaere
3510 512 3568 558 ut
3605 505 3728 571 vis;

2141 620 2265 659 nam
2297 612 2383 659 tua
2413 603 2511 658 ista
2543 602 2786 657 simulata
2817 599 3097 664 dubitatio,
3128 599 3373 654 dubitare
3400 613 3487 653 me
3515 597 3704 653 verissi
3731 626 3733 628 -

2139 710 2226 750 me
2254 694 2380 750 facit
2407 694 2474 748 de
2516 694 2616 748 hoc
2646 692 2762 763 ipso
2789 690 2929 762 quod
2970 690 3103 762 jam
3126 699 3398 761 peractum
3435 703 3556 745 esse
3585 702 3732 758 prte-

2139 801 2488 857 sumpseram.
3745 773 3749 802 ⁵

2211 879 2265 934 8.
2293 879 2355 931 Α.
2384 877 2478 932 Dic
2499 876 2649 944 mihi,
2679 889 2860 946 quaeso
2889 882 2961 942 te,
2985 881 3161 929 utrum
3190 888 3251 930 ea
3285 888 3402 944 qua:
3432 873 3732 943 appellatur

2140 969 2415 1034 memoria,
2443 984 2550 1022 non
2574 967 2666 1022 tibi
2691 982 2884 1022 nomen
2917 967 3074 1021 inane
3107 966 3366 1026 videatur.
3398 963 3465 1019 E.
3495 963 3594 1020 Cui
3625 965 3732 1022 hoc

2140 1061 2303 1116 videri
2328 1061 2541 1131 potest?
2561 1061 2625 1114 Α.
2652 1061 2855 1114 Anima:
2875 1059 3012 1114 hanc
3035 1075 3154 1114 esse
3185 1057 3480 1124 arbitraris,
3513 1073 3580 1112 an
3608 1073 3733 1113 cor-

2141 1154 2322 1224 poris?
2350 1153 2416 1208 E.
2444 1153 2511 1208 Et
2539 1155 2661 1209 hinc
2685 1152 2927 1219 dubitare
2956 1151 3238 1207 ridiculum
3269 1159 3367 1206 est.
3397 1150 3531 1217 Quid
3559 1151 3733 1206 enim?

2143 1246 2389 1302 exanime
2416 1261 2609 1315 corpus
2640 1244 2949 1300 meminisse
2974 1243 3169 1314 aliquid
3197 1243 3361 1311 credi,
3390 1253 3479 1298 aut
3506 1242 3731 1313 intelligi

2141 1339 2354 1408 potest?
2383 1339 2446 1392 A.
2475 1338 2826 1393 Meministine
2857 1338 3073 1393 tandem
3106 1337 3252 1391 urbis
3279 1336 3732 1391 Mediolanensis?

2139 1427 2202 1484 E.
2224 1430 2384 1485 Valde
2413 1429 2649 1485 memini.
2699 1429 2763 1483 A.
2794 1429 2947 1485 Nunc
2982 1445 3108 1499 ergo
3128 1431 3248 1499 quia
3279 1428 3393 1498 ejus
3417 1428 3552 1482 facta
3579 1441 3733 1482 men-

2141 1521 2216 1575 tio
2241 1528 2325 1576 est
2343 1515 2362 1584 ,’
2386 1520 2686 1575 recordaris
2724 1530 2916 1590 quanta
2945 1528 2999 1575 et
3022 1518 3192 1590 qualis
3215 1518 3323 1572 sit?
3350 1517 3415 1572 E.
3458 1517 3734 1572 Recordor

2141 1625 2289 1677 sane,
2308 1627 2372 1666 ac
2399 1611 2531 1666 nihil
2553 1611 2819 1666 recentius
2841 1620 3001 1681 atque
3024 1609 3318 1681 integrius?
3342 1609 3406 1663 A.
3429 1608 3578 1664 Nunc
3601 1624 3731 1679 ergo

2143 1717 2265 1758 cum
2296 1702 2465 1758 oculis
2493 1717 2610 1757 eam
2639 1718 2744 1758 non
2773 1702 2956 1758 videas
2975 1743 2992 1770 ,
3015 1703 3195 1756 animo
3222 1702 3390 1757 vides.
3425 1701 3487 1756 E.
3520 1701 3596 1756 Ita
3622 1709 3728 1756 est.

2143 1793 2209 1846 Α.
2234 1793 2556 1861 Meministi,
2588 1793 2750 1848 credo
2788 1793 2971 1861 etiam,
3019 1801 3219 1863 quanto
3265 1793 3438 1864 spatio
3465 1801 3731 1849 terrarum

2143 1899 2284 1939 nunc
2303 1899 2330 1936 a
2355 1883 2508 1939 nobis
2532 1885 2685 1955 longe
2707 1884 2866 1939 absit.
2893 1883 2957 1938 E.
2990 1883 3066 1940 Ita
3089 1892 3142 1940 et
3161 1883 3266 1941 hoc
3284 1883 3522 1939 memini.
3549 1883 3614 1936 Α.
3635 1881 3733 1938 Vi-

2143 1974 2241 2030 des
2264 1975 2440 2045 itaque
2460 1975 2638 2030 animo
2662 1977 2823 2031 etiam
2853 1975 3020 2045 ipsam
3047 1975 3284 2031 locorum
3307 1975 3630 2030 distantiam.
3661 1972 3729 2028 E.

2148 2067 2340 2124 Video.
2388 2069 2454 2122 Α.
2484 2067 2615 2124 Cum
2646 2069 2803 2140 igitur
2829 2069 3007 2123 anima
3043 2077 3131 2124 tua
3160 2069 3246 2124 hic
3287 2069 3357 2124 sit
3383 2069 3472 2124 ubi
3499 2081 3727 2139 corpus,
3753 2069 3757 2072 ’

2144 2174 2246 2216 nec
2274 2159 2408 2214 ultra
2436 2160 2665 2230 spatium
2696 2160 2812 2230 ejus
2848 2160 3192 2230 porrigatur,
3221 2168 3281 2214 ut
3308 2160 3550 2230 superior
3589 2157 3734 2214 ratio

2144 2252 2558 2318 demonstrabat,
2595 2251 2734 2308 unde
2777 2251 2836 2306 fit
2862 2261 2918 2306 ut
2946 2250 3034 2306 illa
3060 2251 3241 2306 omnia
3279 2249 3584 2307 videat?E.
3627 2249 3734 2305 Per

2148 2341 2462 2396 memoriam
2488 2340 2588 2396 hoc
2617 2340 2731 2396 fieri
2757 2351 2906 2411 puto,
2940 2357 3046 2397 non
3074 2341 3212 2413 quod
3235 2342 3338 2396 illis
3359 2342 3488 2396 locis
3508 2341 3576 2394 sit
3595 2355 3736 2410 prato

2145 2446 2289 2490 sens.
2339 2431 2404 2486 A.
2448 2432 2710 2503 Imagines
2762 2448 2890 2503 ergo
2933 2434 3149 2488 illorum
3197 2433 3438 2488 locorum
3475 2431 3736 2488 memoria

2144 2523 2502 2579 continentur.
2527 2523 2594 2577 Ε.
2624 2523 2698 2578 Ita
2727 2525 2936 2579 sentio:
2970 2540 3094 2580 nam
3124 2533 3180 2581 et
3203 2523 3331 2596 quid
3361 2525 3432 2581 ibi
3454 2539 3594 2580 nunc
3615 2537 3738 2594 aga-

2148 2622 2236 2669 tur
2279 2615 2492 2685 ignoro;
2538 2615 2680 2685 quod
2722 2619 2900 2686 utique
2924 2630 3032 2671 non
3073 2617 3396 2687 ignorarem,
3437 2615 3484 2672 si
3525 2615 3738 2672 animus

2147 2722 2298 2763 meus
2329 2722 2495 2778 usque
2540 2707 2608 2762 ad
2649 2722 2712 2764 ea
2756 2708 2872 2762 loca
2916 2708 3316 2780 porrigeretur,
3349 2708 3738 2785 praesentiaque

2147 2799 2390 2854 sentiret.
2430 2798 2495 2853 A.
2525 2798 2722 2855 Verum
2767 2800 2896 2854 mihi
2942 2800 3139 2856 videris
3185 2799 3406 2856 dicere:
3453 2797 3548 2854 sed
3588 2806 3738 2854 certe

2150 2891 2267 2946 istae
2315 2891 2574 2962 imagines
2599 2907 2878 2962 corporum
2925 2904 3068 2948 sunt.
3115 2891 3179 2946 E.
3230 2891 3305 2946 lta
3343 2905 3564 2947 necesse
3610 2897 3733 2945 est:

2150 2999 2257 3039 non
2288 2984 2430 3039 enim
2459 2985 2601 3039 aliud
2629 2993 2755 3039 sunt
2781 2985 2938 3040 urbes
2966 2994 3228 3054 terraeque
3249 3025 3263 3050 ,
3296 2998 3457 3054 quam
3485 2996 3735 3052 corpora.

2221 3074 2274 3130 9.
2297 3075 2362 3128 A.
2413 3075 2762 3146 Nunquamne
2802 3076 3021 3130 intuitus
3061 3090 3120 3132 es
3159 3090 3320 3146 parva
3368 3074 3604 3144 specilla,
3646 3081 3742 3128 aut

2153 3181 2422 3236 nunquam
2454 3168 2505 3220 in
2536 3167 2733 3237 pupilla
2758 3166 2899 3221 oculi
2925 3166 3092 3221 alieni
3125 3165 3313 3221 faciem
3347 3173 3492 3220 tuam
3522 3163 3740 3220 vidisti?

2155 3257 2222 3314 E.
2250 3259 2361 3314 lmo
2389 3273 2553 3329 saepe.
2597 3259 2658 3313 Α.
2709 3258 2818 3315 Cur
2839 3260 3004 3315 multo
3029 3259 3239 3315 brevior
3266 3273 3423 3330 quam
3462 3267 3543 3314 est
3570 3272 3740 3328 appa-

2153 3350 2280 3406 ret?
2307 3347 2376 3403 E.
2405 3349 2542 3417 Quid
2585 3351 2730 3405 enim
2761 3350 2927 3406 velles
2973 3349 3116 3404 aliud
3152 3364 3311 3420 quam
3341 3359 3397 3404 ut
3439 3363 3534 3418 pro
3578 3345 3743 3403 modo

2155 3442 2356 3513 speculi
2381 3443 2688 3498 videretur?
2723 3442 2785 3497 A.
2817 3442 3048 3499 Necesse
3071 3451 3154 3498 est
3181 3457 3308 3512 ergo
3333 3442 3588 3512 imagines
3613 3455 3740 3495 eor—

2155 3550 2374 3606 porum,
2403 3537 2446 3591 si
2493 3551 2649 3606 parva
2693 3543 2816 3592 sunt
2852 3549 3079 3606 corpora
3127 3535 3180 3589 in
3225 3535 3414 3605 quibus
3457 3540 3736 3604 apparent,

2160 3643 2348 3698 parvas
2373 3644 2648 3699 apparere.
2694 3628 2760 3683 E.
2810 3628 3041 3684 Necesse
3086 3629 3323 3683 omnino.
3348 3627 3412 3680 A.
3453 3625 3558 3682 Cur
3585 3639 3735 3696 ergo,

2154 3736 2276 3775 cum
2303 3731 2406 3775 tam
2435 3737 2598 3790 parvo
2621 3721 2793 3792 spatio
2815 3721 2884 3776 sit
2902 3721 3077 3776 anima
3104 3737 3259 3791 quam
3284 3736 3476 3790 corpus
3495 3729 3578 3775 est
3596 3719 3737 3790 ejus,

2155 3823 2263 3870 tam
2293 3830 2497 3887 magna:
2522 3816 2575 3870 in
2609 3830 2670 3870 ea
2693 3823 2916 3886 possunt
2941 3814 3164 3884 exprimi
3187 3815 3463 3884 imagines,
3487 3821 3544 3868 ut
3563 3823 3616 3868 et
3646 3828 3739 3867 ur-

2154 3907 2270 3974 bes,
2315 3917 2368 3962 et
2407 3907 2627 3962 latitudo
2672 3916 2952 3975 terrarum,
2994 3915 3047 3962 et
3093 3921 3314 3976 qumque
3356 3905 3458 3959 alia
3503 3904 3738 3975 ingentia

2153 3998 2294 4069 apud
2339 4013 2397 4054 se
2428 3998 2596 4068 possit
2647 3997 2960 4068 imaginari?
2986 3996 3119 4052 Volo
3155 3998 3295 4052 enim
3335 3996 3532 4066 cogites
3580 3995 3738 4066 paulo

2155 4090 2492 4160 diligentius,
2521 4098 2716 4160 quanta
2760 4098 2814 4145 et
2849 4105 3007 4160 quam
3048 4089 3213 4143 multa
3255 4087 3512 4143 memoria
3556 4100 3764 4144 nostra-

2156 4185 2463 4253 contineat,
2505 4200 2624 4254 qua:
2666 4185 2848 4254 utique
2884 4184 3059 4237 anima
3095 4183 3450 4238 continentur.
3481 4180 3580 4248 Qui
3609 4193 3739 4250 ergo

2151 4272 2343 4332 fundus
2369 4283 2470 4343 est,
2492 4275 2580 4346 qui
2599 4275 2766 4341 sinus,
2789 4289 2906 4344 qua:
2934 4273 3259 4329 immensitas
3287 4289 3405 4344 quae
3433 4271 3597 4344 possit
3621 4270 3740 4326 haec

2154 4383 2345 4440 capere
2367 4411 2382 4438 ,
2413 4384 2534 4424 cum
2561 4377 2614 4424 et
2642 4383 2758 4424 eam
2791 4376 2988 4422 tantam
3026 4377 3280 4438 quantum
3315 4380 3507 4436 corpus
3534 4374 3616 4420 est
3642 4378 3740 4418 su-

2153 4460 2333 4530 perior
2364 4459 2501 4514 ratio
2525 4458 2770 4514 docuisse
2795 4457 3073 4513 videatur?
3101 4456 3166 4511 E.
3209 4457 3324 4512 Non
3363 4457 3576 4511 invenio
3611 4454 3740 4526 quid

2118 4551 2532 4621 'respondeam,
2581 4565 2683 4605 nec
2725 4551 2854 4605 satis
2899 4549 3162 4619 explicare
3198 4565 3435 4620 possunt,
3482 4557 3739 4620 quantum

2155 4659 2243 4701 me
2272 4645 2372 4699 ista
2419 4651 2667 4698 moveant
2697 4660 2710 4696 :
2739 4651 2793 4698 et
2836 4642 3060 4697 multum
3100 4657 3186 4698 me
3209 4641 3323 4712 ipse
3366 4641 3603 4708 derideo,
3644 4643 3737 4711 qui

2153 4734 2414 4804 superiori
2457 4733 2651 4787 rationi
2698 4741 2802 4787 tam
2855 4731 2960 4789 cito
2990 4746 3387 4800 consenseram,
3429 4741 3486 4786 ut
3523 4746 3587 4786 ex
3634 4732 3737 4788 isto

2153 4827 2392 4897 corporis
2419 4826 2579 4881 modo
2599 4835 2792 4896 quanta
2824 4826 2894 4880 sit
2930 4826 3106 4880 anima
3138 4825 3499 4880 terminarem.
3527 4824 3590 4877 Α.
3619 4823 3736 4879 Non

2153 4934 2281 4989 ergo
2300 4918 2410 4988 jam
2442 4918 2534 4972 tibi
2565 4919 2668 4972 tale
2715 4917 2909 4988 aliquid
2938 4917 3176 4985 videtur,
3205 4916 3374 4987 qualis
3398 4924 3588 4972 ventus
3617 4915 3738 4971 est?

2153 5010 2221 5066 E.
2270 5012 2426 5066 Nullo
2470 5011 2674 5066 modo:
2709 5026 2829 5064 nam
2871 5011 3077 5066 etiamsi
3116 5026 3207 5065 aer
3253 5011 3350 5065 iste
3393 5010 3542 5081 cujus
3585 5010 3736 5080 quasi

2154 5103 2370 5158 ﬂuctum
2395 5113 2608 5158 ventum
2641 5117 2759 5157 esse
2783 5102 3132 5172 probabiliter
3146 5102 3399 5167 creditur,
3428 5103 3742 5158 universum

2154 5197 2313 5251 istum
2355 5193 2606 5249 mundum
2651 5193 2818 5262 possit
2856 5193 3095 5262 implere,
3143 5193 3552 5249 innumerabiles
3601 5193 3736 5248 tales

2157 5288 2436 5359 tantosque
2487 5286 2713 5342 mundos
2757 5301 2936 5342 secum
2993 5286 3168 5340 anima
3215 5285 3488 5357 imaginari
3536 5293 3731 5356 potest,

2159 5396 2291 5452 quas
2319 5379 2573 5450 imagines
2597 5395 2700 5449 quo
2728 5378 2899 5448 spatio
2919 5377 3184 5432 contineat
3209 5377 3462 5446 suspicari
3484 5392 3586 5430 non
3610 5391 3736 5446 pos-

2161 5487 2301 5526 sum.
2334 5471 2398 5524 Α.
2422 5469 2556 5526 Vide
2581 5485 2710 5540 ergo
2733 5484 2803 5525 ne
2826 5469 3016 5525 melius
3051 5469 3120 5524 sit
3145 5484 3262 5523 eam
3287 5468 3526 5536 credere,
3559 5474 3616 5521 ut
3641 5482 3736 5522 su-

2156 5563 2340 5634 perius
2361 5561 2625 5628 dixeram,
2653 5575 2750 5614 nec
2775 5560 2982 5630 longam
3000 5601 3016 5626 ,
3046 5575 3146 5615 nec
3189 5558 3347 5613 latam
3372 5600 3388 5624 ,
3428 5573 3529 5613 nec
3549 5558 3732 5624 altam,

2159 5658 2294 5712 sicut
2320 5654 2449 5708 mihi
2483 5653 2548 5708 de
2576 5653 2777 5722 justitia
2813 5667 3172 5708 concesseras.
3201 5651 3267 5705 E.
3309 5651 3488 5706 Facile
3507 5650 3738 5706 asserui.

2159 5764 2296 5817 rem,
2327 5748 2424 5802 nisi
2449 5762 2532 5801 me
2555 5746 2671 5815 plus
2696 5743 3056 5808 conturbaret,
3084 5759 3188 5814 quo
3212 5758 3420 5798 rursum
3447 5753 3598 5814 pacto
3622 5751 3741 5795 Ian-

2160 5849 2333 5897 torum
2367 5838 2652 5910 Spatiorum
2694 5835 2948 5907 imagines
2969 5836 3378 5892 innumerabiles
3406 5836 3544 5891 nulla
3569 5840 3740 5894 suaet
