4096 6368
383 327 514 384 lO—ll

379 439 731 513 longitudine,
767 444 821 492 et
845 434 1143 503 latitudine,
1175 442 1230 491 et
1253 431 1539 488 altitudine
1561 444 1754 504 capere
1773 426 1963 501 possit.

547 533 773 589 CAPUT
806 530 889 585 VI.
918 561 988 570 —
1012 527 1299 599 Longitudo
1318 544 1456 580 mera
1481 535 1528 580 et
1552 524 1786 595 simplex.

449 628 537 684 l0.
571 629 636 681 Α.
667 627 1008 682 Inveniemus
1044 624 1146 678 hoc
1190 623 1416 677 fortasse
1461 629 1710 690 quantum
1741 615 1891 684 licetf,
1920 618 1966 672 si

376 720 524 791 prius
549 719 832 788 diligenter
851 716 1195 771 discutiamus
1223 713 1337 768 haec
1364 714 1460 766 tria
1483 754 1498 778 ,
1532 709 1582 764 id
1623 718 1701 765 est
1728 706 1966 777 longitu-

377 814 592 880 dinem,
626 809 988 876 latitudinem,
1031 817 1083 863 et
1123 805 1478 862 altitudinem.
1535 801 1716 873 Itaque
1759 800 1962 856 enitere

374 904 610 973 cogitare
632 900 1034 972 longitudinem,
1062 915 1178 969 qua:
1204 897 1375 952 adhuc
1402 895 1598 951 nullam
1629 893 1958 948 latitudinem

375 993 744 1064 aosumpscrit.
783 991 850 1046 Ε.
894 991 1034 1046 Nihil
1066 1005 1278 1060 possum
1308 990 1414 1044 tale
1442 988 1676 1058 cogitare
1706 1004 1717 1038 :
1745 984 1789 1038 si
1818 982 1959 1037 enim

377 1089 520 1140 tilum
543 1101 756 1141 araneae
794 1086 847 1139 in
878 1083 1055 1138 animo
1077 1083 1433 1147 constituero,
1460 1095 1565 1151 quo
1603 1077 1733 1132 nihil
1769 1076 1960 1131 exilius

381 1180 618 1234 solemus
647 1177 858 1244 videre;
886 1176 1115 1232 occurrit
1159 1175 1290 1229 mihi
1319 1175 1478 1230 etiam
1524 1173 1575 1226 in
1607 1187 1671 1226 eo
1698 1179 1875 1225 tamen
1905 1176 1960 1226 et

375 1269 649 1343 longitudo
682 1285 774 1340 per
816 1284 895 1336 se,
936 1276 991 1323 et
1033 1267 1277 1332 latitudo,
1308 1275 1360 1321 ct
1390 1263 1610 1318 altitudo
1639 1280 1651 1316 :
1681 1277 1799 1332 qua:
1828 1275 1956 1331 qua-

373 1365 681 1433 lescumque
719 1363 826 1416 sint
848 1403 862 1427 ,
892 1376 1012 1417 esse
1039 1369 1214 1415 tamen
1253 1373 1446 1430 negare
1488 1373 1595 1412 non
1621 1371 1859 1427 possum.
1891 1355 1953 1408 Α.

373 1455 483 1510 Non
563 1469 938 1525 usquequaque
981 1452 1206 1507 absurda
1257 1459 1339 1507 est
1402 1450 1679 1520 reSponsio
1739 1457 1823 1503 tua
1861 1448 1954 1504 sed

369 1557 513 1603 certe
543 1563 662 1602 cum
689 1548 784 1601 tria
805 1547 900 1600 ista
919 1547 973 1600 in
989 1561 1196 1599 araneae
1219 1543 1305 1598 ﬁlo
1329 1558 1448 1598 esse
1471 1542 1735 1612 intelligis,
1754 1541 1956 1596 discer-

368 1642 453 1697 nis
482 1641 616 1706 lucc,
647 1640 848 1710 etquid
880 1639 1018 1694 inter
1058 1653 1116 1694 se
1158 1637 1405 1693 diﬁ'erant
1443 1637 1615 1692 nosti?
1651 1636 1716 1690 E.
1761 1636 1954 1705 Quidni

367 1733 492 1804 quid
523 1732 772 1786 differant
814 1730 1060 1785 nossem?
1105 1731 1184 1784 An
1229 1729 1381 1784 aliter
1421 1729 1566 1799 potui
1600 1728 1778 1784 videre
1819 1727 1952 1782 nihil

368 1821 556 1880 horum
585 1825 773 1880 deesse
799 1824 921 1878 huic
949 1822 1073 1878 ﬁlo?
1112 1823 1176 1877 A.
1208 1823 1323 1890 Quo
1360 1822 1519 1893 igitur
1543 1821 1811 1876 intellectu
1838 1819 1954 1876 haec

367 1917 686 1981 discrevisti,
717 1917 816 1971 hoc
845 1925 994 1986 potes
1013 1917 1191 1978 etiam,
1218 1915 1470 1985 seiunctis
1496 1915 1620 1982 illis,
1651 1915 1818 1969 solam
1837 1915 1953 1968 lon-

366 2009 654 2080 gitudinem
680 2010 932 2079 cogitare,
961 2009 1002 2061 si
1034 2023 1132 2063 nec
1161 2007 1373 2078 aliquod
1399 2023 1592 2077 corpus
1621 2007 1803 2062 volvas
1837 2007 1951 2062 aui-

365 2118 452 2156 mo
473 2119 487 2155 :
511 2118 630 2155 nam
657 2101 1024 2170 quodcumque
1044 2099 1220 2164 fuerit,
1244 2099 1326 2154 his
1344 2100 1589 2154 omnibus
1606 2116 1708 2154 non
1726 2100 1946 2155 carebit.

365 2196 742 2265 lncorporeum
768 2203 850 2248 est
869 2195 1008 2248 enim
1035 2194 1174 2264 quod
1204 2203 1256 2249 te
1280 2210 1421 2249 nunc
1441 2195 1732 2266 intelligere
1756 2195 1946 2265 cupio:

363 2305 488 2344 nam
513 2291 624 2344 sola
651 2289 924 2360 longitudo
948 2304 1054 2344 non
1085 2289 1184 2343 nisi
1213 2288 1430 2359 intelligi
1461 2289 1638 2343 animo
1667 2297 1858 2358 potest,
1897 2289 1946 2342 in

362 2398 588 2455 corpore
611 2383 831 2438 inveniri
855 2397 958 2437 non
986 2390 1176 2452 potest.
1209 2381 1268 2434 E.
1298 2380 1415 2436 Jam
1442 2381 1696 2451 intelligo;
1725 2381 1790 2436 Α.
1813 2382 1949 2451 Ergo

361 2473 520 2530 istam
566 2472 946 2540 longitudinem
977 2473 1020 2526 si
1063 2471 1212 2540 quasi
1256 2485 1438 2526 secare
1487 2472 1803 2542 cogitatione
1854 2486 1952 2542 per

362 2564 577 2636 longum
599 2563 754 2628 velis,
779 2563 924 2619 vides
949 2565 1183 2634 profecto
1205 2578 1307 2618 non
1325 2578 1482 2635 posse
1502 2580 1515 2616 :
1536 2579 1655 2618 nam
1682 2564 1727 2618 si
1752 2573 1944 2632 potest,

362 2658 502 2714 inest
530 2659 686 2713 etiam
718 2658 957 2713 latitudo.
992 2657 1055 2712 E.
1084 2657 1416 2713 Manifestum
1455 2666 1553 2712 est.
1586 2659 1647 2711 Α.
1677 2659 1823 2712 Hanc
1848 2657 1948 2728 igi-

361 2759 449 2806 tur
476 2750 855 2821 longitudinem
886 2766 1088 2805 meram
1116 2758 1169 2804 et
1210 2750 1527 2818 simplicem,
1560 2749 1604 2804 si
1637 2750 1726 2804 tibi
1753 2750 1944 2819 placet,

361 2844 555 2900 lineam
586 2857 869 2898 vocemus:
905 2843 1004 2896 hoc
1036 2841 1176 2896 enim
1222 2842 1440 2896 nomine
1480 2857 1508 2895 a
1552 2841 1725 2897 doctis
1764 2841 1968 2896 multis-

360 2935 614 3006 appellari
643 2935 794 2989 solet.
823 2933 887 2990 E.
923 2934 1060 2988 Voca
1085 2932 1337 3004 quidquid
1365 2936 1443 2988 vis
1472 2952 1482 2987 :
1515 2950 1618 2987 non
1645 2935 1784 2988 enim
1817 2933 1948 2988 mihi

361 3029 426 3085 de
451 3028 756 3085 nominibus
780 3026 1126 3081 laborandum
1158 3036 1260 3092 est,
1293 3041 1412 3080 cum
1437 3041 1520 3080 res
1541 3035 1720 3096 aperta
1750 3026 1836 3080 sit.

430 3122 519 3176 Η.
559 3119 624 3174 Α.
667 3119 810 3173 Bene
841 3118 987 3184 facis,
1019 3128 1073 3172 et
1112 3135 1214 3171 non
1262 3119 1430 3171 solum
1465 3118 1721 3187 approbo,
1762 3133 1945 3172 verum

360 3214 519 3268 etiam
553 3224 769 3276 moneo,
815 3218 873 3264 ut
908 3225 1120 3279 semper
1148 3224 1322 3264 rerum
1371 3224 1549 3262 curam
1595 3209 1760 3280 magis
1788 3225 1947 3280 quam

360 3306 642 3361 verborum
663 3311 714 3358 te
729 3301 930 3358 habere
953 3302 1196 3357 delectet.
1224 3301 1327 3357 Sed
1349 3303 1485 3356 linea
1515 3303 1612 3357 ista
1635 3319 1791 3373 quam
1813 3305 1945 3373 jam,

364 3407 420 3452 ut
446 3398 656 3468 opinor,
689 3396 828 3451 bene
872 3395 1138 3464 intelligis,
1180 3395 1221 3448 si
1264 3395 1563 3464 porrigatur
1591 3395 1702 3450 sive
1729 3413 1792 3451 ex
1823 3411 1944 3463 una,

364 3493 474 3547 sive
501 3507 568 3547 ex
595 3501 822 3563 utraque
848 3498 1018 3560 parte,
1042 3504 1198 3558 quam
1218 3489 1267 3541 in
1296 3489 1506 3558 longum
1536 3489 1729 3560 porrigi
1753 3499 1944 3558 potest,

363 3582 540 3637 cernis
567 3582 769 3637 nullum
803 3595 920 3636 esse
946 3580 1125 3634 ﬁnem.
1153 3580 1234 3634 An
1266 3579 1331 3634 ad
1354 3579 1454 3634 hoc
1484 3581 1946 3648 contemplandum

363 3677 542 3732 minus
555 3676 696 3730 valet
720 3676 863 3731 acies
891 3674 1086 3729 mentis
1104 3672 1239 3728 tum?
1263 3671 1321 3725 Ε.
1344 3673 1684 3742 Contemplor
1710 3674 1945 3739 omnino,

366 3783 428 3824 ac
451 3769 580 3824 nihil
613 3769 837 3824 facilius.
866 3767 930 3821 Α.
964 3766 1122 3821 Vides
1151 3782 1276 3837 ergo
1306 3767 1463 3820 etiam
1494 3767 1687 3820 nullam
1729 3767 1946 3835 ﬁguram

367 3875 523 3932 posse
550 3860 683 3926 ﬁeri,
717 3861 760 3914 si
791 3859 920 3913 nihil
948 3866 1133 3929 agatur
1156 3858 1295 3912 aliud
1311 3874 1466 3928 quam
1486 3869 1539 3911 ut
1559 3858 1642 3911 illa
1663 3858 1800 3912 linea
1824 3872 1948 3926 por-

368 3954 589 4022 rigatur.
621 3950 682 4004 E.
719 3950 888 4018 Quam
919 3949 1068 4004 dicas
1097 3950 1316 4019 figuram
1347 3949 1578 4002 nondum
1621 3950 1873 4018 intelligo.

369 4043 593 4099 CAPUT
631 4041 1257 4115 VII.—Compcudiosior
1288 4050 1336 4095 et
1364 4043 1675 4096 multitudini
1700 4045 1852 4097 tutior
1884 4045 1951 4098 ad

438 4136 657 4190 veritatis
681 4137 1051 4205 perceptionem
1070 4135 1150 4188 via
1173 4150 1261 4205 per
1281 4135 1626 4188 auctoritatem
1642 4178 1654 4201 ,
1683 4152 1831 4206 quam
1862 4154 1951 4207 per

440 4229 712 4281 rationem.

442 4318 508 4372 A.
549 4316 797 4388 Figuram
845 4316 1055 4373 interim
1100 4332 1256 4382 voco,
1311 4333 1430 4372 cum
1472 4317 1684 4388 aliquod
1724 4321 1951 4388 spatium

369 4409 511 4465 linea
537 4407 755 4464 lineisvc
784 4408 1135 4474 concluditur,
1173 4416 1416 4479 tanquam
1448 4411 1489 4464 si
1521 4410 1779 4465 circulum
1810 4412 1951 4466 face-

371 4515 477 4568 res,
509 4506 601 4555 aut
626 4507 851 4570 quatuor
887 4498 1056 4556 lineas
1084 4499 1276 4556 ﬁnibus
1305 4501 1415 4556 suis
1445 4501 1657 4556 sibimet
1680 4501 1948 4574 jungeres,

709 4624 953 4819 (κ

809 4741 842 4772 ⁸
932 4799 948 4819 ι

735 4799 948 4884 \._/

376 4952 443 5008 ita
476 4958 534 5006 ut
565 4947 758 5005 nullius
789 4950 907 5030 ﬁnis
935 4951 1002 5007 ab
1028 4951 1243 5009 alterius
1269 4958 1603 5027 copulatione
1629 4960 1763 5016 liber
1788 4970 1951 5018 esset.

378 5047 440 5101 Ε.
475 5044 611 5113 Quid
641 5043 787 5100 dicas
816 5043 1057 5115 ﬁguram,
1084 5046 1193 5116 jam
1236 5063 1325 5103 me
1365 5050 1544 5105 videre
1575 5053 1828 5121 arbitror;
1861 5057 1955 5112 sed

377 5140 573 5191 utinam
606 5145 712 5190 tam
736 5136 970 5191 viderem
997 5152 1102 5207 quo
1128 5140 1224 5193 ista
1250 5140 1487 5209 tendant,
1519 5151 1609 5197 aut
1633 5145 1754 5214 quid
1783 5161 1846 5201 ex
1873 5145 1956 5202 his

379 5229 660 5285 educturus
691 5229 785 5290 sis,
816 5238 871 5282 ut
897 5243 995 5300 ego
1019 5229 1157 5299 quod
1195 5230 1263 5287 de
1287 5231 1461 5286 anima
1490 5236 1722 5305 requiro,
1769 5240 1952 5295 sciam.

447 5323 533 5378 12.
573 5323 638 5377 Α.
681 5323 792 5377 Hoc
833 5323 980 5377 initio
1022 5330 1072 5379 te
1099 5324 1367 5393 admonui,
1396 5337 1451 5383 et
1474 5329 1736 5400 postulavi
1776 5340 1833 5387 ut
1861 5350 1956 5403 pao

377 5417 568 5473 tienter
617 5416 784 5471 ferres
827 5417 1152 5487 aliquantum
1194 5418 1467 5475 circuitum
1511 5431 1771 5489 nostrum,
1817 5426 1956 5496 quod

378 5509 502 5564 item
531 5523 713 5578 quaeso
745 5515 804 5563 ut
839 5508 1020 5562 facias.
1051 5510 1166 5564 Non
1192 5510 1322 5566 levis
1350 5528 1436 5568 res
1461 5516 1733 5584 quzeritur,
1760 5534 1863 5572 non
1891 5520 1958 5575 fa-

377 5601 492 5656 cilis
519 5599 587 5655 ad
626 5602 1085 5670 cognoscendum:
1111 5597 1447 5661 nosse'enim
1487 5607 1588 5664 hoc
1615 5611 1770 5680 plane
1799 5627 1860 5666 ac
1892 5622 1960 5667 te-

377 5709 505 5750 nere
531 5693 797 5761 volumus,
831 5694 872 5748 si
907 5693 1018 5750 ﬁeri
1047 5704 1239 5768 potest.
1269 5697 1425 5753 Aliud
1445 5707 1528 5755 est
1552 5702 1692 5756 enim
1720 5718 1839 5758 cum
1875 5719 1960 5759 au-

378 5783 610 5841 ctoritati
638 5783 928 5854 credimus,
957 5787 1098 5845 aliud
1125 5804 1246 5846 cum
1273 5792 1483 5852 rationi.
1513 5794 1822 5852 Auctoritati
1850 5811 1958 5858 cre-

1775 296 1972 352 Lllllsli
2015 295 2098 351 ΟΝ
2109 293 2208 352 US.
2305 330 2307 333 -

3510 291 3650 354 1042

2074 421 2202 476 dere
2217 431 2466 489 magnum
2497 412 2869 484 compendium
2894 420 2992 481 est,
3023 420 3077 467 et
3101 409 3276 467 nullus
3299 409 3478 466 labor:
3505 407 3650 481 quod

2071 513 2116 568 si
2148 521 2200 568 te
2227 511 2476 574 delectat,
2505 509 2704 579 poteris
2731 509 2892 561 inulla
2917 507 3112 576 legere,
3141 521 3258 575 quae
3287 505 3461 576 magni
3483 513 3539 560 et
3566 502 3650 559 di-

2070 603 2176 656 vini
2211 603 2308 656 viri
2343 601 2409 654 dc
2432 600 2512 654 his
2539 600 2696 653 rebus
2725 595 3022 652 necessaria
3049 611 3166 666 qua:
3195 595 3522 660 videbantur,
3554 609 3646 650 sa-

2069 693 2287 748 lubriter
2315 689 2726 761 imperitioribus
2750 689 2900 759 quasi
2922 694 3050 742 nutu
3065 685 3291 756 quodam
3315 685 3472 738 locuti
3500 693 3644 750 sunt,

2066 787 2316 857 credique
2343 785 2443 840 sibi
2473 784 2755 837 voluerunt
2769 783 2836 836 ab
2863 781 2947 846 iis,
2975 795 3198 850 quorum
3224 779 3412 832 animis
3427 777 3510 832 vel
3533 785 3645 832 tar-

2064 877 2302 933 dioribus
2321 877 2400 932 vel
2422 874 2855 946 implicatioribus
2876 873 2973 926 alia
2997 872 3138 926 salus
3168 885 3286 925 esse
3313 885 3420 924 non
3447 876 3643 940 posset.

2063 971 2221 1028 Tales
2249 971 2390 1026 enim
2426 968 2688 1035 homines,
2719 981 2942 1038 quorum
2976 963 3212 1034 profecto
3242 963 3469 1016 maxima
3501 961 3644 1016 mul-

2063 1062 2232 1117 titudo
2269 1070 2380 1127 est,
2414 1061 2459 1115 si
2489 1060 2692 1115 ratione
2732 1058 2895 1113 velint
2939 1071 3123 1110 verum
3164 1053 3641 1124 comprehendere,

2061 1154 2491 1211 similitudinibus
2519 1153 2779 1208 rationum
2811 1148 3059 1204 facillime
3101 1143 3454 1216 decipiuntur,
3496 1153 3550 1199 et
3590 1145 3642 1199 in

2060 1250 2235 1304 varias
2263 1246 2554 1316 noxiasque
2579 1245 2856 1314 opiniones
2883 1243 2952 1298 ita
2977 1241 3244 1303 labuntur,
3278 1246 3336 1292 ut
3369 1253 3641 1306 emergere

2059 1339 2184 1395 inde
2207 1353 2270 1394 ac
2296 1337 2528 1403 liberari,
2556 1345 2647 1391 aut
2675 1351 2960 1407 nunquam,
2993 1341 3082 1388 aut
3110 1332 3386 1404 aegerrime
3423 1342 3638 1401 queant.

2059 1431 2153 1486 His
2179 1445 2305 1500 ergo
2333 1427 2668 1483 utilissimum
2707 1437 2789 1484 est
2835 1417 3295 1482 excellentissima:
3343 1424 3641 1478 auctoritati

2058 1520 2299 1586 credere,
2332 1527 2386 1574 et
2405 1518 2696 1574 secundum
2718 1518 2820 1573 hoc
2839 1533 2997 1589 agere
3019 1518 3202 1572 vitam.
3227 1517 3378 1584 Quod
3407 1516 3451 1569 si
3481 1516 3642 1569 tutius

2057 1623 2232 1686 putas,
2267 1628 2371 1668 non
2400 1613 2574 1668 solum
2599 1612 2729 1666 nihil
2762 1612 2973 1677 resisto,
3000 1609 3094 1666 sed
3121 1611 3278 1665 etiam
3297 1609 3519 1663 multum
3544 1624 3638 1677 ap-

2057 1708 2243 1780 probo.
2272 1705 2327 1762 Si
2354 1715 2529 1762 autem
2555 1704 2896 1775 cupiditatem
2929 1705 3082 1759 istam
3110 1703 3380 1759 refrenare
3407 1717 3511 1756 non
3542 1716 3640 1771 po-

2055 1808 2156 1866 tes,
2203 1785 2304 1871 qua
2348 1800 2441 1854 tibi
2472 1798 2778 1870 persuasisti
2810 1798 3016 1854 ratione
3045 1798 3324 1867 pervenire
3349 1797 3416 1850 ad
3441 1797 3639 1851 verita-

2052 1901 2161 1948 tem
2183 1936 2195 1960 ,
2226 1893 2377 1946 multi
2425 1900 2482 1947 et
2530 1891 2668 1961 longi
2698 1890 2950 1945 circuitus
2980 1890 3074 1944 tibi
3107 1889 3362 1944 tolerandi
3408 1898 3548 1952 sunt,
3583 1898 3641 1942 ut

2054 1999 2159 2038 non
2205 1985 2342 2039 ratio
2372 1991 2425 2039 te
2455 1983 2699 2048 adducat,
2731 1982 2830 2035 nisi
2860 1997 2921 2035 ea
2964 1997 3083 2053 quae
3112 1981 3223 2034 sola
3255 1981 3390 2034 ratio
3417 1980 3638 2034 dicenda

2053 2083 2155 2144 est,
2186 2076 2238 2130 id
2264 2085 2346 2154 est
2370 2091 2493 2130 vera
2518 2074 2684 2140 ratio;
2708 2081 2759 2128 et
2783 2089 2887 2128 non
2910 2075 3082 2128 solum
3107 2087 3254 2135 vera,
3274 2073 3368 2127 sed
3387 2075 3453 2126 ita
3472 2081 3637 2138 certa,

2054 2167 2200 2222 etab
2228 2167 2372 2221 omni
2402 2165 2747 2220 similitudine
2767 2163 3007 2218 falsitatis
3030 2165 3221 2229 aliena,
3255 2163 3298 2218 si
3325 2172 3502 2218 tamen
3531 2165 3640 2218 ullo

2053 2256 2213 2312 modo
2237 2256 2350 2310 hinc
2376 2255 2442 2310 ab
2470 2255 2683 2309 homine
2707 2255 2928 2308 inveniri
2958 2260 3152 2324 potest,
3187 2261 3246 2308 ut
3273 2254 3430 2308 nulla:
3451 2253 3638 2324 dispu-

2053 2348 2281 2404 tationes
2324 2348 2469 2402 falsa:
2498 2354 2590 2401 aut
2617 2347 2932 2401 verisimiles
2961 2345 3028 2400 ab
3057 2360 3117 2400 ea
3145 2353 3198 2400 te
3224 2345 3428 2414 possint
3457 2345 3640 2399 tradu-

2051 2455 2193 2496 cere.
2243 2438 2306 2493 E.
2335 2437 2475 2493 Nihil
2501 2438 2609 2507 jam
2650 2451 2992 2508 praepropere
3037 2435 3387 2490 desiderabo:
3416 2443 3536 2506 agat
3577 2449 3641 2489 ac

2051 2531 2210 2586 ducat
2233 2530 2368 2584 ratio
2387 2544 2488 2600 qua
2509 2528 2671 2594 vult‘,
2700 2527 2987 2583 dummodo
3013 2527 3283 2597 perducat.

2051 2623 2276 2680 CAPUT
2314 2621 2450 2676 VIII.
2479 2651 2553 2662 —
2581 2620 2661 2676 De
2692 2621 2867 2692 ﬁguris
2909 2619 3292 2674 mathematicis.
3323 2618 3453 2692 Quot
3493 2618 3638 2675 lineis

2122 2695 2288 2764 ﬁgura
2305 2695 2415 2763 ﬁat.
2436 2692 2699 2758 Quomodo
2728 2691 2882 2746 tribus
2906 2692 3048 2746 lineis
3067 2692 3231 2763 ﬁgura
3253 2691 3406 2760 possit
3433 2692 3562 2759 ﬁeri.

2124 2789 2210 2843 15.
2252 2788 2318 2842 A.
2359 2787 2500 2842 Deus
2523 2786 2626 2842 hoc
2653 2785 2828 2851 faciet,
2863 2787 2950 2856 qui
2981 2794 3072 2839 aut
3095 2784 3164 2840 de
3183 2784 3310 2839 solis
3335 2785 3528 2852 talibus
3554 2800 3642 2840 re-

2050 2881 2167 2948 bus,
2202 2890 2292 2938 aut
2319 2889 2466 2936 certe
2495 2880 2562 2935 de
2591 2879 2674 2934 his
2701 2879 2931 2934 maxime
2973 2878 3341 2948 deprecandus
3387 2887 3489 2933 est.
3535 2877 3642 2933 Sed

2051 2976 2118 3031 ad
2147 2991 2258 3032 rem
2303 2991 2461 3046 quam
2501 2975 2830 3029 institueram
2877 2972 3176 3027 redeamus.
3210 2971 3340 3026 Nam
3369 2971 3412 3024 si
3439 2969 3643 3041 etquid

2052 3069 2119 3121 sit
2149 3067 2308 3130 linea,
2357 3074 2409 3119 et
2453 3065 2593 3136 quid.
2620 3066 2688 3119 sit
2719 3064 2883 3135 ﬁgura
2919 3064 3029 3134 jam
3072 3064 3164 3118 tibi
3192 3071 3374 3117 notmn
3406 3071 3520 3124 est,
3554 3063 3641 3119 dic

2054 3157 2195 3228 quod
2223 3158 2317 3211 abs
2347 3166 2396 3211 te
2422 3171 2620 3226 quaero,
2652 3155 2704 3210 id
2725 3163 2806 3210 est
2831 3164 3007 3209 utrum
3038 3164 3192 3224 putes
3224 3155 3384 3208 ullam
3420 3154 3641 3224 ﬁguram

2053 3249 2168 3303 ﬁeri
2214 3262 2392 3316 posse,
2435 3248 2480 3301 si
2508 3248 2648 3302 linea
2678 3261 2743 3302 ex
2786 3252 3008 3316 utraque
3053 3255 3229 3316 parte,
3262 3255 3353 3300 aut
3380 3261 3447 3300 ex
3477 3247 3643 3302 altera

2049 3355 2147 3412 per
2187 3339 2446 3393 inﬁnitum
2491 3337 2751 3392 ducatur?
2777 3336 2842 3391 E.
2884 3337 3035 3391 Nullo
3067 3337 3226 3391 modo
3256 3337 3308 3391 id
3333 3335 3445 3391 ﬁeri
3477 3351 3638 3406 posse

2052 3430 2330 3484 conﬁrmo.
2361 3429 2426 3482 Α.
2458 3428 2593 3495 Quid
2625 3427 2784 3497 igitur
2824 3427 3086 3497 agendum
3116 3437 3197 3482 est
3231 3437 3287 3481 ut
3317 3427 3538 3497 ﬁguram
3566 3427 3643 3482 fa-

2051 3520 2286 3575 ciamus?
2316 3519 2380 3572 E.
2405 3519 2564 3585 Quid,
2595 3518 2695 3573 nisi
2725 3527 2781 3573 ιιι
2814 3518 2900 3573 illa
2931 3519 3070 3573 linea
3101 3519 3300 3572 inﬁnita
3337 3535 3442 3573 non
3473 3520 3560 3585 sit,
3587 3528 3643 3576 et

2052 3611 2274 3667 ducatur
2295 3612 2346 3666 in
2372 3610 2648 3673 circulum,
2678 3619 2735 3664 ut
2759 3624 2824 3664 ex
2846 3610 2946 3663 alia
2967 3619 3114 3678 parte
3131 3625 3188 3664 se
3205 3610 3512 3679 contingat?
3535 3625 3642 3666 non

2050 3705 2193 3758 enim
2221 3703 2398 3768 video,
2440 3701 2706 3773 quomodo
2733 3702 2890 3756 aliter
2916 3701 3080 3777 possit
3113 3718 3177 3757 ex
3207 3717 3310 3755 una
3338 3702 3476 3756 linea
3507 3717 3639 3757 con-

2053 3795 2194 3850 cludi
2224 3793 2438 3865 aliquod
2466 3794 2725 3864 spatium;
2755 3792 2894 3863 quod
2918 3794 3017 3849 nisi
3047 3794 3156 3859 ﬁat,
3180 3794 3469 3849 secundum
3497 3804 3641 3850 tuam

2051 3886 2486 3956 descriptionem,
2510 3887 2672 3956 figura
2695 3900 2801 3940 non
2825 3886 2945 3940 erit.
2967 3885 3031 3939 A.
3057 3885 3216 3952 Quid,
3239 3886 3284 3940 si
3309 3887 3466 3940 rectis
3487 3886 3642 3942 lineis

2053 3978 2274 4048 figuram
2309 3978 2482 4034 facere
2509 3977 2706 4032 velim?
2727 3987 2901 4048 potest
2929 3977 3045 4031 ﬁeri
3071 3985 3126 4030 ut
3149 3975 3215 4031 de
3243 3993 3343 4032 una
3365 3977 3502 4031 linea
3526 3977 3638 4045 ﬁat,

2053 4086 2119 4126 an
2141 4087 2249 4126 non
2275 4072 2481 4142 potest?
2512 4071 2578 4125 E.
2605 4070 2760 4126 Nullo
2787 4070 2968 4125 modo.
3009 4068 3072 4122 Α.
3109 4070 3265 4138 Quid,
3305 4070 3544 4125 duabus?
3571 4069 3640 4126 E.

2053 4164 2132 4220 Ne
2161 4164 2264 4246 hoc
2291 4165 2525 4234 quidem.
2554 4161 2618 4218 Α.
2649 4164 2806 4231 Quid,
2850 4164 3054 4218 tribus?
3082 4163 3143 4216 E.
3177 4163 3340 4218 Video
3369 4178 3543 4232 posse.
3574 4163 3640 4219 Α.

2054 4255 2197 4311 Bene
2223 4257 2380 4327 igitur
2399 4256 2538 4311 nosti
2561 4271 2623 4311 ac
2645 4264 2812 4318 tenes,
2832 4270 2953 4310 cum
2977 4255 3138 4325 ﬁgura
3179 4255 3336 4309 lineis
3376 4255 3535 4309 rectis
3564 4255 3642 4308 fa-

2055 4347 2241 4403 cienda
2263 4356 2362 4411 est,
2387 4348 2562 4402 minus
2578 4363 2737 4417 quam
2759 4347 2927 4401 tribus
2945 4363 3046 4401 non
3069 4362 3244 4414 posse.
3263 4351 3343 4400 An
3361 4349 3404 4401 si
3425 4348 3530 4402 ulla
3549 4348 3640 4403 tibi

2055 4438 2363 4494 adversetur
2375 4439 2530 4505 ratio,
2544 4437 2609 4492 de
2623 4438 2719 4492 hac
2737 4446 2786 4491 te
2804 4438 3064 4492 sententia
3080 4438 3392 4493 devocabit?
3409 4439 3642 4494 E.Plane

2059 4530 2103 4584 si
2134 4531 2253 4600 quis
2278 4529 2407 4584 mihi
2439 4530 2541 4584 hoc
2569 4528 2756 4584 falsum
2789 4545 2908 4584 esse
2938 4530 3343 4596 monstraverit,
3370 4530 3501 4585 nihil
3540 4532 3644 4588 erit

2057 4618 2198 4688 quod
2227 4634 2310 4672 me
2338 4619 2475 4674 scire
2505 4633 2661 4688 posse
2686 4620 2968 4675 conﬁdam.
2997 4619 3061 4672 Α.
3092 4620 3240 4675 Nunc
3257 4636 3385 4691 ergo
3411 4621 3535 4676 illud
3558 4637 3645 4677 re-

2057 4710 2280 4780 sponde,
2298 4709 2564 4780 quomodo
2581 4711 2746 4765 tribus
2762 4711 2914 4766 lineis
2938 4711 3158 4780 ﬁguram
3182 4713 3404 4768 feceris?
3425 4713 3489 4766 E.
3510 4715 3641 4769 Cum
3711 4714 3714 4715 ⁷

2057 4814 2117 4856 se
2143 4800 2334 4855 ﬁnibus
2353 4800 2601 4871 jungunt.
2631 4801 2695 4856 Α.
2720 4803 2888 4869 Quid?
2913 4804 2996 4857 ubi
3022 4820 3078 4857 sc
3098 4803 3342 4872 jungunt,
3369 4819 3545 4859 nonne
3568 4807 3646 4860 vi-

2057 4892 2212 4948 detur
2244 4893 2334 4946 tibi
2359 4895 2587 4963 angulus
2609 4893 2757 4948 ﬁeri?
2800 4894 2866 4948 E.
2893 4894 2966 4947 Ita
2997 4902 3099 4949 est.
3136 4894 3200 4947 A.
3229 4893 3368 4960 Quot
3396 4910 3521 4966 ergo
3550 4911 3646 4951 an-

2058 4983 2196 5054 gulis
2222 4984 2335 5038 htec
2365 4983 2528 5054 ﬁgura
2556 4985 2795 5040 constat?
2822 4984 2887 5038 E.
2929 4985 3170 5038 Totidem
3201 4993 3330 5055 quot
3369 4985 3545 5042 lineis.
3575 4987 3642 5044 Α.

2059 5075 2231 5154 Quid?
2263 5076 2403 5146 ipsas
2429 5076 2596 5131 lineas
2626 5092 2777 5146 p..res
2810 5077 3104 5139 constituis,
3154 5092 3221 5130 an
3261 5078 3528 5147 impares?
3572 5079 3642 5138 E.

2060 5167 2242 5222 Pares.
2268 5165 2332 5220 A.
2362 5167 2532 5234 Quid?
2562 5169 2737 5238 anguli
2770 5167 3095 5222 tantumdem
3121 5183 3308 5224 omnes
3343 5178 3546 5242 patent,
3575 5189 3645 5229 an

2061 5267 2144 5316 est
2167 5259 2300 5312 alius
2321 5260 2424 5313 alio
2453 5259 2774 5314 contractior
2803 5258 2884 5312 vel
2909 5259 3177 5328 apertior?
3302 5261 3474 5316 Etiam
3501 5263 3646 5333 ipsos

2061 5365 2215 5423 pares
2239 5364 2356 5406 esse
2385 5351 2560 5407 video.
2589 5352 2654 5406 Α.
2686 5352 2940 5407 Potestne
2971 5351 3106 5421 ﬁeri,
3139 5360 3198 5408 ut
3233 5353 3288 5410 in
3313 5353 3501 5426 ﬁgura,
3527 5371 3646 5426 qua)

2131 5811 2147 5842 ¹
2181 5816 2311 5873 hom,
2333 5825 2428 5875 quo
2447 5814 2557 5866 ινιιη.
2580 5822 2629 5866 tn
2647 5814 2752 5869 aliis
2772 5816 2906 5880 Cdd.,
2928 5830 3022 5884 qua
3042 5816 3158 5870 vult.

3557 5873 3565 5883 ι
