4096 6368
474 481 648 541 tribus
688 481 851 539 rectis
887 481 1107 554 paribus
1144 481 1299 538 lineis
1327 480 1461 537 iacta
1501 481 1590 547 sit,
1632 481 1861 551 impares
1885 479 2060 550 anguli

471 573 610 639 sint;
633 588 702 631 an
727 589 831 630 non
853 574 1067 646 potest?
1085 574 1153 628 E.
1179 561 1339 630 Nullo
1363 587 1579 643 prorsus
1603 570 1781 626 modo.
1797 570 1863 625 Α.
1890 570 2063 639 Quid?

478 665 527 725 si
553 665 715 723 rectis
752 665 908 723 lineis
952 650 1138 733 tribus,
1169 664 1264 721 sed
1294 662 1586 734 imparibus
1621 662 1783 734 ﬁgura
1831 672 2059 728 constet,

474 765 703 831 possunt
723 759 883 815 etiam
910 758 963 814 in
990 759 1089 814 ista
1115 772 1266 828 pares
1287 770 1407 813 esse
1425 755 1624 827 anguli,
1648 769 1714 810 an
1739 754 1884 812 aliud
1904 755 2062 812 intel-

475 848 637 921 ligisl
662 848 730 905 Ε.
768 849 996 906 Omnino
1027 864 1131 905 non
1165 856 1408 920 possunt.
1438 847 1505 903 Δ.
1549 846 1715 903 Recte
1755 846 1890 904 dicis
1922 864 1935 903 :
1968 846 2062 904 sed

482 940 586 1008 dic,
608 955 807 1012 quasso,
828 956 1072 1012 quaenam
1100 939 1196 996 tibi
1217 939 1383 1011 ﬁgura
1403 939 1592 996 melior
1613 937 1857 997 videatur
1879 946 1933 995 et
1954 939 2064 1010 pul~

440 1032 999 1131 ἃειινίοιοῐνρθεἷιιοεᾼιιιιω
1043 1035 1279 1131 paribus,
1326 1048 1393 1089 an
1430 1049 1550 1106 quas
1592 1034 1884 1131 imparibus
1909 1034 2063 1092 lineis

476 1125 723 1183 constat?
747 1125 814 1181 E.
841 1125 971 1196 Quis
1014 1125 1221 1185 dubitet
1263 1141 1383 1185 eam
1409 1140 1531 1185 esse
1557 1126 1833 1183 meliorem
1876 1127 1930 1183 in
1961 1140 2063 1198 qua

448 1212 449 1219 “
477 1217 751 1288 aequalitas
781 1218 1068 1288 praevalet?

475 1306 703 1367 CAPUT
742 1308 834 1367 1X.
860 1339 935 1354 --
954 1310 1083 1378 Qua
1111 1311 1281 1384 ﬁgura
1319 1311 1660 1384 prastantior.
1702 1310 1772 1368 In
1812 1312 2063 1385 triangula

438 1408 447 1461 μ
913 1401 1040 1476 quid
1061 1402 1249 1475 angulo
1272 1404 1620 1459 contrarietur.

547 1495 638 1555 id.
673 1494 743 1555 Δ.
780 1496 922 1568 Ergo
967 1496 1314 1568 intequalitati
1353 1498 1709 1568 aequalitatem
1760 1496 2063 1569 praeponis?

475 1584 545 1642 Ε.
576 1584 770 1645 Nescio
798 1597 977 1647 utrum
1013 1588 1281 1660 quiSpiam
1324 1603 1431 1646 non
1479 1597 1773 1660 praeponat.
1816 1588 1881 1645 Α.
1930 1589 2063 1646 Vide

475 1694 619 1738 nunc
638 1681 692 1739 in
718 1671 882 1753 ﬁgura
902 1698 1022 1753 quae
1049 1682 1220 1739 tribus
1238 1682 1446 1754 angulis
1466 1682 1682 1754 paribus
1705 1681 1938 1753 perfecta
1954 1691 2055 1750 est,

473 1775 600 1848 quid
621 1776 674 1832 in
695 1791 758 1833 ea
778 1776 848 1833 sit
864 1776 1061 1848 angulo
1079 1776 1429 1845 contrarium,
1458 1776 1511 1833 id
1532 1784 1612 1833 est
1638 1790 1705 1832 ex
1724 1775 1892 1832 altera
1913 1784 2062 1845 parte

470 1876 660 1926 contra
686 1870 949 1940 positum;
980 1878 1158 1927 utrum
1187 1869 1326 1927 linea
1361 1884 1434 1925 an
1473 1869 1718 1941 angulus.
1746 1868 1811 1924 E.
1840 1868 2061 1926 Lineam

471 1960 651 2018 video.
674 1961 742 2017 Α.
772 1961 908 2035 Quid
934 1962 1095 2034 ergo?
1121 1962 1167 2018 si
1195 1972 1249 2019 et
1274 1963 1499 2034 angulus
1515 1961 1728 2032 angulo,
1756 1970 1810 2018 et
1837 1961 1975 2018 linea
1997 1960 2062 2018 ii-

472 2068 590 2110 ηοξ
613 2054 876 2111 contraria
902 2055 991 2121 sit,
1027 2070 1205 2112 nonne
1227 2054 1410 2112 fateris
1435 2055 1788 2125 aequalitatem
1813 2069 1933 2111 esse
1960 2070 2059 2125 po—

472 2144 664 2202 tiorem
691 2145 746 2202 in
780 2161 842 2202 ea
872 2146 1035 2218 ﬁgura
1063 2147 1116 2203 in
1141 2161 1246 2219 qua
1269 2146 1325 2202 id
1352 2144 1578 2205 accidit?
1607 2144 1673 2200 E.
1704 2145 1897 2203 Fateor
1937 2144 2057 2216 qui-

469 2235 618 2307 dem,
649 2236 747 2295 sed
770 2238 1216 2310 quemadmodum
1246 2237 1298 2294 id
1330 2237 1419 2293 ﬁat
1460 2237 1629 2293 tribus
1656 2236 1812 2295 lineis
1839 2236 2059 2293 omnino

468 2342 581 2385 non
606 2328 779 2385 video.
807 2328 872 2383 Α.
897 2329 1069 2398 Quid?
1092 2326 1328 2400 quatuor
1344 2328 1499 2386 lineis
1518 2336 1764 2398 potestne
1784 2327 1887 2384 hoc
1906 2327 2058 2384 ﬁeri?

397 2495 399 2498 Q
468 2416 539 2473 Ε.
564 2418 788 2475 Prorsus
812 2428 1007 2489 potest.
1028 2418 1094 2475 Δ.
1119 2420 1302 2478 Melior
1320 2428 1401 2477 est
1422 2419 1580 2492 igitur
1601 2420 1763 2490 ﬁgura
1784 2434 1903 2491 qua:
1926 2435 2058 2490 qua-

469 2518 592 2565 tuor
618 2511 775 2568 lineis
801 2514 958 2569 rectis
984 2514 1220 2583 paribus,
1268 2528 1427 2585 quam
1458 2529 1578 2584 quae
1607 2513 1779 2569 tribus
1823 2522 2051 2569 constat.

465 2601 537 2659 E.
560 2602 746 2659 Melior
763 2614 930 2674 certe,
952 2606 1214 2677 siquidem
1236 2607 1406 2676 magis
1430 2606 1484 2661 in
1509 2620 1571 2661 ea
1598 2606 1871 2676 aequalitas
1893 2607 2051 2663 valet.

466 2692 533 2749 Δ.
561 2693 697 2762 Quid
719 2696 886 2767 ergo?
910 2695 1069 2752 istam
1096 2712 1213 2769 qua:
1233 2704 1461 2768 quatuor
1483 2698 1644 2753 rectis
1664 2694 1880 2768 paribus
1900 2698 2055 2756 lineis

1517 2870 1716 3137 <>

457 3241 644 3313 conﬁt,
672 3257 935 3306 censesne
959 3261 1123 3321 posse
1149 3247 1309 3305 etiam
1355 3248 1430 3304 ita
1468 3247 1608 3318 ﬁeri,
1652 3258 1711 3304 ut
1734 3264 1843 3305 non
1870 3248 2048 3320 anguli

459 3351 650 3395 omnes
674 3338 729 3395 in
752 3354 815 3396 ea
842 3355 998 3411 pares
1016 3343 1143 3407 sint,
1166 3355 1234 3397 an
1256 3354 1363 3397 non
1387 3341 1573 3411 putas?
1592 3341 1657 3395 E.
1682 3341 1849 3397 Video
1864 3355 2044 3412 posse.

455 3431 523 3487 Α.
554 3431 793 3501 Quonam
819 3433 1015 3490 modo?
1044 3432 1112 3490 E.
1140 3434 1197 3489 Si
1215 3434 1324 3489 duo
1343 3435 1745 3502 contractiores,
1769 3434 1876 3489 duo
1893 3449 2051 3505 aper-

455 3523 623 3580 tiores
651 3524 778 3580 sint.
806 3524 873 3580 A.
904 3523 1135 3581 Videsne
1162 3524 1322 3579 etiam
1344 3523 1789 3595 quemadmodum
1813 3533 1866 3580 et
1886 3524 2045 3580 ambo

456 3615 865 3683 contractiores,
893 3624 949 3671 et
970 3615 1132 3671 ambo
1160 3615 1453 3684 apertiores
1471 3614 1571 3669 sibi
1618 3615 1869 3670 contrarii
1896 3614 2045 3670 sint?

454 3705 524 3761 E.
554 3706 631 3761 Ac
655 3707 933 3763 verissime
958 3714 1119 3778 atque
1149 3707 1509 3778 apertissime.
1539 3704 1605 3763 Α.
1638 3706 1912 3761 Servatam
1942 3707 2044 3776 igi-

453 3804 542 3852 tur
566 3806 621 3854 et
652 3798 751 3866 hic,
781 3808 977 3869 quanta
1003 3800 1203 3855 servari
1232 3798 1422 3869 potuit,
1444 3799 1623 3855 cernis
1648 3798 2039 3869 aequalitatem:

451 3893 629 3947 cernis
662 3894 801 3947 enim
829 3893 1069 3963 profecto
1097 3891 1211 3947 ﬁeri
1240 3906 1347 3947 non
1371 3905 1549 3962 posse,
1580 3899 1641 3947 ut
1666 3906 1786 3947 cum
1814 3901 2042 3963 quatuor

452 3983 672 4054 paribus
697 3983 850 4039 lineis
890 3984 1055 4055 ﬁgura
1100 3983 1392 4054 perﬁcitur,
1441 3998 1551 4039 non
1591 3992 1683 4038 aut
1710 3997 1919 4049 omnes,
1950 3993 2041 4041 aut

453 4084 598 4132 certe
622 4075 706 4131 vel
732 4076 845 4131 bini
868 4075 1045 4147 anguli
1072 4089 1231 4146 pares
1273 4075 1411 4142 sint;
1438 4090 1663 4147 quaeque
1686 4084 1866 4132 tamen
1888 4076 2038 4146 paria

451 4178 597 4237 sunt,
625 4168 726 4224 sibi
763 4183 831 4223 ex
866 4169 1136 4225 contrario
1163 4167 1503 4240 respondere.
1548 4167 1616 4224 Ε.
1646 4168 1843 4238 Cerno,
1872 4177 1927 4226 et
1948 4169 2039 4225 ﬁr-

450 4260 694 4315 missime
713 4267 889 4314 teneo.

524 4350 611 4407 is.
650 4349 714 4405 Α.
753 4349 964 4407 Nihilne
982 4358 1036 4407 te
1054 4360 1232 4408 movet
1253 4352 1414 4409 etiam
1438 4351 1493 4407 in
1524 4352 1608 4407 his
1629 4353 1791 4410 rebus
1822 4362 1966 4411 tanta
1981 4362 2038 4411 et

453 4449 560 4497 tam
583 4442 895 4496 inconcussa
924 4441 1164 4513 quaedam
1188 4444 1431 4514 iustitia?
1460 4441 1525 4498 E.
1564 4444 1806 4513 Quonam
1835 4445 2036 4502 modo?

449 4534 515 4589 Δ.
544 4533 676 4602 Quia
697 4531 851 4600 nihil,
880 4542 941 4589 ut
964 4535 1213 4603 arbitror,
1257 4536 1481 4592 dicimus
1507 4551 1625 4592 esse
1648 4537 1904 4607 justitiam
1931 4539 2033 4595 nisi

450 4626 786 4696 aequitatem:
813 4626 1035 4696 aequitas
1058 4636 1234 4683 autem
1268 4626 1337 4682 ab
1360 4627 1657 4699 aequalitate
1696 4628 1923 4698 quadam
1950 4629 2031 4685 vi-

449 4718 606 4773 detur
644 4718 927 4787 appellata.
958 4718 1065 4774 Sed
1091 4734 1209 4789 qua:
1236 4719 1288 4772 in
1318 4718 1415 4774 hac
1437 4719 1632 4774 virtute
1658 4719 1897 4791 aequitas,
1928 4720 2031 4776 nisi

446 4824 507 4870 ut
531 4831 625 4872 sua
644 4816 834 4889 cuique
858 4816 1194 4872 tribuantur?
1216 4817 1384 4873 Porro
1408 4832 1504 4872 sua
1529 4817 1740 4888 cuique,
1772 4816 1874 4873 nisi
1896 4833 2030 4889 qna-

447 4910 570 4967 dam
600 4910 938 4969 distinctione
962 4910 1121 4967 tribui
1147 4926 1250 4967 non
1281 4920 1523 4982 possunt.
1557 4911 1637 4965 An
1667 4910 1820 4965 aliter
1841 4910 2031 4981 putas?

448 5002 517 5059 E.
548 5001 883 5059 Manifestum
912 5011 1012 5068 est,
1043 5012 1097 5058 et
1120 5017 1337 5074 prorsus
1358 5002 1640 5057 assentior.
1659 4998 1724 5055 Α.
1743 5000 2030 5068 Quidldis-

445 5093 753 5149 tinctionem
796 5093 1140 5149 arbitrarisne
1180 5108 1299 5149 esse
1340 5093 1524 5158 ullam,
1568 5093 1612 5149 si
1654 5092 1833 5149 omnia
1880 5094 2024 5163 paria

446 5188 573 5255 siut,
595 5196 653 5241 ut
671 5185 801 5241 nihil
821 5188 1040 5243 omnino
1058 5188 1198 5243 inter
1212 5201 1270 5243 se
1288 5185 1571 5241 differant?
1594 5185 1657 5242 E.
1675 5185 1828 5241 Nullo
1844 5186 2023 5242 modo.

445 5276 512 5332 Δ.
538 5276 680 5349 Ergo
698 5277 899 5349 iustitia
942 5278 1141 5334 servari
1181 5293 1287 5333 non
1320 5287 1511 5348 potest,
1543 5276 1643 5332 nisi
1684 5278 1736 5332 in
1782 5280 1943 5333 rebus
1970 5279 2023 5334 in

446 5366 639 5438 quibus
660 5375 922 5434 servatur,
943 5369 1013 5423 sit
1031 5368 1291 5440 qumdam,
1320 5376 1377 5423 ut
1399 5368 1474 5423 ita
1498 5368 1691 5436 dicam,
1718 5370 2025 5439 imparilitas

447 5466 504 5513 et
529 5456 920 5514 dissimilitudo.
954 5458 1019 5513 Ε.
1050 5459 1311 5530 intelligo.
1338 5458 1404 5513 Α.
1430 5458 1562 5515 Cum
1586 5460 1741 5530 igitur
1768 5459 2026 5516 fateamur

446 5549 579 5605 istas
607 5547 822 5620 ﬁguras,
853 5550 919 5606 de
945 5550 1137 5621 quibus
1161 5552 1387 5623 agimus,
1420 5552 1559 5607 inter
1602 5567 1661 5607 se
1703 5568 1821 5608 esse
1863 5552 2021 5608 dissi-

447 5642 622 5710 miles,
650 5643 793 5699 illam
821 5644 1022 5701 scilicet
1044 5661 1164 5716 qua:
1194 5646 1381 5714 tribus,
1410 5640 1467 5703 et
1493 5647 1629 5702 hanc
1657 5663 1773 5716 quae
1799 5656 2024 5717 quatuor

446 5737 652 5806 angulis
672 5746 895 5807 constat,
918 5754 1039 5795 cum
1062 5739 1232 5795 ambae
1251 5740 1468 5812 paribus
1489 5740 1643 5795 lineis
1668 5741 1823 5807 ﬁant;
1848 5755 2024 5797 nonne

446 5828 656 5888 videtur
684 5832 778 5890 tibi
804 5832 1045 5905 quaedam
1087 5842 1290 5891 retenta
1315 5834 1538 5905 iustitia,
1565 5842 1622 5889 ut
1650 5833 1737 5889 illa
1778 5848 1898 5902 quae
1923 5836 2022 5891 ha-

1328 368 1415 429 DE
1452 365 1897 439 QUANTITATE
1936 363 2195 438 ΑΝΙΜᾹΞ,
2236 365 2290 421 S.
2333 365 2695 426 AUGUSTINI

2169 480 2298 536 bere
2327 497 2431 539 non
2462 492 2637 555 potest
2679 485 2997 558 parilitatem
3033 494 3436 562 contrariorum.
3470 500 3753 559 inconcus-

2167 587 2285 633 sam
2314 582 2492 631 teneat
2519 578 2829 647 angulorum
2860 582 3215 652 aequalitatem
3239 605 3252 642 :
3279 588 3330 642 in
3357 590 3456 647 hac
3480 609 3611 651 vero
3632 611 3759 667 quia

2172 673 2315 721 tanta
2356 676 2439 761 est
2459 669 2867 761 contrariorum
2894 681 3257 748 00ngruentia,
3302 683 3387 738 illa
3417 686 3505 743 lex
3534 690 3759 761 angulo—

2170 770 2286 811 rum
2330 757 2574 815 admittat
2620 763 2929 819 nonnullam
2974 766 3420 839 incequalitatem?
3466 774 3577 835 Hoc
3608 757 3758 853 vergo

2170 859 2291 902 cum
2334 864 2421 905 me
2463 851 2687 906 multum
2717 865 2977 924 moveret,
3006 861 3352 929 quaerendum
3382 865 3476 923 abs
3509 878 3558 925 te
3585 851 3757 927 visum

2171 946 2272 1030 est,
2300 955 2529 1011 quonam
2558 941 2721 999 modo
2751 945 2849 999 ista
2876 947 3117 1016 veritate,
3150 954 3421 1025 aequitate,
3455 962 3759 1030 atqualitate

2170 1029 2513 1088 delectarere.
2546 1031 2617 1087 E.
2646 1035 2763 1091 iam
2786 1052 2954 1095 cerno
2981 1041 3108 1112 quid
3133 1044 3302 1113 dicas,
3331 1057 3385 1101 et
3416 1029 3528 1103 non
3548 1054 3759 1111 medio-

2168 1121 2329 1212 criter
2348 1122 2605 1180 admiror.
2634 1123 2702 1182 Α.
2734 1125 2847 1199 Age
2871 1146 3032 1199 nunc,
3063 1133 3183 1201 quia
3216 1135 3555 1207 inaequalitati
3582 1158 3761 1212 mqua-

2169 1210 2371 1269 litatem
2395 1212 2516 1285 jure
2541 1217 2828 1287 praeponis,
2861 1235 2960 1276 nec
2987 1222 3265 1297 quisquam
3307 1231 3525 1284 omnino
3567 1210 3668 1298 est,
3707 1245 3761 1288 ut

2168 1308 2377 1378 opinor,
2404 1309 2637 1366 humano
2655 1327 2817 1369 sensu
2850 1315 3122 1386 praeditus,
3154 1321 3239 1375 cui
3268 1336 3375 1377 non
3405 1323 3456 1379 id
3485 1326 3760 1390 videatur;

2167 1416 2486 1473 quaeramus,
2514 1403 2560 1460 si
2588 1404 2777 1474 placet,
2805 1407 3024 1479 ﬁguram
3052 1412 3105 1467 in
3129 1429 3230 1484 qua
3258 1428 3462 1471 summa
3485 1422 3758 1490 aequalitas

2169 1493 2391 1552 inveniri
2413 1507 2604 1568 queat:
2634 1514 2982 1574 quaecumque
3006 1506 3149 1567 enim
3172 1508 3293 1575 erit,
3321 1526 3382 1567 ea
3407 1515 3615 1569 caeteris
3638 1516 3759 1572 sine

2168 1584 2496 1644 dubitatione
2524 1589 2854 1661 przeieretur.
2886 1593 2955 1651 E.
2986 1595 3168 1654 Placet
3210 1614 3358 1667 vero,
3407 1614 3459 1659 et
3503 1620 3621 1677 quae
3656 1606 3757 1663 ista

2168 1680 2258 1748 sit,
2284 1680 2423 1737 scire
2448 1683 2624 1752 cupio.

2342 1773 2568 1833 CAPUT
2604 1775 2672 1833 Χ.
2690 1808 2762 1819 -
2787 1779 3000 1840 Summa
3025 1786 3287 1860 cqualitas
3307 1788 3364 1845 in
3384 1789 3584 1863 ﬁguris.

3086 2124 3089 2129 .
3098 2108 3100 2110 τ
3250 2094 3277 2137 χ

2480 2144 2729 2181 -——_.J
3049 2165 3310 2207 ινηνδ

2467 1919 2486 2167 Ι

2241 2247 2325 2305 l6.
2367 2250 2430 2307 Α.
2460 2252 2616 2313 Prius
2643 2272 2770 2330 ergo
2800 2260 3081 2331 responde,
3118 2271 3298 2323 utrum
3330 2266 3420 2323 tibi
3448 2268 3656 2325 illarum
3681 2270 3750 2326 ﬁ-

2161 2354 2435 2414 gurarum,
2462 2362 2684 2418 quarum
2706 2357 2815 2423 jam
2845 2366 3098 2425 quantum
3130 2358 3258 2414 satis
3288 2359 3563 2416 videbatur
3607 2362 3749 2419 facta

2162 2436 2364 2492 mentio
2389 2446 2491 2506 est,
2521 2456 2585 2497 ea
2612 2443 2854 2501 videatur
2878 2447 3163 2514 excellere,
3195 2465 3313 2520 quae
3342 2462 3567 2521 quatuor
3592 2455 3753 2514 lineis

2162 2527 2397 2595 paribus,
2426 2531 2752 2606 totidemque
2775 2537 2982 2607 angulis
3005 2540 3220 2609 paribus
3239 2550 3478 2599 constet:
3498 2561 3748 2617 namque,

2161 2625 2221 2673 ut
2243 2618 2409 2686 vides,
2443 2621 2496 2678 in
2524 2621 2624 2681 hac
2651 2636 2707 2681 et
2733 2627 2994 2684 linearum
3035 2631 3311 2705 mquaiitas
3351 2645 3406 2690 et
3433 2637 3750 2705 angulorum

2160 2720 2271 2779 est;
2303 2722 2376 2779 et,
2407 2716 2548 2787 quod
2575 2718 2627 2775 in
2654 2719 2889 2794 illa-qua;
2917 2723 3083 2780 tribus
3122 2726 3276 2782 lineis
3305 2728 3517 2798 paribus
3546 2731 3752 2809 claudi:

2128 2811 2267 2873 .tur,
2296 2821 2402 2863 non
2433 2809 2857 2883 inveniebamus,
2902 2816 3055 2875 adest
3098 2817 3224 2874 huic
3252 2821 3493 2891 parilitas
3532 2834 3751 2883 contra.

2158 2897 2361 2956 riorum
2392 2919 2406 2955 :
2434 2917 2557 2957 nam
2586 2904 2742 2963 lineae
2774 2908 2935 2975 linea,
2965 2918 3020 2969 et
3062 2911 3285 2981 angulus
3330 2916 3528 2985 angulo
3554 2926 3657 2985 est,
3688 2929 3749 2977 ut

2157 2990 2354 3059 cernis,
2382 2995 2700 3053 contrarius.
2732 2996 2798 3053 Ε.
2822 2999 2899 3055 lta
2925 3014 3054 3058 vero
3090 3009 3194 3071 est,
3228 3012 3285 3060 ut
3325 3004 3480 3063 dicis.
3522 3007 3589 3065 Α.
3641 3009 3748 3064 lia-

2156 3077 2316 3137 betne
2330 3095 2590 3140 summam
2606 3088 2985 3159 aequalitatem,
3001 3106 3068 3149 an
3081 3094 3233 3151 aliter
3249 3094 3342 3155 tibi
3359 3096 3597 3156 videtur?
3610 3099 3745 3158 Nam

2155 3172 2202 3228 si
2229 3171 2410 3243 habet,
2439 3175 2655 3245 frustm,
2684 3189 2743 3236 ut
2766 3181 3184 3255 institueramus,
3216 3187 3373 3245 aliam
3418 3192 3744 3262 quaerimus;

2155 3266 2203 3320 si
2231 3274 2407 3323 autem
2453 3285 2559 3325 non
2590 3272 2765 3340 habet,
2795 3274 2917 3329 volo
2944 3283 3002 3332 ut
3028 3275 3257 3347 idipsum
3283 3279 3414 3339 mihi
3442 3282 3537 3341 abs
3564 3294 3614 3340 te
3643 3284 3743 3340 de.

2154 3368 2499 3416 monstretur.
2532 3361 2597 3418 Ε.
2629 3362 2850 3420 Videtur
2878 3366 3010 3423 mihi
3035 3366 3266 3428 habere:
3296 3388 3417 3429 nam
3449 3373 3534 3429 ubi
3561 3384 3614 3430 ct
3640 3391 3741 3431 an-

2153 3448 2263 3518 guli
2284 3464 2440 3519 pares
2463 3462 2516 3508 et
2542 3454 2695 3510 linea:
2721 3471 2877 3527 pares
2904 3468 3050 3526 sunt,
3079 3461 3166 3515 ubi
3193 3462 3584 3532 deprehendam
3611 3468 3744 3523 inae.

2152 3539 2457 3610 qualitatem
2488 3558 2593 3599 non
2622 3546 2794 3601 video.
2824 3549 2888 3601 A.
2918 3549 3030 3619 Ego
3051 3550 3195 3607 aliud
3218 3555 3423 3611 sentio:
3450 3572 3569 3615 nam
3593 3568 3742 3617 recta

2152 3628 2291 3686 linea
2314 3630 2487 3688 donec
2512 3635 2689 3690 veniat
2713 3636 2777 3691 ad
2800 3640 3040 3710 angulos,
3065 3656 3272 3699 summa
3288 3648 3588 3717 mqualitate
3605 3666 3745 3721 prte-

2150 3722 2261 3813 dita
2287 3734 2400 3790 est;
2429 3726 2521 3781 sed
2552 3742 2671 3783 cum
2716 3745 2783 3785 ex
2821 3730 3036 3789 diverso
3064 3734 3231 3790 latere
3260 3736 3362 3792 alia
3401 3740 3742 3813 conjungitur

2149 3812 2312 3884 linea,
2351 3826 2406 3872 et
2427 3820 2672 3890 angulum
2700 3820 2843 3887 facit,
2871 3839 3048 3881 nonne
3072 3840 3261 3885 censes
3292 3829 3391 3885 hoc
3418 3831 3586 3903 ipsum
3614 3812 3741 3892 esse

2148 3905 2449 3979 inaequale?
2471 3910 2551 3965 An
2597 3911 2688 3967 tibi
2734 3913 2927 3984 ﬁgurze‘
2952 3931 3074 3989 pars
3117 3934 3234 3990 quze
3257 3923 3271 3951 ³
3303 3921 3441 3977 linea
3472 3923 3743 3982 clauditur

2147 4010 2269 4051 cum
2297 3997 2383 4054 illa
2410 4008 2559 4068 parte
2586 4016 2705 4071 qute
2729 4005 2921 4073 angulo
2946 4007 3301 4077 concluditur,
3333 4026 3628 4083 congruere
3654 4015 3734 4069 vi-

2146 4085 2303 4142 detur
2328 4090 2627 4160 teqnalitate
2654 4100 2745 4148 aut
2772 4094 3154 4154 similitudine?
3181 4099 3247 4154 Ε.
3278 4101 3432 4157 Nullo
3461 4104 3654 4161 modo:
3684 4115 3740 4163 et

2144 4193 2234 4234 me
2255 4179 2416 4250 pudet
2437 4183 2748 4239 temeritatis
2765 4200 2928 4253 mete;
2955 4203 3023 4244 eo
3047 4191 3191 4244 enim
3218 4192 3408 4249 ductus
3433 4210 3571 4266 sum,
3590 4198 3734 4268 quod

2144 4278 2200 4325 et
2216 4273 2438 4343 angulos
2465 4273 2517 4327 in
2542 4289 2603 4329 ea
2631 4291 2784 4345 pares
2806 4277 2944 4335 inter
2968 4294 3027 4336 se
3047 4289 3100 4337 et
3126 4282 3289 4339 latera
3312 4300 3584 4345 cernerem
3608 4290 3735 4345 :sed

2142 4362 2262 4432 quis
2277 4378 2383 4417 non
2404 4364 2577 4420 videat
2599 4381 2783 4422 eorum
2805 4368 3029 4429 laterum
3046 4373 3113 4430 ab
3129 4376 3333 4447 angulis
3357 4393 3598 4448 magnam
3626 4380 3737 4439 dif-

2140 4451 2453 4508 ferentiam?
2471 4456 2533 4510 Α.
2563 4457 2759 4527 Accipe
2778 4460 2919 4515 aliud
2943 4461 3312 4534 inaequalitatis
3338 4471 3734 4541 apertissimum

2141 4541 2427 4599 indicium:
2458 4554 2602 4602 certe
2624 4549 2767 4603 enim
2794 4552 2991 4618 cernis,
3019 4553 3104 4608 vel
3136 4555 3278 4610 illam
3311 4558 3531 4626 ﬁguram
3562 4563 3734 4616 trian-

2138 4636 2316 4707 gulam
2338 4639 2554 4708 paribus
2576 4640 2729 4697 lineis
2748 4652 3100 4710 constantem,
3129 4650 3210 4704 vel
3238 4649 3392 4713 istam
3419 4654 3730 4723 quadratam

2139 4726 2337 4784 habere
2365 4730 2577 4801 aliquod
2605 4732 2863 4789 medium.
2894 4734 2957 4789 Ε.
2987 4736 3164 4795 Cerno
3185 4741 3358 4809 plane.
3385 4744 3444 4796 Α.
3476 4744 3643 4811 Quid?
3665 4748 3733 4801 ab

2137 4821 2327 4878 eodem
2356 4822 2533 4878 medio
2560 4839 2680 4879 cum
2713 4825 2882 4883 lineas
2912 4829 2978 4883 ad
3008 4845 3195 4887 omnes
3228 4834 3407 4904 ﬁgurae
3429 4847 3604 4905 partes
3627 4840 3727 4892 du-

2136 4912 2326 4981 cimus,
2353 4928 2581 4987 paresne
2608 4915 2703 4975 tibi
2735 4916 2856 4979 duci
2884 4918 3044 4980 lineae
3072 4922 3335 4995 videntur,
3364 4942 3430 4985 an
3463 4929 3729 4999 impares?

2466 5101 2723 5370 Α
3141 5096 3413 5367 Ε

2132 5449 2200 5505 Ε.
2230 5449 2469 5521 impares
2495 5466 2747 5521 prorsus:
2776 5466 2903 5507 nam
2933 5450 3199 5523 longiores
3246 5467 3336 5507 cas
3381 5467 3599 5507 necesse
3644 5458 3729 5507 est

2129 5556 2276 5607 esse,
2305 5558 2436 5615 quas
2464 5545 2517 5600 in
2542 5544 2765 5614 angulos
2795 5544 3059 5599 ducimus.
3093 5546 3156 5599 A.
3207 5546 3325 5600 Ista:
3374 5547 3427 5600 in
3469 5544 3726 5616 quadrata

2131 5645 2265 5707 quot
2293 5645 2441 5703 sunt,
2472 5646 2527 5692 et
2554 5645 2684 5709 quot
2711 5638 2763 5693 in
2795 5637 3095 5711 triangula?
3126 5639 3190 5693 E.
3220 5638 3455 5707 Quatuor
3486 5640 3588 5701 hic,
3614 5646 3724 5693 tres

2133 5727 2226 5784 ibi.
2251 5728 2314 5783 A.
2342 5728 2519 5795 Quid?
2562 5730 2799 5786 minimas
2842 5732 3083 5788 omnium
3113 5748 3229 5804 qua:
3253 5748 3488 5801 rursum,
3514 5740 3567 5787 et
3591 5738 3723 5807 quot

2156 5830 2214 5877 7‘
2249 5840 2814 5904 sicmuEdd.,qua.
