4096 6368
362 419 500 475 1015

361 536 485 588 sunt
511 519 562 584 in
590 523 754 598 ﬁgura
781 522 1038 598 utraque?
1078 521 1143 584 Ε.
1185 521 1450 586 Totidem.
1480 521 1678 578 scilicet
1708 534 1786 576 eae
1815 535 1936 592 quae

361 621 412 674 in
443 617 617 674 media
645 616 810 678 latera
840 615 1134 674 ducuntur.-
1153 615 1218 673 Δ.
1243 613 1534 676 Verissime
1577 612 1704 674 mihi
1743 611 1938 668 videris

359 713 560 777 dicere,
605 725 777 784 neque
803 708 890 779 hic
918 723 1051 782 opus
1093 716 1176 764 est
1215 707 1413 768 diutius
1453 706 1756 772 immorari;
1790 704 1856 762 ad
1884 703 1936 759 id

361 806 500 860 enim
533 803 672 876 quod
698 802 942 858 volumus
961 802 1088 858 satis
1110 809 1225 860 est:
1254 816 1376 859 nam
1403 808 1458 855 et
1481 814 1724 870 magnam
1755 812 1936 868 aequa-

360 897 559 950 litatem
589 895 672 950 hic
694 894 914 962 servari,
933 902 988 950 ut
1003 893 1212 968 opinor,
1231 891 1397 960 vides,
1425 898 1480 948 et
1504 901 1678 946 tamen
1703 889 1937 948 nondum

311 972 332 983 ’
359 1003 425 1042 ex
465 989 608 1042 omni
652 996 800 1057 parte
843 985 1154 1056 perfectam.
1184 983 1252 1038 E.
1281 983 1508 1038 Omnino
1533 981 1710 1049 video,
1738 991 1790 1040 et
1818 996 1936 1050 quae

360 1081 448 1136 illa
477 1081 637 1151 figura
666 1081 731 1134 sit
753 1093 869 1150 quae
889 1092 1150 1136 summam
1174 1076 1529 1148 aequalitatem
1549 1074 1758 1142 habeat,
1777 1086 1936 1130 nosse

361 1170 705 1232 vehementer
733 1175 1003 1244 exspecto.
1168 1239 1170 1241 g

393 1259 620 1318 CAPUT
655 1258 1160 1330 XI.—Figurarum
1197 1256 1507 1331 prcstqntia.
1544 1255 1679 1326 Quid
1703 1255 1900 1328 signum

882 1349 981 1416 sit;
1009 1347 1130 1419 quid
1154 1356 1414 1418 punctum.

432 1443 516 1498 l7.
547 1441 610 1496 Α.
643 1441 809 1510 Quam
839 1455 1026 1502 censes
1047 1483 1060 1508 ,
1098 1439 1198 1500 nisi
1240 1454 1354 1500 eam
1375 1481 1392 1506 ,
1418 1437 1568 1510 Cujus
1594 1444 1648 1492 et
1676 1436 1931 1496 extremi-

363 1543 442 1589 tas
471 1534 568 1588 sibi
595 1548 816 1588 concors
859 1539 941 1586 est
969 1531 1196 1604 undique
1215 1571 1231 1600 ,
1261 1529 1402 1590 nullo
1429 1527 1618 1599 angulo
1655 1527 1930 1597 aequalita-

361 1634 464 1682 tem
498 1625 838 1696 perturbante
861 1667 876 1693 ,
905 1631 957 1680 et
985 1639 1014 1678 a
1049 1623 1198 1700 cujus
1235 1623 1410 1684 medio
1455 1621 1521 1678 ad
1547 1635 1730 1676 omnes
1751 1629 1929 1678 extre-

359 1720 554 1773 mitatis
577 1728 753 1788 partes
777 1731 933 1788 pares
960 1717 1111 1774 linea:
1151 1715 1269 1778 dnci
1301 1715 1562 1786 possunt?
1595 1713 1658 1768 E.
1689 1712 1803 1774 Jam
1830 1755 1846 1780 ,
1875 1721 1932 1772 ut

357 1810 564 1879 opinor,
598 1809 832 1880 intelligo
863 1826 875 1862 :
905 1823 1025 1870 nam
1067 1807 1206 1864 illam
1253 1805 1472 1876 figuram
1502 1819 1619 1874 qua:
1665 1819 1765 1862 una
1793 1803 1929 1865 linea

359 1900 408 1954 in
428 1899 681 1954 circulum
703 1896 1210 1964 ducta‘terminatur,
1235 1895 1364 1950 mihi
1381 1895 1575 1950 videris
1600 1893 1925 1958 describere.

357 1990 418 2045 Α.
449 1992 612 2046 Recte
643 1991 911 2061 intelligis.
941 1989 1090 2044 Nune
1117 1990 1290 2060 itaque
1317 1987 1445 2044 illud
1477 1986 1776 2054 considera,
1806 2001 1926 2048 cum

359 2084 598 2154 superior
646 2082 780 2138 ratio
814 2081 1052 2136 docuerit
1090 2081 1280 2140 lineam
1330 2079 1380 2132 in
1430 2078 1541 2132 sola
1599 2077 1923 2148 longitudine

356 2174 598 2244 intelligi,
628 2190 725 2230 nec
754 2172 1040 2246 quidquam
1091 2170 1381 2225 latitudinis
1410 2183 1666 2239 usurpare
1688 2210 1702 2236 ,
1731 2177 1787 2224 et
1811 2167 1930 2222 ideo

357 2283 453 2340 per
472 2268 684 2337 longum
711 2281 810 2342 qua
849 2265 1059 2320 ducitur
1083 2263 1242 2318 dividi
1271 2279 1372 2318 non
1403 2277 1559 2334 posse
1584 2303 1598 2327 ,
1637 2269 1807 2315 utrum
1838 2261 1928 2314 tibi

353 2361 592 2416 videatur
633 2359 794 2431 ﬁgura
826 2358 1072 2432 quaelibet
1116 2358 1228 2411 sine
1273 2354 1548 2409 latitudine
1585 2352 1828 2407 inveniri.
1861 2351 1925 2406 E.

351 2453 507 2508 Nullo
532 2451 708 2506 modo.
749 2448 813 2504 A.
841 2449 1014 2518 Quid?
1053 2449 1162 2519 ipsa
1195 2445 1414 2502 latitudo
1444 2453 1682 2518 potestne
1706 2442 1930 2513 longitu-

354 2543 586 2604 tudinem
608 2558 710 2598 non
733 2541 947 2608 habere,
971 2539 1210 2612 quamvis
1226 2535 1447 2592 latitudo
1475 2535 1584 2590 sola
1603 2531 1671 2588 sit
1688 2575 1701 2598 ,
1733 2548 1927 2606 quem-

352 2633 632 2688 admodum
671 2632 914 2702 superius
947 2627 1327 2700 longitudinem
1369 2626 1484 2680 sine
1533 2623 1806 2680 latitudine
1852 2623 1932 2676 in-

353 2726 678 2790 telleximus;
729 2739 797 2778 an
841 2738 945 2777 non
989 2719 1287 2800 potesth‘.
1319 2718 1488 2774 Video
1527 2733 1634 2771 non
1662 2731 1836 2786 posse.
1863 2715 1926 2768 A.

351 2817 513 2874 Vides
555 2816 711 2872 etiam
742 2815 897 2886 illud,
934 2813 1035 2868 nisi
1072 2812 1241 2876 fallor,
1270 2810 1411 2886 quod
1438 2809 1659 2864 latitudo
1685 2809 1752 2864 ab
1781 2808 1929 2862 omni

354 2916 503 2980 parte
531 2908 688 2962 dividi
717 2915 908 2984 queat,
941 2907 1075 2960 linea
1102 2920 1226 2960 vero
1255 2920 1347 2974 per
1371 2903 1583 2972 longum
1606 2917 1708 2956 non
1747 2909 1926 2972 queat.

353 2997 420 3060 Ε.
449 2998 779 3054 Manifestum
816 3005 916 3052 est.
943 2996 1006 3049 Α.
1037 2995 1171 3064 Quid
1197 3010 1322 3064 ergo
1344 3001 1500 3072 putas
1532 2992 1693 3064 pluris
1726 2991 1928 3046 baben-

353 3091 525 3146 dum?
564 3089 704 3164 quod
739 3088 896 3144 dividi
924 3096 1113 3160 potest,
1159 3103 1225 3140 an
1254 3085 1304 3139 id
1331 3082 1470 3156 quod
1498 3098 1599 3137 non
1630 3083 1833 3156 potest?
1863 3082 1928 3136 E.

354 3181 597 3240 Profecto
626 3181 676 3238 id
713 3179 852 3250 quod
893 3195 996 3234 non
1045 3185 1239 3256 potest.
1269 3176 1333 3230 Α.
1365 3175 1636 3252 Prmponis
1673 3174 1828 3244 igitur
1863 3175 1930 3229 li-

356 3289 509 3330 neam
539 3270 816 3330 latitudini.
848 3270 978 3325 Nam
1006 3270 1049 3324 si
1080 3268 1220 3341 quod
1251 3267 1410 3323 dividi
1433 3282 1538 3320 non
1565 3274 1768 3337 potest,
1796 3281 1933 3338 prm-

355 3365 654 3440 ponendum
703 3373 812 3432 est;
853 3375 1220 3442 praeponamus
1265 3374 1486 3424 necesse
1536 3367 1618 3413 est
1666 3358 1824 3412 etiam
1878 3357 1932 3412 id

353 3455 492 3528 quod
533 3455 707 3509 minus
747 3452 910 3508 dividi
957 3449 1408 3523 potestzlatitndo
1455 3456 1631 3502 autem
1678 3463 1745 3503 ex
1787 3447 1932 3502 omni

354 3556 502 3619 parte
535 3545 805 3610 dividitur,
850 3543 1122 3614 longitudo
1151 3557 1275 3597 vero
1304 3555 1408 3595 non
1439 3539 1539 3595 nisi
1568 3555 1637 3596 ex
1673 3538 1885 3594 diverso
1911 3581 1927 3608 ,

357 3652 479 3691 nam
506 3651 600 3708 per
629 3637 842 3706 longum
888 3634 1207 3690 divisionem
1251 3647 1357 3688 non
1400 3630 1659 3685 admittit:
1686 3639 1767 3685 est
1805 3645 1932 3703 ergo

353 3726 627 3781 latitudine
652 3727 1004 3798 praestantior.
1045 3727 1128 3779 An
1155 3731 1212 3778 tu
1246 3723 1398 3777 aliter
1423 3719 1730 3777 existimas?
1757 3718 1826 3775 E.
1857 3720 1933 3776 Ita

354 3832 576 3889 prorsus
606 3817 739 3872 ratio
759 3817 898 3896 cogit
925 3815 1078 3871 fateri
1108 3822 1168 3870 ut
1192 3813 1346 3869 dicis.

438 4382 526 4442 i8.
558 4382 619 4436 Α.
649 4381 764 4437 Jam
792 4393 1124 4453 quaeramus,
1147 4379 1190 4434 si
1217 4379 1406 4452 placet,
1432 4388 1607 4434 utrum
1639 4378 1707 4432 sit
1736 4376 1930 4449 aliquid

359 4475 410 4531 in
446 4475 543 4532 ista
587 4475 790 4529 ratione
810 4515 822 4538 ,
864 4469 1003 4544 quod
1032 4471 1247 4527 omnino
1277 4487 1379 4525 non
1407 4477 1565 4544 queat
1600 4467 1759 4523 dividi
1787 4484 1800 4528 ;
1832 4467 1932 4522 erit

358 4568 498 4623 enim
531 4565 630 4621 hoc
658 4567 824 4620 multo
849 4565 1006 4620 etiam
1034 4581 1190 4636 quam
1235 4563 1322 4618 illa
1369 4563 1507 4618 linea
1547 4561 1756 4616 melius.
1796 4559 1929 4615 Nam

357 4656 550 4712 lineam
574 4657 748 4712 cernis
775 4673 839 4711 ex
859 4656 1070 4712 diverso
1094 4655 1546 4709 innumerabiliter
1564 4652 1730 4706 secari
1752 4666 1928 4724 posse,

359 4748 534 4818 itaque
556 4747 651 4802 tibi
673 4747 770 4817 ipsi
799 4747 900 4808 hoc
927 4745 1297 4802 inveniendum
1314 4745 1539 4799 dimitto.
1573 4741 1638 4796 E.
1666 4743 1776 4814 Ego
1803 4740 1930 4796 illud

359 4849 487 4909 puto
512 4854 615 4892 non
645 4852 800 4907 posse
826 4835 1019 4902 dividi,
1047 4835 1185 4905 quod
1215 4835 1442 4889 medium
1477 4835 1529 4889 in
1563 4833 1725 4904 figura
1767 4847 1930 4904 pone-

357 4932 548 4986 bamus
568 4971 581 4994 ,
614 4932 752 4983 unde
781 4929 833 4982 in
862 4937 1096 4983 extrema
1124 4928 1280 4992 lineae
1307 4927 1586 4980 ducuntur.
1617 4926 1746 4982 Nam
1777 4926 1819 4980 si
1851 4925 1931 4979 di-

357 5024 574 5088 viditur,
608 5021 933 5090 longitudine
960 5029 1046 5073 aut
1073 5020 1232 5074 etiam
1275 5017 1549 5072 latitudine
1599 5033 1784 5078 carere
1825 5033 1931 5080 non

360 5122 554 5184 potest.
587 5111 688 5167 Sed
733 5112 776 5165 si
829 5110 1206 5180 longitudinem
1247 5109 1411 5162 solam
1462 5107 1639 5174 habet,
1672 5121 1775 5160 non
1822 5106 1929 5176 jam

360 5205 501 5261 unde
529 5204 792 5260 ducuntur
810 5203 985 5265 linere,
1009 5201 1098 5254 sed
1123 5201 1232 5268 ipsa
1256 5199 1389 5253 linea
1416 5207 1514 5254 est.
1541 5197 1597 5252 Si
1624 5212 1750 5251 vero
1775 5197 1932 5251 etiam

361 5300 526 5355 latum
573 5305 676 5362 est,
702 5294 844 5350 aliud
870 5293 1132 5348 desiderat
1163 5291 1393 5346 medium
1417 5305 1444 5343 a
1473 5305 1577 5360 quo
1606 5289 1659 5344 in
1699 5297 1932 5343 extrema

361 5388 650 5444 latitudinis
683 5387 836 5442 lineae
864 5385 1143 5440 ducantur.
1181 5380 1473 5451 Utrumque
1517 5391 1691 5434 autem
1719 5379 1820 5434 hoc
1850 5395 1936 5433 ra-

364 5483 439 5537 tio
485 5481 704 5550 respuit.
763 5478 820 5532 Id
865 5477 966 5533 erit
1015 5475 1171 5545 igitur
1205 5472 1344 5543 quod
1384 5470 1542 5526 dividi
1576 5482 1818 5542 nequeat.
1864 5472 1930 5524 A.

363 5573 529 5628 Recte
556 5571 708 5626 dicis.
735 5568 839 5626 Sed
864 5583 1037 5623 nonne
1057 5566 1149 5621 tibi
1175 5563 1372 5634 aliquid
1403 5563 1506 5619 tale
1531 5563 1739 5618 videtur
1766 5563 1929 5618 etiam

363 5664 494 5720 illud
525 5663 662 5719 unde
688 5663 823 5717 linea
854 5659 1080 5724 ducitur,
1105 5658 1202 5712 etsi
1236 5655 1398 5724 ﬁgura
1428 5653 1659 5708 nondum
1691 5654 1760 5708 sit
1785 5655 1935 5724 cujus

366 5754 600 5812 medium
629 5751 1018 5822 intelligamus?
1059 5747 1192 5804 Illud
1238 5746 1379 5802 enim
1405 5745 1526 5801 dico
1553 5745 1705 5801 linea:
1735 5746 1934 5815 princi-

368 5848 513 5918 pium
560 5847 728 5916 a1quo
775 5843 960 5914 incipit
995 5839 1294 5914 longitudo,
1334 5837 1476 5908 quod
1521 5836 1644 5894 volo
1670 5837 1788 5895 sine
1827 5838 1935 5896 ulla

1767 396 1970 455 LIBER
2007 395 2204 461 UNUS.

2045 520 2370 592 longitudine
2397 525 2675 599 intelligas.
2707 529 2838 587 Nam
2863 533 2907 588 si
2943 533 3319 606 longitudinem
3345 540 3614 614 intelligis,

2043 628 2373 706 nequaquam
2405 619 2640 687 profecto
2676 623 2924 694 intelligis
2951 626 3088 684 unde
3118 628 3229 698 ipsa
3257 630 3434 701 incipit
3461 633 3617 706 longi-

2044 703 2188 760 tudo.
2221 707 2285 761 E.
2310 708 2436 764 Tale
2474 711 2708 766 omnino.
2742 714 2806 768 Α.
2837 715 2945 774 Iloc
2979 732 3105 787 ergo
3145 721 3284 788 quod
3312 721 3419 791 jam
3451 733 3501 778 te
3531 703 3614 778 ίῖι-

2044 795 2279 867 telligere
2328 799 2517 867 video,
2577 805 2998 871 potentissimum
3039 809 3314 876 omnium,
3360 828 3480 882 qum
3523 815 3614 870 de-

2040 898 2330 946 monstrata
2359 901 2495 947 sunt.
2528 893 2797 964 Siquidem
2827 896 2928 954 hoc
2968 908 3080 963 est,
3117 903 3256 971 quod
3291 905 3483 962 nullam
3525 907 3606 967 di-

2041 977 2296 1038 visionem
2326 985 2587 1050 patiatur;
2616 994 2669 1042 et
2696 997 2944 1054 punctum
2970 999 3208 1057 vocatur,
3233 1007 3353 1050 cum
3381 996 3609 1054 modium

2038 1076 2183 1124 tenet
2203 1072 2380 1141 figurae
2411 1092 2422 1127 :
2451 1076 2493 1140 si
2520 1086 2694 1134 autem
2719 1079 3032 1152 principium
3051 1083 3202 1145 linem
3226 1095 3307 1140 est
3329 1088 3408 1148 vel
3434 1071 3608 1155 lineis,

2038 1170 2128 1220 aut
2157 1163 2316 1222 etiam
2356 1165 2500 1228 finis;
2528 1167 2609 1222 vel
2638 1183 2757 1224 cum
2797 1173 3016 1228 omnino
3048 1173 3246 1244 aliquid
3291 1186 3440 1238 notat
3469 1182 3609 1250 quod

2039 1253 2154 1308 sine
2183 1255 2416 1323 partibus
2451 1258 2843 1329 intelligendum
2891 1265 2992 1331 sit,
3035 1282 3132 1322 nec
3158 1276 3331 1326 tamen
3377 1272 3610 1330 obtineat

2039 1342 2219 1412 figura:
2243 1346 2498 1415 medium,
2526 1350 2730 1420 signum
2751 1353 2958 1412 dicitur.
2986 1356 3082 1412 Est
3101 1373 3227 1428 ergo
3254 1361 3460 1430 signum
3487 1375 3609 1422 nota

2037 1434 2151 1495 sine
2195 1437 2453 1505 partibus.
2492 1440 2583 1495 Est
2609 1451 2785 1498 autem
2819 1455 3102 1514 punctum,
3134 1459 3256 1508 nota
3288 1453 3518 1508 medium
3550 1456 3608 1510 fi-

2034 1542 2181 1598 gurae
2214 1538 2417 1586 tenens.
2448 1531 2519 1587 lta
2565 1534 2622 1588 fit
2646 1543 2701 1589 ut
2744 1551 2902 1592 omne
2931 1549 3180 1608 punctum
3209 1542 3367 1598 etiam
3402 1545 3607 1614 signum

2036 1620 2135 1686 sit,
2167 1635 2272 1680 non
2297 1631 2470 1681 autem
2496 1639 2653 1680 omne
2684 1628 2887 1697 signum
2912 1642 3164 1702 punctum
3195 1635 3454 1698 videatur.
3474 1639 3609 1696 Volo

2035 1714 2176 1774 enim
2207 1713 2274 1774 de
2294 1713 2376 1770 his
2401 1717 2699 1774 nominibus
2731 1721 2865 1778 inter
2891 1738 2988 1780 nos
3005 1728 3292 1782 convenire
3312 1771 3328 1796 ,
3353 1739 3410 1786 ut
3432 1733 3606 1792 minus

2034 1803 2088 1864 in
2131 1806 2446 1878 disputando
2483 1809 2961 1883 circnmloqnamur
2991 1833 3003 1870 :
3032 1832 3330 1888 quanquam
3369 1823 3606 1894 plerique

2033 1905 2284 1976 punctum
2312 1898 2610 1968 appellent,
2641 1916 2742 1962 non
2780 1905 2920 1974 quod
2949 1907 3122 1966 omnis
3145 1909 3325 1978 figura:
3353 1913 3603 1979 medium,

2034 1990 2127 2048 sed
2152 1989 2292 2060 quod
2332 1991 2493 2046 solius
2517 1993 2698 2048 circuli
2723 1996 2808 2051 vel
2837 1997 2955 2067 pila!
2983 2007 3126 2054 tenet
3151 2017 3166 2065 ;
3196 2005 3402 2060 tametsi
3433 2008 3608 2064 minus

2034 2081 2186 2143 nobis
2213 2081 2283 2143 de
2311 2083 2581 2138 vocabulis
2621 2085 2962 2149 laborandum
2987 2100 3084 2150 est.
3112 2092 3176 2148 E.
3204 2096 3502 2156 Assentior.

2354 2171 2578 2231 CAPUT
2614 2175 2726 2232 XII.
2743 2209 2812 2218 ——
2825 2178 3011 2235 Puncli
3041 2186 3281 2252 polentia.

2104 2263 2190 2318 I9.
2221 2262 2285 2318 Α.
2319 2262 2478 2318 Vides
2501 2274 2645 2328 certe
2667 2267 2823 2328 etiam
2859 2281 3111 2340 quantum
3142 2277 3334 2334 valeat.
3365 2278 3495 2336 Nam
3536 2282 3608 2340 ab

2033 2354 2148 2426 ipso
2178 2356 2359 2425 incipit
2377 2356 2548 2423 linea,
2582 2358 2697 2430 ipso
2726 2362 3072 2429 terminatur;
3116 2366 3337 2436 figuram
3365 2373 3523 2428 rectis
3546 2373 3610 2428 li-

2032 2447 2149 2504 neis
2186 2449 2385 2504 nullam
2420 2447 2663 2506 videmus
2720 2449 2831 2506 fieri
2880 2468 3068 2524 posse,
3100 2458 3201 2518 nisi
3247 2460 3362 2530 ipso
3385 2464 3610 2533 angulus

2032 2539 2341 2610 claudatur;
2387 2540 2578 2596 deinde
2619 2541 2984 2616 undecumque
3018 2550 3187 2606 secari
3234 2552 3369 2612 linea
3414 2564 3608 2627 potest,

2033 2645 2130 2701 per
2183 2633 2352 2702 ipsum
2388 2645 2616 2706 secatur,
2661 2652 2781 2692 cum
2835 2638 3004 2710 ipsum
3048 2642 3266 2698 omnino
3308 2645 3503 2704 nullam
3556 2649 3610 2708 in

2033 2737 2092 2778 se
2139 2723 2383 2780 admittat
2421 2728 2748 2794 sectionem;
2779 2729 2923 2792 nulla
2976 2730 3112 2790 linea
3153 2732 3337 2800 lineas,
3382 2737 3482 2799 nisi
3514 2755 3612 2809 per

2033 2813 2205 2891 ipsum
2227 2818 2520 2887 capulatur.
2555 2821 2829 2882 Postremo
2851 2837 2971 2886 cum
2997 2826 3205 2888 caeteris
3235 2829 3404 2896 planis
3430 2832 3610 2902 figuris

2036 2905 2180 2978 (nam
2210 2907 2275 2963 de
2303 2909 2578 2967 altitudine
2623 2912 2796 2972 adhuc
2820 2915 2954 2975 nihil
2981 2916 3235 2989 diximus)
3259 2935 3376 2978 eam
3399 2937 3609 2993 praequ

2035 2997 2264 3058 nendam
2289 3000 2426 3056 ratio
2457 3000 2899 3067 demonstraverit
2935 3021 3053 3076 quas
3080 3008 3281 3068 circulo
3325 3012 3606 3083 clauditur,

2035 3097 2253 3160 propter
2272 3103 2533 3154 summam
2554 3093 2906 3166 azqnalitatem
2927 3112 2942 3168 ;
2970 3111 3088 3167 qua:
3116 3098 3219 3160 alia
3241 3100 3407 3171 ipsius
3425 3119 3606 3174 atqua-

2037 3179 2200 3242 litatis
2237 3182 2534 3240 moderatio
2561 3193 2662 3252 est,
2696 3201 2851 3256 quam
2893 3195 3144 3257 punctum
3182 3191 3234 3248 in
3276 3194 3451 3250 medio
3473 3210 3607 3256 con-

2038 3273 2276 3330 stitutum
2295 3273 2318 3328 ?
2339 3274 2507 3334 Multa
2549 3274 2617 3330 de
2649 3275 2806 3346 hujus
2833 3278 3065 3346 potentia
3092 3278 3194 3335 dici
3221 3292 3441 3351 possunt
3465 3325 3478 3350 ,
3511 3286 3606 3351 sed

2037 3362 2270 3424 adhibeo
2284 3364 2535 3435 modum,
2585 3375 2638 3421 et
2667 3366 2755 3420 tibi
2784 3367 2882 3440 ipsi
2911 3367 3186 3440 cogitanda
3217 3372 3364 3443 plura
3391 3376 3611 3443 permit-

2036 3463 2112 3510 to.
2146 3453 2212 3509 E.
2249 3455 2387 3516 Sane
2412 3465 2469 3511 ut
2497 3456 2743 3523 videtur;
2777 3472 2879 3516 non
2911 3459 3054 3524 enim
3099 3475 3186 3516 me
3225 3464 3494 3534 requirere
3527 3466 3608 3536 pi-

2035 3545 2218 3617 gebit,
2265 3546 2309 3600 si
2353 3547 2480 3617 quid
2525 3546 2682 3606 fuerit
2726 3547 3007 3612 obscurius
3033 3567 3047 3604 ε
3078 3564 3240 3616 cerno
3282 3561 3454 3616 autem
3499 3571 3612 3620 me-

2037 3639 2306 3707 diocriter,
2337 3649 2394 3696 ut
2423 3649 2552 3720 puto
2575 3682 2590 3712 ,
2618 3655 2864 3712 magnam
2895 3640 3051 3713 hujus
3085 3643 3218 3714 signi
3259 3661 3379 3710 esse
3419 3653 3611 3720 potem

2035 3731 2183 3786 tiam.

2106 3822 2196 3878 20.
2224 3823 2290 3876 Α.
2321 3821 2469 3878 Nunc
2497 3839 2622 3896 ergo
2651 3823 2779 3886 illud
2830 3824 3077 3894 attende,
3120 3841 3239 3883 cum
3287 3837 3341 3884 et
3385 3829 3510 3902 quid
3545 3830 3614 3886 sit

2037 3914 2273 3986 signum,
2303 3923 2356 3970 et
2384 3915 2510 3988 quid
2557 3917 2626 3972 sit
2671 3916 2975 3987 longitudo,
3019 3926 3074 3974 et
3112 3919 3236 3992 quid
3283 3921 3349 3983 sit
3388 3903 3609 3979 latitudo

2037 4008 2410 4080 perspexeris;
2439 4008 2562 4080 quid
2606 4008 2794 4074 horum
2834 4010 2928 4064 tibi
2971 4009 3211 4070 videatur
3259 4013 3516 4082 alterius,
3556 4025 3612 4082 et

2037 4100 2189 4170 cujus
2215 4101 2486 4174 indigere,
2517 4102 2632 4156 sine
2659 4117 2766 4172 quo
2792 4117 2911 4158 esse
2954 4118 3058 4158 non
3097 4105 3282 4176 possit.
3328 4106 3396 4160 E.
3442 4107 3611 4172 Video

2037 4191 2178 4260 quod
2205 4191 2425 4246 latitudo
2460 4192 2789 4262 longitudine
2818 4193 3080 4264 indigeat,
3114 4197 3229 4258 sine
3259 4212 3360 4270 qua
3390 4213 3612 4270 prorsus

2036 4281 2260 4352 intelligi
2286 4297 2390 4337 non
2433 4290 2624 4354 potest.
2660 4283 2861 4346 Rursus
2895 4271 3285 4356 longitudinem.
3305 4271 3467 4352 cerno
3493 4288 3612 4350 lati-

2038 4373 2220 4428 tudine
2270 4373 2482 4444 quidem
2528 4389 2634 4436 non
2681 4375 2919 4448 indigere
2956 4384 3015 4430 ut
3043 4376 3148 4445 sit,
3189 4378 3283 4434 sed
3312 4380 3428 4438 sine
3462 4381 3613 4451 signa

2038 4464 2128 4519 illo
2160 4478 2278 4518 esse
2309 4480 2413 4518 non
2454 4479 2632 4536 posse.
2675 4464 2806 4526 Illud
2837 4476 3010 4520 autem
3042 4469 3248 4538 signum
3276 4485 3371 4550 per
3413 4483 3611 4532 semet-

2037 4557 2208 4634 ipsum
2252 4570 2371 4610 esse
2411 4564 2466 4610 et
2491 4556 2690 4612 nullius
2730 4556 2920 4620 borum
2962 4559 3234 4632 indigere,
3271 4564 3613 4626 manifestum

2037 4657 2136 4705 est.
2167 4647 2231 4702 Α.
2263 4646 2340 4702 Ita
2369 4655 2454 4704 est
2494 4655 2552 4702 ut
2589 4647 2724 4703 dicis
2758 4666 2772 4702 :
2803 4649 2897 4704 sed
2947 4649 3250 4721 diligentius
3301 4656 3612 4727 considera,

2036 4753 2214 4797 utrum
2241 4738 2463 4794 latitudo
2499 4754 2624 4795 vere
2671 4739 2905 4822 undique
2959 4743 3127 4798 secari
3171 4755 3357 4816 queat;
3398 4761 3466 4800 an
3519 4748 3614 4802 ali-

2037 4832 2214 4888 cunde
2240 4847 2337 4886 nec
2366 4833 2475 4908 ipsa
2519 4831 2810 4886 sectionem
2838 4833 3006 4910 possit
3028 4833 3306 4898 admittere
3329 4875 3345 4904 ,
3373 4838 3612 4914 quamvis

2039 4926 2158 4999 plus
2183 4925 2424 4979 admittat
2450 4939 2606 4996 quam
2633 4924 2793 4980 linea.
2820 4923 2886 4979 E.
2906 4925 3094 4984 Nescio
3107 4943 3321 4998 prorsus
3341 4930 3479 4988 unde
3507 4947 3610 4992 non

2036 5016 2224 5085 possit.
2250 5014 2312 5068 Α.
2354 5011 2526 5068 Credo
2547 5023 2597 5070 te
2631 5030 2735 5070 non
2765 5016 3066 5086 recordari;
3096 5032 3214 5080 nam
3243 5020 3447 5082 nescire
3474 5021 3612 5078 istud

2040 5106 2184 5159 nullo
2227 5104 2388 5159 modo
2431 5119 2654 5176 posses:
2689 5120 2852 5175 quare
2891 5107 3361 5164 commonefaciam
3411 5120 3463 5168 te
3513 5116 3616 5168 isto

2038 5195 2216 5251 modo.
2241 5192 2397 5250 Certe
2421 5195 2560 5249 enim
2595 5194 2924 5252 latitudinem
2951 5197 3029 5251 sic
3071 5197 3336 5272 intelligis,
3369 5208 3428 5256 ut
3466 5203 3613 5273 cogi-

2039 5287 2240 5349 tatione
2262 5293 2348 5340 tua
2378 5286 2447 5341 de
2485 5286 2758 5340 altitudine
2801 5287 2932 5342 nihil
2977 5303 3217 5368 usurpes.
3271 5290 3339 5344 E.
3382 5291 3468 5356 Sic
3499 5309 3614 5348 om-

2043 5380 2188 5435 nino.
2229 5377 2295 5432 Α.
2344 5377 2574 5433 Accedat
2625 5378 2784 5448 igitur
2831 5379 2954 5434 huic
2988 5380 3246 5436 latitudini
3277 5383 3527 5454 altitudo,
3561 5395 3617 5452 et

2039 5468 2302 5540 responde
2344 5467 2454 5536 jam
2500 5477 2675 5522 utrum
2713 5469 2870 5523 etiam
2915 5471 3109 5540 aliquid
3147 5475 3462 5543 accesserit,
3511 5493 3617 5550 quo

2043 5560 2212 5630 magis
2237 5558 2470 5628 undique
2517 5558 2684 5614 secari
2714 5569 2889 5630 queat.
2923 5560 2987 5615 E.
3015 5561 3142 5620 Mire
3189 5566 3406 5620 omnino
3429 5567 3614 5624 admo-

2043 5655 2227 5710 nuisti.
2263 5652 2414 5708 Nune
2454 5652 2594 5705 enim
2642 5652 2796 5708 video
2839 5668 2944 5712 non
2973 5655 3140 5716 solum
3169 5656 3398 5729 desuper
3422 5667 3513 5714 aut
3549 5678 3615 5728 ex

2044 5744 2282 5802 inferiori
2319 5751 2505 5822 parte,
2538 5742 2632 5796 sed
2663 5757 2692 5797 a
2717 5743 2967 5802 lateribus
2993 5762 3200 5818 quoque
3226 5748 3428 5805 admitti
3453 5767 3612 5821 posse

2042 5835 2332 5894 sectionem
2358 5874 2373 5901 ,
2417 5830 2655 5904 nihilque
2695 5835 2912 5892 omnino
2958 5838 3306 5907 remansisse,
3337 5840 3477 5899 unde
3507 5858 3617 5898 non
