4096 6368
502 315 632 370 ton

494 438 657 503 queat
706 438 983 500 penetrare
1022 425 1226 480 divisio.
1278 424 1451 493 Quare
1496 418 1833 475 manifestum
1864 425 1975 481 est,
2021 423 2077 470 et

497 522 834 579 latitudinem
880 536 942 576 ex
996 520 1079 574 his
1108 518 1344 589 partibus
1397 514 1566 571 secari
1605 527 1711 567 non
1764 524 1949 581 posse,
1980 522 2076 578 per

497 634 632 691 quas
654 624 957 673 surrectura
986 623 1068 669 est
1094 610 1334 666 altitudo.

570 712 665 767 2L
690 710 755 764 Α.
784 708 1040 777 Quoniam
1072 706 1163 761 tibi
1195 704 1371 774 igitur,
1396 702 1438 755 si
1479 714 1584 754 non
1621 698 1798 763 fallor,
1827 704 1882 752 et
1905 693 2078 764 longi-

497 803 662 870 tudo,
691 811 746 858 et
773 799 995 855 latitudo
1015 839 1029 863 ,
1059 805 1111 851 et
1139 792 1359 849 altitudo
1380 800 1501 846 nota
1531 798 1643 856 est;
1672 802 1873 859 quaero,
1898 794 2074 839 utrum

492 898 702 969 possint
727 895 913 949 deesse
937 892 1043 947 duo
1076 888 1347 960 superiora
1374 929 1389 953 ,
1418 884 1507 939 ubi
1549 882 1717 937 aderit
1736 879 1975 934 altitudo.
2003 877 2070 931 E.

493 989 622 1045 Sine
649 984 975 1056 longitudine
1003 982 1215 1053 quidem
1241 978 1396 1033 video
1417 991 1536 1031 esse
1563 990 1665 1030 non
1696 987 1853 1042 posse
1893 972 2073 1025 altitu-

497 1082 708 1146 dinem,
737 1080 853 1133 sine
874 1076 1149 1131 latitudine
1168 1082 1344 1129 autem
1367 1076 1560 1141 potest.
1583 1067 1647 1119 A.
1677 1066 1812 1121 Redi
1843 1079 1970 1135 ergo
2006 1062 2072 1117 ad

498 1174 869 1243 cogitationem
900 1168 1225 1231 latitudinis,
1273 1174 1327 1221 et
1363 1166 1406 1218 si
1461 1176 1577 1216 eam
1627 1158 1775 1229 quasi
1802 1158 2072 1227 jacentem

491 1265 672 1320 animo
708 1262 1014 1333 ﬁguraveris
1037 1302 1051 1326 ,
1083 1259 1315 1329 erigatur
1350 1257 1401 1310 in
1442 1252 1711 1324 quodlibet
1740 1251 1880 1305 latus
1902 1291 1917 1315 ,
1949 1257 2070 1305 tan-

489 1374 648 1428 quam
685 1357 728 1411 si
754 1372 870 1411 eam
918 1355 1085 1410 velles
1133 1368 1228 1423 per
1264 1348 1627 1406 tenuissimam
1654 1346 1861 1411 rimam,
1887 1346 1974 1399 ubi
2012 1360 2071 1403 se

490 1450 684 1505 clausae
706 1448 882 1519 janua‘.
909 1448 1171 1516 jungunt,
1215 1444 1461 1500 educere.
1496 1442 1577 1494 An
1612 1439 1845 1495 nondum
1877 1437 2073 1493 intelli-

487 1541 569 1612 gis
595 1540 721 1610 quid
761 1540 965 1594 velim?
1089 1536 1327 1605 Intelligo
1354 1533 1475 1605 quid
1506 1534 1652 1588 dicas
1675 1575 1689 1600 ,
1717 1532 1811 1587 sed
1836 1531 2070 1586 nondum

490 1633 719 1688 fortasse
744 1633 864 1703 quid
902 1632 1054 1686 velis.
1087 1630 1151 1683 A.
1194 1628 1325 1683 Illud
1362 1627 1565 1681 scilicet
1606 1634 1662 1680 ut
1705 1624 2029 1694 respondeas
2052 1665 2068 1690 ,

488 1732 667 1779 utrum
717 1724 794 1779 sic
838 1733 1012 1777 erecta
1058 1720 1281 1775 latitudo
1319 1718 1563 1773 videatur
1588 1717 1678 1770 tibi
1715 1716 1973 1785 migrasse
2017 1714 2071 1768 in

487 1815 819 1871 altitudinem
838 1857 853 1880 ,
895 1822 948 1869 et
973 1812 1267 1867 latitudinis
1288 1810 1396 1878 jam
1421 1824 1610 1863 nomen
1635 1805 2073 1875 descriptionem-

486 1923 591 1977 que
616 1905 896 1970 amisisse;
939 1920 1005 1958 an
1050 1902 1227 1957 adhuc
1277 1906 1487 1953 maneat
1529 1896 1784 1963 latitudo,
1832 1888 2073 1964 quamvis

485 2000 559 2053 ita
587 1998 657 2053 sit
682 1993 962 2053 Collocata.
996 1995 1059 2049 Ε.
1096 1993 1316 2048 Videtur
1340 1991 1470 2045 mihi
1514 1989 1738 2044 altitudo
1765 2002 1882 2041 esse
1909 1987 2067 2041 facta.

486 2088 553 2143 A.
592 2088 979 2143 Recordarisne
1003 2128 1017 2152 ,
1047 2086 1271 2139 obsecro
1296 2124 1310 2149 ,
1356 2080 1800 2152 quemadmodum
1828 2077 2069 2132 altitudi-

487 2194 612 2235 nem
650 2175 1067 2233 deﬁnieramus?
1104 2175 1169 2229 E.
1222 2172 1496 2228 Recordor
1530 2173 1686 2242 plane
1709 2214 1723 2236 ,
1752 2180 1805 2226 et
1840 2186 1925 2223 me
1960 2169 2069 2239 jam

488 2272 567 2327 sic
601 2271 940 2341 respondisse
984 2268 1165 2341 pudet.
1202 2267 1335 2322 Nam
1378 2267 1538 2321 etiam
1592 2266 1695 2319 hoc
1732 2263 1891 2318 modo
1921 2262 2070 2332 quasi

486 2370 665 2418 erecta
693 2361 915 2416 latitudo
942 2359 1234 2423 sectionem
1250 2357 1587 2428 perlongum
1615 2355 1863 2409 deorsum
1884 2366 2071 2407 versus

485 2469 593 2509 non
621 2452 853 2508 admittit
877 2471 889 2506 :
918 2467 1084 2523 quare
1113 2450 1257 2505 nulla
1288 2450 1340 2504 in
1366 2464 1427 2503 ea
1456 2456 1679 2518 possunt
1706 2446 1958 2500 interiora
1981 2459 2072 2499 co-

485 2543 671 2615 gitari,
701 2543 941 2613 quamvis
981 2542 1215 2597 medium
1257 2550 1311 2594 et
1338 2548 1576 2593 extrema
1630 2536 1945 2607 cogitentur.
1978 2535 2072 2589 Se-

485 2639 717 2695 cundum
745 2646 923 2692 autem
968 2636 1303 2706 superiorem
1348 2631 1860 2689 demonstrationem
1890 2629 2070 2681 altitu-

485 2730 647 2795 dinis,
680 2743 841 2800 quam
892 2728 1062 2783 fecisti
1091 2733 1151 2781 ut
1190 2724 1522 2787 recordarer,
1564 2721 1705 2775 nulla
1732 2720 1949 2775 omnino
1992 2726 2074 2773 est

485 2822 732 2888 altitudo,
755 2822 843 2877 ubi
872 2820 1002 2875 nihil
1023 2820 1165 2874 intus
1191 2817 1409 2887 cogitari
1436 2822 1627 2886 potest.
1650 2814 1713 2867 Α.
1740 2814 1900 2869 Recte
1916 2813 2068 2874 dicis.

488 2924 543 2971 et
573 2915 651 2970 sic
678 2924 729 2969 te
780 2915 998 2969 omnino
1027 2912 1336 2967 meminisse
1384 2909 1681 2980 cupiebam.
1714 2908 2069 2975 Quamobrem

486 3006 617 3064 illud
643 3006 752 3076 jam
781 3006 904 3059 volo
938 3004 1264 3075 respondeas
1287 3044 1302 3070 ,
1341 3014 1518 3057 utrum
1548 3000 1680 3055 falso
1709 3016 1897 3054 verum
1924 3008 2073 3054 ante-

488 3113 675 3169 ponas.
709 3097 773 3151 E.
817 3097 934 3153 Jam
982 3097 1106 3151 hinc
1149 3095 1413 3161 dubitare,
1447 3093 1772 3149 incredibilis
1802 3092 2071 3147 dementia

489 3196 593 3245 est.
626 3188 689 3242 Α.
738 3188 832 3242 Dic
860 3203 1010 3258 ergo,
1040 3201 1222 3257 qumso
1251 3194 1325 3249 te,
1358 3184 1745 3254 numquidnam
1773 3198 1894 3238 vera
1932 3183 2070 3238 linea

486 3289 588 3347 est,
614 3296 730 3350 quce
758 3295 853 3349 per
877 3279 1087 3349 longum
1117 3278 1285 3333 secari
1307 3285 1513 3346 potest;
1543 3284 1635 3329 aut
1658 3290 1841 3329 verum
1863 3275 2071 3345 signum

484 3371 626 3443 quod
655 3371 769 3425 ullo
794 3371 956 3426 modo
986 3370 1153 3425 secari
1181 3376 1388 3439 potest;
1416 3375 1507 3422 aut
1533 3382 1654 3422 vera
1676 3367 1920 3433 latitudo,
1954 3382 2073 3438 quas

486 3480 608 3521 cum
639 3472 813 3521 erecta
844 3471 925 3520 est
949 3506 963 3532 ,
1001 3471 1059 3518 ut
1081 3462 1349 3527 diximus,
1391 3461 1681 3516 sectionem
1730 3476 1825 3529 per
1856 3461 2072 3532 longum

484 3558 735 3613 deorsum
765 3571 950 3612 versus
975 3555 1242 3611 admittit?
1272 3553 1338 3608 E.
1366 3554 1507 3609 Nihil
1533 3554 1727 3609 minus.

486 3652 710 3711 CAPUT
740 3651 1183 3708 Xlll.—Animus
1208 3650 1531 3718 incorporeus
1568 3650 1725 3704 cernit
1753 3650 2069 3720 incorporea.

1048 3744 1260 3799 Animus
1286 3743 1407 3812 quid
1430 3743 1512 3798 sit.

556 3840 647 3896 22.
680 3839 744 3894 Α.
772 3838 1090 3909 Unquamne
1128 3836 1285 3906 igitur
1308 3836 1476 3890 oculis
1513 3835 1627 3890 istis
1655 3835 1925 3905 corporeis
1946 3877 1960 3900 ,
1990 3836 2071 3889 vel

482 3934 595 3990 tale
621 3943 898 4004 punctum,
924 3931 1005 3984 vel
1029 3929 1186 3984 talem
1210 3929 1426 3995 lineam,
1455 3928 1537 3982 vel
1562 3928 1716 3982 talem
1738 3926 2071 3982 latitudinem

483 4025 698 4081 vidisti?
745 4022 813 4080 E.
856 4021 1086 4077 Omnino
1131 4034 1419 4089 nunquam.
1463 4018 1581 4073 Non
1624 4018 1765 4073 enim
1810 4028 1933 4072 sunt
1972 4019 2070 4073 ista

485 4131 763 4187 corporea.
806 4114 869 4167 Α.
897 4112 1055 4182 Atqui
1085 4111 1127 4165 si
1155 4125 1411 4179 corporea
1437 4110 1709 4179 corporeis
1738 4110 1904 4165 oculis
1936 4110 2067 4163 mira

486 4209 717 4282 quadam
763 4222 943 4263 rerum
988 4205 1302 4274 cognatione
1328 4212 1653 4269 cernuntur;
1702 4212 1909 4274 Oportet
1955 4205 2071 4258 ani-

483 4317 634 4359 mum
662 4315 766 4371 quo
790 4298 1031 4353 videmus
1071 4297 1159 4350 illa
1190 4296 1542 4365 incorporalia
1567 4337 1581 4362 ,
1614 4310 1927 4365 corporeum
1949 4312 2069 4351 cor-

484 4407 657 4466 pusve
685 4406 790 4445 non
817 4404 954 4444 esse.
983 4389 1064 4443 An
1087 4396 1141 4441 tu
1177 4387 1330 4441 aliter
1357 4388 1663 4442 existimas?
1701 4386 1768 4439 E.
1798 4390 1937 4458 Age,
1961 4387 2069 4457 jam

485 4484 724 4542 concedo
748 4498 940 4553 corpus
970 4497 1075 4536 non
1106 4496 1224 4536 esse
1249 4480 1486 4535 animum
1513 4480 1597 4535 vel
1635 4480 1919 4551 quidquam
1950 4496 2070 4534 cor-

484 4592 744 4650 porcum;
774 4574 900 4645 quid
930 4572 1266 4638 esttandem,
1298 4572 1385 4627 dic
1404 4571 1574 4625 mihi?
1605 4571 1668 4624 Α.
1702 4571 1833 4625 Vide
1864 4571 2071 4625 interim

488 4678 666 4725 utrum
683 4667 982 4723 confectum
1008 4667 1075 4720 sit
1100 4681 1285 4720 carere
1308 4665 1452 4719 illum
1477 4665 1562 4719 illa
1585 4663 1729 4718 omni
1760 4664 2069 4734 quantitate,

487 4763 556 4818 de
580 4777 683 4833 qua
708 4776 848 4815 nunc
877 4759 1099 4830 quaestio
1126 4765 1209 4813 est
1232 4776 1244 4811 :
1278 4772 1399 4811 nam
1427 4756 1553 4827 quid
1585 4757 1654 4811 sit
1680 4756 1909 4820 animus,
1938 4756 2073 4810 obli-

484 4863 597 4910 tum
624 4861 677 4908 te
711 4868 829 4907 esse
855 4851 1023 4906 miror
1046 4849 1223 4919 priore
1252 4849 1390 4902 inter
1416 4862 1512 4901 nos
1542 4848 1835 4917 qumstione
1863 4846 2073 4901 discus-

483 4961 624 5003 sum.
646 4942 930 4999 Meministi
949 4942 1091 4996 enim
1115 4949 1164 4994 te
1181 4940 1435 5010 quaesisse
1453 4939 1715 5008 primitus,
1743 4938 1884 4998 unde
1901 4947 2069 4994 esset:

485 5039 627 5112 quod
670 5037 878 5092 duobus
921 5034 1095 5091 modis
1124 5048 1155 5088 a
1181 5032 1335 5087 nobis
1371 5040 1649 5087 tractatum
1676 5046 1794 5086 esse
1832 5032 2069 5100 tuemini,

483 5148 614 5199 uno,
644 5145 751 5201 quo
778 5129 931 5200 quasi
948 5128 1015 5183 de
1036 5126 1254 5197 regione
1277 5126 1392 5195 ejus
1425 5125 1704 5196 qumsitum
1740 5132 1850 5191 est;
1881 5125 2069 5193 altero,

486 5234 792 5282 utrumnam
815 5237 880 5278 ex
903 5228 1068 5289 terra,
1094 5220 1180 5276 vel
1202 5221 1342 5290 igne,
1365 5220 1449 5274 vel
1465 5219 1569 5273 alio
1585 5220 1832 5289 quopiam
1850 5220 2071 5276 istorum

488 5319 879 5376 elementorum
904 5322 1070 5377 esset,
1104 5312 1193 5368 vel
1218 5327 1284 5367 ex
1308 5312 1576 5377 omnibus,
1606 5312 1688 5365 vel
1710 5327 1772 5366 ex
1804 5311 2072 5382 aliquibus

488 5412 703 5468 horum.
722 5410 779 5464 ln
802 5423 903 5479 qua
920 5406 1215 5478 quaestione
1237 5405 1475 5461 constitit
1492 5405 1629 5461 inter
1646 5420 1762 5473 nos,
1787 5421 1891 5460 non
1904 5406 2071 5477 magis

486 5506 594 5562 hoc
616 5501 960 5576 qumreudum
979 5515 1098 5556 esse
1123 5514 1281 5569 quam
1307 5498 1447 5554 unde
1468 5498 1536 5553 sit
1565 5507 1727 5565 terra,
1758 5498 1843 5554 vel
1865 5499 1908 5553 si
1930 5498 2071 5570 quod

487 5596 628 5653 aliud
648 5596 1033 5651 elementorum
1047 5591 1392 5661 singulorum.
1413 5589 1810 5662 Intelligendum
1834 5598 1915 5645 est
1930 5593 2069 5648 enim

490 5703 792 5760 quanquam
816 5688 959 5741 Deus
987 5682 1170 5739 fecerit
1194 5682 1448 5748 animum,
1481 5681 1680 5737 habere
1705 5683 1849 5737 illum
1868 5692 2069 5739 certam

488 5781 863 5850 substantiam,
890 5793 1010 5851 qua:
1037 5791 1211 5849 neque
1232 5786 1465 5847 terrena,
1495 5792 1666 5848 neque
1692 5777 1865 5849 ignea,
1897 5794 2071 5851 neque

1413 306 1498 359 ne
1536 296 1973 372 QUANTI’I‘ATE
2012 295 2271 361 ANIMAB,
2313 296 2371 353 s.
2412 298 2775 357 AUGUSTlNl

3636 310 3769 365 Η)ίὸ

2185 417 2327 470 aeria
2359 417 2466 483 sit,
2503 433 2673 490 neque
2714 419 2926 475 humida
2959 437 2973 477 :
3005 423 3108 478 nisi
3134 423 3269 481 forte
3295 426 3656 483 arbitrandum
3680 440 3771 486 est

2186 508 2350 561 Deum
2382 518 2536 564 terrae
2564 509 2782 568 dedisse
2806 521 2865 566 ut
2898 513 3024 568 nihil
3056 515 3197 571 aliud
3220 518 3287 571 sit
3313 533 3470 587 quam
3492 528 3638 574 terra
3664 563 3679 587 ,
3713 531 3769 576 et

2184 614 2289 654 non
2313 600 2524 658 dedisse
2542 602 2723 657 animo
2751 613 2809 658 ut
2837 606 2967 660 nihil
2995 607 3137 662 aliud
3166 624 3323 679 quam
3348 611 3555 665 animus
3576 614 3663 666 sit.
3712 614 3770 670 Si

2180 700 2355 746 autem
2384 693 2592 750 definiri
2621 696 2711 751 tibi
2751 697 2986 753 animum
3016 701 3094 756 vis
3113 743 3127 765 ,
3171 710 3224 757 et
3267 702 3386 758 ideo
3415 706 3609 775 qumris
3638 708 3769 777 quid

2182 787 2251 841 sit
2276 787 2516 853 animus;
2550 788 2702 845 facile
2729 791 3046 862 respondeo.
3089 794 3221 849 Nam
3249 796 3379 851 mihi
3411 797 3621 853 videtur
3647 816 3770 857 esse

2180 880 2474 935 substantia
2495 884 2735 951 quaedam
2750 886 2972 942 rationis
2988 889 3271 961 particeps,
3296 892 3532 963 regendo
3552 900 3768 966 corpori

2177 975 2596 1031 accommodata.

2177 1066 2406 1123 CAPUT
2427 1067 2582 1122 .XIV.
2610 1099 2681 1109 —
2720 1070 2932 1124 Animus
2962 1072 3285 1145 incorporeus
3309 1087 3548 1145 quantum
3579 1080 3765 1135 valeat.

2250 1157 2339 1212 25.
2368 1156 2548 1228 Itaque
2569 1158 2694 1213 illud
2714 1161 2886 1230 potius
2898 1163 3128 1227 attende,
3145 1167 3283 1221 unde
3299 1168 3580 1238 ambigitur
3602 1187 3765 1239 nunc,

2178 1259 2359 1305 utrum
2382 1252 2647 1321 quantitas
2668 1260 2720 1307 et
2746 1253 2916 1323 quasi,
2945 1264 3001 1309 ut
3022 1256 3092 1309 ita
3121 1257 3308 1323 dicam,
3345 1259 3511 1314 locale
3533 1263 3768 1331 Spatium

2177 1344 2356 1398 animo
2382 1344 2543 1398 ullum
2579 1345 2667 1399 sit.
2710 1345 2843 1400 Nam
2871 1346 3110 1415 profecto
3145 1350 3266 1419 quia
3297 1365 3485 1421 corpus
3517 1369 3622 1408 non
3651 1364 3765 1422 est;

2178 1451 2349 1501 neque
2388 1437 2527 1490 enim
2573 1436 2730 1493 aliter
2763 1437 3072 1508 incorporea
3111 1443 3215 1495 ulla
3246 1442 3261 1472 ί
3294 1458 3512 1499 cernere
3542 1447 3764 1511 valeret,

2177 1536 2237 1582 ut
2272 1530 2513 1598 superior
2542 1530 2679 1586 ratio
2709 1531 3144 1599 demonstrabat;
3187 1538 3366 1604 procul
3406 1537 3567 1593 dubio
3614 1551 3764 1595 caret

2177 1621 2348 1689 spatio
2373 1636 2478 1689 quo
2501 1637 2725 1691 corpora
2748 1624 3041 1679 metiuntur
3071 1642 3084 1678 :
3118 1632 3172 1679 et
3196 1626 3265 1680 ob
3291 1627 3391 1682 hoc
3420 1638 3563 1683 recte
3591 1630 3763 1695 credi,

2177 1721 2268 1767 aut
2293 1713 2533 1784 cogitari,
2561 1723 2652 1768 aut
2680 1715 2904 1787 intelligi
2936 1716 3052 1771 talis
3083 1717 3199 1787 ejus
3227 1721 3491 1787 quantitas
3522 1736 3629 1774 non
3661 1736 3764 1789 po—

2178 1812 2300 1859 test.
2333 1804 2387 1860 Si
2417 1816 2596 1860 autem
2619 1814 2667 1861 te
2694 1817 2873 1862 movet
2897 1849 2911 1873 ,
2937 1823 3033 1863 cur
3059 1816 3201 1863 tanta
3214 1810 3345 1881 coeli
3371 1852 3384 1877 ,
3423 1819 3575 1866 terra:
3595 1854 3611 1875 ,
3646 1827 3767 1865 ma-

2175 1898 2357 1968 risque
2394 1900 2559 1968 Spatia
2585 1901 2841 1954 memoria
2866 1901 3154 1968 contineat,
3186 1917 3306 1957 cum
3338 1903 3407 1957 sit
3428 1904 3538 1973 ipse
3564 1905 3767 1960 nullius

2178 1990 2516 2061 quantitatis;
2549 1991 2677 2044 mira
2708 1992 2950 2061 quredam
2978 1993 3058 2047 vis
3078 2003 3192 2061 est,
3221 2010 3378 2064 quam
3403 2004 3575 2050 tamen
3602 2012 3667 2050 ex
3700 1998 3768 2051 iis

2176 2097 2295 2152 qua:
2322 2097 2351 2136 a
2378 2082 2531 2136 nobis
2572 2092 2841 2151 comperta
2883 2092 3037 2149 sunt,
3079 2094 3335 2154 quantum
3379 2085 3517 2141 inest
3550 2087 3767 2157 ingenio

2177 2183 2269 2229 tuo
2306 2174 2520 2229 luminis
2544 2216 2558 2240 ,
2606 2176 3033 2231 animadvertere
3076 2185 3247 2246 potes.
3297 2177 3352 2232 Si
3388 2179 3528 2233 enim
3567 2195 3768 2249 corpus

2176 2268 2377 2322 nullum
2407 2278 2522 2336 est,
2555 2276 2612 2323 ut
2638 2269 2773 2324 ratio
2792 2269 2901 2339 jam
2938 2270 3210 2337 ostendit,
3247 2270 3387 2341 quod
3414 2272 3765 2343 longitudine,

2176 2360 2477 2427 latitudine,
2507 2361 2783 2416 altitudine
2808 2370 3005 2425 careat,
3038 2362 3274 2433 nihilque
3302 2363 3490 2418 horum
3517 2364 3617 2419 nisi
3640 2380 3767 2420 cum

2177 2452 2295 2505 aliis
2341 2451 2545 2507 duobus
2584 2466 2703 2507 esse
2742 2453 2795 2507 in
2843 2467 3067 2522 corpore
3104 2461 3311 2523 potest;
3362 2455 3539 2509 animo
3588 2465 3768 2512 tamen

2177 2546 2336 2599 etiam
2365 2545 2533 2600 solam
2561 2546 2754 2601 lineam
2801 2545 3053 2601 interiore
3088 2546 3316 2617 quodam
3355 2547 3546 2614 oculo,
3588 2547 3642 2602 id
3683 2557 3771 2603 est

2178 2637 2547 2707 intelligentia,
2569 2637 2749 2693 videre
2770 2652 3083 2692 concessum
3105 2646 3187 2693 est
3220 2656 3233 2693 :
3256 2638 3484 2693 arbitror
3510 2654 3606 2699 nos
3636 2654 3768 2695 con-

2177 2728 2372 2783 cedere
2399 2729 2476 2783 sic
2503 2728 2735 2782 animum
2777 2742 2971 2798 corpus
2998 2743 3103 2783 non
3144 2743 3297 2796 esse,
3341 2738 3399 2783 ut
3435 2730 3505 2783 sit
3538 2744 3768 2802 corpore

2177 2821 2387 2877 melior.
2436 2821 2551 2889 Quo
2575 2835 2858 2887 concesso,
2889 2836 2993 2876 non
3022 2822 3212 2893 opinor
3247 2821 3592 2877 dubitandum
3619 2839 3763 2890 esse,

2177 2927 2301 2967 eum
2330 2912 2489 2967 etiam
2519 2913 2652 2967 linea
2681 2928 2801 2968 esse
2848 2914 3119 2968 meliorem
3151 2932 3164 2968 :
3194 2913 3476 2969 ridiculum
3505 2923 3588 2970 est
3617 2916 3763 2970 enim

2177 3019 2297 3059 cum
2342 3005 2442 3059 tria
2481 3005 2569 3059 illa
2609 3006 2771 3060 insint
2808 3006 3019 3076 corpori
3048 3014 3104 3060 ut
3145 3021 3339 3076 corpus
3377 3007 3479 3071 sit,
3526 3022 3632 3062 non
3676 3007 3767 3062 his

2178 3097 2424 3152 omnibus
2453 3112 2573 3153 esse
2598 3098 2875 3152 meliorem
2896 3139 2911 3164 ,
2961 3098 3051 3169 qui
3077 3112 3303 3167 corpore
3329 3107 3411 3153 est
3443 3098 3647 3153 melior.
3693 3100 3765 3155 At

2178 3189 2291 3259 ipsa
2317 3190 2485 3255 linea,
2526 3205 2625 3260 qua
2654 3189 2844 3245 melior
2872 3204 2992 3244 esse
3020 3190 3353 3244 convincitur
3377 3190 3617 3257 animus,
3643 3188 3767 3247 ideo

2176 3281 2383 3336 cmteris
2419 3281 2626 3336 duobus
2667 3288 2885 3350 praestat
2908 3322 2923 3348 ,
2959 3280 3080 3351 quia
3124 3281 3301 3335 minus
3339 3296 3499 3351 quam
3543 3280 3629 3335 illa
3656 3280 3766 3337 duo

2177 3374 2345 3429 secari
2372 3382 2563 3441 potest.
2601 3374 2770 3445 Porro
2798 3374 2886 3428 illa
2903 3373 3007 3428 duo
3035 3388 3102 3429 eo
3134 3373 3302 3444 magis
3326 3382 3573 3428 secantur
3603 3388 3766 3444 quam

2178 3458 2352 3535 linea,
2406 3483 2512 3539 quo
2554 3470 2720 3538 magis
2763 3482 2820 3523 se
2864 3468 2916 3522 in
2961 3468 3187 3538 spatium
3236 3466 3546 3523 distendunt
3577 3485 3589 3520 :
3620 3467 3767 3522 linea

2176 3578 2304 3616 vero
2330 3561 2555 3631 spatium
2585 3561 2684 3616 nisi
2713 3561 3059 3632 longitudinis
3088 3560 3287 3616 nullum
3306 3560 3484 3627 habet,
3511 3576 3617 3631 quo
3635 3560 3767 3616 sub-

2178 3654 2284 3709 lato
2305 3652 2433 3707 nihil
2452 3652 2670 3707 omnino
2691 3663 2931 3708 remanet
2954 3653 3129 3723 spatii.
3161 3653 3492 3724 QuaprOpter
3508 3653 3766 3723 quidquid

2178 3744 2315 3798 linea
2361 3743 2552 3798 melius
2596 3753 2715 3811 est,
2760 3758 2979 3799 necesse
3020 3752 3103 3799 est
3151 3745 3296 3798 nullo
3341 3744 3513 3814 apatio
3555 3745 3660 3812 sit,
3708 3755 3768 3801 et

2177 3834 2395 3888 omnino
2421 3834 2583 3888 dividi
2611 3835 2882 3905 secarique
2910 3849 3015 3889 non
3044 3836 3227 3906 possit.
3262 3836 3481 3891 Frustra
3506 3836 3679 3906 igitur,
3705 3846 3770 3893 ut

2177 3925 2400 3994 opinor,
2431 3926 2778 3996 quantitatem
2805 3927 3004 3992 animi,
3051 3941 3169 3997 qua:
3196 3926 3335 3981 nulla
3365 3936 3480 3993 est,
3522 3929 3768 3985 invenire

2177 4014 2500 4081 laboramus,
2519 4031 2640 4071 cum
2662 4032 2781 4072 eum
2802 4017 2941 4073 linea
2952 4018 3307 4074 concedamus
3326 4034 3447 4076 esse
3460 4020 3764 4077 meliorem.

2176 4111 2244 4166 Et
2281 4110 2327 4165 si
2365 4111 2649 4181 ﬁgurarum
2703 4112 2938 4166 omnium
2989 4112 3262 4182 planarum
3308 4112 3397 4168 illa
3436 4113 3635 4183 optima
3679 4124 3770 4169 est

2177 4220 2295 4275 quze
2320 4205 2520 4260 circulo
2550 4204 2834 4275 effingitur,
2866 4206 2916 4258 in
2940 4220 3043 4275 qua
3070 4206 3205 4261 ratio
3220 4206 3402 4262 docuit
3424 4205 3555 4261 nihil
3571 4206 3766 4263 melius

2178 4311 2297 4351 esse
2340 4306 2535 4367 puncto
2577 4308 2734 4366 atque
2777 4298 3073 4366 potentius,
3114 4297 3255 4368 quod
3294 4298 3441 4354 nullo
3484 4297 3767 4355 dubitante

2181 4390 2421 4460 partibus
2448 4397 2629 4456 caret;
2656 4388 2781 4459 quid
2813 4390 3007 4443 mirum
3035 4390 3079 4443 si
3106 4391 3280 4445 anima
3304 4405 3475 4460 neque
3503 4404 3765 4461 corporea

2178 4483 2265 4549 sit,
2300 4497 2471 4552 neque
2496 4483 2600 4536 ulla
2618 4490 2711 4536 aut
2728 4482 3056 4551 longitudine
3076 4492 3336 4552 porrecta,
3369 4493 3458 4538 aut
3484 4482 3766 4542 latitudine

2180 4576 2391 4640 diffusa,
2421 4586 2510 4631 aut
2540 4575 2817 4629 altitudine
2855 4575 3107 4643 solidata;
3146 4586 3199 4631 et
3229 4586 3406 4633 tamen
3434 4586 3638 4633 tantum
3666 4594 3765 4634 va-

2178 4668 2286 4723 leat
2312 4668 2363 4722 in
2400 4682 2656 4737 corpore,
2698 4676 2754 4721 ut
2804 4683 2966 4737 pcnes
2992 4683 3109 4723 eam
3145 4668 3213 4723 sit
3247 4669 3480 4740 regimen
3520 4670 3765 4725 omnium

2176 4761 2557 4826 membrorum,
2587 4759 2803 4830 etquasi
2821 4760 2981 4815 cardo
2995 4760 3208 4832 quidam
3223 4760 3276 4816 in
3298 4761 3522 4832 agendo,
3542 4772 3766 4818 cuncta-

2176 4869 2297 4909 rum
2326 4853 2680 4923 corporalium
2703 4853 3030 4909 motionum?

2246 4946 2335 5001 24.
2364 4946 2499 5002 Cum
2529 4956 2705 5002 autem
2734 4947 2876 5002 oculi
2902 4948 3156 5016 medium,
3184 4963 3302 5020 quae
3326 4948 3523 5019 pupilla
3545 4947 3763 5017 dicitur,

2178 5039 2309 5095 nihil
2339 5039 2481 5094 aliud
2513 5041 2584 5095 sit
2609 5056 2769 5110 quam
2799 5040 3063 5111 quoddam
3095 5049 3344 5111 punctum
3371 5040 3509 5095 oculi
3530 5082 3544 5106 ,
3574 5040 3626 5094 in
3655 5054 3765 5110 quo

2179 5140 2356 5187 tamen
2403 5141 2549 5188 tanta
2576 5134 2659 5188 vis
2692 5142 2773 5189 est
2796 5174 2812 5200 ,
2859 5142 2917 5188 ut
2945 5149 3011 5189 eo
3040 5133 3314 5188 dimidium
3354 5134 3547 5190 cmlum
3568 5174 3582 5200 ,
3610 5132 3766 5204 cujus

2178 5225 2444 5280 inctlabile
2471 5226 2696 5294 spatium
2730 5235 2841 5291 est,
2890 5241 2956 5281 ex
2982 5226 3160 5296 aliquo
3189 5226 3438 5281 eminenti
3469 5227 3588 5281 loco
3615 5224 3764 5280 cerni

2176 5316 2585 5387 collustrarique
2627 5318 2826 5387 possit;
2866 5334 2972 5372 non
3011 5318 3318 5373 abhorreta
3356 5332 3482 5372 vero
3523 5317 3764 5371 animum

2176 5424 2360 5465 carere
2389 5409 2534 5463 omni
2559 5422 2813 5479 corporea
2861 5409 3254 5481 magnitudine,
3305 5425 3424 5478 quae
3465 5408 3633 5463 tribus
3659 5407 3764 5462 illis

2177 5501 2492 5558 ditl'ereutiis
2519 5512 2938 5569 consummatur,
2970 5502 3209 5573 quamvis
3239 5515 3523 5570 corporum
3550 5499 3762 5569 magni-

2181 5592 2391 5648 tudines
2431 5594 2693 5663 quaslibet
2735 5594 3011 5665 imaginari
3053 5602 3230 5664 queat.
3279 5592 3385 5649 Sed
3416 5592 3598 5662 paucis
3631 5590 3762 5645 licet

2179 5685 2295 5756 ipso
2315 5687 2492 5747 animo
2518 5686 2751 5741 animum
2773 5702 3014 5754 cernere,
3045 5688 3098 5743 id
3128 5697 3211 5746 est
3231 5698 3289 5746 ut
3324 5689 3438 5760 ipse
3460 5702 3519 5743 se
3546 5685 3759 5742 animul

2242 5789 2260 5822 ί
2294 5788 2427 5850 Edd.,
2450 5785 2536 5839 illa
2556 5802 2768 5841 cernere.
2788 5797 2914 5852 Mss,
2933 5787 3047 5839 ulta.
