2048 3184
144 152 214 183 lii-l9

144 213 235 241 videat
245 219 253 243 ς
268 208 340 237 videt
347 209 436 235 autem
443 210 492 240 per
501 198 713 235 intelligentiam.
727 193 794 222 Huic
805 191 856 221 soli
865 189 937 243 enim

144 235 404 287 iiRt—videreiinihil
494 248 522 276 in
536 246 616 275 rebus
628 242 762 280 potentius
776 244 803 267 et
816 235 937 287 magnifi-

145 304 252 333 centius
262 302 295 331 iis
305 299 417 332 naturis,
431 304 501 333 qua,
516 298 545 323 ut
559 294 595 321 ita
610 292 707 322 dicam,
719 289 778 316 sine
790 283 938 333 tumoribus

148 358 210 380 esse
222 330 423 382 intelliguntur:
438 330 527 371 tumor
539 340 610 368 enim
626 345 680 365 non
692 333 806 363 absurde
820 330 938 367 appella-

147 402 193 425 tur
206 380 326 430 corporis
338 390 490 428 magnitudo
499 410 507 422 ,
520 395 579 424 quae
589 386 611 414 si
622 380 938 430 magnipendendaesset,

150 423 302 478 nobis
316 423 434 474 profecto
446 423 579 470 elephanti
595 432 728 466 saperent.
742 426 818 461 Quod
833 424 855 476 si
869 423 941 459 quis-

151 470 232 525 quam
245 470 338 514 eorum
347 486 473 518 cognatus
483 480 553 508 dicet
562 477 715 512 elephantos
725 480 784 501 esse
794 470 940 507 sapientes;

152 515 227 563 sensi
239 533 309 561 enim
323 528 443 566 quamvis
452 526 597 558 admirans,
608 522 679 551 sensi
691 526 778 549 tamen
787 518 868 546 etiam
880 515 943 542 hinc

154 561 278 608 bomines
291 561 363 612 sape
376 575 526 609 ambigere;
539 571 604 599 illud
614 591 621 603 ,
633 572 757 605 quantum
772 565 877 600 opinor,
890 561 944 590 sal-

154 633 209 656 tem
223 625 370 656 concedet,
392 623 451 657 plus
470 621 545 648 asino
560 624 652 653 sapere
663 615 808 649 apiculam;
832 616 944 645 quorum

156 680 311 708 comparare
324 668 517 704 magnitudines
525 666 583 700 plus
594 663 710 698 profecto
722 664 762 687 est
774 665 852 693 quam
865 654 946 682 asini-

157 729 220 749 num
238 729 244 746 :
261 719 300 746 vel
317 716 387 752 quod
404 715 482 742 etiam
502 713 535 740 de
556 711 633 739 oculo
649 708 800 735 dicebamus
812 726 818 737 ,
840 704 881 731 cui
894 710 945 729 non

157 767 257 801 liqueat
278 763 373 798 aquike
390 761 494 788 oculum
513 758 595 785 multo
611 762 688 791 quam
708 756 797 780 noster
813 754 873 782 est,
889 754 947 775 esse

158 811 324 841 breviorem?
344 816 397 844 quo
412 812 498 835 tamen
515 805 558 832 illa
579 803 691 830 sublime
713 801 747 827 ita
764 798 869 828 volans,
891 799 947 822 uta

159 860 235 889 nobis
253 859 280 885 in
301 861 372 884 tanta
393 856 450 882 luce
470 852 577 880 difﬁcile
595 853 730 879 cernatur,
756 846 878 872 latentem
899 840 949 868 sub

158 907 253 934 frutice
278 902 458 938 lepusculum,
483 903 510 926 et
531 897 580 925 sub
603 895 723 922 ﬂuetibus
745 892 844 926 piscem
860 889 949 915 videre

159 955 295 986 comperta
316 954 367 976 est.
390 947 465 981 Quod
481 946 501 972 si
516 946 541 971 in
555 943 618 978 ipsis
632 940 752 969 sensibus
762 959 768 970 ,
791 937 885 972 quibus
900 934 949 962 nisi

160 1005 289 1032 corporea
301 995 400 1022 sentire
416 1000 468 1020 non
482 992 570 1018 datum
584 993 625 1016 est
635 1010 641 1021 ,
663 987 726 1014 nihil
738 986 770 1012 ad
783 992 853 1015 rem,
870 982 896 1009 id
911 985 951 1008 est

161 1045 194 1072 ad
208 1044 261 1071 vim
276 1040 417 1073 sentiendi,
431 1040 502 1066 valet
514 1037 633 1071 corporis
648 1032 799 1068 magnitudo
812 1040 819 1063 ;
836 1034 951 1057 metuen-

162 1091 261 1118 dumne
272 1093 320 1120 est,
337 1094 442 1122 qttmso,
457 1093 490 1112 ne
502 1084 605 1110 animus
620 1082 761 1111 humanus,
774 1078 848 1112 cujus
862 1074 951 1102 excel-

163 1137 260 1165 lentior
273 1139 299 1162 et
313 1141 380 1169 pene
391 1132 462 1160 solus
474 1134 596 1165 aspectus
609 1131 649 1155 est
662 1126 717 1161 ipsa
730 1124 797 1152 ratio
810 1130 861 1157 qua
873 1121 952 1148 etiam

163 1191 193 1211 se
205 1182 325 1210 invenire
340 1180 455 1211 molitur,
471 1177 536 1204 nihil
547 1176 591 1207 sit,
608 1174 630 1201 si
643 1174 718 1200 illum
733 1170 825 1198 eadem
836 1168 914 1199 ratio,
928 1167 953 1194 id

162 1235 203 1257 est
216 1236 244 1255 se
257 1228 314 1262 ipse
328 1227 335 1242 ¹
350 1225 421 1252 omni
437 1221 614 1258 magnitudine
624 1241 630 1252 ,
649 1227 698 1254 qua
721 1217 854 1244 obtinetur
868 1214 951 1244 locus,

163 1282 255 1303 carere
265 1271 425 1300 convicerit?
435 1270 526 1304 Magna
535 1267 665 1302 quaedam,
673 1264 751 1292 crede
760 1262 835 1295 mihi,
846 1267 951 1295 magna,

164 1319 210 1348 sed
224 1320 281 1346 sine
306 1318 356 1344 ulla
372 1317 440 1343 mole
463 1315 496 1342 de
514 1314 602 1340 animo
626 1310 763 1345 cogitanda
783 1311 852 1335 sunt.
880 1305 953 1339 Quod

164 1366 268 1394 facilius
287 1363 416 1398 contingit
439 1362 489 1393 iis,
513 1360 556 1395 qui
579 1363 624 1385 aut
645 1358 712 1384 bene
731 1354 826 1382 eruditi
845 1353 878 1380 ad
899 1352 955 1379 haec

165 1413 305 1443 accedunt,
320 1419 371 1437 nou
385 1409 473 1436 studio
489 1406 574 1434 inanis
587 1405 690 1440 gloriae,
704 1402 750 1430 sed
762 1400 851 1428 divino
864 1405 954 1426 amore

165 1459 284 1487 veritatis
303 1456 422 1487 accensi;
443 1458 488 1481 aut
505 1453 549 1488 qui
568 1452 620 1486 jam
638 1450 662 1476 in
682 1449 722 1475 his
735 1446 885 1482 quaerendis
897 1452 957 1471 ver-

165 1510 276 1538 santur,
301 1502 421 1538 quamvis
444 1501 531 1527 minus
554 1497 649 1526 eruditi
671 1496 703 1523 ad
729 1492 908 1529 investiganda
926 1498 957 1518 ea

167 1552 298 1585 venerint,
313 1551 334 1577 si
350 1549 479 1584 patienter
492 1547 570 1574 bonis
585 1553 613 1572 se
627 1543 727 1571 dociles
741 1542 867 1576 praebent,
880 1544 958 1574 atque

168 1602 202 1629 ab
217 1600 289 1627 omni
305 1604 445 1632 corporum
456 1592 655 1624 consuetudine,
671 1593 797 1625 quantum
811 1588 838 1615 in
846 1586 896 1613 hac
906 1586 958 1612 vita

169 1646 345 1684 permittitur,
366 1647 449 1670 semet
464 1642 594 1668 avertunt.
617 1637 686 1665 Fieri
706 1640 793 1663 autem
810 1641 862 1660 non
873 1635 960 1667 potest

169 1693 282 1729 quadam
293 1691 379 1718 divina
391 1687 564 1724 providentia,
578 1690 606 1711 ut
618 1682 747 1717 religiosis
757 1680 851 1707 animis
858 1678 960 1712 seipsos

170 1744 198 1768 et
212 1740 294 1766 Deum
308 1744 395 1768 suum,
412 1735 436 1761 id
453 1738 493 1760 est
506 1732 643 1759 veritatem
657 1729 707 1764 pie,
722 1731 794 1755 caste
809 1732 840 1752 ac
852 1724 961 1758 diligen—

173 1791 213 1814 ter
227 1783 423 1821 quatrentibus,
439 1778 590 1808 inveniendi
606 1776 716 1803 facultas
731 1773 808 1801 desit.

208 1830 320 1859 CAPUT
335 1828 391 1856 XV.
407 1842 442 1848 -—
458 1826 582 1861 Objieilur
594 1823 703 1849 animant
721 1824 793 1847 (etate
808 1825 926 1845 crescere.

208 1880 253 1908 25.
267 1879 318 1907 Sed
329 1878 363 1905 ab
373 1878 421 1904 ista
433 1876 589 1911 quaestione,
599 1873 648 1900 nisi
657 1871 718 1907 quid
730 1870 815 1898 adhuc
826 1873 851 1896 te
864 1871 961 1900 movet,

172 1929 226 1964 jam
236 1926 402 1957 recedamus,
414 1924 436 1950 si
450 1924 548 1958 placet;
560 1925 586 1948 et
596 1920 628 1947 ad
637 1920 685 1946 alia
695 1924 860 1946 transeamus
872 1924 878 1941 ε
890 1914 964 1950 quid-

175 1974 238 2011 quid
258 1978 345 2001 autem
360 1972 393 1999 de
408 1971 459 1998 illis
474 1970 562 2004 ﬁguris
582 1967 716 2002 loquacius
732 1974 747 1993 a
761 1965 837 1992 nobis
853 1964 965 1990 fortasse

175 2010 336 2056 disputatum
352 2022 392 2046 est
404 2024 482 2053 quam
493 2015 611 2045 volebas,
627 2013 728 2040 videbis
737 2016 861 2047 quantum
872 2010 905 2037 ad
916 2010 966 2036 alia

179 2067 296 2100 valebit,
315 2066 337 2093 si
355 2065 423 2091 hanc
443 2062 661 2096 disceptationem
682 2059 779 2094 aliquid
801 2056 833 2086 co
851 2058 966 2091 adjutam

179 2122 240 2143 esse
262 2112 384 2140 concedis
402 2120 408 2138 :
426 2117 486 2137 nam
503 2113 530 2136 et
549 2111 654 2135 exercet
675 2106 788 2132 animum
814 2104 864 2130 hoc
885 2111 967 2138 genus

180 2161 388 2196 disciplinarum,
405 2157 437 2185 ad
450 2156 585 2183 subtiliora
597 2153 739 2185 cernenda,
752 2159 784 2178 ne
797 2151 855 2177 luce
864 2150 967 2177 illorum

180 2214 362 2242 repercussus,
376 2209 402 2232 et
415 2212 472 2232 eam
489 2202 618 2229 sustinere
633 2208 683 2227 non
696 2199 786 2225 valens
796 2219 802 2230 ,
823 2197 849 2224 in
862 2196 969 2224 easdem

180 2253 304 2280 tenebras
318 2258 381 2286 quas
396 2250 486 2284 fugere
498 2247 637 2282 cupiebat,
662 2245 774 2272 libenter
797 2242 921 2277 refugiat;
944 2245 971 2268 et

182 2298 258 2325 atl‘ert
268 2300 437 2331 argumenta,
453 2294 502 2320 nisi
519 2293 603 2325 fallor,
623 2290 779 2321 certissima,
794 2289 888 2323 quibus
902 2286 971 2321 quod

182 2344 260 2371 fuerit
271 2344 405 2370 inventmu
418 2346 497 2375 atque
509 2339 669 2370 confectum,
686 2336 864 2371 impudentem
877 2334 973 2361 habeat

179 2389 371 2418 dubitationem
383 2407 389 2418 ,
410 2390 536 2420 quantum
557 2384 655 2411 homini
670 2383 730 2410 talia
745 2382 875 2416 vestigare
888 2381 897 2395 ²
912 2387 973 2415 per-

184 2436 294 2465 missum
307 2438 347 2460 est
361 2433 381 2459 ³.
404 2432 489 2459 Minus
509 2431 578 2458 enim
596 2437 646 2465 ego
664 2429 697 2456 de
712 2429 753 2455 his
769 2428 849 2455 rebus
871 2426 971 2459 dubito,

215 2503 224 2518 ι
241 2501 277 2525 sic
285 2504 337 2524 uss.
348 2502 374 2524 At
385 2502 421 2522 Er.
436 2502 461 2522 et
471 2500 525 2521 ιον.
536 2496 626 2521 habent
636 2495 721 2526 ipsam.

215 2534 224 2548 ε
241 2522 336 2556 Frisii
344 2522 392 2561 in,
404 2532 517 2561 quantum
528 2527 616 2552 homini
627 2522 669 2551 uili
679 2523 824 2557 investigari.
835 2528 904 2553 ven.,
911 2522 975 2549 inve-

184 2567 337 2630 “Elidit-toea
347 2597 382 2617 Er.
395 2595 419 2616 et
427 2595 481 2615 Lov.
489 2589 737 2630 interponuntisthtee
746 2587 835 2630 verba:
848 2585 975 2630 Impuhdens

274 2629 277 2630 ν
332 2626 335 2630 .
372 2624 376 2630 ι
447 2629 464 2630 νγ
478 2622 483 2630 ι
548 2628 576 2630 ..η
600 2619 743 2630 -Α-..,ς..-;ιμ..
759 2625 764 2630 .
795 2625 834 2630 ην.-
852 2620 890 2630 ΜΔ.
925 2623 975 2630 ιιι-ιη

186 2616 308 2660 dubitatio
320 2616 506 2660 ditopzts_nto(lis
524 2616 578 2660 ﬁeri
596 2619 743 2660 εορηρδσὶιᾳν
756 2625 764 2643 ;
776 2618 834 2643 dum
845 2616 890 2660 5nd
907 2616 976 2641 horno

186 2649 227 2688 qui
237 2649 328 2688 ratione
340 2655 374 2680 uti
385 2657 467 2688 potest,
482 2653 506 2678 in
518 2649 609 2688 tantum
619 2649 690 2688 [relics
701 2650 815 2688 pigerque
826 2649 858 2673 ad
868 2654 977 2688 qurere"-

186 2679 243 2712 ἆώἠ
254 2679 376 2713 veritatem
384 2679 493 2721 efﬂatur,
508 2682 596 2721 ut'plus
608 2683 662 2708 uelit
670 2682 694 2706 in
702 2679 808 2721 tamen?
819 2679 928 2721 vanitatis
939 2685 977 2721 re;

186 2709 283 2754 nutriere
293 2709 428 2754 'rjiiaiitl'in
439 2723 466 2740 eo
478 2709 567 2747 q'uod'u
578 2718 688 2749 creatore
704 2715 802 2754 suo-est
815 2709 935 2754 funditus,
943 2710 976 2734 ad

187 2740 395 2782 seipsuinise'metret
404 2740 475 2782 Deum
484 2740 552 2771 Suum
560 2753 616 2782 vera
625 2743 802 2782 ratiocinatione
810 2740 977 2782 int'eniengtum

187 2771 430 2811 intb‘stigumlmnqne
436 2778 542 2811 lt‘Ibaran'
551 2785 559 2806 ;
571 2780 612 2811 aut
623 2780 671 2802 tam
678 2774 785 2811 improba
794 2771 941 2811 contumaria
946 2778 977 2807 ea

189 2802 521 2844 qucum-5aliis"laborantium
533 2802 637 2844 studiose
648 2811 671 2833 et
732 2804 891 2844 qtlquztilgzts
903 2807 925 2828 et
942 2802 977 2827 in-

189 2818 242 2844 quw
254 2814 283 2836 ub
295 2814 348 2836 aliis
362 2814 521 2835 laborantum
533 2814 637 2834 studiose
648 2814 671 2833 et
690 2814 720 2832 nc
732 2814 891 2838 qua’rt’mwus
903 2814 924 2828 ιί
942 2814 977 2827 ιιι-

188 2847 257 2867 oenia
268 2846 290 2874 el
299 2844 404 2874 con/ecta
413 2845 474 2871 sunt,
485 2840 585 2874 inveniri
596 2843 618 2874 et
627 2814 715 2874 confici
726 2844 792 2869 posse
801 2835 910 2874 dubitare
923 2841 978 2874 ηις-

337 2866 366 2900 ab
376 2866 474 2899 causam
485 2872 574 2904 faciunt
584 2871 632 2897 nisi
642 2866 705 2903 quod
717 2866 732 2894 ἁ
742 2866 873 2899 semetipsis
884 2866 978 2893 inventa

852 126 955 157 LIBER
974 126 1018 155 UN
1023 126 1073 155 US.

1709 121 1778 151 £050

990 192 1069 221 quam
1083 183 1117 212 de
1138 183 1171 211 iis
1192 189 1258 218 quas
1281 180 1340 209 istis
1361 179 1445 208 oculis
1467 179 1588 207 videmus
1605 186 1665 207 cum
1686 179 1779 214 pituita

990 237 1097 265 semper
1105 229 1203 256 bellum
1212 226 1374 263 gerentibus.
1386 225 1454 260 Quid
1463 226 1533 253 enim
1546 225 1634 252 minus
1644 223 1779 252 ferendum

991 275 1187 305 etaudiendum
1202 278 1261 307 est,
1276 281 1355 309 quam
1374 273 1450 300 fateri
1465 279 1513 300 nos
1533 271 1636 299 ratione
1655 275 1781 306 praestare

991 322 1082 349 bestiis
1095 322 1103 337 ί
1114 342 1122 352 ,
1136 325 1162 348 et
1177 328 1234 348 eam
1256 327 1313 347 rem
1333 319 1408 346 fateri
1428 325 1487 345 esse
1507 316 1605 352 aliquid
1626 323 1704 351 quam
1719 323 1779 343 cor-

992 374 1075 402 poreo
1087 366 1187 393 lumine
1199 365 1327 392 sentimus
1336 385 1343 397 ,
1358 371 1437 399 quam
1451 363 1531 391 etiam
1543 362 1678 390 nonnullae
1691 361 1783 389 bestia:

992 413 1087 441 melius
1109 416 1239 444 cernunt;
1265 410 1291 438 id
1315 414 1403 437 autem
1425 409 1495 444 quod
1515 408 1619 436 ratione
1640 407 1783 440 intuemur,

994 459 1059 487 nihil
1079 465 1139 486 esse
1155 456 1336 485 contendere?
1355 456 1431 489 Quod
1451 456 1474 482 si
1491 455 1625 483 diceretur
1645 454 1697 482 tale
1714 461 1783 487 esse,

994 506 1072 542 quale
1086 504 1152 533 illud
1165 508 1221 537 est,
1236 503 1306 539 quod
1320 502 1389 530 oculi
1400 502 1507 536 vident,
1525 501 1588 529 nihil
1602 500 1720 536 profecto
1734 499 1785 527 dici

994 559 1074 588 posse
1088 551 1218 586 indignius
1230 549 1373 577 videretur.

1031 597 1076 625 26.
1101 597 1133 624 E.
1150 597 1257 631 Accipio
1276 595 1326 623 ista
1346 594 1519 623 libentissime
1540 597 1621 628 atque
1638 592 1785 620 assentior:

998 643 1044 671 sed
1059 642 1123 670 illud
1137 650 1180 669 me
1193 645 1299 675 movet,
1315 648 1376 668 cum
1390 647 1525 674 corporea:
1544 638 1695 674 quantitatis
1706 658 1712 669 ,
1735 644 1787 664 non

998 697 1057 717 esse
1080 688 1194 716 animam
1208 695 1252 715 res
1266 688 1299 714 ita
1314 687 1385 715 clara
1397 686 1430 713 sit
1442 686 1518 718 mihi,
1534 690 1564 712 ut
1578 684 1685 712 omnino
1697 692 1789 719 quem-

998 734 1139 763 admodum
1156 734 1277 761 resistam
1300 733 1352 760 illis
1372 732 1534 768 argumentis
1545 753 1553 765 ,
1576 736 1603 759 et
1617 731 1680 767 quid
1694 739 1786 758 eorum

1000 789 1052 810 non
1066 781 1223 814 concedam,
1236 787 1345 815 prorsus
1360 779 1495 814 ignorem;
1512 779 1634 814 primum,
1651 785 1699 805 cur
1713 782 1791 805 mtate

1000 833 1030 857 ut
1044 835 1142 863 corpus
1150 827 1258 860 crescit,
1270 826 1308 853 ita
1321 830 1347 853 et
1357 826 1444 852 anima
1457 825 1499 853 vel
1509 828 1612 852 crescat
1623 824 1664 852 vel
1672 831 1792 851 crescere

1002 875 1133 903 videatur.
1148 874 1212 908 Quis
1225 873 1296 901 enim
1312 876 1389 907 neget
1400 879 1496 907 pueros
1511 870 1633 903 infantes,
1649 877 1683 897 ne
1693 869 1792 897 bestia-

1001 929 1059 949 rum
1072 920 1178 956 quidem
1191 919 1376 947 nonnullarum
1388 917 1491 945 astutiae
1505 915 1718 951 comparandos?
1732 914 1792 950 quis

1001 972 1090 995 autem
1111 965 1227 998 dubitet,
1248 965 1301 992 illis
1323 963 1505 992 crescentibus
1518 963 1597 990 etiam
1611 956 1694 997 ipsam
1716 961 1743 988 in
1755 961 1795 987 eis

1002 1012 1199 1049 quodammodo
1212 1018 1332 1039 crescere
1346 1009 1495 1037 rationem?
1509 1008 1620 1041 Deinde,
1636 1008 1659 1035 si
1673 1015 1720 1042 per
1733 1014 1794 1041 spa-

1003 1060 1069 1087 tium
1082 1058 1123 1086 sui
1136 1057 1255 1092 corporis
1266 1057 1353 1084 anima
1369 1056 1538 1089 distenditur,
1552 1054 1687 1090 quomodo
1698 1053 1796 1081 nullius

1003 1104 1157 1141 quantitatis
1175 1103 1233 1131 est?
1257 1103 1280 1130 si
1301 1107 1389 1130 autem
1402 1109 1456 1129 non
1470 1101 1644 1134 distenditur,
1665 1099 1797 1135 quomodo

1005 1151 1086 1180 sentit
1099 1151 1195 1186 ubique
1208 1149 1390 1185 pungeutem?
1408 1149 1441 1176 Α.
1456 1149 1570 1176 Omnino
1586 1155 1616 1176 ea
1630 1149 1725 1183 quteris
1738 1155 1797 1183 qua)

1004 1206 1049 1226 me
1064 1204 1169 1233 quoque
1182 1203 1254 1231 sape
1269 1199 1411 1223 moverunt
1425 1203 1431 1221 :
1445 1195 1533 1229 itaque
1545 1201 1598 1221 non
1614 1201 1672 1221 sum
1686 1194 1799 1228 impara-

1005 1247 1048 1271 tus
1063 1242 1109 1270 tibi
1117 1241 1289 1277 respondere,
1304 1239 1406 1267 utmihi
1419 1240 1506 1271 soleo;
1522 1244 1610 1266 utrum
1620 1243 1708 1267 autem
1718 1239 1795 1271 bene,

1005 1290 1074 1318 ratio
1091 1296 1151 1324 quae
1166 1292 1192 1316 te
1211 1288 1265 1323 agit
1284 1286 1415 1322 iudicabit
1430 1295 1438 1314 :
1452 1286 1643 1321 qualecumque
1664 1285 1691 1313 id
1710 1289 1798 1313 tamen

1006 1336 1049 1369 sit,
1066 1335 1126 1371 plus
1141 1338 1212 1362 certe
1230 1340 1282 1361 non
1303 1339 1412 1368 possum
1422 1352 1430 1365 ,
1444 1331 1495 1359 nisi
1510 1331 1578 1359 forte
1594 1331 1693 1366 aliquid
1705 1331 1799 1359 melius

1006 1391 1068 1411 eum
1090 1382 1256 1417 disputamus
1268 1400 1275 1414 ,
1296 1380 1324 1407 in
1342 1383 1459 1407 mentem
1477 1378 1602 1406 divinitus
1613 1377 1725 1410 venerit.
1746 1377 1800 1405 Sed

1007 1436 1132 1466 agamus,
1149 1428 1171 1455 si
1186 1427 1289 1462 placet,
1306 1432 1381 1453 more
1395 1428 1503 1458 nostro,
1522 1427 1551 1451 ut
1573 1423 1641 1451 duce
1653 1423 1756 1451 ratione
1770 1427 1798 1450 tu

1009 1475 1055 1503 tibi
1069 1475 1126 1509 ipse
1140 1471 1311 1507 respondeas.
1328 1471 1367 1499 Ac
1377 1470 1451 1506 prius
1461 1477 1621 1505 quaeramus,
1637 1472 1726 1496 utrum
1740 1471 1812 1504 ere-1E

1009 1520 1107 1549 scentis
1127 1526 1188 1547 cum
1208 1524 1320 1553 corpore
1337 1516 1418 1544 animi
1436 1520 1537 1543 certum
1556 1519 1741 1551 argumentum
1756 1501 1813 1548 sit,‘

1009 1566 1080 1603 quod
1088 1566 1173 1593 aetatis
1179 1572 1288 1592 accessu
1298 1563 1384 1599 aptior
1390 1563 1512 1590 humana:
1519 1561 1704 1590 consuetudini
1710 1561 1800 1596 homo,

1010 1616 1038 1641 et
1049 1612 1075 1639 in
1086 1618 1117 1639 ea
1129 1609 1213 1645 magis
1225 1609 1363 1645 magisque
1377 1608 1475 1643 peritus
1489 1611 1539 1635 est.
1552 1606 1586 1634 Ε.
1600 1607 1656 1642 Age
1662 1611 1692 1634 ut
1701 1607 1801 1642 placet;

1011 1665 1073 1686 nam
1095 1661 1122 1684 et
1144 1663 1195 1691 ego
1214 1655 1241 1683 id
1263 1661 1347 1691 genus
1365 1652 1478 1681 docendi
1506 1659 1537 1680 ac
1556 1652 1674 1679 discendi
1690 1652 1804 1679 maxime

1011 1705 1096 1741 probo
1112 1712 1120 1731 :
1135 1702 1226 1730 nescio
1238 1709 1291 1737 quo
1309 1701 1380 1729 enim
1393 1699 1473 1727 modo
1482 1706 1542 1726 eum
1557 1698 1583 1726 id
1601 1697 1671 1734 quod
1683 1697 1804 1725 nesciens

1013 1749 1165 1787 quaerebam
1177 1749 1234 1783 ipse
1243 1746 1403 1782 respondeo,
1420 1745 1450 1772 ﬁt
1462 1745 1518 1780 ipsa
1529 1743 1650 1772 inventio
1660 1751 1714 1772 non
1724 1742 1805 1772 modo

1013 1805 1043 1825 re
1053 1817 1060 1830 ,
1076 1796 1123 1824 sed
1134 1794 1308 1823 admiratione
1322 1794 1332 1809 ¹
1348 1793 1428 1820 etiam
1442 1791 1553 1819 dulcior.

1014 1843 1127 1873 CAPUT
1141 1841 1211 1871 XVI.
1225 1856 1261 1862 -—
1280 1839 1456 1875 Respondetur
1470 1836 1602 1873 objectioni
1620 1840 1644 1864 et
1669 1835 1807 1864 ostenditur

1107 1889 1218 1916 animum
1229 1887 1282 1914 sine
1293 1893 1411 1921 corporeo
1422 1885 1573 1911 incremento
1585 1882 1716 1918 proﬁcere.

1051 1935 1098 1963 27.
1120 1934 1152 1962 Α.
1171 1934 1216 1961 Die
1237 1940 1300 1968 ergo
1320 1935 1407 1959 utrum
1427 1930 1473 1957 tibi
1492 1929 1577 1964 majus
1596 1933 1623 1957 et
1642 1929 1736 1956 melius
1756 1928 1809 1956 duo

1017 1981 1140 2018 quaedam
1151 2002 1158 2014 ,
1180 1987 1214 2007 an
1230 1986 1312 2006 unum
1325 1981 1404 2012 atque
1417 1976 1487 2003 idem
1500 1982 1561 2003 esse
1572 1974 1693 2002 videatur
1705 1973 1810 2001 duobus

1019 2027 1173 2056 nominibus
1181 2024 1341 2061 appellatum
1352 2023 1363 2050 ?
1377 2022 1410 2049 E.
1422 2021 1484 2050 Scio
1491 2020 1562 2048 aliud
1568 2028 1628 2048 esse
1635 2019 1705 2055 quod
1714 2019 1810 2055 majus,

1019 2074 1092 2102 aliud
1111 2072 1180 2109 quod
1199 2071 1294 2099 melius
1311 2069 1433 2097 dicimus.
1456 2067 1488 2094 Α.
1502 2066 1571 2100 Quid
1590 2066 1685 2093 horum
1699 2065 1811 2093 duorum

1021 2125 1063 2149 est
1076 2119 1151 2155 cujus
1162 2126 1221 2146 esse
1235 2121 1314 2152 putes
1323 2113 1517 2151 quantitatem?
1532 2112 1601 2140 E.ld
1615 2111 1812 2146 videlicetquod

1021 2167 1106 2202 majus
1118 2166 1240 2193 dicimus.
1255 2163 1287 2190 Α.
1298 2162 1367 2196 Quid
1376 2169 1436 2189 cum
1446 2160 1555 2188 duarum
1567 2159 1708 2194 ﬁgurarum
1721 2162 1814 2186 rotun-

1022 2213 1082 2241 dam
1096 2210 1223 2246 quadrata
1234 2208 1371 2235 meliorem
1389 2213 1447 2234 esse
1460 2204 1636 2232 conﬁtemur?
1649 2203 1815 2238 quantitasne

1023 2257 1050 2285 id
1063 2257 1134 2289 facit,
1150 2263 1182 2282 an
1197 2252 1260 2289 quid
1273 2251 1365 2279 aliud?
1385 2250 1417 2277 E.
1429 2250 1508 2278 Nullo
1522 2248 1602 2276 modo
1612 2249 1754 2283 quantitas,
1768 2248 1815 2275 sed

1024 2303 1068 2330 illa
1079 2301 1112 2329 de
1122 2308 1173 2336 qua
1188 2300 1311 2334 superius
1321 2296 1433 2331 egimus,
1450 2294 1586 2330 aequalitas
1600 2293 1677 2329 hujus
1687 2294 1816 2321 excellen-

1025 2350 1069 2376 tiae
1081 2354 1159 2375 causa
1173 2350 1224 2374 est.
1247 2345 1280 2372 Α.
1294 2343 1368 2370 Nunc
1382 2349 1445 2377 ergo
1459 2340 1520 2368 illud
1533 2340 1654 2373 attende,
1669 2344 1756 2366 utrum
1771 2339 1817 2366 tibi

1025 2394 1146 2422 videatur
1158 2392 1242 2420 virtus
1256 2389 1396 2429 aequalitas
1413 2387 1533 2423 quaedam
1548 2394 1609 2414 esse
1626 2386 1702 2419 vitaz,
1722 2385 1817 2413 rationi

1026 2440 1142 2476 undique
1165 2436 1367 2467 consentientis.
1395 2434 1462 2463 Nam
1476 2434 1499 2462 si
1512 2432 1583 2461 aliud
1596 2432 1630 2460 ab
1649 2432 1703 2460 alio
1721 2432 1747 2459 in
1766 2433 1817 2460 vita

1026 2530 1073 2549 non
1083 2522 1151 2553 sint;
1169 2520 1233 2554 quod
1244 2526 1320 2554 genus.
1335 2517 1433 2554 ίηυίάίαε
1451 2512 1820 2554 191‘s

1026 2545 1131 2587 55bit;-
1141 2545 1199 2585 ᾦξε
1207 2545 1289 2577 omnia
1299 2551 1388 2576 absunt.
1397 2555 1412 2574 a
1420 2549 1474 2574 Bad.
1486 2545 1514 2573 'et
1521 2554 1536 2573 a
1544 2552 1595 2573 Ms.
1607 2560 1637 2566 —
1648 2547 1739 2571 absunt
1747 2545 1820 2570 etiam

1027 2592 1043 2611 ι
1050 2590 1101 2611 Par.
1135 2588 1162 2609 Μ.

1060 2607 1227 2645 Γὶλινξξὶιοῡίε
1237 2612 1329 2645 ratione
1339 2613 1455 2645 mutuare
1464 2609 1557 2645 bestias.
1566 2608 1613 2634 Sed
1626 2607 1758 2645 legendum

1028 2637 1266 2673 aliiseditis'etittm.
1277 2637 1415 2673 codicibus,
1427 2648 1469 2667 nos
1486 2640 1577 2673 ratione
1595 2637 1711 2673 prws'tare
1732 2637 1819 2673 bestiis.

1028 2671 1053 2704 id
1062 2671 1530 2710 quipperAugustinointplerandurn‘hie
1540 2671 1648 2708 videtur,
1661 2671 1684 2707 si
1697 2671 1752 2702 quis
1767 2675 1822 2693 eou-

1030 2702 1114 2735 terfdai
1121 2702 1245 2739 'objecfum
1256 2706 1422 2739 rationisesse
1434 2703 1501 2733 nihil,
1512 2702 1655 2739 dum‘ipsius
1662 2702 1823 2739 visus‘oorpo-

1029 2730 1203 2771 rei-objectan
1209 2743 1265 2762 esse
1274 2736 1363 2768 aliquid
1372 2736 1474 2771 fateatur
1486 2730 1500 2759 τ’
1507 2738 1532 2771 et
1542 2730 1660 2758 rationem
1668 2732 1739 2771 alien
1747 2749 1754 2761 ,
1766 2730 1823 2762 quia

1029 2762 1232 2801 rabor—tequidem
1252 2762 1394 2801 prastamus
1404 2766 1505 2801 bestiis,
1525 2765 1584 2797 ipsa:
1599 2770 1659 2789 vero
1677 2762 1823 2794 plerumque

1031 2803 1097 2828 visus
1108 2799 1489 2833 perspicuitate_nobis_praastant.

1063 2823 1149 2861 ﬁeri,
1155 2823 1236 2856 animi
1240 2830 1331 2855 ratione
1344 2823 1356 2853 :7
1361 2823 1511 2861 librariorum
1520 2826 1588 2859 lapsu
1596 2832 1640 2859 pro
1648 2823 1823 2852 miratione-

1030 2864 1068 2890 ιιιὶ
1077 2859 1192 2896 scriptum
1200 2864 1254 2888 erat
1263 2862 1290 2887 in
1300 2860 1405 2893 antiquis
1412 2859 1540 2885 codicibus.
