4096 6368
526 347 655 404 1051

534 468 822 535 discrepet,
838 461 1027 533 magis,
1044 460 1096 519 ni
1119 457 1293 525 fallor,
1310 452 1648 521 offendimur,
1681 460 1835 519 quam
1863 444 1905 499 si
1931 442 2101 513 aliqua

522 575 646 631 pars
670 557 892 624 circuli,
930 554 1132 624 majore
1162 553 1433 608 minoreve
1474 544 1752 603 intervallo
1790 558 1945 615 quam
1987 539 2102 593 alia:

525 660 709 722 partes
736 649 895 703 distet
916 663 943 701 a
968 654 1179 716 puncto.
1214 645 1292 697 An
1318 651 1372 697 tu
1392 640 1545 696 aliter
1560 634 1868 693 existimas?
1896 632 1961 688 E.
1992 632 2103 685 Imo

523 742 814 807 assentior,
862 745 917 794 et
955 739 1090 795 hanc
1126 750 1243 806 quae
1263 735 1358 788 abs
1387 742 1437 785 te
1466 730 1727 799 descripta
1770 736 1884 793 est,
1934 725 2101 796 probo

527 850 648 890 esse
693 834 939 889 virtutem
975 846 987 885 :
1029 843 1147 883 nam
1199 834 1251 880 et
1294 824 1427 881 ratio
1475 837 1577 875 non
1617 818 1838 873 dicenda
1888 826 1971 870 est
2014 823 2103 869 aut

531 925 876 983 existimanda
898 964 913 991 ,
944 922 1042 979 nisi
1072 936 1224 984 vera;
1258 926 1311 974 et
1342 918 1491 985 cujus
1517 916 1621 973 vita
1654 929 1748 987 per
1773 911 1948 965 omnia
1977 925 2103 965 con-

527 1021 669 1092 gruit
714 1018 959 1083 veritati,
1006 1016 1053 1076 is
1092 1024 1172 1069 est
1208 1012 1445 1085 profecm
1483 1010 1563 1069 vel
1611 1008 1787 1070 solus,
1829 1006 1915 1066 vel
1959 1014 2102 1059 certe

530 1114 778 1176 maxime,
811 1111 897 1180 qui
930 1109 1065 1162 bene
1092 1116 1247 1177 atque
1274 1107 1494 1160 honeste
1526 1103 1678 1169 vivit;
1729 1110 1781 1155 et
1808 1100 1897 1173 qui
1936 1100 2005 1154 ita
2033 1099 2103 1154 sit

528 1204 766 1267 allectus,
798 1202 939 1258 solus
966 1200 1161 1254 habere
1185 1198 1453 1257 virtutem.
1486 1204 1539 1255 et
1568 1210 1626 1253 ea
1656 1194 1831 1249 vivere
1854 1192 2101 1262 judican-

528 1297 626 1353 dus
647 1304 744 1350 est.
784 1293 847 1348 Α.
880 1294 1049 1349 Probe
1078 1292 1209 1347 dicis
1239 1308 1251 1343 ε
1284 1290 1379 1345 sed
1414 1298 1558 1343 certe
1578 1290 1734 1347 etiam
1765 1286 1892 1342 illud
1930 1285 2099 1359 vides,

527 1398 587 1445 ut
615 1389 820 1457 opinor,
845 1386 1156 1442 similiorem
1181 1400 1297 1439 esse
1327 1382 1507 1443 virtuti
1534 1379 1789 1441 circulum
1819 1379 2101 1450 ﬁgurarum

530 1481 804 1551 pinnarum
848 1479 949 1533 alia
996 1477 1245 1549 qualibet.
1297 1475 1429 1537 Hinc
1472 1481 1556 1528 est
1596 1472 1734 1528 enim
1781 1470 1919 1540 quod
1963 1469 2102 1540 apud

526 1568 797 1627 Horatium
817 1568 1018 1637 magnis
1040 1566 1283 1623 laudibus
1301 1565 1531 1620 solemus
1555 1562 1807 1621 extollere
1829 1561 1974 1616 illum
1991 1576 2106 1616 ver-

527 1679 673 1730 sum,
707 1677 811 1732 quo
838 1663 928 1727 ait,
958 1676 1074 1717 cum
1104 1660 1169 1714 de
1192 1659 1431 1729 sapiente
1452 1664 1652 1727 ageret,

670 1774 819 1824 Fortis
843 1778 894 1823 et
916 1772 967 1823 in
987 1783 1044 1823 se
1066 1771 1170 1833 ipso
1192 1777 1323 1821 totus
1343 1776 1480 1819 teres
1502 1774 1647 1830 atque
1668 1766 1919 1818 rotundus.

1135 1852 1304 1916 (Serm.
1330 1849 1411 1901 lib.
1448 1850 1493 1911 2,
1522 1847 1672 1900 satira
1692 1850 1739 1910 7,
1776 1862 1818 1900 υ.
1845 1847 1946 1912 60.)

526 1960 596 2016 Ει
618 1968 762 2014 recte
787 1976 799 2012 :
836 1974 955 2019 nam
983 1973 1155 2027 neque
1184 1958 1235 2012 iu
1266 1957 1425 2012 animi
1455 1956 1607 2011 bonis
1635 1955 1916 2025 quidquam
1949 1954 2101 2011 inve-

528 2052 642 2115 nis,
686 2050 829 2120 quod
858 2051 1021 2119 magis
1055 2049 1153 2103 sibi
1183 2064 1247 2104 ex
1278 2048 1418 2102 omni
1450 2056 1597 2115 parte
1621 2047 1919 2102 consentiat
1944 2061 2101 2115 quam

525 2144 807 2205 virtutem;
856 2157 1025 2211 neque
1075 2142 1125 2194 in
1170 2140 1341 2210 planis
1389 2138 1569 2209 ﬁguris
1615 2154 1773 2207 quam
1823 2137 2098 2195 circulum.

524 2235 878 2301 Quamobrem
919 2233 962 2286 si
993 2232 1222 2286 circulus
1260 2246 1361 2285 non
1403 2229 1764 2299 magnitudine
1790 2228 1973 2297 spatii,
2006 2226 2101 2285 scd

524 2324 750 2395 quadam
777 2322 1195 2378 conformatione
1222 2322 1427 2377 cmteris
1449 2327 1692 2390 prmstat;
1720 2328 1914 2388 quanto
1938 2319 2103 2387 magis

523 2416 590 2471 de
614 2417 810 2471 virtute
838 2414 1245 2469 existimandum
1274 2420 1355 2468 est
1376 2452 1391 2474 ,
1431 2411 1569 2481 quod
1613 2426 1717 2469 non
1759 2409 1973 2479 majoris
2002 2410 2101 2469 loci

522 2508 887 2577 occupatione,
916 2506 1007 2561 sed
1028 2505 1203 2560 divina
1226 2504 1448 2573 quadam
1475 2501 1816 2571 congruentia
1840 2501 2101 2559 rationum

521 2607 681 2670 atque
710 2597 990 2655 concordia
1020 2605 1240 2651 cmteras
1266 2595 1572 2651 affectiones
1599 2594 1759 2649 animi
1784 2593 2031 2662 supcrat?

592 2691 682 2747 28.
710 2689 839 2747 Cum
870 2696 1043 2745 autem
1076 2704 1207 2757 puer
1230 2684 1439 2757 proﬁcit
1468 2685 1817 2750 laudabiliter,
1853 2684 1915 2738 ad
1942 2700 2101 2757 quam

521 2799 637 2841 rem
680 2784 844 2852 magis
889 2797 1045 2851 quam
1083 2781 1149 2834 ad
1185 2781 1431 2837 virtutem
1468 2779 1729 2850 proiicere
1769 2777 1999 2835 dicitur?
2034 2793 2101 2839 an

523 2891 631 2930 non
662 2873 751 2929 tibi
793 2871 1033 2927 videtur?
1065 2870 1130 2923 E.
1171 2870 1501 2929 Manifestum
1539 2878 1639 2927 est.
1689 2867 1750 2923 A.
1790 2867 1903 2925 Non
1948 2868 2102 2942 igitur

524 2962 619 3019 tibi
650 2963 804 3019 debet
830 2961 995 3019 videri
1029 2961 1234 3019 animus
1260 2962 1397 3019 sicut
1424 2974 1616 3028 corpus
1662 2956 1950 3015 crescendo
1980 2973 2100 3012 cum

524 3066 679 3115 aetate
706 3056 961 3126 proﬁcere
986 3074 998 3113 :
1033 3053 1358 3124 proﬁcieudo
1383 3054 1521 3109 enim
1545 3052 1611 3107 ad
1636 3053 1883 3107 virtutem
1914 3065 2101 3121 perve-

525 3150 632 3214 nit,
662 3164 822 3220 quam
852 3148 1073 3205 fatentur
1106 3146 1246 3205 [nulla
1274 3146 1427 3216 spatii
1456 3144 1834 3215 magnitudine,
1866 3143 1959 3198 sed
1985 3159 2099 3201 ma-

522 3256 620 3311 gna
650 3241 699 3299 vi
730 3240 1038 3298 constantiae
1066 3240 1336 3309 pulchram
1368 3252 1487 3295 esse
1510 3246 1667 3306 atque
1697 3235 2017 3306 perfectam:
2046 3244 2101 3297 et

520 3333 563 3389 si
594 3332 732 3389 aliud
758 3341 839 3387 est
868 3330 1056 3401 majus,
1077 3330 1214 3387 aliud
1248 3330 1456 3395 melius,
1489 3338 1547 3387 ut
1565 3330 1675 3403 jam
1704 3329 1921 3395 dedisti;
1950 3330 2103 3400 quid-

518 3424 648 3495 quid
674 3425 848 3480 anima
878 3440 999 3481 cum
1034 3432 1190 3479 aetate
1229 3422 1469 3492 proﬁcit,
1520 3438 1842 3492 composque
1882 3423 2100 3481 rationis

520 3516 597 3578 ﬁt,
628 3532 731 3571 non
760 3515 891 3571 mihi
920 3506 1126 3571 videtur
1152 3514 1266 3571 ﬁeri
1298 3513 1483 3583 major,
1516 3512 1611 3573 88d
1641 3512 1847 3573 melior.
1881 3512 2031 3581 Quod
2054 3514 2099 3569 si

520 3609 880 3663 membrorum
926 3608 977 3661 id
1008 3606 1203 3665 iaceret
1235 3605 1569 3677 magnitudo;
1612 3620 1677 3663 eo
1709 3605 1932 3675 quisque
1969 3621 2097 3676 pru—

519 3699 729 3755 dentior
752 3706 916 3764 esset,
944 3713 1049 3768 quo
1077 3698 1282 3767 longior
1306 3705 1396 3755 aut
1422 3695 1675 3753 validior:
1703 3696 1839 3768 quod
1865 3710 1921 3751 se
1946 3696 2101 3757 aliter

522 3793 715 3849 habere
739 3806 842 3848 non
863 3833 876 3857 ,
898 3791 1107 3861 opinor.
1140 3790 1376 3859 negabis.
1400 3788 1463 3847 E.
1488 3788 1616 3856 Quis
1637 3787 1774 3847 istud
1797 3786 2099 3858 negaverit?

519 3883 624 3940 Sed
657 3892 831 3941 tamen
861 3897 979 3936 cum
1012 3880 1270 3951 proﬁcere
1298 3880 1527 3939 animam
1566 3894 1663 3949 per
1688 3887 1895 3933 aetatem
1937 3877 2095 3931 etiam

526 3984 582 4029 tu
612 3973 907 4036 concedas;
940 3972 1107 4027 miror
1134 3971 1220 4039 qui
1248 3972 1355 4035 fiat,
1386 3976 1444 4025 ut
1471 3969 1646 4025 omnis
1673 3967 1978 4040 quantitatis
2005 3980 2099 4027 ex-

424 4058 429 4059 ,
518 4083 642 4139 pers
660 4110 674 4131 ,
704 4065 910 4123 etiamsi
947 4079 1051 4121 non
1079 4063 1438 4123 membrorum
1476 4060 1667 4132 spatio,
1697 4069 1752 4116 at
1782 4068 1927 4119 certe
1956 4068 2094 4123 tem-

518 4159 662 4227 poris
689 4157 984 4225 adjuvetur.

520 4268 744 4325 CAPUT
784 4267 943 4323 XVII.
971 4297 1039 4308 —
1066 4267 1249 4321 Anima
1289 4267 1452 4337 spatio
1482 4266 1717 4338 temporis
1757 4282 1976 4323 crescere
2018 4268 2096 4323 di-

1057 4361 1186 4413 citur
1206 4359 1557 4430 metaphorlce.
1594 4366 1603 4373 '

590 4473 677 4528 29.
711 4473 901 4527 Desine
942 4473 1152 4540 mirari,
1197 4488 1314 4526 nam
1355 4482 1407 4527 et
1450 4472 1536 4527 hic
1564 4471 1657 4527 tibi
1701 4471 1859 4527 simili
1889 4472 2095 4527 ratione

521 4564 835 4633 respondeo.
862 4563 929 4618 Ut
950 4564 1089 4616 enim
1114 4562 1472 4616 membrorum
1497 4562 1799 4632 magnitudo
1820 4561 1940 4616 ideo
1961 4561 2094 4616 nihil

521 4656 671 4709 aﬁ‘i-rt
698 4655 991 4723 argumenti
1018 4670 1111 4707 cur
1136 4656 1361 4707 animam
1390 4653 1622 4722 adjuvet,
1647 4652 1787 4723 quod
1814 4653 1961 4706 multi
1983 4652 2095 4706 exi-

517 4748 737 4804 liorihus
772 4743 1206 4817 brevioribusque
1248 4746 1502 4801 membris
1537 4746 1904 4815 prudentiores
1945 4746 2095 4799 inve-

526 4840 743 4894 niuntur
788 4838 1099 4907 quibusdam
1132 4853 1316 4907 magna
1360 4838 1500 4892 mole
1546 4838 1784 4907 corporis
1827 4837 2089 4905 praeditis;

526 4933 597 4986 ita
649 4930 896 5001 quoniam
947 4931 1182 4999 juniores
1246 4928 1525 4983 nonnullos
1573 4928 1869 4982 senioribus
1908 4927 2093 4997 pleris-

519 5040 621 5095 que
674 5023 840 5093 magis
882 5022 1165 5077 industrios
1213 5032 1371 5093 atque
1422 5028 1666 5075 strenuos
1694 5020 1953 5085 videmus,
1986 5034 2090 5072 non

516 5118 671 5171 video
710 5132 804 5171 cur
844 5113 1070 5184 putanda
1108 5114 1215 5171 sint
1259 5113 1426 5183 spatia
1468 5112 1720 5181 temporis
1758 5111 1809 5175 in
1850 5110 2092 5166 aetatibus

518 5212 842 5265 incrementa
877 5216 939 5277 ut
975 5207 1315 5277 corporibus,
1356 5205 1431 5258 sic
1474 5205 1663 5257 animis
1692 5203 1853 5270 dare;
1884 5218 2001 5257 cum
2038 5212 2093 5258 et

521 5302 631 5370 ipsa
660 5315 913 5367 corpora,
940 5299 1132 5369 quibus
1163 5313 1257 5367 per
1292 5305 1499 5366 tempus
1526 5311 1767 5351 crescere
1792 5304 1945 5367 atque
1974 5310 2089 5350 am-

520 5392 685 5462 pliora
712 5394 877 5463 spatia
919 5400 1098 5446 tenere
1127 5405 1437 5445 concessum
1467 5396 1579 5456 est,
1609 5404 1749 5461 saepe
1790 5390 1895 5444 sint
1921 5405 2091 5447 anno-

518 5485 659 5539 siora
690 5484 926 5537 breviora
949 5525 963 5546 ,
1005 5499 1109 5538 non
1139 5482 1296 5537 modo
1326 5482 1509 5537 seniiia
1532 5522 1545 5546 ,
1586 5497 1705 5552 quae
1734 5481 2092 5551 magnitudine

519 5575 775 5643 temporis
803 5576 1188 5629 contrahuntur
1226 5582 1383 5643 atque
1421 5574 1754 5637 minuuntur;
1800 5573 1892 5627 sed
1932 5574 2091 5628 etiam

522 5681 836 5740 puerorum,
880 5680 1015 5735 quos
1059 5665 1525 5721 animadvertimus
1554 5664 1636 5719 his
1672 5664 1937 5719 breviores
1974 5680 2094 5722 esse

514 5771 751 5829 corpore
773 5756 965 5828 quibus
982 5766 1107 5811 sunt
1132 5764 1287 5814 aetate
1312 5755 1562 5826 majores.
1587 5755 1643 5812 Si
1670 5757 1828 5827 igitur
1853 5764 2093 5827 porrecta

1484 339 1567 393 ne
1607 330 2047 405 QUANTITATE
2086 329 2342 399 suum,
2374 329 2429 387 s.
2470 332 2833 392 AUGUSTINI

3647 348 3793 404 1032

2207 439 2260 494 in
2295 441 2577 512 plurimum
2621 452 2889 516 tempora,
2934 463 3002 504 ne
3043 447 3173 519 ipsis
3213 451 3428 522 quidem
3468 458 3792 527 corporibus

2205 535 2580 603 magnitudinis
2605 538 2832 595 afferunt
2857 555 3101 609 catisam:
3132 544 3225 599 sed
3255 546 3429 601 omnis
3455 549 3539 603 illa
3567 552 3796 607 seminis

2205 624 2284 677 vis
2310 634 2410 692 est,
2435 636 2488 682 et
2508 631 2853 699 quorumdam
2877 642 3077 689 natura;
3098 652 3434 694 numerorum
3457 656 3585 696 sane
3607 645 3794 697 occul-

2210 726 2401 779 torum,
2431 730 2483 773 et
2508 720 2795 778 difﬁcilium
2823 726 2886 779 ad
2909 726 3322 795 dignoscendum
3349 748 3361 784 :
3388 743 3585 802 quanto
3606 736 3789 791 minus

2206 811 2565 869 arbitrandum
2592 823 2673 871 est
2712 817 2866 889 longo
2896 828 3132 889 tempore
3168 823 3398 879 animam
3432 825 3541 881 ﬁeri
3575 828 3791 897 longio-

2206 921 2353 972 rem,
2385 909 2504 978 quia
2535 923 2651 965 eam
2676 911 2919 969 videmus
2947 930 3044 970 usu
3073 931 3252 971 rerum
3281 925 3438 988 atque
3474 918 3794 978 assiduitate

2207 998 2370 1052 multa
2400 1000 2687 1059 didicisse?

2278 1089 2364 1145 30.
2391 1091 2540 1159 Quod
2567 1094 2610 1148 si
2638 1101 2688 1149 te
2710 1094 2837 1150 illud
2854 1105 3048 1163 movet,
3073 1099 3211 1170 quod
3234 1101 3465 1157 solemus
3486 1117 3602 1159 eam
3627 1120 3791 1174 quam

2208 1179 2375 1235 Graeci
2412 1191 2733 1254 μακροθυμίαν
2773 1196 2993 1253 vocant,
3035 1189 3483 1260 iouganimitatem
3524 1195 3793 1264 interpre-

2207 1272 2336 1339 tari;
2364 1275 2785 1334 animadvertere
2812 1280 2935 1345 licet
2961 1295 2991 1336 a
3016 1295 3243 1353 corpore
3266 1285 3331 1341 ad
3360 1287 3592 1341 animum
3621 1289 3792 1344 multa

2207 1365 2364 1420 verba
2397 1367 2704 1435 transferri,
2738 1372 2873 1426 sicut
2914 1373 2981 1428 ab
3006 1375 3184 1429 animo
3209 1377 3275 1430 ad
3315 1391 3545 1447 corpus:
3588 1395 3712 1435 nam
3746 1382 3792 1433 si

2206 1465 2439 1511 montem
2471 1459 2787 1528 improbum,
2817 1464 3228 1533 etjustissimam
3250 1469 3491 1525 tellurem
3510 1470 3644 1525 dixit
3667 1471 3790 1525 Vir-

2206 1545 2362 1615 gilius
2390 1546 2624 1617 (Αζηεὶά.
2657 1551 2743 1605 lib.
2769 1552 2858 1617 12,
2891 1572 2939 1608 υ.
2973 1556 3107 1623 687;
3138 1556 3321 1629 Georg.
3353 1560 3440 1613 lib.
3470 1560 3527 1627 2,
3554 1579 3603 1615 υ.
3629 1563 3784 1633 460),

2206 1648 2323 1706 qua:
2348 1640 2506 1694 verba
2532 1642 2704 1697 cernis
2728 1643 2793 1697 ab
2815 1645 2994 1700 animo
3013 1646 3077 1700 ad
3105 1662 3329 1718 corpora
3351 1666 3472 1707 esse
3496 1653 3786 1720 translata;

2206 1728 2327 1796 quid
2349 1730 2538 1784 mirum
2556 1733 2598 1785 si
2615 1742 2793 1789 mutua
2807 1736 2922 1790 vice
2938 1736 3387 1807 longanimitatem
3401 1742 3647 1810 dicimus,
3662 1760 3788 1803 cum

2206 1820 2361 1890 longa
2386 1822 2487 1876 nisi
2514 1838 2734 1894 corpora
2752 1840 2873 1881 esse
2891 1843 2993 1881 non
3014 1831 3251 1898 possint?
3278 1832 3350 1886 Ea
3372 1849 3500 1889 vero
3527 1834 3665 1890 inter
3680 1837 3791 1891 via-

2206 1917 2347 1966 tutes
2363 1928 2480 1983 qua:
2496 1916 2795 1984 appellatur
2818 1918 2979 1975 animi
3007 1921 3331 1990 magnitudo,
3360 1924 3424 1979 ad
3453 1926 3652 1980 nullum
3671 1942 3790 1996 spe.

2206 2004 2358 2069 tium,
2379 2007 2470 2060 sed
2489 2007 2553 2060 ad
2572 2009 2675 2062 vim
2694 2010 2996 2078 quamdam,
3021 2012 3072 2067 id
3090 2025 3171 2068 est
3188 2014 3253 2069 ad
3270 2023 3583 2085 potestatem
3604 2030 3788 2088 poten~

2207 2098 2437 2167 tiamque
2454 2102 2613 2154 animi
2632 2103 2794 2158 relata
2817 2114 2958 2158 recte
2980 2105 3314 2176 intelligitur;
3347 2110 3512 2167 virtus
3530 2126 3597 2167 eo
3618 2113 3786 2182 pluris

2206 2188 2533 2256 mstimanda,
2547 2206 2654 2260 quo
2670 2192 2821 2261 plura
2837 2197 3147 2250 ecutemnit.
3163 2197 3266 2252 Sed
3278 2198 3345 2254 de
3362 2198 3459 2255 hac
3478 2211 3595 2270 post
3612 2202 3790 2273 loque-

2207 2293 2340 2342 mur.
2387 2296 2505 2339 eum
2541 2298 2841 2351 quaeremus
2880 2296 3076 2355 quanta
3104 2289 3173 2343 sit
3215 2291 3419 2357 anima,
3452 2292 3589 2362 sicut
3616 2296 3785 2364 quaeri

2205 2373 2422 2439 assolet,
2449 2386 2675 2443 quantus
2696 2376 2854 2432 fuerit
2870 2377 3145 2447 Hercules,
3170 2380 3427 2439 factorum
3448 2386 3787 2454 excellentia,

2205 2478 2310 2518 non
2342 2465 2478 2519 mole
2506 2468 2865 2524 membrorum
2893 2487 2907 2523 :
2937 2470 3007 2524 ita
3037 2472 3179 2527 enim
3207 2488 3367 2543 supra
3392 2475 3786 2535 distribuimus.

2206 2554 2426 2624 Oportet
2446 2565 2622 2613 autem
2649 2575 2789 2614 nunc
2816 2568 2871 2616 te
2897 2562 3168 2621 recordari
3188 2566 3332 2635 quod
3361 2567 3428 2622 de
3459 2577 3654 2633 puncto
3674 2570 3787 2639 jam

2204 2645 2334 2702 satis
2360 2646 2598 2716 egimus:
2632 2664 2753 2704 nam
2798 2650 2851 2707 id
2882 2654 3302 2721 potentissimum
3333 2672 3481 2722 esse,
3525 2661 3788 2717 maxime-

2203 2752 2308 2806 que
2342 2738 2393 2792 in
2426 2740 2606 2808 ﬁguris
2643 2740 2906 2799 dominari
2944 2744 3080 2799 ratio
3117 2745 3361 2809 docebat.
3394 2748 3632 2807 Potentia
3659 2767 3788 2811 vero

2203 2840 2361 2901 atque
2386 2831 2687 2889 dominatus
2717 2849 2894 2891 nonne
2922 2845 3192 2896 ostentant
3209 2840 3492 2909 quamdam
3525 2846 3786 2913 magnitu-

2202 2920 2421 2976 dinem?
2454 2932 2507 2977 et
2534 2924 2584 2978 in
2615 2934 2812 2995 puncto
2841 2936 3017 2983 tamen
3050 2930 3253 2989 nullum
3297 2934 3523 3000 spatium
3552 2938 3787 3002 reperier-

2203 3010 2408 3068 bamus.
2430 3014 2543 3071 Non
2570 3015 2727 3084 igitur
2746 3032 2994 3087 maguum
3020 3020 3101 3077 vel
3117 3021 3385 3091 ingentem
3403 3025 3636 3083 animum
3663 3042 3785 3087 cum

2204 3106 2449 3164 audimus
2468 3117 2558 3163 aut
2578 3109 2822 3176 dicimus,
2844 3121 3098 3181 quantum
3117 3114 3220 3171 loci
3241 3125 3484 3186 occupet,
3510 3118 3602 3173 sed
3625 3135 3767 3188 quan

2204 3206 2315 3253 tum
2345 3200 2536 3267 possit,
2570 3201 2906 3271 cogitandum
2936 3211 3035 3261 est.
3069 3202 3422 3270 Quamobrem
3452 3208 3497 3262 si
3532 3208 3641 3277 jam
3671 3210 3782 3279 prio

2205 3302 2352 3345 mum
2392 3299 2761 3358 argumentum
2800 3302 2978 3361 tuum,
3022 3308 3126 3362 quo
3158 3294 3254 3354 tibi
3293 3309 3388 3365 per
3415 3304 3627 3355 atatem
3660 3314 3782 3354 cum

2203 3391 2427 3449 corpore
2459 3380 2667 3439 animus
2707 3396 2950 3439 crescere
2989 3382 3283 3453 videbatur,
3318 3387 3447 3443 satis
3481 3387 3784 3445 discussum

2202 3476 2318 3535 est;
2350 3479 2678 3526 transeamus
2705 3470 2771 3526 ad
2794 3472 2955 3531 aliud.

2204 3581 2429 3638 CAPUT
2471 3582 2652 3637 XVIII.
2679 3613 2752 3627 --
2775 3583 3037 3657 Loquendi
3062 3587 3303 3657 facultas,
3326 3606 3476 3661 quam
3501 3609 3630 3662 puer
3651 3611 3783 3666 pau-

2261 3675 2403 3729 latim
2428 3676 2724 3745 assequitur,
2755 3693 2855 3731 non
2881 3680 3141 3734 tribuenda
3167 3681 3488 3739 incrementis
3516 3687 3720 3743 anima.

2273 3785 2361 3840 5i.
2394 3784 2459 3839 Ε.
2501 3785 2691 3841 Nescio
2730 3796 2906 3844 utrum
2947 3792 3123 3845 omnia
3154 3807 3273 3862 qua:
3314 3809 3398 3848 me
3439 3811 3543 3850 non
3588 3797 3782 3856 frustra

2203 3893 2419 3933 movere
2448 3879 3004 3949 assolent,persecuti
3042 3881 3329 3951 fuerimus;
3369 3894 3424 3941 et
3463 3888 3574 3944 ﬁeri
3604 3900 3783 3961 potest

2200 3976 2261 4022 ut
2283 3969 2703 4024 recordationem
2734 3985 2905 4025 meam
2935 3973 3109 4042 aliqua
3150 3972 3384 4043 fugiant:
3414 3989 3781 4037 verumtamen

2200 4061 2341 4132 quod
2368 4063 2581 4117 nuncin
2611 4072 2841 4118 mentem
2870 4066 3016 4119 venit
3037 4066 3312 4124 videamus
3337 4072 3491 4140 quale
3520 4073 3609 4138 sit,
3637 4075 3781 4143 quod

2200 4170 2332 4225 puer
2362 4154 2535 4211 infans
2576 4171 2682 4211 non
2720 4156 2968 4226 loquitur,
3010 4166 3167 4229 atque
3206 4159 3257 4214 in
3297 4164 3589 4219 crescendo
3625 4180 3780 4221 asse-

2198 4246 2398 4317 quitur.
2432 4246 2495 4300 Α.
2527 4247 2703 4303 Facile
2741 4257 2824 4302 est
2858 4249 2995 4303 istud
3021 4268 3033 4302 τ
3067 4266 3188 4305 nam
3216 4253 3379 4308 credo
3401 4254 3566 4309 videri
3598 4257 3689 4311 tibi
3714 4273 3778 4313 ea

2199 4338 2378 4409 lingua
2412 4353 2673 4409 quemque
2701 4339 2874 4408 loqui,
2915 4356 3015 4409 qua
3046 4341 3331 4410 loquuntur
3360 4345 3603 4401 homines
3642 4347 3781 4405 inter

2200 4447 2334 4501 quos
2360 4441 2515 4487 natus
2543 4432 2900 4502 educatusque
2929 4433 3017 4486 sit.
3065 4434 3128 4487 E.
3162 4434 3328 4489 Nemo
3365 4436 3415 4491 id
3452 4438 3679 4507 ignorat.
3710 4442 3775 4495 Α.

2199 4523 2475 4579 Constitue
2504 4539 2632 4593 ergo
2658 4525 2956 4594 quempiam
2990 4525 3058 4580 ibi
3089 4536 3266 4582 natum
3301 4537 3460 4597 atque
3493 4530 3658 4585 altum
3686 4533 3777 4587 ubi

2202 4617 2444 4679 homines
2488 4630 2596 4670 non
2626 4616 2983 4685 loquerentur,
3014 4617 3106 4671 sed
3138 4619 3349 4673 nutibus
3386 4621 3779 4678 membrorum-

2198 4725 2303 4779 que
2341 4718 2486 4763 motu
2514 4709 2858 4777 cogitationes
2885 4723 3009 4765 suas
3046 4709 3258 4787 sibimet
3286 4715 3672 4782 expromendas
3700 4718 3779 4772 si-

2196 4806 2450 4869 gnarent;
2484 4813 2660 4853 nonne
2688 4814 2878 4854 censes
2904 4814 3025 4853 eum
3054 4800 3176 4854 talia
3208 4816 3327 4857 esse
3356 4802 3612 4859 facturum
3635 4849 3650 4872 ,
3679 4824 3779 4862 ne-

2196 4909 2300 4964 que
2348 4888 2679 4956 locuturum,
2723 4892 2813 4961 qui
2858 4893 3162 4962 loquentem
3202 4896 3468 4952 neminem
3513 4900 3779 4958 audierit?

2198 4985 2265 5038 E.
2289 4984 2423 5039 Nolo
2452 4999 2536 5037 me
2564 4983 2664 5037 hoc
2686 4984 2998 5054 interroges,
3026 4985 3165 5054 quod
3191 4985 3303 5041 ﬁeri
3328 5004 3431 5042 non
3460 5000 3648 5061 potest.
3678 4994 3778 5061 Qui

2196 5077 2338 5133 enim
2365 5076 2498 5130 tales
2525 5076 2788 5142 homines,
2824 5078 2958 5133 inter
2984 5092 3117 5146 quos
3136 5094 3451 5149 quemquam
3479 5094 3658 5139 natum
3687 5101 3781 5139 co—

2196 5172 2363 5240 gitare
2392 5168 2630 5239 possim?
2654 5168 2718 5222 Α.
2748 5168 2893 5225 Itane
2920 5178 2970 5223 tu
2999 5185 3105 5224 non
3133 5171 3307 5226 vidisti
3340 5173 3615 5230 Mediolani
3645 5177 3779 5232 ado-

2199 5265 2487 5319 lescentem
2518 5263 2875 5319 honestissimi
2897 5264 3136 5333 corporis
3163 5274 3217 5320 et
3244 5265 3653 5335 elegantissime
3682 5286 3778 5326 ur-

2201 5355 2477 5421 bonitatis,
2510 5364 2711 5410 mutum
2748 5364 2921 5408 tamen
2949 5362 3106 5425 atque
3146 5355 3214 5409 ita
3243 5357 3487 5424 surdum,
3520 5368 3574 5413 ut
3603 5376 3779 5431 neque

2197 5449 2331 5504 alios
2356 5448 2456 5502 nisi
2484 5456 2628 5501 motu
2654 5446 2894 5516 corporis
2920 5447 3259 5516 intelligeret,
3289 5465 3461 5520 neque
3486 5451 3599 5520 ipse
3622 5452 3778 5509 aliter

2198 5558 2317 5613 quae
2356 5541 2516 5596 vellet
2558 5538 2916 5610 signiﬁcaret?
2962 5538 3047 5592 hic
3073 5540 3091 5571 ¹
3135 5539 3278 5594 enim
3318 5550 3400 5596 est
3444 5541 3774 5599 notissimus.

2193 5698 2454 5811 “ginta,
2484 5694 2616 5757 hinc;
2645 5703 2747 5747 Par.
2788 5700 2864 5745 Er.
2904 5699 3180 5760 ven.t.ov.,
3222 5691 3338 5759 hic,
3383 5694 3776 5762 etmeliasqui—
