4096 6368
319 356 452 412 i035

312 470 441 528 Nam
478 484 577 540 ego
606 466 727 523 novi
751 466 1003 523 rusticum
1033 464 1314 536 quemdam
1342 451 1674 532 loquentem,
1706 456 1773 513 de
1800 458 1883 512 lo-

314 570 507 631 quente
538 575 724 625 uxore,
756 557 891 612 filios
914 571 1097 611 omnes
1126 568 1299 610 mares
1319 562 1475 623 atque
1500 552 1722 607 feminas
1752 560 1885 621 qua-

315 663 434 707 tuor
462 652 730 717 fere,aut
754 665 818 704 eo
844 649 1068 721 amplius
1093 648 1218 714 (non
1247 648 1389 702 enim
1417 646 1546 701 satis
1575 660 1713 700 nunc
1737 660 1885 700 eom-

312 742 554 810 memini)
583 749 756 795 mutos
782 724 1076 808 surdosque
1103 738 1367 808 genuisse.
1398 736 1529 792 Nam
1555 751 1621 792 ex
1655 751 1720 791 eo
1745 735 1887 807 quod

311 836 457 906 loqui
486 849 590 889 non
616 840 878 903 poterant,
908 832 1070 893 muti;
1099 846 1161 885 ex
1187 844 1251 884 eo
1275 837 1450 884 autem
1482 828 1620 899 quod
1643 828 1785 883 nulla
1813 826 1887 881 si-

310 944 415 1000 gna
448 927 551 982 nisi
580 925 747 979 oculis
775 922 1111 994 colligebant,
1150 923 1308 978 etiam
1337 921 1483 976 surdi
1519 918 1885 989 intelligeban-

313 1029 418 1074 tur.
462 1016 528 1071 E.
562 1017 712 1071 illum
740 1029 868 1069 vero
895 1028 993 1084 ego
1025 1013 1159 1067 bene
1196 1012 1349 1077 novi,
1394 1020 1448 1066 et
1470 1010 1538 1065 de
1564 1010 1678 1064 istis
1707 1010 1885 1064 nescio

311 1110 507 1181 quibus
532 1108 692 1165 credo
718 1108 849 1162 tibi:
882 1106 976 1160 sed
1013 1119 1263 1175 quorsum
1294 1104 1432 1159 ista?
1459 1104 1521 1156 Α.
1546 1102 1677 1169 Quia
1707 1102 1885 1157 dixisti

312 1218 419 1256 non
447 1209 502 1256 te
522 1214 681 1272 posse
699 1198 931 1269 cogitare
953 1199 1090 1251 inter
1113 1197 1248 1252 tales
1273 1196 1514 1250 homines
1539 1196 1682 1250 nasci
1701 1210 1885 1265 quem-

309 1294 473 1365 piam.
504 1292 567 1347 E.
600 1291 709 1347 Nec
734 1304 874 1346 nunc
905 1289 1046 1344 aliud
1076 1289 1232 1345 dico:
1262 1303 1381 1343 nam
1411 1288 1562 1355 istos,
1594 1288 1693 1342 nisi
1714 1288 1878 1355 fallor,

310 1386 450 1441 inter
469 1399 562 1440 eos
580 1385 668 1455 qui
697 1384 1059 1453 loquerentur,
1083 1389 1234 1436 natos
1257 1396 1374 1435 esse
1395 1380 1659 1435 concedis.
1682 1379 1744 1433 Α.
1768 1380 1880 1434 Νοη

312 1475 556 1547 equidem
599 1475 899 1543 negaverim
926 1490 942 1528 τ
972 1473 1065 1527 sed
1090 1487 1209 1527 cum
1248 1471 1355 1542 jam
1384 1471 1522 1525 inter
1554 1486 1650 1525 nos
1678 1481 1884 1526 constet

308 1568 596 1624 nonnullos
633 1567 766 1621 tales
794 1565 1038 1619 homines
1064 1578 1183 1619 esse
1222 1577 1408 1633 posse;
1440 1577 1620 1633 qumso
1649 1563 1847 1633 cegites
1865 1603 1880 1629 ,

307 1661 354 1716 si
375 1677 443 1717 ex
472 1661 575 1716 hoc
601 1674 797 1731 genere
824 1672 939 1713 mas
957 1667 1012 1714 et
1040 1657 1232 1713 femina
1252 1657 1617 1727 jungerentur,
1648 1666 1805 1726 atque
1830 1659 1881 1713 in

307 1753 538 1823 aliquam
574 1765 906 1823 quocumque
933 1764 1056 1806 casu
1086 1748 1247 1804 delati
1277 1748 1613 1804 solitudinem
1635 1791 1650 1815 ,
1677 1748 1769 1803 ubi
1801 1759 1881 1804 ta-

308 1859 434 1901 men
467 1845 644 1899 vivere
679 1844 951 1907 valerent,
990 1842 1266 1913 gignerent
1292 1841 1454 1896 lilium
1496 1856 1601 1896 non
1629 1842 1841 1896 surdum
1862 1882 1878 1910 ,

306 1934 756 2006 quemadmodum
786 1942 926 1989 esset
952 1948 1073 1988 cum
1104 1932 1408 2002 parentibus
1436 1931 1536 1987 iste
1572 1931 1881 1986 locuturus?

305 2024 377 2079 E.
408 2023 863 2093 Quemadmodum
891 2037 1099 2086 censes,
1128 2022 1227 2076 nisi
1249 2034 1306 2076 ut
1328 2028 1572 2091 parentes
1590 2023 1639 2076 ei
1663 2022 1877 2091 dabant,

305 2118 383 2172 ita
418 2125 570 2187 gestu
605 2117 751 2186 signa
780 2115 1150 2172 redditurum?
1179 2114 1283 2170 Sed
1320 2122 1494 2169 tamen
1523 2129 1654 2185 puer
1692 2130 1880 2185 parvus

305 2224 377 2263 ne
398 2208 498 2263 hoc
519 2209 732 2279 quidem
758 2218 937 2278 posset
960 2226 973 2262 :
1006 2222 1171 2279 quare
1199 2207 1285 2262 illa
1311 2208 1448 2263 ratio
1469 2222 1583 2264 mea
1604 2219 1780 2262 manet
1800 2209 1879 2263 in-

306 2308 477 2369 tegra.
510 2300 644 2367 Quid
674 2299 815 2355 enim
855 2299 1019 2355 refert
1055 2308 1227 2354 utrum
1265 2299 1439 2369 loqui,
1471 2315 1537 2353 an
1566 2307 1770 2369 gestum
1798 2299 1877 2355 fa-

304 2404 430 2444 cere
453 2391 743 2446 crescendo
765 2398 1092 2460 assequatur,
1120 2404 1241 2444 cum
1263 2388 1329 2443 ad
1349 2389 1577 2443 animam
1600 2397 1879 2459 utrumque

304 2483 585 2552 pertineat,
616 2498 771 2553 quam
794 2481 947 2537 fateri
973 2482 1222 2536 nolumus
1245 2481 1526 2537 crescere?

376 2572 467 2629 52.
498 2573 561 2626 Α.
588 2571 702 2627 Jam
730 2571 861 2627 mihi
889 2572 1086 2626 videris
1104 2572 1262 2625 etiam
1289 2586 1411 2625 cum
1434 2572 1487 2624 in
1514 2570 1634 2626 fune
1659 2571 1879 2642 quisque

302 2662 576 2727 ambulat,
619 2663 930 2732 ampliorem
960 2661 1180 2716 credere
1206 2660 1344 2716 hunc
1381 2660 1579 2716 habere
1611 2662 1875 2727 animam,

302 2769 466 2824 quam
495 2768 587 2808 eos
614 2754 704 2824 qui
737 2753 790 2808 id
826 2752 996 2808 facere
1025 2760 1309 2823 nequeunt.
1346 2751 1412 2806 E.
1443 2752 1555 2806 Hoc
1582 2751 1723 2805 aliud
1757 2761 1875 2807 est:

300 2844 426 2913 quis
450 2845 591 2899 enim
618 2844 718 2900 hoc
740 2860 845 2899 non
866 2843 1041 2899 videat
1061 2857 1180 2898 esse
1205 2842 1372 2897 artis?
1398 2843 1462 2896 Α.
1484 2840 1610 2909 Cur,
1633 2842 1874 2909 obsecro,

300 2935 553 2991 artis?an
580 2936 702 3005 quia
728 2935 947 2991 didicit?
973 2934 1039 2990 E.
1068 2933 1140 2989 lta
1166 2949 1314 2990 vero.
1344 2933 1407 2989 Α.
1434 2935 1609 3000 Quare
1637 2934 1727 2988 tibi
1752 2949 1878 3003 ergo

301 3029 498 3095 etiam,
546 3028 591 3084 si
632 3028 775 3083 aliud
817 3028 1040 3098 quisque
1084 3027 1284 3094 discat,
1326 3041 1429 3081 non
1472 3028 1601 3082 artis
1637 3027 1877 3083 videtur?

302 3117 377 3173 E.
423 3119 583 3175 Plane
630 3119 882 3191 quidquid
924 3118 1174 3184 discitur,
1229 3118 1358 3174 artis
1399 3133 1518 3173 esse
1568 3134 1671 3174 non
1719 3134 1872 3188 nego.

304 3210 371 3262 Α.
400 3208 515 3263 Non
543 3224 672 3279 ergo
698 3210 785 3265 ille
813 3210 997 3266 didicit
1034 3225 1064 3264 a
1096 3210 1402 3281 parentibus
1429 3219 1635 3280 gestum
1666 3210 1875 3265 facere?

302 3299 374 3355 E.
407 3301 597 3358 Didicit
625 3317 772 3358 sane.
817 3302 879 3357 Α.
908 3300 1128 3372 Oportet
1155 3302 1313 3372 igitur
1337 3311 1392 3359 et
1419 3302 1519 3358 hoc
1547 3318 1649 3356 non
1687 3304 1875 3358 anima:

299 3391 597 3447 crescendo
638 3393 942 3462 amplioris,
980 3392 1073 3447 sed
1104 3392 1400 3449 imitatoria:
1435 3393 1707 3460 cujusdam
1748 3394 1877 3448 artis

301 3498 426 3539 esse
446 3484 727 3541 concedas.
752 3485 817 3542 E.
842 3486 953 3540 Non
976 3500 1189 3554 possum
1207 3484 1307 3540 hoc
1325 3485 1635 3541 concedam.
1656 3487 1716 3539 Α.
1738 3486 1878 3555 Ergo

304 3591 412 3631 non
443 3593 602 3633 ontne
629 3578 768 3647 quod
794 3578 1012 3633 discitur
1037 3579 1168 3633 artis
1195 3586 1297 3646 est,
1327 3578 1465 3649 quod
1493 3594 1632 3633 nunc
1658 3593 1878 3633 conces-

304 3682 478 3725 seras.
509 3665 577 3723 E.
610 3669 751 3724 Artis
788 3668 1023 3725 omnino.
1062 3670 1125 3724 A.
1152 3668 1268 3724 Non
1295 3685 1420 3739 ergo
1451 3670 1538 3724 ille
1569 3669 1749 3725 didicit
1789 3686 1877 3739 ge-

304 3767 466 3822 stum.
492 3759 634 3829 quod
660 3761 782 3814 item
814 3776 917 3816 non
951 3762 1123 3816 minus
1159 3760 1402 3816 dederas.
1434 3760 1500 3815 E.
1532 3761 1748 3827 Didicit,
1785 3761 1876 3814 sed

314 3849 418 3905 hoc
444 3865 546 3904 non
569 3859 648 3905 est
676 3852 821 3905 artis.
854 3850 919 3906 Α.
950 3852 1107 3921 Atqui
1136 3859 1187 3906 tu
1215 3851 1374 3922 paulo
1395 3860 1518 3909 ante
1543 3852 1716 3907 dixisti
1748 3853 1877 3907 artis

305 3956 427 3996 esse
453 3942 592 4011 quod
621 3942 858 3997 discitur.
891 3942 955 3998 E.
990 3944 1119 4011 Age,
1152 3942 1259 4011 jam
1290 3942 1543 4009 concedo,
1572 3953 1624 3997 et
1651 3944 1791 4013 loqui
1826 3953 1879 3998 et

305 4042 516 4103 gestum
551 4032 745 4100 facere,
785 4048 851 4089 eo
877 4035 1017 4105 quod
1041 4049 1103 4090 ea
1132 4034 1430 4099 didicimus,
1457 4036 1585 4090 artis
1613 4051 1751 4090 esse.
1778 4037 1879 4092 Ta-

306 4138 430 4181 men
458 4124 576 4179 alize
601 4133 723 4179 sunt
743 4132 905 4192 artes,
932 4140 1064 4194 quas
1089 4166 1105 4191 ,
1136 4124 1261 4181 dum
1289 4125 1342 4180 in
1368 4126 1497 4181 alios
1526 4127 1874 4195 intendimus,
1899 4155 1913 4169 -

305 4214 592 4277 discimus;
639 4216 789 4283 alim,
835 4232 952 4286 quae
982 4231 1009 4273 a
1060 4216 1323 4285 magistris
1366 4217 1670 4273 inseruntur
1701 4220 1873 4274 nobis.

307 4307 374 4365 Α.
402 4308 541 4374 Quas
582 4308 791 4363 tandem
823 4309 1039 4364 istarum
1070 4316 1223 4378 putas
1250 4310 1476 4363 animam
1497 4352 1511 4375 ,
1550 4325 1613 4364 ex
1645 4326 1709 4365 eo
1737 4312 1877 4381 quod

306 4399 535 4468 amplior
565 4398 681 4465 tiat,
717 4398 973 4468 adipisci?
1011 4412 1148 4454 anne
1174 4398 1396 4454 omnes?
1430 4396 1497 4452 E.
1529 4399 1645 4454 Non
1692 4384 1877 4455 omnes

310 4500 455 4560 puto,
487 4490 583 4547 sed
624 4491 738 4546 illas
772 4491 1093 4560 superiores.
1137 4490 1197 4545 Α.
1226 4491 1409 4547 Nonne
1440 4492 1531 4545 tibi
1566 4507 1630 4547 ex
1660 4492 1761 4547 hoc
1784 4508 1876 4562 ge-

307 4599 437 4639 nere
465 4584 673 4640 videtur
702 4585 751 4638 in
781 4584 906 4639 fune
933 4585 1243 4640 ambulare?
1273 4600 1396 4639 nam
1417 4593 1470 4640 et
1497 4585 1595 4639 hoc
1624 4585 1873 4654 videndo,

309 4686 366 4731 ut
388 4677 636 4741 arbitror,
664 4678 750 4745 qui
772 4678 823 4731 id
846 4677 1041 4733 faciunt
1068 4686 1440 4747 assequuntur.
1484 4678 1547 4733 E.
1577 4677 1649 4732 ita
1678 4678 1836 4733 credo
1861 4697 1875 4734 :

308 4768 400 4821 scd
431 4775 606 4821 tamen
650 4781 757 4820 non
797 4782 981 4821 omnes
1026 4768 1111 4837 qui
1159 4767 1273 4822 hmc
1308 4777 1547 4837 spectant
1592 4778 1644 4824 ct
1686 4784 1877 4838 magno

309 4858 488 4912 studio
524 4856 809 4922 intuentur,
838 4858 1047 4926 assequi
1079 4868 1328 4927 possunt,
1372 4860 1465 4915 sed
1492 4862 1578 4931 qui
1619 4860 1774 4930 hujus
1800 4862 1875 4915 rei

309 4949 590 5018 magistros
620 4942 904 5017 patiuntur.
936 4948 1000 5000 Α.
1032 4948 1172 5003 Bene
1200 4964 1328 5004 sane
1354 4950 1515 5017 dicis;
1544 4968 1664 5006 nam
1691 4962 1741 5007 et
1777 4952 1877 5006 hoc

310 5040 402 5093 tibi
449 5037 609 5095 etiam
665 5036 733 5092 de
777 5036 1039 5092 locutione
1084 5038 1489 5107 responderim:
1538 5041 1686 5095 multi
1734 5042 1875 5096 enim

311 5133 479 5189 Grreci
509 5142 563 5187 et
598 5131 741 5189 aliud
779 5146 945 5203 genus
987 5131 1178 5201 linguae
1207 5131 1440 5187 crebrius
1466 5148 1565 5187 nos
1604 5133 1876 5203 loquentes

312 5226 553 5291 audiunt,
579 5239 734 5295 quam
766 5223 1126 5279 funambulum
1152 5232 1419 5297 spectant;
1452 5224 1541 5295 qui
1567 5233 1622 5277 ut
1649 5225 1876 5294 linguam

310 5327 545 5372 nostram
586 5317 819 5385 discant,
860 5304 1299 5387 quemadmodum
1341 5329 1438 5373 nos
1477 5330 1596 5369 cum
1645 5316 1875 5384 ipsorum

312 5423 469 5463 nosse
495 5408 768 5473 volumus,
810 5421 951 5476 saepe
976 5406 1239 5479 magistris
1266 5404 1558 5461 traduntur.
1604 5406 1730 5474 Quae
1756 5423 1874 5461 cum

312 5499 379 5554 ita
409 5500 543 5567 sint,
571 5500 738 5555 miror
761 5515 855 5553 cur
881 5499 1072 5553 anima:
1105 5499 1444 5553 incrementis
1484 5499 1717 5553 tribuere
1749 5502 1876 5555 velis

311 5589 453 5663 quod
482 5591 765 5661 loquuntur
794 5591 1070 5656 homines;
1103 5590 1240 5662 quod
1263 5599 1434 5646 autem
1460 5591 1511 5645 iu
1534 5589 1659 5645 fune
1693 5592 1877 5666 ambu-

313 5681 451 5747 lant,
483 5682 638 5735 nolis.
680 5681 747 5736 E.
772 5681 960 5737 Nescio
987 5681 1252 5753 quomodo
1282 5683 1375 5735 ista
1407 5681 1683 5737 confundis
1710 5702 1721 5737 :
1754 5699 1879 5737 nam

314 5771 402 5843 qui
426 5780 485 5831 ut
509 5770 739 5842 linguam
764 5780 998 5835 nostram
1026 5772 1216 5838 discat,
1244 5771 1492 5842 magistro
1518 5772 1755 5840 traditur,
1786 5790 1880 5829 no-

1727 333 1922 387 LlBEli
1964 333 2156 392 UNUS.

3421 360 3556 416 1054

1990 456 2065 512 vlt
2082 458 2238 514 aliam
2256 462 2536 532 quamdam
2557 476 2728 531 suam,
2751 478 2906 535 quam
2927 479 3071 533 eum,
3093 466 3229 537 quod
3251 467 3365 535 ejus
3383 470 3553 523 anima

1990 556 2247 619 creverit,
2288 565 2414 625 puto
2452 556 2729 623 didicisse;
2764 574 2883 612 cum
2913 568 3088 613 autem
3113 560 3266 613 discit
3293 562 3514 615 alienam
3536 603 3551 627 ,

1991 660 2095 700 non
2122 647 2364 715 ampliori
2388 648 2612 715 animae,
2647 650 2740 704 sed
2774 651 2871 703 arti
2912 650 3104 705 tribuo.
3132 650 3195 704 Α.
3227 651 3363 717 Quid
3392 652 3434 706 si
3465 653 3551 707 ille

1990 739 2077 809 qui
2102 739 2240 794 inter
2265 750 2437 795 mutos
2462 752 2616 795 natus
2642 750 2799 811 atque
2821 743 2956 796 altus
2984 751 3084 809 est,
3116 757 3235 796 sero
3259 756 3321 796 ac
3344 742 3451 811 jam
3469 743 3552 812 ju-

1988 831 2138 886 venis
2164 832 2214 885 in
2246 832 2376 887 alios
2401 832 2642 887 homines
2677 834 2909 887 incidens
2938 833 3078 904 loqui
3104 833 3402 895 didicisset,
3433 849 3551 889 cum

1987 923 2141 976 aliam
2188 922 2415 992 linguam
2460 923 2653 976 nullam
2700 924 2916 978 nosset?
2962 939 3026 978 eo
3068 933 3307 992 tempore
3342 933 3553 993 putares

1987 1012 2215 1065 animam
2241 1011 2354 1080 ejus
2390 1012 2651 1076 crevisse,
2693 1027 2796 1083 quo
2822 1012 2962 1082 loqui
2996 1012 3283 1067 didicerat?
3311 1010 3375 1067 E.
3405 1012 3548 1068 Nun-

1988 1118 2144 1173 quam
2171 1102 2344 1157 isthuc
2368 1104 2535 1158 ausim
2562 1104 2738 1158 dicere
2762 1120 2776 1169 ;
2810 1113 2863 1158 et
2901 1104 3006 1173 jam
3034 1104 3165 1161 cedo
3192 1105 3378 1159 rationi
3403 1145 3415 1167 ,
3456 1120 3551 1159 nec

1988 1203 2115 1265 puto
2141 1196 2411 1265 amplioris
2449 1195 2637 1250 animm
2665 1206 3029 1266 argumentum
3067 1213 3185 1251 esse
3214 1198 3353 1265 quod
3384 1198 3551 1268 loqui-

1989 1300 2127 1351 mur,
2158 1299 2225 1340 ne
2261 1294 2314 1339 et
2340 1286 2469 1339 alias
2498 1302 2682 1340 omnes
2722 1298 2863 1342 artes
2895 1302 3053 1356 cogar
3078 1286 3224 1341 fateri
3266 1290 3553 1345 crescendo

1987 1378 2215 1429 animam
2256 1385 2592 1430 consecutam
2623 1394 2635 1430 :
2665 1376 2801 1446 quod
2831 1376 2877 1431 si
2915 1378 3118 1443 dixero,
3149 1378 3273 1433 illud
3302 1388 3553 1447 sequetur

1986 1469 2308 1535 absurdum,
2354 1468 2662 1525 decrescere
2707 1470 2939 1525 animam
2981 1485 3099 1525 cum
3144 1471 3373 1541 quidque
3420 1471 3552 1527 obli-

1985 1561 2221 1615 viscitur.

1985 1652 2208 1708 CAPUT
2244 1650 2385 1707 XIX.
2405 1682 2477 1693 —
2492 1651 2673 1706 Anima
2710 1651 2957 1724 quomodo
2978 1670 3196 1709 crescere
3222 1655 3438 1709 minuive
3462 1654 3541 1709 di—

2694 1747 2844 1800 citur.

2054 1836 2143 1892 35.
2174 1836 2237 1890 Α.
2284 1836 2425 1892 Bene
2453 1836 2717 1907 intelligis,
2762 1845 2815 1893 et
2848 1852 3031 1893 verum
3062 1846 3122 1893 ut
3163 1838 3364 1906 audias,
3406 1848 3550 1895 recte

1983 1925 2175 1980 dicitur
2200 1926 2373 1981 anima
2408 1926 2660 1982 discendo
2687 1927 2835 1996 quasi
2869 1942 3130 1995 crescere,
3156 1936 3210 1983 et
3234 1937 3417 1983 contra
3452 1930 3551 1984 mi-

1982 2019 2071 2074 nui
2120 2018 2476 2083 dediscendo,
2523 2020 2615 2075 sed
2666 2022 2917 2076 translato
2961 2022 3153 2086 verbo,
3204 2032 3261 2075 ut
3309 2023 3550 2093 superius

1982 2110 2328 2165 ostendimus.
2356 2111 2559 2169 Tamen.
2589 2111 2714 2166 illud
2734 2111 3026 2167 cavendum
3053 2121 3153 2179 est,
3177 2128 3244 2168 ne
3265 2118 3410 2182 quasi
3432 2128 3554 2181 spa-

1984 2202 2111 2256 tium
2137 2202 2235 2257 loci
2265 2202 2430 2271 majus
2458 2218 2720 2273 occupare
2760 2204 3014 2269 videatur,
3060 2204 3183 2259 dum
3213 2205 3406 2261 dicitur
3437 2220 3551 2261 cre-

1982 2308 2165 2360 scere;
2194 2294 2287 2349 sed
2311 2294 2561 2364 majorem
2587 2295 2867 2364 quamdam
2896 2297 2999 2351 vim
3028 2296 3245 2364 peritior
3267 2313 3420 2366 quam
3454 2297 3547 2353 im-

1982 2387 2202 2456 peritior
2248 2386 2444 2441 habere
2495 2387 2561 2442 ad
2608 2388 2887 2457 agendum.
2938 2388 3106 2458 Magni
3164 2397 3336 2443 tamen
3390 2388 3550 2443 refert

1980 2478 2153 2547 qualia
2186 2478 2292 2533 sint
2320 2479 2403 2531 illa
2435 2479 2547 2547 ipsa
2585 2496 2700 2548 qua:
2728 2479 2902 2545 discit,
2946 2481 3135 2549 quibus
3161 2480 3548 2550 quodammodo

1980 2569 2188 2624 videtur
2213 2571 2410 2639 augeri.
2461 2571 2592 2626 Nam
2644 2580 2703 2626 ut
2727 2573 2779 2625 in
2806 2587 3027 2643 corpore
3070 2574 3169 2629 tria
3197 2583 3319 2629 sunt
3353 2591 3547 2645 genera

1982 2661 2461 2732 incrementorum,
2504 2680 2664 2718 unum
2715 2666 3095 2732 necessarium,
3148 2682 3250 2735 quo
3299 2669 3549 2722 naturalis

1979 2754 2346 2810 convenientia
2391 2755 2637 2824 impletur
2663 2756 2714 2811 in
2760 2756 3050 2822 membris;
3098 2757 3320 2813 alterum
3364 2773 3548 2826 super—

1980 2843 2162 2911 ﬂuum,
2189 2858 2296 2914 quo
2323 2860 2353 2899 a
2378 2846 2584 2900 cmteris
2610 2845 2859 2902 membris
2889 2846 3087 2915 integra
3118 2847 3416 2903 valetudine
3442 2864 3547 2902 au-

1979 2935 2153 3007 gendo
2177 2936 2371 3006 aliquid
2398 2936 2681 3005 discrepat,
2716 2952 2808 3006 per
2837 2937 2976 3007 quod
3004 2936 3263 2992 interdum
3294 2940 3469 2993 evenit
3496 2948 3552 2994 ut

1980 3030 2123 3087 senis
2147 3029 2323 3099 digitis
2349 3039 2630 3085 nascantur
2656 3030 2915 3095 homines,
2938 3038 2989 3085 et
3015 3030 3264 3100 pleraque
3288 3030 3411 3097 alia,
3435 3048 3553 3101 quae

1980 3138 2098 3183 cum
2142 3131 2335 3191 praeter
2368 3123 2802 3178 consuetudinem
2831 3124 2991 3178 nimia
3028 3132 3171 3191 sunt,
3218 3134 3551 3181 monstruosa

1979 3213 2348 3277 nominantur;
2380 3213 2592 3267 tertium
2638 3212 2871 3276 noxium,
2901 3213 3041 3281 quod
3078 3227 3198 3267 cum
3228 3214 3436 3277 accidit,
3467 3225 3551 3269 tu-

1980 3320 2097 3360 mor
2124 3312 2372 3368 vocatur;
2405 3318 2524 3359 nam
2550 3303 2704 3358 etiam
2729 3303 2808 3359 sic
2833 3302 3071 3359 membra
3096 3318 3337 3359 crescere
3359 3304 3542 3359 dicuu.

1980 3405 2083 3461 tur,
2115 3405 2167 3451 et
2196 3412 2375 3453 revera
2412 3397 2586 3451 locum
2623 3404 2880 3467 occupant
2910 3396 3241 3465 ampliorem,
3269 3396 3361 3451 sed
3388 3411 3551 3465 expu-

1980 3496 2133 3559 gnata
2181 3489 2319 3544 bona
2358 3487 2695 3545 valetudine:
2723 3489 2791 3547 ita
2819 3488 2869 3543 in
2911 3488 3087 3542 animo
3129 3488 3367 3558 quaedam
3401 3490 3552 3556 quasi

1980 3581 2233 3639 naturalia
2262 3581 2582 3635 incrementa
2619 3587 2759 3645 sunt,
2791 3593 2910 3633 cum
2954 3578 3189 3635 honestis
3231 3587 3284 3633 et
3325 3578 3390 3632 ad
3418 3578 3552 3634 bene

1982 3673 2236 3742 beateque
2278 3671 2559 3725 vivendum
2587 3670 2995 3725 accommodatis
3039 3668 3329 3739 disciplinis
3371 3670 3551 3739 augeri

1982 3764 2190 3819 dicitur.
2222 3762 2353 3817 Cum
2377 3777 2502 3818 vero
2527 3776 2587 3815 ea
2613 3760 2882 3828 discimus,
2910 3775 3027 3830 qua:
3045 3760 3362 3815 mirabiliora
3392 3776 3550 3830 quam

1984 3857 2189 3912 utiliora
2216 3864 2375 3922 sunt;
2417 3869 2712 3925 quanquam
2750 3854 3017 3912 nonnullis
3054 3853 3210 3909 rebus
3247 3854 3552 3924 plerumque

1981 3956 2293 4017 opportuna,
2338 3960 2729 4016 supervacanea
2773 3953 2946 3999 tamen
2992 3955 3044 4001 et
3085 3944 3153 3999 de
3196 3944 3284 3998 illo
3319 3944 3553 3999 secundo

1981 4053 2178 4107 genere
2206 4036 2531 4093 numeranda
2561 4044 2701 4091 sunt.
2728 4035 2843 4089 Non
2864 4036 3005 4095 enim
3032 4035 3075 4088 si
3101 4034 3313 4103 quidam
3338 4035 3551 4103 tibicen,

1985 4136 2043 4183 ut
2067 4127 2235 4183 Varro
2278 4137 2461 4181 auctor
2499 4135 2597 4191 est,
2627 4126 2695 4180 ita
2746 4126 2994 4197 populum
3039 4125 3319 4183 delectavit
3360 4138 3417 4181 ut
3459 4142 3554 4183 rex

1984 4222 2154 4287 ﬁeret,
2196 4220 2316 4275 ideo
2344 4220 2574 4276 animum
2612 4228 2850 4275 nostrum
2882 4219 2971 4279 illo
2995 4219 3219 4275 artiﬁcio
3257 4220 3552 4289 augendum

1984 4323 2169 4382 putare
2215 4314 2512 4367 debemus:
2548 4312 2669 4381 quia
2723 4327 2821 4369 nec
2864 4312 3091 4382 majores
3137 4328 3293 4383 quam
3339 4311 3555 4367 humani

1982 4414 2123 4468 sunt,
2149 4404 2336 4457 dentes
2374 4403 2569 4457 habere
2596 4402 2871 4468 vellemus,
2900 4404 2943 4461 si
2982 4403 3331 4472 audissemus,
3359 4418 3389 4456 a
3415 4419 3551 4475 quo-

1984 4498 2144 4568 piam,
2190 4495 2327 4565 quod
2363 4496 2492 4549 tales
2532 4494 2791 4558 habuerit,
2836 4508 3013 4548 morsu
3053 4493 3263 4553 hostem
3292 4506 3553 4551 necatum.

1984 4589 2205 4644 Noxium
2238 4601 2364 4640 vero
2390 4585 2514 4640 illud
2545 4593 2625 4640 est
2650 4599 2813 4654 genus
2850 4585 3060 4647 artiutn,
3092 4601 3197 4657 quo
3222 4586 3383 4641 animi
3408 4588 3555 4641 valc-

1986 4677 2110 4733 tudo
2144 4677 2410 4732 sauciatur
2437 4692 2450 4730 :
2478 4691 2598 4729 nam
2628 4684 2679 4729 et
2707 4674 2871 4730 odore
2896 4690 2957 4729 ac
2984 4689 3171 4743 sapore
3198 4676 3329 4730 mire
3358 4677 3556 4744 dijudi-

1982 4783 2105 4824 care
2138 4770 2429 4837 pulmenta,
2461 4776 2513 4820 et
2535 4782 2638 4836 quo
2660 4767 2773 4820 lacu
2803 4767 2960 4836 piscis
2984 4776 3167 4836 captus
3193 4768 3279 4829 sit,
3310 4767 3392 4821 vel
3419 4784 3555 4837 quo-

1982 4873 2139 4919 tenne
2154 4861 2332 4917 vinum
2353 4860 2438 4925 sit,
2463 4873 2622 4914 nosse
2645 4858 2818 4913 dicere
2845 4859 2883 4924 ³,
2907 4858 3143 4929 quaedam
3165 4864 3247 4913 est
3266 4858 3557 4912 miseranda

1982 4954 2168 5029 peritia
2193 4961 2290 5019 ;‘et
2313 4952 2393 5005 his
2414 4951 2614 5005 artibus
2639 4964 2758 5003 cum
2787 4949 2935 5018 quasi
2954 4950 3185 5003 crevisse
3213 4948 3387 5003 anima
3410 4949 3555 5003 vide-

1983 5054 2090 5115 tur,
2113 5062 2229 5117 quae
2251 5046 2486 5115 neglecta
2519 5053 2695 5099 mente
2714 5040 2931 5101 defluxit
2951 5042 3000 5095 in
3032 5056 3239 5107 sensus,
3264 5039 3389 5095 nihil
3419 5041 3558 5094 aliud

1984 5156 2139 5213 quam
2161 5138 2416 5193 tumuisse
2441 5136 2525 5192 vel
2550 5136 2707 5191 etiam
2728 5134 3061 5191 contabuisse
3085 5133 3363 5203 iudicanda
3389 5142 3489 5188 est.

2119 5230 2344 5287 CAPUT
2382 5229 2502 5286 XX.
2522 5258 2594 5269 —
2618 5228 2798 5283 Anima
2819 5243 2940 5285 num
2966 5226 3085 5297 quid
3109 5242 3171 5280 ea:
3192 5243 3247 5282 se
3276 5227 3418 5281 sciat.

2056 5327 2144 5383 54.
2186 5325 2251 5381 Ε.
2298 5324 2515 5395 Accipio
2546 5324 2642 5379 ista
2673 5330 2725 5378 et
2756 5322 3035 5383 assentior,
3068 5336 3168 5376 nec
3214 5329 3388 5374 tamen
3430 5317 3558 5372 nihil

1985 5432 2151 5488 angor
2190 5431 2252 5470 ex
2282 5430 2347 5471 eo
2395 5414 2533 5485 quod
2584 5412 2824 5483 imperita
2854 5412 3086 5466 omnium
3128 5425 3302 5465 rerum
3331 5419 3380 5464 et
3409 5410 3557 5463 bruta
3614 5411 3634 5424 ‘

1985 5520 2069 5565 est
2095 5508 2290 5571 anima,
2330 5522 2485 5576 quam
2513 5506 2563 5559 in
2596 5519 2757 5575 puero
2785 5518 2973 5559 recens
2998 5511 3121 5555 nato
3149 5510 3401 5573 quantum
3435 5499 3553 5553 licet

1984 5601 2311 5670 inspicimus.
2351 5595 2457 5651 Cur
2482 5597 2623 5651 enim
2650 5596 2846 5650 nullam
2870 5604 3040 5649 artem
3083 5608 3262 5649 secum
3288 5591 3480 5657 attulit,
3514 5590 3558 5645 si

2047 5782 2067 5814 ί
2102 5778 2313 5834 Discere,
2332 5778 2469 5839 juxta
2491 5782 2593 5826 Par.
2649 5781 2704 5827 ﬂ.
