4096 6368
590 322 723 381 1055

580 453 777 501 mterna
821 441 943 497 est?
973 439 1034 495 Α.
1081 438 1320 510 Magnam
1361 432 1598 496 omnino,
1646 445 1913 501 magnam,
1957 435 2013 483 et
2055 441 2159 498 qua

579 537 762 593 nescio
787 544 962 589 utrum
985 530 1267 603 quidquam
1289 526 1459 597 majus
1472 526 1559 592 sit,
1586 522 1936 595 quaestionem
1954 532 2155 583 moves,

579 628 633 684 in
656 642 757 698 qua
783 634 988 681 tantum
1016 632 1211 678 nostrae
1240 620 1453 675 sibimet
1488 616 1764 686 Opiniones
1788 614 2155 674 adversantur,

577 729 637 775 ut
661 719 753 773 tibi
778 718 953 772 anima
994 717 1210 779 nullam,
1239 713 1366 768 mihi
1388 720 1569 766 contra
1596 723 1780 763 omnes
1806 712 1951 760 artes
1976 719 2155 759 secum

574 812 817 868 attulisse
849 809 1122 874 videatur;
1156 822 1251 861 nec
1281 804 1423 859 aliud
1461 802 1743 873 quidquam
1770 815 1888 855 esse
1934 799 1983 852 id
2014 797 2155 869 quod

574 905 768 962 dicitur
783 903 1004 967 discere,
1018 916 1174 972 quam
1190 898 1454 955 reminisci
1473 905 1528 951 et
1549 895 1815 951 recordari
1833 893 1926 964 (a).
1954 892 2058 949 Sed
2080 893 2155 947 vi-

576 998 742 1054 desne
779 1010 935 1067 quam
969 995 1121 1063 hujus
1160 992 1412 1062 temporis
1438 1006 1541 1045 non
1582 990 1669 1055 sil,
1710 998 1883 1043 utrum
1924 988 2019 1041 ista
2056 985 2151 1039 ha-

574 1088 735 1144 beant
762 1087 832 1141 ita
859 1100 997 1152 sese,
1014 1082 1320 1154 requirere?
1345 1082 1495 1137 Nunc
1519 1081 1661 1137 enim
1686 1080 1889 1149 agimus
1909 1087 1961 1131 ut
1989 1092 2151 1147 appa-

573 1189 708 1246 reat,
740 1179 787 1234 si
812 1185 1005 1249 potest,
1038 1193 1142 1231 non
1164 1192 1281 1231 eam
1302 1174 1591 1230 secundum
1614 1173 1716 1227 loci
1742 1172 1909 1242 spatia
1938 1186 2151 1240 parvam

570 1286 883 1343 magnamve
910 1269 1168 1325 nominari
1193 1285 1208 1334 ;
1235 1269 1583 1323 aeternitatem
1606 1275 1803 1321 ‘autem
1833 1264 1949 1334 ejus
1977 1265 2020 1319 si
2048 1264 2149 1318 ulla

569 1371 672 1431 est,
700 1370 999 1433 opportune
1024 1360 1382 1416 scrutabimur
1416 1374 1537 1414 cum
1569 1358 1695 1412 illud
1735 1356 1875 1427 quod
1905 1365 2147 1426 quartum

570 1455 815 1526 posuisti.
870 1454 977 1510 Cur
1017 1454 1226 1522 corpori
1277 1452 1431 1507 fuerit
1475 1451 1619 1518 data,
1665 1459 1917 1519 quantum
1963 1447 2041 1502 fas
2069 1455 2150 1503 est

570 1555 797 1603 tractare
831 1545 1171 1616 cmperimus.
1213 1544 1349 1613 Quid
1378 1544 1517 1598 enim
1547 1542 1612 1597 ad
1651 1543 1811 1597 talem
1839 1541 1955 1611 ejus
1984 1557 2149 1611 quan-

568 1639 770 1693 titatem
798 1637 1003 1706 attinet,
1032 1653 1315 1707 semperne
1338 1653 1405 1691 an
1434 1652 1537 1691 non
1558 1651 1771 1706 semper
1800 1634 1973 1699 fuerit,
2002 1634 2147 1689 futu-

565 1745 695 1785 rave
710 1732 797 1798 sit,
821 1738 912 1784 aut
936 1730 1075 1801 quod
1097 1746 1238 1785 nunc
1258 1729 1501 1799 imperita
1530 1744 1671 1783 nunc
1692 1728 1859 1798 perita
1879 1737 1994 1793 est;
2022 1743 2144 1783 cum

564 1830 621 1878 et
650 1823 863 1893 longum
888 1831 1115 1893 tempus,
1145 1838 1212 1878 ne
1239 1822 1552 1892 corporibus
1578 1821 1792 1891 quidem
1821 1822 2010 1877 all‘erre
2034 1838 2143 1877 ma-

563 1913 852 1984 gnitudinis
889 1929 1123 1981 causam,
1172 1914 1413 1984 superius
1456 1915 1885 1983 probaverimus;
1917 1922 1971 1970 et
2002 1916 2145 1985 peri-

563 2005 687 2059 tiam
715 2006 1046 2061 notissimum
1067 2007 1136 2060 sit
1155 2021 1309 2076 posse
1330 2007 1524 2060 nullam
1549 2006 1736 2061 adesse
1760 2008 2142 2075 crescentibus,

561 2111 625 2150 ac
638 2110 781 2166 saepe
802 2097 1200 2152 senescentibus
1218 2105 1568 2167 opportunam
1580 2112 1698 2153 esse
1713 2114 1728 2165 ;
1755 2100 2024 2170 multaque
2039 2101 2141 2155 alia

559 2188 700 2247 dicta
743 2190 850 2245 sint
877 2192 1025 2258 satis,
1072 2198 1128 2245 ut
1175 2191 1385 2260 opinor,
1419 2191 1485 2246 ad
1528 2191 2001 2247 demonstrandum
2034 2209 2141 2249 non

556 2297 677 2339 cum
708 2283 1065 2356 magnitudine
1103 2285 1360 2354 corporis,
1403 2299 1562 2355 quam
1610 2293 1739 2341 aetas
1767 2285 1950 2355 affert,
1981 2287 2142 2343 etiam
2230 2322 2237 2326 ε

2224 2402 2231 2409 -
2316 2370 2405 2426 37.
2433 2370 2584 2438 Quod
2609 2374 2653 2427 si
2679 2375 2907 2445 amplius
2928 2376 3124 2447 aliquid
3156 2381 3460 2437 animalium
3489 2384 3691 2455 majora
3714 2402 3842 2442 cor-

556 2374 786 2429 animam
817 2374 930 2430 fieri
964 2375 1299 2444 ampliorem.

554 2464 781 2523 CAPUT
821 2466 960 2522 XXI.
986 2498 1056 2507 —
1090 2464 1231 2521 Vires
1258 2467 1311 2521 in
1352 2467 1535 2539 majori
1584 2475 1731 2523 aelate
1776 2470 1991 2541 majores
2038 2486 2140 2526 non

837 2567 953 2612 sunt
980 2566 1331 2629 argumentum
1355 2560 1618 2613 crescentis
1652 2561 1852 2615 animae.

623 2649 713 2706 35.
745 2649 919 2718 Quare
944 2651 1240 2717 videamus,
1262 2652 1305 2706 si
1332 2651 1525 2722 placet.
1555 2652 1683 2708 illud
1716 2654 1940 2710 alterum
1984 2670 2140 2728 argu-

551 2750 790 2799 mentum
837 2751 983 2798 tuum
1030 2744 1189 2815 quale
1239 2744 1329 2811 sit,
1371 2744 1511 2816 quod
1561 2760 1657 2815 per
1698 2754 1865 2802 totum
1909 2750 2136 2819 spatium

551 2834 790 2905 corporis
816 2841 984 2889 tactus
1006 2836 1231 2890 sentitur
1254 2836 1321 2891 ab
1348 2837 1542 2900 anima,
1570 2852 1728 2907 quam
1758 2838 1912 2909 spatii
1940 2840 2136 2897 nullius

551 2940 671 2981 esse
703 2926 967 2982 volumus.
997 2926 1062 2981 E.
1116 2927 1356 2984 Sinerem
1382 2928 1491 2998 jam
1520 2929 1585 2984 ad
1616 2930 1742 2986 illud
1770 2933 2003 3000 transiri,
2035 2935 2137 2994 nisi

551 3015 619 3071 de
644 3016 847 3071 viribus
869 3017 1151 3072 dicendum
1174 3018 1369 3088 aliquid
1392 3020 1698 3077 arbitrarer.
1730 3021 1865 3090 Quid
1886 3033 1967 3078 est
1990 3026 2133 3079 enim

552 3107 672 3174 hoc,
701 3108 840 3179 quod
870 3110 1103 3165 auctiora
1133 3125 1230 3181 per
1254 3120 1462 3166 aetatem
1485 3128 1708 3182 corpora
1733 3115 1874 3170 vires
1898 3118 2135 3185 praebent

551 3201 744 3256 animm
773 3201 1077 3272 ampliores,
1109 3203 1153 3256 si
1185 3217 1304 3257 cum
1334 3203 1414 3258 his
1453 3205 1680 3275 amplior
1709 3222 1812 3261 non
1841 3207 1897 3263 fit
1920 3210 2133 3266 anima?

549 3291 860 3361 Quanquam
888 3292 1029 3347 enim
1071 3293 1239 3348 virtus
1267 3295 1478 3363 animm,
1511 3299 1651 3352 vires
1690 3310 1866 3355 autem
1893 3305 2133 3373 corporis

548 3387 722 3457 putari
752 3388 959 3443 soleant
984 3406 997 3455 ;
1030 3405 1296 3461 nunquam
1322 3401 1495 3447 tamen
1516 3394 1583 3449 ab
1605 3396 1779 3450 anima
1805 3411 1897 3451 eas
1920 3398 2131 3469 abjudi-

547 3479 800 3547 caverim,
844 3494 964 3536 cum
997 3483 1201 3537 videam
1245 3483 1298 3539 in
1338 3486 1595 3541 exanimis
1622 3487 1933 3557 corporibus
1960 3489 2132 3547 nullas

548 3586 687 3628 esse.
717 3573 820 3628 Per
841 3589 1036 3645 corpus
1065 3576 1275 3645 quidem
1308 3579 1523 3645 viribus,
1566 3580 1717 3636 sicuti
1757 3582 2022 3648 sensibus,
2054 3585 2130 3639 uti

546 3664 777 3719 animam
808 3681 912 3722 non
930 3669 1227 3736 negandum
1256 3681 1376 3737 est;
1405 3679 1580 3726 tamen
1598 3674 1847 3743 quoniam
1877 3675 1975 3730 ista
2005 3687 2129 3731 sunt

545 3760 771 3814 viventis
792 3758 988 3829 ofﬁcia,
1005 3762 1124 3833 quis
1145 3762 1258 3818 haec
1276 3763 1594 3821 dubitaverit
1613 3765 1679 3820 ad
1701 3766 1931 3822 animam
1951 3770 2129 3840 potius

543 3852 844 3922 pertinere?
869 3851 1001 3907 Cum
1031 3852 1191 3923 igitur
1230 3855 1459 3924 majores
1497 3857 1639 3911 vires
1675 3857 1727 3911 in
1764 3859 1942 3927 pueris
1970 3876 2129 3929 gran-

546 3945 799 4001 diusculis
819 3961 975 4015 quam
1003 3946 1054 4001 in
1086 3947 1372 4003 infantibus
1395 3964 1513 4004 esse
1537 3949 1830 4016 videamus,
1853 3966 1914 4006 ac
1930 3952 2128 4008 deinde

546 4038 913 4094 adolescentes
936 4080 952 4106 ,
996 4039 1323 4111 juvenesque
1358 4043 1410 4096 in
1446 4042 1560 4097 dies
1601 4043 1805 4099 viribus
1834 4055 2124 4116 praestent,

545 4131 715 4185 donec
729 4147 916 4185 rursus
930 4146 1153 4202 corpore
1175 4144 1485 4189 senescente
1500 4136 1804 4193 minuantur
1823 4156 1836 4203 ;
1867 4155 1967 4194 non
1988 4141 2122 4207 leve,

544 4234 795 4292 quantum
825 4222 955 4277 mihi
993 4223 1233 4289 videtur,
1283 4228 1567 4281 crescentis
1599 4244 1719 4283 cum
1761 4243 2017 4300 corpore,
2063 4246 2127 4286 ac

542 4313 734 4368 deinde
763 4316 1090 4370 senescentis
1114 4317 1303 4373 animae
1328 4318 1574 4374 indicium
1597 4328 1699 4375 est.

616 4405 703 4460 56.
736 4405 797 4458 Α.
832 4405 947 4461 Non
980 4423 1357 4481 usquequaque
1379 4411 1663 4466 absurdum
1695 4422 1775 4469 est
1795 4414 1934 4485 quod
1956 4415 2120 4476 dicis:

543 4494 637 4549 sed
665 4511 761 4566 ego
787 4496 925 4552 vires
950 4514 1054 4553 non
1080 4502 1246 4571 magis
1275 4503 1326 4557 in
1353 4504 1698 4574 amplitudine
1726 4510 1963 4577 corporis
1992 4520 2124 4565 aeta-

547 4588 721 4659 tisque
760 4591 1120 4659 incrementis,
1149 4610 1306 4664 quam
1331 4596 1383 4650 in
1419 4599 1795 4654 exercitatione
1824 4601 2047 4670 quadam
2071 4611 2124 4657 et

542 4682 963 4739 conformatione
992 4686 1007 4717 ¹
1046 4688 1404 4743 membrorum
1457 4705 1575 4746 esse
1624 4692 1770 4747 soleo
1814 4702 2040 4763 putare:
2070 4696 2122 4751 id

539 4775 677 4831 adeo
722 4786 777 4830 ut
807 4777 903 4831 tibi
934 4779 1175 4847 probem,
1217 4796 1400 4851 quaero
1424 4783 1520 4837 abs
1547 4794 1596 4840 te
1626 4797 1798 4840 utrum
1827 4788 1987 4843 alium
2018 4790 2122 4846 alio

539 4869 859 4937 pertinacius
899 4872 1173 4927 ambulare
1218 4889 1280 4927 ac
1312 4876 1486 4930 minus
1528 4876 1823 4949 defetigari,
1862 4880 2120 4952 majorum

540 4960 729 5015 virium
769 4976 888 5016 esse
924 4963 1240 5019 arbitreris?
1288 4966 1353 5019 E.
1406 4966 1477 5021 Ita
1511 4968 1701 5023 sentio.
1749 4971 1812 5026 Α.
1861 4972 1969 5026 Cur
1995 4988 2121 5045 ergo

516 5052 669 5122 'puer
692 5056 858 5110 multo
883 5057 1110 5126 amplius
1136 5058 1340 5113 itineris
1368 5060 1712 5117 conﬁciebam
1739 5064 1852 5119 sine
1890 5064 2118 5137 defectu,

539 5160 658 5199 cum
689 5147 985 5217 aucupandi
1013 5150 1187 5204 studio
1214 5152 1265 5204 in
1296 5152 1617 5207 ambulando
1642 5170 1936 5223 exercerer,
1964 5174 2121 5229 quam

541 5238 851 5296 adolescens
874 5257 993 5296 cum
1019 5258 1104 5299 me
1127 5244 1192 5299 ad
1220 5243 1321 5298 alia
1348 5246 1540 5313 studia,
1571 5248 1759 5318 quibus
1789 5249 1978 5305 sedere
2010 5265 2124 5304 ma-

540 5334 621 5403 gis
658 5337 906 5405 cogebar,
949 5337 1331 5406 contulissem;
1364 5340 1408 5394 si
1448 5342 1720 5398 accedenti
1749 5345 1912 5412 aetati,
1940 5353 1993 5400 et
2028 5359 2125 5415 per

542 5426 679 5482 hanc
696 5431 883 5486 animre
905 5433 925 5463 ³
941 5434 1201 5487 crescenti
1218 5434 1355 5490 vires
1371 5438 1655 5508 ampliores
1670 5439 1963 5494 tribuendae
1978 5438 2124 5494 sunt?

544 5520 743 5577 Deinde
772 5522 824 5577 in
858 5524 986 5594 ipsis
1008 5525 1325 5582 luctatorum
1353 5531 1665 5600 corporibus
1689 5532 1988 5604 palaestritae
2014 5547 2123 5589 non

600 5656 622 5729 ξ
654 5657 727 5729 ξίο
745 5667 849 5729 Mss
874 5662 1477 5729 Αὲεςιάιιροηβηηαιίοηε.

600 5719 623 5789 ξ
654 5698 985 5789 ξῌίῗΜ
946 5698 1548 5789 Ἥῑίῖᾘίὲὲὲῗ

597 5778 673 5848 (α)
697 5778 798 5837 vid.
818 5787 838 5837 1
870 5794 1072 5840 ttetract.
1096 5801 1203 5853 cap.
1226 5789 1276 5853 8,
1300 5778 1424 5846 11.9.

1513 311 1603 368 DE
1639 306 2080 381 QUANTITATE
2115 303 2368 375 ΔΝΙΜᾸΒ,
2407 304 2463 364 S.
2504 306 2870 371 AUGUSTINI

3713 323 3865 386 1056

2272 423 2466 479 molem
2488 441 2551 482 ac
2571 430 3006 500 magnitudinem,
3034 434 3129 492 sed
3152 436 3318 494 nodos
3340 441 3599 511 quosdam
3625 442 3866 501 lacerto-

2267 530 2402 583 rum,
2433 527 2487 573 et
2514 520 2797 579 destrictos
2828 533 2991 593 toros,
3027 528 3352 600 figuramque
3376 549 3589 590 onmem
3610 540 3864 607 corporis

2265 611 2365 665 sibi
2396 626 2784 686 congruentem
2816 621 3136 689 peritissime
3163 626 3467 695 inspiciunt,
3496 638 3549 683 et
3589 631 3718 688 hinc
3764 644 3867 704 po:

2265 704 2367 759 tius
2396 719 2703 775 argumenta
2734 710 2922 766 virium
2962 714 3231 785 colligunt.
3274 718 3403 786 Qure
3447 729 3623 778 tamen
3670 728 3858 782 omnia

2263 813 2449 869 parum
2475 802 2668 867 valent,
2716 804 2817 858 nisi
2848 806 2925 860 vis
2950 808 3081 862 artis
3106 818 3160 864 et
3184 813 3579 871 exercitationis
3604 819 3856 874 accedat.

2259 890 2413 964 Saepe
2438 894 2595 949 etiam
2624 897 2791 951 visum
2820 908 2920 967 est,
2952 901 3179 972 ingentis
3206 908 3446 977 corporis
3471 910 3613 967 viros
3642 915 3714 969 ab
3742 915 3861 969 exi-

2259 983 2378 1052 guis
2425 984 2777 1057 brevibusque
2817 994 3077 1059 superari,
3120 995 3207 1051 vel
3247 996 3297 1049 in
3328 1001 3622 1066 movendis,
3667 1005 3751 1059 vel
3804 1005 3857 1059 in

2258 1075 2492 1136 ferendis
2516 1080 2856 1149 ponderibus,
2882 1085 2963 1139 vel
2988 1086 3037 1140 in
3063 1087 3177 1156 ipso
3196 1090 3353 1145 etiam
3377 1092 3686 1152 luctamine.
3716 1097 3853 1153 Nam

2257 1168 2666 1239 olympionicum
2693 1174 2983 1243 quemlibet
3004 1177 3185 1234 lassari
3217 1181 3268 1234 in
3288 1181 3475 1239 itinere
3500 1186 3658 1242 citius
3686 1205 3848 1258 quam

2256 1260 2731 1318 circumforaneum
2761 1266 2778 1296 ί
2805 1266 3035 1336 aliquem
3062 1281 3435 1338 mercatorem,
3464 1276 3551 1343 qui
3573 1293 3683 1332 uno
3706 1279 3851 1333 illius

2256 1349 2418 1420 digito
2443 1353 2619 1408 collidi
2649 1357 2832 1424 possit,
2874 1358 2956 1412 cui
2988 1367 3072 1413 est
3104 1360 3465 1431 incognitum?
3505 1366 3684 1433 Quare
3718 1369 3762 1422 si
3794 1379 3852 1424 et

2256 1442 2398 1514 ipsas
2446 1446 2585 1502 vires
2628 1464 2732 1503 non
2776 1465 3022 1522 perseque
3050 1469 3257 1521 omnes,
3297 1458 3391 1512 sed
3421 1459 3551 1514 alias
3589 1461 3656 1515 ad
3700 1463 3847 1518 aliud

2254 1535 2488 1605 aptiores
2530 1553 2746 1610 magnas
2783 1557 3069 1610 vocamus;
3115 1556 3170 1601 et
3197 1562 3478 1618 corporum
3520 1550 3845 1609 lineamenta

2252 1629 2421 1698 magis
2440 1639 2493 1685 et
2511 1631 2692 1701 figurae
2713 1650 2872 1705 quam
2899 1639 3290 1708 magnitudines
3320 1643 3496 1699 valent
3519 1647 3843 1715 plurimum;

2252 1730 2306 1776 et
2342 1724 2383 1776 si
2413 1725 2818 1783 exercitationes
2858 1736 3062 1785 tantum
3101 1732 3350 1801 aﬂ‘erunt,
3391 1744 3450 1791 ut
3490 1739 3848 1797 celeberrime

2251 1812 2509 1869 creditum
2540 1817 2627 1881 sit,
2660 1817 2927 1875 hominem
2958 1822 3189 1879 tollendo
3210 1827 3446 1896 quotidie
3470 1828 3693 1885 vitulum
3719 1848 3847 1901 par-

2250 1920 2395 1973 vum,
2421 1908 2593 1977 egisse
2615 1919 2673 1964 ut
2705 1926 2825 1966 eum
2856 1913 3015 1967 etiam
3056 1924 3264 1971 taurum
3292 1919 3408 1974 sine
3433 1935 3591 1975 sensu
3621 1924 3845 1993 majoris

2249 1997 2446 2062 oneris,
2486 2000 2629 2069 quod
2656 2003 2906 2071 paulatim
2931 2005 3242 2073 addebatur,
3271 2009 3461 2066 tollere
3484 2027 3547 2066 ac
3572 2016 3843 2071 sustinere

2248 2097 2430 2156 posset
2460 2107 2473 2144 :
2502 2106 2831 2162 nequaquam
2870 2097 3143 2166 amplioris
3188 2102 3361 2156 aetatis
3399 2102 3537 2158 vires
3565 2119 3687 2161 cum
3718 2122 3843 2162 cor-

2247 2194 2377 2250 pore
2395 2184 2625 2239 animam
2650 2188 2883 2243 crevisse
2910 2190 3227 2259 significant.

2350 2275 2577 2334 CAPUT
2614 2278 2778 2335 XXII.
2805 2312 2879 2321 —
2908 2281 3057 2337 Unde
3084 2286 3212 2340 vires
3238 2290 3464 2359 corporis
3488 2293 3725 2363 majores.

2241 2477 2393 2535 pora,
2424 2480 2490 2521 eo
2529 2466 2645 2536 ipso
2687 2483 2791 2538 quo
2830 2469 3032 2540 majora
3072 2485 3215 2540 sunt,
3264 2474 3459 2531 habent
3486 2480 3711 2546 virium;
3745 2482 3839 2537 illa

2241 2568 2401 2611 causa
2425 2566 2528 2623 est,
2556 2559 2697 2628 quod
2746 2560 2860 2630 lege
2896 2569 3098 2619 natura:
3122 2563 3321 2620 cedunt
3362 2568 3597 2638 pondera
3624 2572 3837 2627 minora

2241 2646 2552 2717 majoribus,
2585 2664 2690 2705 non
2723 2652 2883 2707 modo
2902 2668 3023 2708 cum
3050 2655 3114 2709 ad
3143 2659 3412 2726 proprium
3435 2660 3610 2717 locum
3640 2674 3838 2734 su0pte

2241 2747 2373 2793 nutu
2402 2738 2664 2807 feruntur,
2694 2752 2750 2796 ut
2778 2744 2993 2799 humida
3026 2754 3081 2801 et
3102 2756 3312 2803 terrena
3334 2766 3556 2819 corpora
3584 2754 3640 2809 in
3662 2756 3837 2827 ipsius

2239 2832 2426 2887 mundi
2446 2833 2680 2889 medium
2703 2836 2876 2891 locum
2906 2838 2997 2907 qui
3026 2846 3109 2893 est
3132 2840 3367 2907 infimus,
3394 2860 3580 2899 rursus
3605 2850 3747 2903 aeria
3772 2859 3835 2906 et

2239 2926 2395 2997 ignea
2421 2943 2630 2984 sursum
2652 2944 2837 2986 versus
2860 2950 2874 2997 ;
2894 2933 2999 2987 sed
3028 2934 3187 2989 etiam
3214 2952 3334 2992 cum
3360 2941 3538 3011 aliquo
3560 2950 3832 3000 tormento

2240 3026 2332 3073 aut
2346 3018 2491 3089 jactu
2517 3031 2607 3075 aut
2643 3023 2873 3092 impulsu
2901 3032 2992 3079 aut
3016 3030 3253 3099 repulsu,
3282 3047 3348 3087 eo
3373 3049 3481 3104 quo
3506 3049 3611 3090 non
3637 3044 3832 3105 sponte

2238 3109 2523 3179 ferrentur,
2556 3114 2605 3167 vi
2649 3115 2819 3171 aliena
2851 3118 2927 3173 ire
2955 3130 3235 3189 coguntur.
3278 3124 3407 3178 Nam
3436 3126 3479 3180 si
3514 3142 3577 3181 ex
3607 3128 3717 3183 alto
3747 3129 3834 3184 di-

2238 3202 2471 3271 miseris,
2500 3220 2797 3276 quanquam
2824 3209 3001 3278 simul,
3033 3212 3167 3267 duos
3189 3214 3390 3283 lapides
3410 3216 3637 3287 disparis
3652 3236 3831 3290 quan-

2237 3293 2425 3362 titatis,
2456 3296 2614 3351 citius
2657 3298 2868 3367 quidem
2897 3301 3066 3371 major
3092 3302 3159 3358 ad
3192 3313 3383 3359 terram
3417 3310 3687 3377 pervenit;
3731 3310 3830 3367 sed

2238 3384 2287 3439 si
2313 3384 2363 3439 ei
2385 3386 2560 3440 minor
2579 3387 2904 3458 subjiciatur,
2928 3406 3097 3462 eoque
3119 3393 3491 3452 inevitabiliter
3510 3410 3824 3470 occupetur,

2238 3476 2381 3532 cedit
2406 3477 2661 3547 profecto,
2693 3479 2953 3552 simulque
2980 3484 3031 3537 in
3071 3484 3241 3541 solum
3282 3486 3583 3545 deducitur.
3626 3490 3758 3546 Item
3779 3493 3830 3549 si

2236 3566 2484 3638 dejicitur
2521 3570 2749 3642 desuper
2774 3574 2961 3644 major,
2998 3575 3174 3632 minor
3198 3588 3372 3635 autem
3400 3593 3583 3638 contra
3608 3600 3826 3642 sursum

2236 3676 2421 3716 versus
2442 3662 2671 3731 jacitur;
2700 3665 2787 3719 uhi
2818 3666 3026 3721 obviam
3068 3673 3327 3737 venerint,
3356 3677 3691 3743 repercussio
3718 3678 3825 3732 mi-

2234 3754 2380 3808 noris
2408 3765 2461 3809 et
2508 3758 2827 3811 retrocessio
2859 3759 2946 3813 ﬁat
2997 3776 3215 3819 necesse
3261 3774 3363 3820 est.
3405 3767 3558 3833 Quod
3602 3784 3672 3823 ne
3701 3769 3826 3826 ideo

2231 3844 2475 3901 accidere
2510 3855 2683 3917 putes,
2712 3850 2852 3917 quod
2884 3851 3058 3906 minor
3100 3863 3282 3908 contra
3308 3866 3548 3912 naturam
3576 3860 3629 3914 in
3661 3860 3826 3915 subli-

2231 3937 2338 3992 mia
2378 3937 2456 3993 ire
2481 3939 2789 4009 cogebatur,
2839 3942 2975 3997 alter
3012 3958 3139 4001 vero
3170 3946 3371 4017 majore
3416 3949 3616 4019 impetu
3648 3952 3825 4008 locum

2231 4043 2385 4087 suum
2428 4032 2858 4100 petebatyfacito
2890 4044 2948 4090 ut
2976 4036 3145 4106 major
3173 4038 3223 4092 in
3254 4053 3482 4109 superna
3519 4042 3821 4113 jaculetur,

2231 4129 2287 4178 et
2311 4123 2500 4178 minori
2528 4134 2771 4180 occurrat
2812 4126 2863 4181 in
2904 4136 3076 4182 terras
3114 4129 3321 4199 dejecto
3350 4147 3363 4185 :
3398 4132 3602 4188 videbis
3626 4135 3825 4191 nihilo-

2230 4216 2408 4271 minus
2434 4218 2704 4288 repulsmn
2745 4219 3002 4276 minorem
3045 4222 3095 4276 in
3123 4224 3316 4279 coelum
3346 4228 3482 4297 cogi,
3515 4227 3609 4282 sed
3637 4244 3821 4299 reper-

2235 4322 2394 4368 cussu
2423 4310 2537 4378 ipso
2566 4310 2756 4365 cadere
2796 4312 2847 4365 in
2874 4313 3028 4369 aliam
3053 4325 3275 4383 partem,
3307 4324 3367 4372 ut
3385 4333 3485 4388 qua
3514 4320 3822 4388 expeditum

2230 4408 2331 4465 est,
2370 4400 2422 4455 in
2462 4401 2565 4454 ima
2610 4402 2902 4458 deferatur.
2945 4405 3075 4459 Item
3101 4407 3143 4460 si
3170 4408 3326 4462 ambo
3352 4425 3459 4463 non
3487 4420 3631 4464 motu
3662 4422 3821 4467 natu-

2230 4492 2351 4560 rali,
2382 4493 2473 4547 sed
2500 4509 2529 4547 a
2557 4494 2764 4551 duobus
2788 4498 2937 4567 quasi
2966 4498 3017 4552 in
3045 4514 3231 4569 campo
3255 4502 3607 4571 pugnantibus
3623 4504 3822 4559 adver-

2230 4596 2320 4639 sus
2363 4586 2587 4641 invicem
2613 4588 2762 4657 jacti,
2805 4591 3019 4647 sibimet
3062 4593 3114 4647 in
3156 4595 3332 4649 medio
3374 4598 3544 4665 spatio
3570 4600 3821 4669 complo—

2228 4678 2418 4735 dantur
2443 4697 2457 4745 ;
2480 4681 2599 4751 quis
2631 4682 2949 4739 dubitaverit
2986 4685 3247 4741 minorem
3282 4690 3466 4758 majori
3488 4704 3609 4746 esse
3629 4706 3820 4746 cessu-

2229 4789 2369 4840 rum,
2404 4773 2453 4827 iu
2481 4789 2598 4828 eam
2621 4783 2823 4844 partem
2847 4777 2985 4831 unde
3000 4778 3113 4848 ipse
3133 4788 3183 4834 et
3205 4796 3309 4850 quo
3326 4781 3413 4836 ille
3430 4781 3737 4839 ferebantur
3762 4784 3820 4837 ‘?

2228 4868 2359 4935 Quae
2389 4884 2509 4923 cum
2538 4869 2608 4924 ita
2638 4869 2763 4937 sint,
2793 4870 2845 4925 id
2881 4880 2962 4926 cst
2986 4886 3107 4927 cum
3142 4874 3369 4943 minora,
3400 4884 3455 4930 ut
3479 4876 3681 4932 dictum
3715 4887 3816 4944 est,

2229 4958 2464 5028 pondera
2526 4960 2815 5032 majoribus
2875 4962 3098 5031 cedant;
3151 4966 3372 5021 multum
3431 4976 3607 5024 tamen
3656 4973 3817 5028 refert

2231 5061 2429 5122 quanto
2454 5052 2507 5106 in
2535 5067 2654 5108 sese
2674 5063 2894 5125 agantur
2914 5055 3114 5126 impetu
3140 5075 3151 5109 :
3180 5073 3301 5112 nam
3323 5059 3368 5113 si
3390 5060 3590 5129 majore
3616 5063 3819 5133 impetu

2229 5146 2423 5211 minor,
2469 5146 2617 5200 velut
2642 5146 2947 5203 vehementi
2970 5148 3147 5220 aliquo
3177 5160 3441 5207 tormento
3471 5154 3701 5209 emissus
3733 5158 3818 5210 in-

2226 5240 2436 5310 ﬂigatur
2476 5242 2662 5311 majori
2702 5243 2787 5297 vel
2834 5242 3003 5298 laxius
3040 5243 3289 5313 jaculato,
3328 5247 3412 5301 vel
3450 5246 3558 5317 jam
3596 5248 3819 5319 langue-

2227 5332 2393 5387 scenti
2413 5334 2682 5403 ;quamvis
2693 5334 2759 5388 ab
2777 5334 2964 5389 eodem
2980 5336 3203 5403 resiliat,
3218 5339 3451 5393 retardat
3471 5340 3613 5394 illum
3638 5350 3818 5398 tamen

2231 5435 2321 5481 aut
2355 5426 2515 5481 etiam
2545 5437 2688 5482 retro
2719 5428 2829 5497 agit
2857 5441 2953 5498 pro
2990 5428 3149 5485 modo
3188 5430 3388 5486 ictuum
3421 5440 3581 5501 atque
3612 5434 3819 5503 ponde-

2229 5534 2368 5575 rum.

2300 5613 2388 5669 58.
2432 5611 2524 5667 llis
2566 5612 2828 5684 przejactis
2870 5622 3027 5685 atque
3050 5615 3356 5684 intellectis,
3398 5627 3653 5686 quantum
3681 5634 3821 5689 pra":-

2298 5728 2318 5762 ί
2345 5732 2419 5776 Er.
2444 5731 2497 5775 et
2520 5732 2623 5777 Mss.
2643 5737 2838 5799 novem,
2863 5727 3283 5799 arcturi/eranum.
3302 5791 3315 5799 Δ
3458 5789 3470 5799 .

2298 5793 2322 5824 ³
2347 5798 2447 5839 oar.
2474 5796 2547 5840 an
2574 5797 2691 5839 ven.
2710 5794 2841 5851 mv.,
2883 5788 3011 5841 unde
3031 5787 3137 5853 ipse
3157 5793 3246 5851 est,
3269 5791 3315 5841 et
3335 5799 3431 5853 quo
3449 5787 3532 5841 ille
3554 5789 3817 5855 ferebatur.
