4096 6368
271 371 409 430 1057

270 499 397 540 scus
438 482 707 554 negotium
737 480 982 553 postulat,
1028 481 1146 536 vide
1174 495 1313 537 nunc
1337 496 1429 537 eas
1457 494 1575 550 qute
1602 478 1851 533 dicuntur

273 575 327 630 in
372 575 689 630 animalibus
717 574 877 642 vires,
917 582 1091 629 utrum
1132 574 1322 629 rationi
1368 574 1489 629 huic
1514 582 1849 644 congruant:

270 686 395 725 nam
423 684 646 739 corpora
672 669 906 723 omnium
933 668 1236 722 animalium
1264 668 1381 737 quis
1409 676 1562 737 negat
1589 682 1685 721 suo
1716 683 1851 735 pou-

268 763 400 818 dere
431 762 687 832 praedita?
715 761 866 827 Quod
896 760 1101 830 pondus
1128 770 1257 815 nutu
1285 762 1475 815 animae
1501 772 1698 827 actum,
1745 764 1852 832 quo

270 853 627 915 inclinaverit,
657 852 881 918 multum
917 852 1057 907 valet
1099 852 1459 922 magnitudine
1486 852 1716 921 pr0pria.
1748 850 1852 906 Sed

274 953 431 999 nutus
461 942 653 997 animas
691 944 756 997 ad
784 942 1101 998 movendum
1139 944 1376 1013 corporis
1414 943 1641 1012 pondus,
1676 942 1854 997 nervis

271 1037 422 1107 quasi
457 1036 734 1091 tormentis
760 1037 923 1091 utitur
951 1054 963 1089 :
994 1052 1186 1092 nervos
1210 1047 1385 1093 autem
1430 1045 1639 1107 vegetat
1678 1035 1853 1091 mobi-

272 1132 541 1201 lioresque
578 1129 741 1185 efﬁcit
782 1130 990 1185 siccitas
1030 1130 1279 1200 calorque
1304 1130 1640 1197 moderatus;
1670 1140 1854 1187 contra

272 1237 368 1278 eos
392 1223 536 1279 laxat
555 1230 710 1291 atque
732 1222 964 1275 inlirmat
983 1221 1229 1277 humidus
1247 1223 1407 1293 rigor.
1439 1223 1619 1293 Itaque
1643 1238 1851 1290 somno,

274 1315 398 1384 quia
430 1328 549 1369 eum
574 1312 820 1382 frigidum
848 1322 902 1368 et
929 1313 1200 1368 humidum
1228 1313 1412 1368 dicunt
1435 1314 1628 1369 medici
1653 1324 1706 1369 et
1732 1329 1857 1384 pro-

276 1404 422 1468 bant,
457 1403 694 1458 membra
731 1404 1110 1474 languescunt;
1142 1414 1299 1474 atque
1326 1406 1437 1474 ipse
1460 1405 1856 1476 cxpergefacto-

276 1511 392 1550 rum
424 1506 644 1552 conatus
671 1496 835 1550 multo
856 1505 938 1551 est
963 1497 1203 1560 debilior,
1232 1496 1458 1567 ideoque
1483 1497 1615 1553 nihil
1642 1507 1724 1553 est
1751 1497 1857 1553 fra-

275 1588 413 1643 ctius
428 1596 480 1642 et
500 1589 745 1643 encrvius
766 1588 1088 1658 lethargicis.
1122 1590 1189 1642 At
1215 1589 1469 1658 quosdam
1497 1591 1851 1660 phreneticos,

272 1679 467 1748 quibus
495 1679 685 1750 vigilia:
711 1689 765 1734 et
792 1678 899 1734 vini
930 1680 946 1711 ¹
977 1680 1057 1735 vis
1081 1688 1134 1735 et
1162 1693 1328 1736 acutae
1363 1680 1557 1749 febres,
1589 1683 1639 1737 id
1664 1691 1747 1738 est
1777 1690 1857 1739 tot

274 1768 444 1824 Calida
490 1771 604 1840 plus
634 1772 796 1825 nimio
827 1787 1020 1826 nervos
1062 1772 1279 1827 tendunt
1307 1781 1466 1843 atque
1493 1774 1706 1840 durant,
1739 1791 1853 1830 ma-

271 1865 479 1936 joribus
507 1864 707 1918 viribus
744 1880 903 1934 quam
944 1865 1143 1935 integra
1188 1867 1487 1922 valetudine
1524 1868 1772 1923 reluctari
1801 1876 1857 1925 et

274 1960 443 2014 multa
471 1957 647 2013 facere
688 1956 1025 2012 manifestum
1054 1968 1158 2022 est,
1200 1974 1323 2013 cum
1359 1975 1540 2015 eorum
1567 1975 1758 2031 corpus
1786 1961 1855 2017 sit

274 2049 591 2123 aegritudine
632 2051 954 2105 attenuatius
979 2059 1033 2105 et
1074 2050 1284 2105 exilius.
1330 2050 1386 2104 Si
1430 2052 1587 2121 igitur
1627 2061 1682 2107 et
1725 2061 1852 2108 nutu

272 2142 487 2207 animm,
514 2148 570 2197 et
592 2157 875 2196 nervorum
902 2141 1129 2213 quodam
1160 2143 1603 2210 machinamento,
1635 2154 1688 2199 et
1724 2161 1856 2214 pon-

273 2232 404 2289 dere
445 2231 687 2302 corporis
729 2232 966 2287 conﬁunt
1003 2231 1085 2287 hac
1126 2248 1243 2302 quae
1272 2233 1411 2287 vires
1440 2244 1730 2301 vocantur;
1762 2250 1854 2289 vo-

272 2324 450 2379 luntas
476 2331 659 2379 nutum
689 2322 922 2389 exhibet,
952 2324 1039 2394 qui
1064 2324 1277 2393 pronior
1306 2326 1362 2378 ﬁt
1384 2340 1480 2394 spe
1505 2327 1585 2379 vel
1611 2326 1850 2395 audacia,

273 2413 574 2470 retunditur
614 2423 791 2469 autem
822 2414 1032 2484 timore,
1062 2415 1158 2470 sed
1200 2415 1367 2470 multo
1409 2417 1575 2487 magis
1606 2418 1856 2488 despera-

272 2503 421 2560 tione
449 2503 601 2577 (nam
623 2504 677 2560 in
704 2516 849 2560 metu
865 2521 984 2560 cum
1005 2507 1175 2576 aliqua
1198 2523 1320 2577 Spes
1345 2508 1547 2577 subest,
1570 2511 1855 2567 vehemen-

275 2598 440 2653 tiores
450 2599 591 2655 vires
609 2614 866 2669 apparere
885 2599 1169 2672 assolent);
1198 2600 1677 2658 machinamentum
1699 2604 1856 2659 conﬁ-

273 2691 481 2760 guratio
496 2690 737 2760 quzcdam
757 2692 994 2761 corporis
1011 2702 1239 2761 coaptat,
1262 2697 1571 2765 temperatio
1588 2696 1856 2757 modiﬁcat

272 2782 591 2837 valetudinis
616 2785 661 2850 ³,
684 2783 963 2838 conﬁrmat
982 2785 1378 2841 exercitationis
1406 2787 1696 2855 industria;
1730 2804 1856 2860 pon-

271 2871 376 2927 dus
399 2872 490 2928 dat
512 2875 679 2929 moles
705 2876 1081 2943 membrorum,
1116 2893 1273 2946 quam
1298 2888 1427 2933 tetas
1452 2887 1505 2934 et
1531 2882 1853 2936 nutrimenta

271 2976 604 3037 comparant,
667 2968 959 3022 instaurant
1009 2978 1182 3024 autem
1226 2972 1335 3025 sola
1379 2974 1717 3031 nutrimenta.
1760 2978 1853 3032 His

272 3060 519 3115 omnibus
562 3060 649 3131 qui
678 3062 953 3130 :equaliter
993 3063 1275 3131 praevalet,
1306 3066 1579 3123 mirandus
1608 3078 1689 3124 est
1730 3071 1855 3126 viri-

270 3151 393 3219 bus,
421 3160 476 3208 et
494 3161 641 3206 tanto
662 3161 743 3207 est
768 3154 901 3208 alius
928 3153 1032 3208 alio
1054 3155 1351 3224 invalidior,
1375 3170 1570 3227 quanto
1596 3161 1710 3229 plus
1731 3177 1852 3216 eum

271 3243 375 3299 ista
400 3242 668 3298 deﬁciunt.
710 3243 898 3314 Fitque
927 3261 1069 3316 saepe
1093 3256 1150 3301 ut
1174 3249 1431 3318 pertinaci
1460 3260 1609 3318 nutu,
1635 3253 1854 3307 meliore

270 3337 700 3393 machinamento
728 3339 881 3406 alius,
909 3342 1148 3409 quamvis
1187 3357 1403 3411 parvum
1432 3345 1636 3414 pondus
1666 3360 1855 3415 corpo-

270 3430 347 3484 ris
375 3432 559 3500 egerit,
593 3431 752 3485 alium
784 3431 984 3501 majore
1012 3432 1152 3487 mole
1183 3434 1461 3503 praeditum
1490 3437 1683 3491 vincat.
1718 3437 1855 3492 Rur-

270 3538 467 3593 susque
510 3539 889 3595 nonnunquam
922 3535 1064 3581 tanta
1095 3528 1263 3582 moles
1290 3537 1391 3594 est,
1423 3537 1481 3583 ut
1508 3531 1713 3586 etiamsi
1754 3533 1854 3586 im-

270 3614 541 3669 becilliore
568 3616 684 3670 uisu
700 3626 901 3686 agatur,
925 3618 1194 3687 opprimat
1220 3628 1392 3676 tamen
1416 3637 1634 3692 parvum
1660 3624 1852 3678 adver-

269 3706 468 3761 sarium
498 3708 663 3762 multo
680 3710 1044 3765 vehementius
1064 3712 1395 3768 innitentem.
1438 3715 1569 3769 Cum
1592 3731 1719 3771 vero
1745 3732 1852 3770 non

271 3799 478 3869 pondus
504 3803 764 3871 corporis,
794 3818 894 3857 nec
917 3803 1208 3860 moderatio
1235 3822 1542 3873 nervorum,
1576 3808 1669 3862 sed
1696 3817 1852 3864 nutus

270 3891 405 3959 ipse,
455 3892 508 3947 id
551 3902 632 3949 est
673 3896 880 3948 animus
921 3895 1082 3963 cedit,
1132 3908 1186 3951 ut
1229 3900 1444 3953 omnino
1488 3902 1743 3955 valentior
1786 3901 1853 3957 ab

270 3983 578 4039 omnimodo
608 3985 935 4053 invalidiore,
982 3987 1074 4042 sed
1112 3996 1289 4043 tamen
1331 3990 1561 4044 timidior
1598 3992 1664 4045 ab
1692 3992 1855 4045 auda-

270 4063 416 4129 cioré
460 4084 775 4145 superetur;
807 4078 987 4131 nescio
1024 4087 1201 4132 utrum
1232 4079 1429 4135 viribus
1457 4082 1852 4138 attribuendum

269 4166 358 4220 sit.
387 4165 499 4222 Nisi
524 4168 639 4237 quis
656 4168 794 4222 dicat
813 4169 1011 4224 habere
1026 4170 1277 4239 quasdam
1300 4186 1422 4227 suas
1442 4176 1580 4229 vires
1598 4177 1849 4246 animam,

268 4258 464 4328 quibus
508 4260 557 4313 ei
600 4261 769 4328 major
807 4261 1044 4328 audacia,
1085 4263 1168 4318 vel
1197 4262 1387 4319 ﬁducia
1426 4267 1659 4335 pariatur
1690 4286 1702 4321 :
1735 4285 1853 4338 quae

269 4364 392 4404 cum
443 4351 594 4406 alteri
638 4350 862 4421 adsunt,
912 4355 1063 4410 alteri
1105 4354 1328 4423 desunt,
1383 4367 1506 4413 tunc
1548 4360 1854 4431 intelligitur

268 4450 523 4513 quantum
554 4444 763 4502 animus
787 4449 998 4518 corpori
1040 4466 1169 4519 suo,
1216 4452 1373 4506 etiam
1404 4453 1456 4508 in
1486 4468 1550 4510 eo
1578 4454 1719 4526 quod
1756 4472 1854 4528 pcr

270 4549 465 4604 corpus
493 4537 682 4606 agitur,
713 4541 1011 4596 antecellat.

342 4627 431 4682 59.
457 4627 808 4695 Quamobrem
835 4647 954 4687 cum
982 4634 1161 4690 infanti
1190 4653 1350 4706 puero
1376 4639 1519 4694 solus
1546 4640 1613 4696 ad
1638 4640 1853 4698 trahen-

271 4716 395 4771 dum
431 4718 627 4789 aliquid
652 4722 735 4775 vel
765 4724 1127 4792 repellendum
1157 4738 1317 4784 nutus
1342 4731 1409 4783 sit
1434 4731 1673 4802 integer;
1704 4736 1849 4790 nervi

272 4820 449 4864 autem
480 4819 534 4864 et
565 4822 778 4880 propter
805 4826 1071 4871 recentem
1103 4819 1379 4890 minusque
1411 4822 1698 4891 perfectam
1724 4841 1852 4881 con-

272 4902 639 4957 formationem
682 4904 973 4972 inhabiles,
1000 4920 1052 4963 et
1090 4921 1304 4981 prepter
1339 4914 1613 4971 humorem
1643 4920 1731 4989 qui
1774 4920 1851 4976 illi

270 4999 410 5048 atati
453 4993 712 5050 exuberat
750 4999 987 5062 marcidi,
1018 5010 1071 5055 et
1108 5014 1325 5074 propter
1350 5007 1546 5062 nullam
1588 5014 1849 5067 exercita-

272 5089 469 5140 tionem
514 5087 783 5157 languidi;
823 5090 1026 5160 pondus
1068 5110 1195 5149 vero
1227 5097 1360 5153 adeo
1396 5100 1464 5154 sit
1500 5102 1766 5172 exiguum,
1794 5114 1852 5160 ut

271 5194 336 5230 nc
364 5178 431 5231 ab
470 5178 573 5232 alio
607 5180 820 5249 quidem
852 5183 1134 5255 impactum
1172 5191 1403 5258 graviter
1431 5205 1630 5263 urgeat,
1659 5211 1851 5265 oppor-

272 5270 554 5341 tuniusque
583 5272 651 5326 sit
688 5274 753 5329 ad
793 5276 1150 5346 accipiendam
1172 5322 1185 5345 ,
1222 5298 1380 5353 quam
1414 5286 1479 5339 ad
1520 5286 1848 5347 inferendam

272 5361 567 5416 molestiam
597 5382 610 5419 :
640 5365 759 5434 quis
782 5376 863 5421 est
890 5369 979 5438 qui
1001 5386 1121 5425 cum
1145 5371 1260 5427 htec
1285 5375 1460 5430 omnia
1490 5392 1607 5447 quae
1635 5379 1845 5450 desunt,

268 5456 557 5511 contulisse
587 5473 752 5515 annos
792 5460 1004 5531 viderit,
1037 5464 1283 5536 viresque
1322 5484 1414 5537 per
1450 5486 1544 5526 eos
1571 5472 1721 5531 datas
1756 5492 1849 5533 co-

270 5546 544 5612 gnoverit;
573 5550 805 5605 crevisse
838 5553 1097 5619 animam,
1126 5572 1244 5625 quae
1275 5557 1355 5613 his
1382 5560 1434 5615 in
1471 5562 1583 5617 dies
1623 5567 1848 5634 amplio-

270 5635 418 5691 ribus
468 5646 661 5708 utatur,
699 5652 841 5698 rectc
886 5660 950 5701 ac
992 5646 1278 5716 prudenter
1323 5652 1628 5711 existimet?
1670 5657 1849 5715 Potest

332 5750 347 5815 ξ
391 5748 518 5815 gitis.
538 5751 676 5815 juxta
700 5763 800 5806 Par.
861 5766 914 5807 tu.

308 5812 350 5842 ·²
382 5813 455 5864 Sic
474 5812 575 5864 Mss.
603 5824 660 5869 At
675 5816 808 5879 Edd.,
828 5817 1135 5876 valetudines.

1684 359 1887 419 LIBER
1927 359 2017 418 UN
2024 360 2135 420 US.

3398 376 3537 436 1038

1959 476 2097 529 enim
2128 476 2247 541 iste,
2279 475 2324 533 si
2351 477 2417 533 ab
2448 478 2626 550 aliquo
2656 479 2872 551 juvene,
2900 498 3058 554 quem
3086 486 3342 545 velamine
3373 494 3537 548 inter-

1959 573 2132 641 posito
2158 590 2263 627 non
2292 575 2609 643 conspiciat,
2640 592 2830 645 parvos
2858 593 2941 659 ac.
2961 580 3107 636 leves
3135 584 3386 652 calamos,
3419 587 3538 645 laxo

1959 679 2087 719 arcu
2114 676 2367 735 quantum
2396 677 2569 737 potest
2595 668 2874 737 jaculatos,
2902 671 3092 726 viderit
3122 689 3229 729 non
3256 675 3410 747 longe
3441 678 3535 743 ire,

1959 774 2185 829 moxque
2237 760 2511 826 recidere;
2561 776 2625 816 ac
2669 771 2788 831 post
2844 766 3115 833 paululum
3164 769 3381 839 sagittas
3433 771 3540 839 jam

1958 847 2098 902 ferro
2140 865 2358 920 graves,
2388 853 2630 920 pennulis
2674 863 2884 924 vegetas
2913 857 2950 919 ‘,
2984 872 3153 913 nervo
3188 859 3542 916 intentissima

1959 938 2200 1006 emissas,
2228 941 2421 995 caelum
2453 944 2865 999 remotissimum
2893 956 3110 1016 petere;
3143 948 3381 1020 ﬁdesque
3408 950 3541 1005 facta
3574 1022 3577 1023 ν

1960 1027 2134 1094 fuerit,
2176 1034 2289 1101 pari
2330 1044 2520 1089 conatu
2562 1035 2790 1091 hotninis
2830 1048 3112 1110 utrumque
3148 1055 3267 1096 esse
3308 1042 3539 1108 factum;

1961 1121 2192 1175 crevisse
2218 1121 2364 1177 illum
2400 1125 2600 1179 tantillo
2630 1136 2887 1196 tempore,
2916 1139 3071 1199 atque
3100 1141 3313 1187 auctum
3346 1135 3543 1187 viribus

1961 1210 2227 1265 arbitrari.
2252 1214 2368 1279 Quo
2390 1216 2516 1284 quid
2544 1216 2646 1270 diei
2676 1228 2850 1286 potest
2880 1221 3222 1289 perversius?

2030 1303 2119 1357 40.
2162 1304 2361 1361 Deinde
2408 1308 2580 1361 anima
2610 1309 2656 1365 si
2685 1311 2897 1379 crescit,
2935 1312 3054 1368 vide
3090 1329 3248 1384 quam
3273 1316 3343 1372 sit
3387 1315 3543 1371 insci-

1922 1426 1929 1433 ο
1960 1400 2094 1460 tum,
2124 1396 2445 1452 incrementa
2475 1400 2589 1470 ejus
2611 1400 2679 1456 de
2705 1403 2905 1459 viribus
2932 1407 3170 1475 corporis
3193 1409 3451 1475 credere;
3482 1410 3545 1464 de

1961 1486 2112 1555 copia
2148 1486 2506 1545 doctrinarum
2536 1508 2641 1549 non
2670 1494 2926 1561 credere;
2966 1513 3086 1553 cum
3115 1500 3217 1556 illis
3250 1502 3426 1558 solum
3461 1517 3547 1557 ac-

1960 1578 2265 1633 commodet
2295 1588 2503 1648 nutum,
2534 1582 2635 1638 hoc
2660 1584 2773 1639 sola
2800 1588 3087 1657 possideat.
3121 1591 3189 1645 At
3216 1591 3263 1647 si
3284 1578 3545 1650 crescere

1959 1667 2189 1722 animam
2230 1680 2495 1740 putamus,
2535 1687 2654 1728 cum
2695 1674 2906 1731 additur
2945 1678 3179 1747 viribus;
3227 1683 3394 1739 minui
3443 1701 3543 1755 ptt-

1959 1760 2117 1814 tanda
2149 1770 2263 1829 est,
2301 1778 2423 1817 cum
2462 1764 2709 1821 demitur.
2738 1768 2978 1825 Demitur
3004 1781 3181 1828 autem
3210 1775 3265 1830 in
3302 1785 3540 1845 senecta,

1959 1850 2191 1909 demitur
2218 1854 2270 1908 in
2308 1855 2489 1912 labore
2526 1858 2863 1926 studiorum;
2893 1871 3050 1932 atque
3090 1864 3173 1920 his
3214 1869 3545 1938 temporibus

1958 1944 2214 2001 doctrinae
2256 1950 2496 2019 aggerari
2535 1961 2693 2022 atque
2734 1956 2935 2010 exstrui
2975 1958 3187 2025 solent;
3226 1975 3398 2031 neque
3432 1962 3544 2017 ullo

1954 2035 2119 2091 modo
2146 2036 2333 2091 eodem
2364 2048 2600 2110 tempore
2639 2043 2795 2098 simul
2836 2047 3013 2116 augeri
3043 2047 3328 2119 quidquam
3358 2058 3412 2105 et
3434 2050 3541 2106 mi-

1958 2128 2049 2181 nui
2070 2137 2260 2197 potest.
2290 2130 2499 2186 Nullum
2539 2133 2694 2203 igitur
2721 2139 3008 2192 crescentis
3036 2140 3227 2195 anima:
3256 2156 3542 2212 argumen-

1959 2226 2069 2273 tum
2100 2229 2217 2286 est,
2248 2222 2388 2279 vires
2431 2224 2483 2277 in
2528 2224 2715 2295 majori
2757 2238 2914 2283 aetate
2953 2230 3201 2300 majores.
3232 2232 3396 2289 Multa
3437 2234 3541 2289 alia

1958 2309 2061 2365 dici
2086 2322 2342 2380 possunt;
2370 2313 2465 2368 sed
2493 2314 2539 2368 si
2559 2315 2668 2384 jam
2701 2317 2793 2370 tibi
2817 2318 3141 2375 satisfactum
3167 2331 3279 2390 est,
3323 2323 3541 2381 modum

1957 2401 2204 2467 adbibeo,
2249 2414 2303 2458 ut
2340 2404 2408 2459 ad
2445 2405 2546 2459 alia
2593 2415 2941 2464 transeamus.
2975 2409 3043 2464 E.
3072 2412 3199 2467 Mihi
3241 2430 3370 2469 vero
3412 2414 3542 2472 satis

1959 2508 2270 2563 persuasum
2300 2504 2419 2565 est,
2450 2498 2680 2568 majores
2704 2501 2845 2556 vires
2883 2518 2989 2557 non
3028 2520 3094 2559 ex
3131 2520 3197 2560 eo
3240 2521 3359 2562 esse
3400 2506 3541 2577 quod

1957 2586 2133 2642 anima
2200 2589 2644 2659 creveritznam,
2687 2601 2744 2646 ut
2788 2594 2887 2648 alia
2931 2596 3169 2651 omittam
3208 2614 3327 2667 qua:
3365 2599 3461 2655 abs
3489 2608 3543 2656 te

1958 2676 2222 2732 subtiliter
2260 2678 2399 2733 dicta
2425 2689 2582 2745 sunt,
2612 2682 2815 2737 insania
2846 2693 2899 2738 et
2928 2685 3116 2741 morbo
3152 2691 3390 2758 corporis
3427 2690 3544 2746 ani-

1958 2782 2100 2821 mam
2124 2783 2397 2835 crescere,
2429 2786 2549 2825 cum
2577 2771 2750 2841 ipsum
2790 2788 2984 2844 corpus
3019 2777 3303 2845 minuatur,
3334 2794 3403 2835 ne
3429 2780 3544 2851 ipse

1960 2860 2170 2929 quidem
2194 2860 2530 2930 phreneticus
2550 2863 2760 2931 dixerit,
2780 2868 2863 2920 cui
2884 2868 3024 2924 vires
3043 2870 3213 2924 multo
3236 2871 3540 2942 ampliores,

1958 2966 2118 3020 quam
2169 2967 2301 3006 sano
2347 2968 2465 3008 esse
2517 2955 2710 3023 solent,
2761 2972 2919 3012 nemo
2975 2960 3161 3015 nescit.
3216 2962 3364 3018 Unde
3413 2964 3543 3020 mihi

1958 3044 2189 3098 maxime
2229 3044 2439 3100 videtur
2463 3046 2515 3099 in
2549 3048 2725 3101 nervis
2750 3064 2869 3104 esse
2898 3065 3056 3106 omne
3094 3054 3540 3125 quodmiramur,

1957 3148 2076 3189 cum
2132 3146 2321 3206 praeter
2371 3153 2519 3207 spem
2573 3139 2711 3195 vires
2762 3140 2816 3195 in
2864 3144 3111 3212 quapiam
3168 3150 3541 3216 reperiuntur:

1958 3241 2148 3293 quare,
2180 3242 2293 3293 oro,
2332 3229 2623 3298 aggredere
2659 3232 2769 3299 jam
2808 3233 2936 3286 illud
2981 3236 3064 3288 cui
3105 3244 3246 3291 totus
3286 3239 3540 3297 intendo:

1957 3333 2053 3372 cur
2094 3320 2355 3385 anima,si
2402 3335 2508 3374 non
2557 3323 2685 3376 tanti
2728 3325 2888 3393 spatii
2930 3328 3343 3395 magnitudinem
3387 3332 3546 3389 habet

1957 3410 2139 3478 quanti
2160 3424 2353 3479 corpus
2373 3420 2474 3478 est,
2502 3412 2694 3483 ubique
2722 3415 2861 3470 illius
2889 3419 2910 3449 ³
2936 3420 3105 3503 εθηιίι⁸
3124 3435 3243 3475 cum
3276 3426 3501 3494 tangitur
3518 3427 3544 3481 Ἰ

1957 3521 2181 3610 CAPUT
2219 3523 2519 3610 XXI-ll...—
2561 3526 2744 3610 Anima
2792 3531 2986 3585 tametsi
3034 3550 3122 3603 per
3166 3545 3321 3610 totum
3359 3556 3541 3610 corpus

2028 3594 2192 3658 sentit,
2218 3611 2316 3647 non
2337 3596 2522 3674 idcirco
2549 3608 2619 3674 est
2646 3615 2772 3674 _cum
2797 3618 3005 3673 corpore
3026 3594 3247 3662 extensa.
3277 3608 3412 3674 Quid
3432 3594 3544 3666 seu;

2026 3680 2111 3717 sua
2137 3674 2182 3716 et
2209 3668 2457 3733 quomodo
2484 3668 2541 3735 ﬁt
2566 3669 2707 3723 visio.
2885 3668 2894 3673 ⁷
3283 3668 3317 3674 ’⁷
3349 3705 3353 3709 .

2027 3756 2115 3809 41.
2156 3754 2218 3809 Α.
2248 3756 2358 3827 Age
2385 3774 2533 3825 vero,
2561 3761 2932 3831 aggrediamur
2960 3767 3101 3837 quod
3128 3769 3225 3834 vis,
3255 3772 3347 3827 sed
3377 3776 3544 3832 multo

1960 3855 2010 3901 te
2044 3846 2171 3900 mihi
2208 3850 2489 3904 attentiore
2517 3866 2651 3920 opus
2689 3862 2799 3919 est,
2829 3870 2986 3925 quam
3028 3865 3079 3911 te
3108 3857 3333 3917 fortasse
3362 3866 3543 3919 existi-

1957 3952 2072 3992 mas
2095 3954 2213 3993 esse
2240 3939 2451 3997 debere.
2478 3941 2653 4009 Quare
2678 3942 2837 3999 facito
2864 3954 2918 4000 ut
2943 3963 3101 4017 quam
3123 3952 3351 4008 maxime
3377 3955 3539 4023 adsis,

1958 4042 2020 4081 ac
2047 4030 2370 4100 respondeas
2409 4032 2561 4101 mihi,
2588 4035 2837 4104 quidnam
2885 4038 2977 4092 tibi
3018 4040 3256 4096 videatur
3281 4045 3379 4100 iste
3423 4063 3543 4103 esse

1958 4134 2148 4175 sensus
2186 4138 2290 4191 quo
2316 4124 2491 4178 anima
2533 4141 2629 4193 per
2667 4142 2860 4197 corpus
2898 4130 3098 4186 utitur:
3133 4148 3252 4187 nam
3295 4136 3407 4205 ipse
3430 4138 3542 4207 jam

1959 4214 2173 4269 nomine
2202 4218 2419 4286 proprio
2448 4233 2637 4274 sensus
2672 4220 2882 4276 dicitur.
2910 4222 2977 4277 E.
3007 4225 3206 4282 Sensus
3236 4245 3355 4285 esse
3382 4234 3539 4302 quin-

1957 4320 2060 4374 que
2100 4307 2283 4361 audire
2321 4309 2487 4375 soleo,
2527 4310 2757 4378 videndi,
2800 4314 3069 4383 audiendi,
3109 4318 3411 4390 olfaciendi,
3443 4340 3542 4394 gu-

1957 4396 2130 4450 standi
2157 4406 2315 4467 atque
2345 4400 2592 4469 tangendi
2617 4419 2629 4455 :
2659 4403 2774 4470 plus
2802 4405 2926 4473 quid
2952 4408 3307 4475 respondeam
3337 4417 3538 4471 nescio.

1956 4486 2021 4541 Α.
2046 4487 2268 4543 Partitio
2292 4489 2390 4543 ista
2416 4492 2767 4546 vetustissima
2794 4502 2895 4559 est,
2915 4502 2969 4549 et
2986 4494 3100 4552 fere
3127 4499 3178 4553 in
3200 4503 3544 4563 concionibus

1956 4580 2245 4636 celebrata.
2282 4581 2485 4637 Vellem
2513 4592 2689 4638 autem
2715 4585 2924 4642 deﬁniri
2949 4588 3080 4644 mihi
3108 4590 3204 4648 abs
3230 4603 3299 4661 te,
3325 4599 3451 4668 quid
3476 4602 3544 4656 sit

1958 4672 2071 4742 ipse
2101 4687 2310 4737 sensus,
2338 4681 2395 4727 ttt
2421 4673 2608 4729 eadem
2640 4675 2948 4735 deﬁnitione
2986 4683 3163 4738 omnia
3189 4684 3279 4739 illa
3306 4687 3543 4745 include-

1958 4773 2157 4830 rentur,
2187 4780 2359 4835 neque
2380 4764 2522 4819 aliud
2545 4768 2830 4839 quidquam
2855 4772 2997 4842 quod
3026 4790 3216 4831 sensus
3240 4794 3347 4832 non
3372 4792 3535 4848 esset;

1956 4857 2009 4911 in
2037 4873 2099 4912 ea
2120 4857 2536 4928 intelligeretur:
2566 4859 2659 4915 sed
2684 4861 2727 4915 si
2756 4862 2807 4917 id
2834 4879 2937 4918 non
2971 4874 3165 4935 potest,
3194 4868 3325 4922 nihil
3357 4886 3540 4940 urgeo.

1957 4948 2088 5004 Illud
2112 4948 2253 5005 enim
2277 4950 2418 5021 quod
2445 4951 2573 5007 satis
2597 4962 2698 5021 est,
2725 4964 2870 5010 certe
2898 4966 3049 5025 potes
3073 4973 3244 5013 meam
3275 4960 3537 5017 deﬁnitio-

1955 5058 2078 5098 nem
2120 5044 2204 5099 vel
2233 5042 2479 5100 refellere
2504 5046 2585 5101 vel
2612 5047 2855 5117 probare.
2885 5047 2951 5102 E.
2982 5051 3095 5106 Hoc
3120 5052 3283 5108 modo
3309 5055 3400 5109 tibi
3431 5058 3541 5110 for-
3566 5067 3575 5074 ‘

1957 5142 2098 5191 tasse
2136 5151 2241 5189 non
2279 5135 2440 5191 deero
2466 5177 2479 5202 ,
2520 5148 2773 5207 quantum
2817 5140 3001 5195 valeo:
3030 5158 3137 5197 non
3167 5146 3307 5199 enim
3341 5158 3397 5202 et
3441 5146 3544 5201 hoc

1956 5242 2167 5299 semper
2191 5238 2274 5283 est
2297 5227 2471 5285 facile.
2498 5229 2562 5283 A.
2590 5232 2817 5286 Attende
2840 5248 2965 5303 ergo
2990 5251 3003 5287 :
3029 5250 3149 5290 nam
3174 5252 3387 5294 sensum
3416 5252 3542 5311 puto

1955 5332 2096 5383 esse,
2121 5334 2225 5372 non
2255 5319 2420 5374 latere
2448 5318 2680 5374 animam
2706 5321 2847 5391 quod
2876 5324 3070 5393 patitur
3095 5341 3307 5398 corpus.
3330 5328 3399 5383 E.
3423 5331 3540 5387 Pla-

1957 5419 2044 5465 cet
2068 5408 2199 5463 mihi
2235 5410 2349 5464 haec
2373 5409 2627 5465 deﬁnitio.
2657 5410 2721 5465 A.
2752 5413 2951 5470 Adesto
2980 5432 3106 5487 ergo
3141 5419 3264 5475 huic
3291 5430 3535 5493 tanquam

1957 5511 2079 5567 tute,
2111 5518 2174 5558 ac
2215 5512 2363 5559 tuere
2392 5503 2559 5570 illam,
2600 5504 2725 5560 dum
2767 5521 2798 5561 a
2835 5524 2920 5564 me
2959 5512 3225 5583 paulisper
3256 5508 3534 5574 refellitur.

1960 5594 2023 5650 E.
2065 5595 2277 5651 Tuebor
2314 5611 2477 5663 sane,
2516 5597 2561 5653 si
2593 5607 2651 5653 tu
2683 5599 2987 5671 adjuveris;
3028 5605 3108 5660 sin
3133 5608 3386 5673 minime,
3428 5609 3537 5679 jam

2019 5713 2037 5797 ξ
2061 5710 2425 5797 ξρῖειηετηῖξμὲίε
2441 5721 2609 5797 Esses
2628 5734 2760 5790 Mssa
2785 5737 2985 5797 vegetas.

1956 5777 2046 5889 L0;
2077 5774 2255 5887 υὺίῶιίιε
2292 5775 2410 5836 ἰείη,
2437 5778 2576 5842 illm
2618 5774 2988 5848 riaE'."i§r'.’i7§;'.
3039 5800 3205 5863 (ἰήσει.
3250 5802 3366 5850 ita:
3393 5814 3527 5862 εἴη
