4096 6368
568 370 701 437 test)

564 497 688 551 mihi
719 494 994 563 displicet:
1028 507 1132 547 non
1164 492 1303 547 enim
1347 488 1538 543 frustra
1582 488 1671 541 tibi
1705 488 1813 540 visa
1856 493 1938 540 est
1981 480 2142 537 refel-

565 587 733 643 lenda.
757 587 818 640 Α.
843 584 959 640 Noli
990 585 1148 639 nimis
1174 599 1238 639 ex
1269 583 1580 637 auctoritate
1619 580 1847 649 pendere
1867 620 1881 643 ,
1921 591 2145 647 prteser-

564 681 652 731 tim
692 692 802 731 mea
834 692 950 746 quae
980 675 1122 728 nulla
1151 682 1268 739 est;
1300 681 1352 727 et
1378 671 1518 741 quod
1551 671 1625 724 ait
1651 670 1917 733 Horatius,
1952 669 2144 737 Sapere

562 770 688 821 aude
715 771 730 838 (
759 768 918 838 Epist.
958 767 1043 820 lib.
1078 767 1129 832 l,
1161 765 1307 833 epist.
1333 764 1387 825 2,
1414 778 1458 817 υ.
1504 761 1610 833 59)
1641 779 1653 814 :
1686 776 1751 816 ne
1782 775 1882 814 nou
1916 768 1965 813 te
2006 760 2141 813 ratio

560 862 801 930 subjugct
827 860 1128 928 priusquam
1159 867 1351 911 metus.
1378 855 1443 910 E.
1474 855 1586 924 Ego
1613 868 1830 924 prorsus
1862 852 1992 906 nihil
2020 866 2139 907 me-

564 960 653 1004 tuo
676 993 690 1015 ,
720 965 930 1019 quoquo
956 963 1043 1002 res
1070 947 1225 1001 modo
1266 946 1583 1016 processerit
1607 960 1619 998 :
1648 959 1754 998 non
1784 944 1924 998 enim
1960 958 2140 999 errare

561 1058 644 1095 me
672 1042 831 1094 sines.
854 1040 957 1094 Sed
980 1040 1088 1107 jam
1114 1038 1284 1107 incipe
1313 1038 1355 1090 si
1384 1026 1722 1106 quid'habes,
1746 1050 1813 1089 ne
1842 1033 2139 1089 differendo

562 1134 733 1202 potius
761 1146 914 1200 quam
940 1129 1270 1184 adversando
1300 1128 1571 1197 defatiger.

630 1222 715 1276 42.
764 1222 823 1274 Λ.
869 1220 961 1275 Die
987 1221 1143 1290 igitur
1175 1220 1299 1290 quid
1329 1220 1556 1289 patiatur
1591 1232 1783 1288 corpus
1826 1225 1970 1271 tuum
2013 1231 2135 1271 cum

558 1330 643 1369 tne
667 1315 856 1369 vides?
881 1313 945 1366 E.
974 1313 1175 1368 Patitur
1204 1313 1417 1366 omnino
1444 1311 1639 1381 aliquid
1673 1328 1685 1364 :
1720 1326 1839 1365 nam
1868 1310 2003 1365 oculi
2029 1310 2135 1364 mei

558 1416 752 1476 partes,
778 1407 874 1459 nisi
908 1406 1075 1469 fallor,
1104 1404 1340 1473 corporis
1370 1403 1473 1457 mei
1504 1410 1662 1466 sunt;
1692 1402 1781 1471 qui
1812 1402 1854 1455 si
1889 1400 2015 1454 nihil
2046 1415 2138 1469 pa-

562 1508 828 1571 terentur,
857 1496 1121 1564 quomodo
1153 1504 1203 1549 te
1239 1494 1519 1548 viderem?
1548 1494 1610 1546 A.
1640 1494 1705 1547 At
1736 1509 1839 1547 non
1878 1494 2005 1547 satis
2030 1498 2131 1559 est,

561 1598 614 1642 ut
663 1588 979 1655 persuadeas
1031 1597 1147 1640 tuos
1190 1587 1371 1640 oculos
1414 1585 1607 1653 aliquid
1656 1584 1783 1654 pati,
1830 1584 1928 1638 nisi
1976 1584 2135 1638 etiam

561 1678 683 1747 quid
711 1678 973 1745 patiantur
992 1676 1304 1731 ostenderis.
1333 1673 1396 1727 E.
1423 1674 1557 1740 Quid
1581 1674 1814 1738 tandem,
1840 1674 1938 1726 nisi
1963 1674 2133 1744 ipsum

560 1770 771 1822 visum?
811 1782 927 1821 nam
970 1768 1166 1821 vident.
1199 1766 1253 1821 Si
1283 1768 1422 1820 enim
1455 1781 1538 1820 me
1580 1780 1793 1834 rogares
1835 1765 1959 1834 quid
1991 1774 2135 1834 pate-

560 1868 706 1913 retur
736 1868 1018 1927 aegrotans,
1048 1856 1413 1926 aegritudinem
1440 1856 1814 1923 responderem
1844 1870 1857 1920 ;
1886 1855 2008 1924 quid
2039 1871 2133 1909 cu-

559 1950 728 2018 piens,
752 1948 1087 2015 cupiditatem
1113 1963 1127 2007 ;
1159 1946 1283 2016 quid
1313 1957 1569 2011 metuens,
1594 1953 1824 2009 metum;
1849 1946 1971 2015 quid
1999 1961 2133 2015 gau-

562 2040 713 2105 dens,
736 2038 1001 2107 gaudium.
1029 2037 1277 2107 Curergo
1299 2038 1499 2106 roganti
1525 2036 1648 2105 quid
1674 2036 1860 2089 videns
1881 2037 2128 2105 patiatur,

561 2145 665 2182 non
708 2137 851 2183 recte
894 2129 1065 2196 ipsum
1110 2128 1276 2181 visum
1322 2127 1713 2196 respondeam?
1740 2127 1803 2181 Α.
1841 2126 1944 2182 Sed
1991 2129 2131 2183 enim

560 2220 791 2286 gaudens
816 2219 1060 2285 gaudium
1092 2220 1268 2273 sentit.
1304 2220 1381 2271 An
1426 2219 1681 2288 negabis?
1710 2218 1777 2272 E.
1809 2219 1919 2273 lmo
1945 2235 2132 2275 assen-

560 2309 678 2361 tior.
712 2309 774 2360 A.
820 2309 931 2361 lloe
957 2317 1009 2361 et
1037 2307 1103 2361 de
1130 2308 1336 2361 caeteris
1371 2307 1853 2377 perturbationibus
1884 2310 2127 2363 dixerim.

559 2398 623 2451 Ε.
655 2398 741 2452 Sic
772 2398 959 2451 habeo.
988 2397 1050 2449 Α.
1081 2396 1341 2466 Quidquid
1371 2406 1544 2451 autem
1583 2398 1720 2451 oeuli
1751 2394 2003 2466 sentiunt,
2034 2400 2134 2456 hoc

558 2491 751 2544 vident.
786 2490 847 2542 Ε.
880 2489 1033 2543 Nullo
1063 2490 1219 2543 modo
1250 2490 1385 2543 istud
1414 2491 1651 2545 dederim
1677 2509 1688 2544 :
1720 2492 1837 2560 quis
1864 2494 2005 2545 enim
2032 2492 2132 2545 (I0-

558 2578 721 2636 lorem
763 2580 953 2645 videat,
994 2595 1149 2649 quem
1192 2590 1366 2634 tamen
1406 2595 1549 2649 szepe
1591 2582 1726 2635 oculi
1766 2582 2040 2635 sentiunt?
2064 2582 2126 2636 Α.

557 2675 789 2742 Apparet
815 2681 863 2726 te
884 2672 951 2725 de
979 2672 1144 2725 oculis
1167 2687 1325 2739 agere
1351 2690 1363 2725 :
1395 2672 1529 2726 bene
1559 2672 1760 2741 vigilas.
1788 2672 1965 2741 Itaque
1990 2672 2128 2740 vide,

559 2776 730 2819 utrum
758 2774 812 2819 ut
835 2763 1073 2833 gaudens
1096 2764 1372 2833 gaudendo
1397 2764 1642 2833 gaudium
1669 2766 1847 2829 sentit,
1878 2766 1947 2818 ita
1972 2766 2131 2820 etiam

559 2856 742 2910 videns
782 2855 1006 2909 videndo
1047 2856 1239 2910 sentiat
1282 2856 1470 2910 visum.
1503 2855 1565 2908 E.
1600 2856 1678 2909 An
1719 2856 1874 2911 aliter
1914 2857 2133 2926 potest?

560 2949 620 3002 Α.
648 2947 909 3017 Quidquid
955 2955 1129 3001 autem
1169 2946 1353 3001 videns
1389 2948 1616 3003 videndo
1658 2949 1845 3015 sentit,
1879 2948 1930 3002 id
1972 2950 2131 3002 etiam

560 3039 732 3093 videat
768 3054 982 3093 necesse
1008 3048 1113 3093 est.
1145 3037 1212 3093 E.
1241 3039 1355 3093 Non
1398 3049 1478 3094 est
1516 3054 1733 3095 necesse
1758 3059 1769 3093 :
1799 3041 1923 3111 quid
1950 3043 2133 3097 enim?

560 3134 603 3187 si
638 3148 872 3187 amorem
911 3131 1137 3187 videndo
1178 3133 1392 3199 sentiat,
1426 3148 1551 3186 num
1582 3142 1636 3188 et
1676 3147 1907 3187 amorem
1948 3134 2134 3189 videt?

560 3226 623 3280 A.
652 3225 966 3280 Cautissime
1004 3239 1066 3278 ac
1105 3225 1482 3294 sagacissime;
1510 3224 1713 3294 gaudeo
1740 3225 1879 3294 quod
1921 3224 2134 3281 diflicile

561 3317 839 3386 deciperis.
870 3315 974 3371 Sed
1013 3331 1150 3369 nunc
1174 3316 1423 3370 attende:
1456 3316 1703 3385 quoniam
1736 3315 1973 3369 constitit
1995 3315 2136 3370 inter

561 3423 678 3471 nos,
704 3424 805 3461 non
837 3422 995 3461 omne
1016 3405 1157 3475 quod
1182 3405 1317 3459 oculi
1347 3405 1594 3468 sentiunt,
1622 3420 1790 3475 neque
1814 3420 1970 3461 omne
1991 3406 2133 3476 quod

560 3497 784 3551 videndo
822 3481 1047 3551 sentitur
1066 3536 1079 3560 ,
1108 3494 1313 3560 videri;
1348 3506 1571 3565 putasne
1600 3496 1700 3551 hoc
1724 3496 1909 3551 saltem
1948 3511 2134 3552 verum

560 3605 697 3655 esse,
728 3603 885 3642 omne
920 3586 1061 3657 quod
1091 3587 1296 3641 videtur
1341 3587 1569 3641 sentiri?
1597 3586 1664 3639 E.
1711 3587 1821 3641 Hoc
1860 3602 1990 3644 sane
2033 3588 2134 3642 nisi

561 3696 874 3737 concessero
894 3720 909 3746 ,
936 3679 1201 3749 quomodo
1231 3693 1419 3733 sensus
1446 3678 1640 3748 poterit
1670 3680 1845 3733 vocari
1888 3677 2028 3748 quod
2054 3677 2135 3733 vi-

560 3773 787 3829 demus?
835 3773 896 3825 Α.
939 3770 1121 3838 Quid?
1163 3786 1321 3825 omne
1368 3770 1507 3841 quod
1553 3772 1828 3838 sentimus,
1860 3785 2036 3825 nonne
2081 3779 2135 3826 et

559 3863 829 3935 patimur?
858 3860 925 3915 E.
950 3861 1022 3915 Ita
1048 3868 1152 3916 est.
1174 3861 1237 3914 Α.
1270 3861 1431 3930 Igitur
1454 3861 1497 3915 si
1527 3877 1683 3915 omne
1710 3861 1849 3930 quod
1872 3861 2130 3930 videmus,

561 3960 834 4021 sentimus,
863 3961 917 4007 et
941 3968 1098 4007 omne
1124 3952 1263 4022 quod
1294 3952 1573 4017 sentimus,
1607 3952 1870 4021 patimur;
1907 3954 2135 4022 patimur

560 4064 717 4103 onme
741 4046 881 4117 quod
910 4045 1166 4099 videmus.
1190 4042 1255 4097 E.
1285 4043 1426 4099 Nihil
1450 4044 1657 4098 resisto.
1686 4045 1747 4097 Α.
1776 4044 1977 4098 Pateris
2005 4060 2134 4115 ergo

561 4156 675 4203 me,
712 4154 775 4192 ac
813 4137 1042 4191 vicissim
1076 4144 1125 4189 te
1164 4150 1281 4204 ego,
1313 4150 1433 4189 cum
1476 4134 1696 4189 invicem
1737 4151 1832 4190 nos
1872 4135 2129 4192 videmus.

562 4229 627 4281 E.
651 4229 737 4284 Sic
766 4228 1033 4292 existimo,
1058 4234 1109 4280 et
1135 4225 1201 4279 ad
1231 4225 1331 4279 hoc
1355 4240 1439 4280 me
1467 4226 1600 4279 ratio
1623 4226 1881 4280 instanter
1900 4227 2057 4296 cogit.

630 4324 717 4376 Π).
749 4322 807 4374 Α.
852 4320 1044 4389 Accipe
1083 4328 1271 4373 caetera
1298 4336 1311 4371 :
1342 4333 1466 4371 nam
1505 4318 1665 4372 credo
1694 4318 2131 4373 absurdissimum

560 4424 610 4468 et
635 4413 1000 4467 stultissimum
1031 4409 1194 4465 videri
1227 4409 1345 4473 tibi,
1376 4410 1420 4462 si
1447 4410 1566 4478 quis
1596 4407 1823 4464 affirmet
1848 4410 1916 4463 ibi
1945 4420 1994 4464 te
2023 4410 2131 4479 pati

559 4503 767 4574 aliquod
797 4516 1006 4571 corpus,
1037 4501 1121 4555 ubi
1151 4516 1254 4554 non
1286 4508 1368 4555 est
1394 4500 1564 4568 ipsum
1591 4514 1781 4568 corpus
1810 4500 1948 4569 quod
1980 4510 2129 4568 pate-

559 4598 650 4650 ris.
778 4592 994 4648 Videtur
1016 4590 1321 4654 absurdum,
1349 4598 1401 4643 et
1426 4590 1494 4643 ita
1518 4603 1637 4644 esse
1661 4590 1866 4660 opinor,
1895 4598 1950 4643 ut
1975 4590 2127 4645 dicis.

558 4688 617 4739 Α.
651 4684 783 4752 Quid
815 4682 983 4736 illud?
1023 4696 1196 4735 nonne
1233 4679 1570 4735 manifestum
1613 4688 1693 4732 est
1726 4680 1828 4733 alio
1859 4679 1975 4734 loco
2012 4694 2131 4735 esse

556 4790 730 4831 meum
756 4787 969 4843 corpus,
993 4771 1095 4825 alio
1115 4778 1258 4823 tuum
1280 4770 1303 4823 ?
1325 4767 1389 4822 E.
1418 4768 1750 4822 Manifestum
1779 4777 1878 4823 est.
1905 4769 1967 4822 Α.
1996 4770 2131 4825 Sen-

557 4870 687 4921 liuut
721 4873 895 4918 autem
935 4876 1128 4931 corpus
1154 4875 1329 4915 meum
1373 4860 1509 4913 oculi
1544 4862 1654 4925 tui;
1696 4870 1749 4914 et
1788 4861 1831 4914 si
1872 4862 2121 4927 sentiunt,

556 4959 731 5026 utique
772 4954 1075 5022 patiuntur;
1118 4966 1217 5006 nec
1259 4957 1477 5019 possunt
1517 4950 1587 5004 ibi
1624 4950 1748 5018 pati,
1779 4950 1864 5004 ubi
1898 4950 1947 5003 id
1986 4950 2127 5020 quod

556 5050 853 5117 patiuntur,
865 5061 971 5099 non
1001 5054 1110 5108 est;
1138 5058 1237 5098 nec
1262 5052 1436 5097 tamen
1460 5042 1530 5097 ibi
1555 5050 1676 5097 sunt
1701 5042 1795 5108 illi,
1824 5043 1911 5097 ubi
1935 5058 2127 5109 corpus

554 5154 727 5192 meum
752 5145 870 5191 est:
902 5134 1060 5205 igitur
1088 5134 1155 5188 ibi
1185 5133 1454 5201 patiuntur
1481 5132 1567 5185 ubi
1606 5147 1713 5187 non
1743 5140 1880 5187 sunt.
1914 5132 1979 5185 E.
2015 5134 2127 5203 Ego

554 5230 763 5298 quidem
803 5226 890 5280 illa
928 5224 1103 5279 omnia
1132 5224 1406 5288 concessi,
1438 5238 1555 5291 quae
1582 5238 1685 5276 non
1711 5224 2002 5279 concedere
2028 5226 2124 5279 ab-

554 5320 772 5375 surdum
805 5316 1043 5370 videbam
1068 5332 1082 5367 :
1115 5314 1208 5369 sed
1238 5314 1336 5367 hoc
1360 5313 1601 5368 ultimum
1630 5314 1770 5383 quod
1798 5330 1861 5369 ex
1891 5315 1969 5368 his
1998 5330 2127 5369 con-

557 5412 747 5466 fectum
766 5421 866 5477 est,
895 5414 965 5467 ita
991 5422 1071 5467 est
1097 5411 1395 5476 absurdius,
1425 5419 1481 5464 ut
1499 5409 1706 5465 illorum
1735 5410 1904 5479 potius
1928 5410 2125 5480 aliquid

556 5515 753 5560 temere
796 5522 882 5561 me
922 5504 1151 5571 dedisse,
1184 5519 1339 5575 quam
1384 5503 1484 5558 hoc
1524 5518 1704 5559 verum
1742 5518 1860 5559 esse
1893 5518 2123 5558 consen-

555 5597 677 5649 tiam
705 5614 718 5650 :
751 5612 871 5651 nam
914 5598 1095 5651 oculos
1121 5611 1270 5650 meos
1298 5595 1365 5649 ibi
1396 5596 1594 5649 sentire
1632 5595 1718 5649 ubi
1750 5609 1853 5648 non
1885 5604 2025 5660 sunt,
2056 5610 2124 5650 ne

554 5692 607 5742 in
633 5691 834 5744 somnis
859 5688 1069 5760 quidem
1099 5687 1274 5744 dicere
1299 5687 1570 5743 auderem.
1597 5686 1661 5742 Α.
1693 5686 1821 5741 Vide
1852 5686 2007 5755 igitur
2034 5687 2121 5741 ubi

555 5780 951 5839 obdormieris:
983 5780 1108 5851 quid
1135 5781 1275 5836 enim
1318 5780 1411 5837 tibi
1453 5779 1662 5835 tandem
1705 5780 2004 5835 elaberetur
2038 5780 2122 5836 in-

1473 375 1560 431 or.
1598 365 2033 442 QUANTITA'I‘E
2073 356 2328 439 ΑΝΙΜΑΞ,
2370 373 2426 429 s.
2467 372 2830 432 AUGUSTINI

3677 368 3825 436 4060

2248 488 2479 551 cautius,
2509 487 2551 541 si
2592 495 2647 541 ut
2673 488 2825 557 paulo
2854 494 2977 543 ante
3004 486 3288 559 vigilares?
3316 486 3381 542 E.
3422 487 3707 544 Enimvero
3740 489 3824 545 id-

2249 578 2415 646 ipsum
2446 593 2652 633 mecum
2693 580 2875 633 sedulo
2910 587 3172 648 pertracto
3200 593 3261 633 ac
3288 580 3538 633 revolvo:
3570 578 3702 634 nihil
3734 588 3823 634 ta—

2248 683 2366 721 men
2397 669 2569 723 elucet
2616 671 2771 735 satis,
2813 671 2951 741 quod
2996 686 3081 725 me
3125 670 3335 724 dedisse
3379 671 3664 741 pmniteat,
3708 672 3823 727 nisi

2246 758 2383 813 forte
2414 760 2562 823 illud,
2593 762 2733 831 quod
2768 762 2903 816 oculi
2936 762 3099 817 nostri
3126 762 3356 816 sentiunt
3383 777 3501 815 cum
3532 762 3775 817 videmus
3804 778 3820 816 :

2245 852 2389 905 visus
2416 867 2639 922 namque
2680 853 2791 922 ipse
2828 853 3043 908 forsitan
3069 853 3341 910 sentit..A.
3370 853 3479 908 lmo
3518 856 3590 909 ita
3618 863 3739 910 est:
3773 856 3825 910 is

2244 943 2383 995 enim
2424 958 2481 997 se
2508 942 2651 997 foras
2691 945 2927 1015 porrigit,
2959 953 3014 999 et
3051 960 3144 1014 per
3170 945 3352 1000 oculos
3390 945 3583 1000 emicat
3609 946 3823 1016 longius

2243 1048 2663 1103 quaquaversum
2708 1044 2878 1105 potest
2906 1037 3130 1091 lustrare
3159 1036 3299 1107 quod
3343 1038 3626 1092 cernimus.
3667 1038 3822 1094 Unde

2244 1122 2301 1177 fit
2341 1133 2397 1178 ut
2434 1125 2506 1178 ibi
2547 1127 2717 1195 potius
2758 1127 2951 1193 videat,
2994 1127 3079 1183 ubi
3115 1135 3195 1182 est
3234 1127 3285 1182 id
3323 1128 3459 1198 quod
3504 1129 3663 1195 videt,
3711 1145 3818 1184 non

2241 1214 2380 1269 unde
2407 1218 2635 1285 erumpit
2672 1227 2728 1271 ut
2767 1218 2959 1273 videat.
2996 1218 3108 1273 Non
3138 1233 3262 1289 ergo
3293 1227 3346 1273 tu
3373 1220 3537 1285 vides,
3577 1236 3699 1274 cum
3731 1238 3820 1276 me

2240 1307 2418 1361 vides?
2441 1306 2505 1360 Ε.
2532 1307 2658 1376 Quis
2682 1309 2781 1363 hoc
2798 1310 3014 1365 insanus
3033 1310 3259 1365 dixerit?
3280 1312 3495 1365 omnino
3514 1326 3613 1382 ego
3635 1314 3815 1378 video,

2241 1397 2333 1452 sed
2373 1400 2568 1454 emisso
2593 1400 2705 1454 visu
2737 1415 2830 1470 per
2854 1402 3036 1455 oculos
3060 1401 3231 1455 video.
3263 1401 3327 1455 Α.
3356 1404 3425 1456 At
3458 1402 3504 1457 si
3542 1411 3596 1455 tu
3639 1403 3813 1466 vides,

2239 1499 2293 1544 tu
2323 1493 2527 1557 sentis;
2560 1493 2604 1546 si
2634 1500 2687 1545 tu
2714 1494 2901 1561 sentis,
2936 1504 2990 1548 tu
3028 1495 3224 1563 pateris
3250 1510 3264 1559 ;
3298 1508 3393 1548 nec
3424 1503 3572 1563 potes
3603 1494 3672 1549 ibi
3707 1497 3814 1564 pati

2238 1581 2453 1650 aliquid,
2504 1582 2591 1637 ubi
2637 1599 2739 1637 non
2784 1599 2880 1639 es:
2930 1585 2999 1638 ibi
3039 1594 3216 1639 autem
3261 1600 3347 1640 me
3387 1585 3551 1650 vides,
3581 1585 3669 1639 ubi
3714 1601 3816 1654 ego

2240 1686 2394 1737 sum;
2428 1673 2498 1727 ibi
2541 1674 2698 1742 igitur
2735 1675 2951 1744 pateris,
2983 1674 3073 1729 ubi
3110 1690 3209 1746 ego
3248 1690 3383 1730 sum.
3413 1678 3480 1730 At
3513 1678 3555 1730 si
3596 1678 3681 1730 ubi
3714 1693 3816 1745 ego

2238 1778 2376 1829 sum,
2406 1772 2459 1817 tu
2498 1765 2567 1819 ibi
2595 1780 2697 1819 non
2732 1780 2826 1831 es;
2860 1782 2963 1836 quo
3003 1774 3155 1835 pacto
3196 1767 3392 1822 audeas
3422 1767 3603 1822 dicere
3640 1769 3812 1822 videri

2238 1869 2323 1907 me
2346 1854 2441 1909 abs
2470 1863 2541 1921 te,
2566 1871 2782 1924 prorsus
2812 1857 3011 1926 ignoro.
3042 1856 3111 1909 Ε.
3142 1856 3286 1920 Visu,
3312 1858 3543 1926 inquam,
3564 1869 3814 1929 porrecto

2237 1943 2289 1997 in
2318 1959 2437 1999 eum
2464 1945 2636 2000 locum
2676 1948 2726 1999 in
2757 1962 2861 2016 quo
2896 1962 2973 2010 es,
3004 1947 3157 2001 video
3197 1956 3249 2001 te
3288 1948 3375 2001 ubi
3404 1963 3499 2001 es:
3537 1958 3591 2001 at
3620 1964 3705 2002 me
3737 1950 3810 2003 ibi

2238 2050 2340 2089 non
2388 2052 2505 2091 esse
2548 2039 2825 2092 coniiteor.
2866 2038 2971 2093 Sed
3011 2037 3449 2108 quemadmodum
3488 2039 3532 2091 si
3569 2038 3715 2107 virga
3757 2048 3814 2093 te

2238 2136 2527 2197 tangerem,
2556 2145 2653 2199 ego
2678 2132 2855 2199 utique
2880 2138 3146 2199 tangerem
3166 2170 3179 2195 ,
3213 2129 3370 2199 idque
3394 2130 3643 2183 sentirem
3668 2145 3682 2193 ;
3712 2144 3813 2183 ne-

2235 2233 2336 2287 que
2362 2227 2534 2273 tamen
2566 2235 2663 2289 ego
2690 2220 2759 2273 ibi
2785 2234 2985 2284 essem,
3018 2220 3103 2273 ubi
3144 2229 3196 2274 te
3222 2228 3528 2288 tangerem:
3556 2219 3629 2273 ita
3666 2219 3811 2289 quod

2235 2307 2355 2362 dico
2383 2309 2496 2363 visu
2531 2326 2615 2363 me
2643 2310 2853 2375 videre,
2895 2310 3140 2379 quamvis
3173 2324 3271 2380 ego
3298 2308 3369 2363 ibi
3409 2324 3513 2363 non
3551 2310 3672 2374 sim,
3703 2325 3809 2363 non

2237 2414 2301 2454 ex
2327 2414 2391 2453 eo
2416 2415 2576 2470 cogor
2602 2400 2749 2454 fateri
2781 2416 2884 2454 non
2916 2416 3001 2454 me
3026 2416 3145 2455 esse
3174 2400 3261 2469 qui
3290 2400 3520 2454 videam.

2305 2492 2392 2545 44.
2424 2491 2488 2544 Α.
2521 2492 2657 2547 Nihil
2682 2508 2805 2563 ergo
2831 2502 3029 2548 temere
3058 2493 3366 2548 concessisti
3394 2510 3408 2545 :
3440 2507 3559 2545 nam
3588 2500 3643 2547 et
3668 2492 3811 2547 oculi

2237 2584 2310 2638 tui
2338 2584 2435 2639 hoc
2460 2585 2617 2639 modo
2641 2584 2847 2640 defendi
2869 2595 3108 2655 possunt,
3136 2601 3356 2655 quorum
3383 2594 3466 2640 est
3489 2586 3638 2654 quasi
3665 2586 3811 2655 virga

2236 2676 2407 2740 visus,
2456 2684 2512 2730 ut
2537 2676 2700 2741 dicis;
2748 2691 2918 2745 neque
2960 2676 3048 2730 illa
3094 2684 3176 2731 est
3221 2675 3445 2730 absurda
3494 2676 3807 2741 conclusio,

2238 2766 2376 2835 quod
2407 2767 2476 2821 ibi
2504 2767 2638 2821 oculi
2673 2768 2742 2821 tui
2772 2767 2979 2831 vident,
3012 2767 3097 2821 ubi
3125 2781 3230 2821 non
3254 2774 3393 2821 sunt.
3427 2768 3506 2821 An
3536 2767 3624 2821 tibi
3654 2767 3813 2820 aliter

2240 2857 2484 2911 videtur?
2523 2857 2589 2911 E.
2620 2858 2693 2912 lta
2723 2874 2851 2913 sane
2884 2866 2964 2912 est
2991 2868 3046 2912 ut
3068 2858 3197 2911 dicis
3232 2875 3247 2911 :
3276 2874 3397 2911 nam
3436 2866 3490 2911 et
3513 2858 3640 2912 illud
3668 2872 3813 2912 nunc

2240 2952 2604 3019 animadverti,
2630 2946 2769 3022 'quod
2791 2953 2835 3007 si
2858 2952 2927 3006 ibi
2951 2952 3189 3006 viderent
3206 2952 3345 3006 oculi
3371 2951 3457 3005 ubi
3477 2959 3619 3016 sunt,
3647 2952 3808 3005 etiam

2240 3046 2441 3114 seipsos
2468 3046 2724 3101 viderent.
2756 3046 2819 3099 Α.
2853 3045 3069 3100 Rectius
3096 3044 3299 3099 diceres
3327 3059 3431 3098 nou
3457 3085 3473 3108 ,
3518 3044 3691 3098 Etiam
3725 3060 3810 3098 se-

2238 3135 2414 3205 ipsos;
2446 3136 2539 3191 sed
2562 3178 2575 3199 ,
2610 3135 2996 3191 Tantummodo
3020 3134 3224 3204 seipsos
3265 3135 3525 3189 viderent.
3558 3133 3687 3188 Nam
3721 3134 3811 3189 ubi

2238 3237 2394 3294 sunt,
2427 3229 2477 3283 id
2500 3237 2581 3282 est
2608 3244 2763 3297 quem
2790 3229 2961 3283 locum
2986 3237 3197 3290 tenent,
3227 3227 3323 3282 soli
3356 3234 3567 3291 tenent;
3591 3242 3691 3282 nec
3716 3243 3815 3281 na-

2237 3332 2328 3373 sus
2355 3327 2437 3372 est
2469 3318 2537 3373 ibi
2570 3318 2657 3373 ubi
2688 3319 2791 3381 illi,
2840 3333 2939 3372 nec
2984 3317 3235 3387 quidquid
3278 3317 3382 3372 illis
3408 3317 3636 3371 vicinum
3682 3327 3766 3371 est
3794 3336 3808 3371 :

2238 3410 2467 3479 alioquin
2497 3410 2655 3465 etiam
2706 3420 2758 3465 tu
2799 3410 2867 3465 ibi
2901 3424 3048 3464 esses
3072 3409 3157 3463 ubi
3197 3422 3295 3478 ego
3319 3424 3470 3473 sum;
3511 3409 3632 3477 quia
3654 3408 3809 3477 juxta

2240 3502 2462 3557 invicem
2493 3517 2697 3556 sumus.
2741 3502 2869 3568 Quae
2897 3515 3015 3555 cum
3046 3500 3118 3553 ita
3156 3500 3261 3553 sint
3283 3538 3298 3563 ,
3327 3498 3372 3553 si
3405 3507 3603 3552 tantum
3636 3499 3705 3553 ibi
3736 3499 3815 3552 ti-

2238 3592 2426 3647 derent
2446 3591 2585 3645 oculi
2616 3591 2702 3645 ubi
2728 3600 2849 3645 sunt
2869 3631 2883 3656 ,
2916 3589 3044 3644 nihil
3073 3588 3296 3658 amplius
3320 3604 3477 3658 quam
3504 3588 3708 3657 seipsos
3736 3589 3813 3642 vi-

2238 3682 2441 3738 derent.
2466 3682 2594 3737 Cum
2615 3691 2787 3735 autem
2816 3695 2875 3735 se
2904 3696 3007 3734 non
3025 3679 3223 3744 vident,
3256 3693 3360 3733 non
3388 3678 3544 3732 modo
3570 3680 3811 3748 cogimur

2237 3775 2569 3839 consentire,
2625 3788 2779 3843 posse
2821 3773 2939 3827 illos
2975 3770 3193 3837 videre,
3230 3770 3317 3826 ubi
3368 3784 3475 3824 non
3514 3778 3669 3833 sunt;
3713 3771 3807 3824 sed

2238 3868 2395 3923 etiam
2426 3866 2639 3921 omnino
2665 3880 2768 3919 non
2800 3878 2954 3933 posse
2976 3904 2990 3930 ,
3037 3863 3137 3917 nisi
3165 3862 3251 3917 ubi
3279 3876 3384 3915 non
3406 3871 3545 3915 sunt.
3570 3859 3637 3913 E.
3667 3862 3808 3914 Nihil

2240 3967 2322 4013 est
2350 3957 2488 4027 quod
2532 3957 2653 4010 hinc
2678 3956 2917 4010 dubitare
2946 3970 3029 4009 me
3054 3953 3230 4008 faciat.
3261 3952 3326 4005 Α.
3358 3953 3496 4022 Ergo
3523 3967 3626 4005 non
3656 3951 3811 4005 dubi-

2240 4060 2318 4104 tas
2344 4049 2415 4104 ibi
2451 4063 2545 4103 eos
2588 4048 2728 4117 pati,
2761 4047 2849 4101 ubi
2894 4062 2999 4100 non
3039 4054 3179 4100 sunt.
3221 4044 3351 4098 Nam
3376 4043 3463 4097 ubi
3493 4043 3706 4105 vident;
3736 4042 3805 4096 ibi

2237 4142 2475 4196 sentiunt
2504 4158 2517 4194 :
2550 4140 2720 4212 ipsum
2749 4139 2888 4194 enim
2928 4138 3106 4192 videre
3130 4178 3145 4202 ,
3197 4135 3396 4190 sentire
3446 4144 3559 4200 est;
3608 4136 3809 4189 sentire

2236 4242 2413 4287 autem
2434 4272 2448 4296 ,
2477 4231 2581 4301 pati
2611 4247 2623 4284 :
2655 4244 2817 4300 quare
2844 4229 2929 4283 ubi
2958 4229 3222 4292 sentiunt,
3252 4226 3321 4281 ibi
3357 4225 3643 4294 patiuntur.
3668 4226 3809 4279 Alibi

2238 4334 2414 4378 autem
2443 4324 2618 4378 vident
2640 4337 2797 4392 quam
2824 4320 2909 4375 ubi
2932 4329 3052 4375 sunt
3080 4337 3092 4373 :
3125 4319 3195 4373 ibi
3222 4318 3379 4389 igitur
3406 4319 3693 4387 patiuntur,
3718 4317 3809 4372 ubi

2240 4430 2343 4468 non
2375 4422 2513 4467 sunt.
2546 4412 2609 4466 E.
2639 4412 2824 4465 Mirum
2863 4419 2943 4465 est
2970 4424 3125 4479 quam
3154 4408 3249 4463 ista
3276 4422 3399 4461 vera
3429 4408 3695 4461 existimo.

2344 4503 2566 4559 CAPUT
2594 4501 2782 4557 XXIV.
2808 4531 2881 4541 —
2906 4500 3220 4570 Expenditur
3252 4498 3475 4566 deﬁnitio
3506 4514 3699 4551 sensus.

2309 4596 2398 4651 45.
2416 4596 2479 4648 Α.
2512 4596 2673 4649 [tecte
2690 4592 2911 4647 fortasse
2931 4590 3219 4646 existimas.
3244 4590 3347 4645 Sed
3365 4589 3625 4659 restionde
3652 4590 3809 4644 obse-

2237 4702 2357 4752 cro,
2399 4697 2573 4739 utrum
2614 4698 2769 4737 omne
2793 4681 2931 4752 quod
2972 4695 3064 4750 per
3102 4680 3270 4736 visum
3296 4681 3695 4750 cognoscimus,
3724 4681 3809 4733 vi-

2236 4775 2474 4831 deamus.
2496 4773 2561 4827 E.
2589 4774 2660 4827 Ita
2686 4772 2866 4827 credo.
2888 4772 2951 4824 Α.
2980 4770 3163 4826 Credis
3187 4770 3344 4826 etiam
3372 4785 3530 4825 omne
3557 4770 3697 4840 quod
3725 4772 3807 4823 vi-

2234 4867 2406 4920 dendo
2431 4865 2815 4935 cognoscimus,
2838 4878 2933 4934 per
2954 4862 3121 4916 visum
3144 4876 3241 4916 nos
3265 4860 3621 4931 cognoscere?
3649 4860 3711 4914 E.
3739 4861 3807 4914 Et

2236 4958 2336 5013 hoc
2365 4956 2543 5011 credo.
2566 4955 2628 5009 Α.
2656 4956 2763 5010 Cur
2787 4970 2911 5024 ergo
2956 4953 3264 5023 plerumque
3306 4951 3504 5007 fumum
3532 4952 3705 5005 solum
3732 4952 3808 5004 vi-

2233 5050 2406 5104 dendo
2427 5090 2442 5115 ,
2473 5047 2648 5118 ignem
2694 5047 2873 5100 subter
2900 5044 3063 5100 latere
3087 5042 3451 5113 cognoscimus
3470 5081 3487 5107 ,
3513 5058 3668 5111 quem
3698 5058 3805 5095 non

2233 5142 2469 5194 videmus
2497 5138 2520 5192 ‘l
2545 5136 2613 5191 Ε.
2650 5137 2839 5192 Verum
2891 5135 3056 5189 dicis:
3085 5141 3139 5188 et
3171 5134 3279 5203 jam
3310 5148 3413 5187 non
3437 5143 3564 5203 puto
3591 5147 3689 5186 nos
3722 5132 3805 5185 νὶ-

2232 5231 2359 5284 dere
2406 5225 2656 5298 quidquid
2713 5242 2807 5295 per
2853 5226 3022 5279 visum
3090 5224 3492 5293 cognoscimus:
3524 5237 3807 5291 possumus

2234 5322 2406 5381 enim,
2441 5326 2497 5371 ut
2538 5316 2792 5379 docuisti,
2835 5313 2975 5369 aliud
3004 5312 3231 5368 videndo
3254 5352 3271 5379 ,
3309 5312 3447 5366 aliud
3484 5327 3807 5382 cognoscere

2235 5408 2374 5480 quod
2405 5409 2546 5461 visus
2582 5422 2683 5461 non
2712 5405 2960 5475 attigerit.
2999 5405 3060 5457 Α.
3092 5402 3264 5471 Quid?
3293 5402 3417 5456 illud
3447 5402 3584 5471 quod
3610 5417 3702 5472 per
3728 5402 3807 5455 vi-

2231 5516 2347 5555 sum
2370 5500 2641 5563 sentimus,
2667 5512 3013 5567 possumusne
3034 5510 3135 5549 non
3159 5492 3437 5549 videre‘IE.
3453 5492 3605 5549 Nullo
3622 5493 3803 5547 modo.

2233 5592 2295 5645 Α.
2325 5589 2476 5645 Aliud
2496 5597 2575 5642 est
2594 5603 2718 5657 ergo
2734 5588 2949 5654 sentire,
2967 5584 3106 5640 aliud
3126 5599 3463 5655 cognoscere.
3488 5583 3552 5638 E.
3574 5584 3806 5639 Omnino

2236 5683 2375 5740 aliud
2406 5700 2419 5736 :
2450 5695 2569 5735 nam
2618 5679 2873 5734 sentimus
2908 5678 3136 5744 fumum,
3169 5693 3326 5747 quem
3355 5676 3626 5741 videmus;
3653 5686 3707 5731 et
3734 5692 3805 5732 ex

2233 5793 2298 5833 eo
2327 5779 2501 5845 ignem
2525 5813 2541 5841 ,
2565 5787 2723 5843 quem
2742 5786 2846 5827 non
2870 5771 3106 5827 videmus
3122 5810 3138 5840 ,
3162 5769 3383 5831 subesse
3408 5770 3802 5842 cognoscimus.
