2048 3184
146 154 206 184 1061

143 214 177 243 Α.
193 215 267 243 Bene
288 214 422 249 intelligis.
438 213 489 241 Sed
504 213 576 241 vides
588 218 660 242 certe
673 221 733 241 cum
756 213 805 241 hoc
819 214 928 248 accidit,

144 268 245 296 corpus
258 265 387 292 nostrum,
401 259 425 287 id
438 265 478 287 est
492 258 592 293 oculos,
607 259 671 287 nihil
686 260 738 295 pati
749 268 781 288 ex
793 260 869 296 igne,
885 255 931 288 sed

144 313 177 334 ex
193 305 266 334 fumo
278 313 355 340 quem
367 305 451 332 solum
465 304 564 333 vident.
580 305 681 333 Etenim
695 304 802 339 videre,
818 305 930 339 sentire;

145 357 172 381 et
185 352 300 385 Sentirc,
316 351 368 387 pati
380 359 438 378 esse
448 372 455 385 ,
468 350 522 384 jam
537 359 616 386 supra
630 350 820 378 consensimus.
836 349 869 377 Ε.
882 349 933 378 Te-

144 405 195 426 neo
208 401 235 425 et
244 397 384 425 assentior.
397 397 428 424 Α.
442 397 506 424 Cum
520 404 583 432 ergo
597 404 644 431 per
653 396 801 432 passionem
814 396 932 431 corporis

145 451 197 471 non
211 443 276 471 latet
288 442 386 477 aliquid
398 443 512 470 animam
523 464 530 476 ,
543 451 594 470 non
606 442 732 470 continuo
745 450 840 470 sensus
853 450 932 470 voca-

145 495 189 517 tur
199 497 266 517 unus
276 489 309 517 de
318 490 433 525 quinque
448 489 617 522 memoratis;
638 490 685 517 sed
700 498 760 517 cum
774 490 829 525 ipsa
845 490 933 525 passio

146 543 198 563 non
219 536 284 562 latet
296 544 302 561 :
318 542 430 570 namque
442 535 491 562 ille
504 535 570 570 ignis
584 542 635 562 non
648 535 733 567 visus,
751 542 800 563 uec
813 534 932 569 auditus,

146 588 194 608 nee
207 580 333 614 olfactus,
359 586 408 607 nec
427 582 546 615 gustatus
556 600 563 613 ,
578 587 627 607 nec
639 584 724 607 tactus
738 587 752 607 a
776 579 865 613 nobis,
881 588 933 607 non

147 631 233 653 tamen
254 626 318 654 latet
330 624 445 653 animam
456 646 463 659 ,
478 625 551 653 fumo
565 625 631 653 viso.
646 623 750 653 Etcum
765 624 814 652 hoc
828 633 880 652 non
894 624 933 652 la-

147 675 202 698 tere
218 679 269 698 non
280 675 388 699 vocetur
399 678 504 703 sensus,
521 670 581 706 quia
595 678 626 698 ex
643 670 701 706 igne
714 678 809 706 corpus
820 670 883 698 nihil
894 674 935 698 est

148 723 252 751 passum
263 724 270 749 ;
282 720 390 744 vocatur
403 720 489 744 tamen
503 716 618 752 cognitio
632 722 679 751 per
691 723 797 744 sensum
807 738 814 750 ,
829 717 889 752 quia
901 724 934 744 ex

148 762 269 797 passione
282 762 402 798 corporis
414 762 534 798 quamvis
553 762 603 790 alia
613 784 620 795 ,
637 762 663 790 id
677 767 717 790 est
729 771 762 791 ex
775 762 882 791 alterius
896 762 934 790 rei

147 808 264 840 visions,
278 808 455 843 conjectatum
468 813 508 836 est
521 812 599 843 atque
618 814 792 843 compertum.
809 808 840 835 E.
853 807 933 835 intel-

148 853 214 889 ligo,
229 857 258 882 et
269 853 368 888 optime
390 854 467 882 video
483 855 552 882 istud
575 861 721 890 congruere
740 863 771 882 ac
785 854 874 883 favere
898 853 934 882 illi

147 899 294 927 deﬁnitioni
316 904 385 933 tute,
407 907 485 935 quam
507 904 536 928 ut
551 907 635 928 meam
658 900 721 927 mihi
744 899 934 928 defendendam

147 944 262 973 dedisti:
278 952 338 973 nam
354 946 388 973 ita
402 946 509 973 memini
523 953 581 974 esse
604 946 652 974 abs
666 950 691 974 te
714 954 820 974 sensum
843 946 935 974 delini-

147 995 202 1018 tum
212 1011 219 1024 ,
232 996 292 1017 cum
303 991 418 1018 animm
434 998 486 1018 non
501 991 563 1018 latet
575 990 645 1026 quod
659 991 756 1026 patitur
763 999 868 1027 corpus.
882 990 935 1018 lla-

147 1043 199 1071 que
218 1035 282 1063 illud
292 1037 361 1071 quod
370 1037 457 1064 fumus
465 1037 579 1070 videtur,
591 1044 696 1064 sensum
709 1044 834 1064 vocamus
847 1046 853 1069 ;
866 1037 936 1072 passi

147 1087 209 1109 sunt
221 1082 293 1110 enim
306 1089 367 1109 eum
377 1082 445 1109 oculi
459 1082 583 1113 videndo,
595 1082 638 1116 qui
650 1087 711 1110 sunt
720 1082 838 1117 corporis
849 1088 936 1117 partes

149 1132 178 1154 et
189 1135 301 1162 mrpora
312 1136 319 1155 :
331 1128 417 1162 ignem
429 1131 527 1160 autem,
542 1135 573 1154 ex
587 1135 640 1164 quo
651 1126 818 1162 ttihilcorpus
826 1132 865 1155 est
878 1135 937 1162 pas-

148 1181 207 1201 sum
216 1194 222 1206 ,
237 1174 357 1208 quamvis
370 1174 490 1208 cognitus
503 1173 582 1200 fuerit
591 1193 597 1205 ,
613 1173 720 1201 sensum
734 1180 787 1200 non
800 1180 935 1204 vocamus.

184 1220 227 1247 46.
244 1220 276 1246 Α.
293 1219 443 1247 Memoriam
459 1219 565 1255 quidem
579 1225 648 1246 tuam
664 1219 746 1254 probo
761 1223 788 1247 et
797 1226 936 1254 sequacem

150 1267 368 1302 intelligentiam;
384 1274 474 1294 verum
498 1266 610 1293 munitio
632 1266 676 1293 illa
693 1265 851 1293 deﬁnitionis
866 1265 938 1293 laba-

149 1313 209 1339 scit.
225 1311 259 1339 E.
271 1312 323 1339 Cur
337 1312 445 1347 quaeso?
459 1311 490 1338 Α.
510 1311 576 1344 Quia
596 1319 649 1339 non
669 1318 765 1346 negas,
779 1315 807 1338 ut
826 1312 935 1346 opinor,

151 1358 270 1385 nonnihil
284 1358 336 1393 pati
349 1364 445 1392 corpus
457 1365 517 1385 cum
537 1358 681 1385 crescimus
698 1356 739 1383 vel
752 1358 914 1384 senescimus
928 1364 935 1383 :

151 1412 238 1440 neque
250 1405 275 1432 id
289 1411 337 1431 nos
349 1404 403 1431 ullo
420 1411 501 1431 sensu
521 1403 620 1431 sentire
638 1402 803 1430 manifestum
817 1407 874 1435 est;
889 1410 938 1430 nec

151 1450 177 1477 id
193 1454 278 1477 tatnen
293 1449 406 1477 animum
423 1450 494 1477 latet.
509 1449 568 1476 Non
579 1449 656 1484 igitur
670 1456 728 1476 eam
741 1449 802 1476 latet
814 1448 937 1483 quiddam

151 1495 220 1529 quod
235 1495 332 1529 patitur
347 1500 444 1528 corpus
455 1512 463 1527 ,
479 1501 528 1521 nec
537 1498 625 1521 tamen
645 1501 738 1520 sensus
748 1493 798 1521 iste
812 1493 938 1528 appellari

153 1544 247 1575 potest.
258 1539 376 1567 Videndo
384 1540 454 1566 enim
466 1540 563 1573 majora
575 1547 605 1565 ea
618 1547 676 1574 qua:
688 1538 828 1573 aliquattdo
837 1539 938 1565 minora

152 1584 313 1618 videramus,
325 1590 351 1613 et
365 1585 478 1612 videndo
487 1592 564 1612 senes
574 1592 620 1612 eos
632 1591 697 1620 quos
709 1583 820 1619 juvenes
834 1591 864 1611 ac
876 1591 939 1618 pue-

152 1640 196 1659 ros
211 1632 292 1659 fuisse
306 1636 409 1659 constat
421 1639 427 1664 ;
441 1631 619 1665 conjec-tamus
633 1630 746 1665 aliquam
759 1630 837 1657 talem
853 1634 938 1657 muta-

154 1679 251 1705 tionem
273 1683 363 1705 nostra
377 1685 486 1712 corpora
496 1694 504 1710 ,
519 1677 598 1704 etiam
618 1683 688 1703 nunc
702 1676 766 1702 dum
786 1675 918 1710 loquimur
930 1695 938 1707 ,

155 1724 217 1758 pati.
232 1723 322 1758 Neque
344 1723 370 1750 in
386 1730 417 1750 eo
437 1722 551 1749 fallimur
562 1742 569 1755 ,
586 1727 613 1749 ut
633 1721 727 1756 opinor
741 1730 748 1748 :
763 1729 822 1747 nam
843 1720 941 1755 procli-

154 1769 212 1795 vius
224 1773 282 1801 est,
305 1773 333 1795 ut
346 1776 388 1795 me
403 1768 455 1795 falli
468 1767 553 1795 dicant
568 1767 637 1802 quod
656 1767 747 1799 video,
770 1774 847 1801 quam
870 1766 939 1801 quod

155 1814 273 1849 intelligo
287 1813 398 1848 capillos
420 1820 493 1840 meos
508 1820 578 1840 nunc
588 1819 726 1845 crescere,
751 1819 878 1846 corpusve
894 1818 940 1846 per

155 1864 289 1888 momenta
309 1860 414 1887 mutari.
427 1859 503 1892 Quod
515 1859 538 1886 si
562 1859 671 1886 mutatio
693 1859 758 1890 ista,
782 1858 867 1892 passio
880 1865 940 1885 core

157 1908 227 1942 poris
240 1911 296 1939 est,
310 1907 379 1941 quod
395 1913 473 1933 netno
486 1910 563 1941 negat
573 1926 581 1939 ,
595 1913 644 1933 ttec
656 1913 726 1932 nunc
739 1906 851 1932 sentitur
863 1913 876 1932 a
890 1912 939 1932 no-

156 1952 216 1985 bis,
232 1959 282 1979 nec
297 1956 385 1979 tamen
398 1952 512 1978 animam
533 1951 612 1983 latet,
626 1951 686 1985 quia
710 1958 759 1978 nos
782 1959 833 1977 non
860 1951 940 1983 latet;

155 1998 270 2034 patitur,
285 2002 314 2024 ut
328 1997 397 2029 dixi,
413 2002 510 2030 corpus
519 1995 589 2030 quod
603 2002 655 2022 non
667 1995 731 2022 latet
744 1996 857 2022 animam
869 2016 876 2029 ,
894 2002 942 2023 nec

158 2051 251 2071 sensus
261 2047 301 2071 est
316 2048 412 2070 tatnett.
425 2042 512 2074 Quare
525 2041 569 2068 illa
581 2040 709 2073 deﬁnitio,
723 2048 781 2076 quae
794 2040 859 2067 nihil
873 2040 941 2075 qttod

157 2096 251 2116 sensus
264 2096 317 2115 non
331 2090 415 2120 esset,
429 2087 541 2114 debebat
551 2086 685 2113 includam
696 2106 703 2119 ,
718 2093 778 2113 cum
791 2086 841 2113 hoc
856 2086 942 2113 inclu-

159 2134 212 2167 sit,
234 2138 308 2160 eerte
322 2132 415 2159 vitiosa
428 2136 477 2159 est.
500 2130 533 2158 E.
555 2131 626 2158 Nihil
649 2130 712 2157 mihi
735 2134 835 2158 restare
850 2131 941 2164 video,

159 2187 237 2214 quam
251 2183 279 2206 ut
299 2183 324 2206 te
338 2184 443 2213 petam,
460 2182 489 2205 ut
504 2182 549 2205 aut
562 2177 673 2205 deﬁnias
691 2177 786 2210 aliter,
809 2181 854 2204 aut
875 2176 949 2214 hanc

160 2232 267 2253 nrcures
278 2246 284 2258 ,
298 2226 320 2253 si
336 2230 409 2260 potes
422 2233 429 2252 :
443 2232 504 2252 nam
519 2231 577 2251 eam
591 2224 639 2251 ista
655 2224 757 2251 ratione
769 2231 847 2258 quam
863 2213 944 2251 vehe-

162 2275 263 2298 tnenter
286 2271 383 2306 probo,
404 2271 524 2298 vitiosam
546 2276 607 2297 esse
629 2276 727 2304 negare
748 2276 801 2296 non
825 2276 942 2304 possum.

160 2317 192 2343 Α.
209 2317 296 2344 Facile
312 2322 353 2344 est
367 2317 442 2344 istam
457 2318 605 2350 corrigere,
620 2314 690 2350 quod
702 2314 763 2342 volo
782 2318 810 2342 tu
822 2315 920 2342 audeas
936 2323 943 2342 :

162 2364 240 2390 facies
253 2363 322 2389 enim
334 2382 341 2393 ,
358 2362 421 2389 mihi
434 2362 528 2393 crede,
542 2362 564 2388 si
583 2361 651 2388 bene
662 2361 812 2389 intellexisti
826 2361 871 2388 ubi
884 2368 946 2395 pee-

162 2413 213 2436 cet.
229 2407 264 2434 E.
287 2407 354 2435 Num
372 2407 433 2433 alibi
451 2414 529 2441 quant
554 2406 598 2432 ubi
619 2406 704 2433 aliena
724 2405 945 2441 comprehendit?

164 2455 193 2481 Α.
209 2455 268 2487 Quo
281 2453 385 2480 tandem
396 2453 491 2480 modo?
503 2452 535 2479 Ε.
550 2452 614 2485 Quia
627 2452 697 2487 quod
707 2453 822 2480 senescit
834 2455 929 2487 corpus
937 2472 946 2487 ,

164 2499 284 2534 quamvis
301 2499 326 2525 itt
344 2498 455 2533 juvene,
476 2506 527 2525 llOn
545 2502 630 2532 potest
651 2499 739 2532 negari
760 2499 814 2533 pati
829 2498 945 2533 aliquid;

165 2545 243 2579 idque
256 2551 316 2572 cum
334 2544 433 2571 scimus
444 2563 451 2575 ,
473 2551 524 2571 non
538 2544 601 2571 latet
613 2544 728 2570 animatn
742 2544 865 2578 quiddam
877 2544 947 2578 quod

166 2591 262 2625 patitur
279 2597 375 2624 corpus
386 2610 393 2622 ,
417 2596 502 2624 neque
515 2593 602 2616 tamen
615 2588 669 2616 ullo
687 2596 767 2616 sensu
780 2589 878 2624 percipi
899 2597 947 2624 po-

167 2641 217 2664 tcst
232 2646 237 2663 :
251 2644 311 2663 nam
326 2643 375 2663 nec
389 2636 465 2663 video
485 2643 527 2662 me
541 2635 620 2662 modo
634 2641 771 2662 senescere
783 2655 790 2667 ,
813 2642 899 2670 neque
921 2635 948 2663 id

168 2682 270 2715 auditu,
296 2686 342 2709 aut
353 2682 468 2714 olfactu,
495 2686 540 2708 aut
560 2685 679 2716 gustatu,
700 2685 745 2708 aut
758 2684 831 2708 tactu
851 2681 947 2708 sentio.

167 2727 198 2754 Δ.
208 2727 282 2755 Unde
289 2735 352 2762 ergo
361 2727 424 2754 illud
437 2726 524 2754 nosti?
532 2726 564 2753 Ε.
576 2727 687 2754 Ratione
696 2726 721 2754 id
729 2727 833 2761 colligo.
842 2725 874 2754 Α.
885 2727 949 2761 Qui-

167 2772 216 2801 bus
227 2774 388 2808 argumentis
401 2774 468 2800 ratio
482 2778 523 2801 tua
537 2774 643 2800 nititur?
657 2772 690 2800 Ε.
706 2773 781 2806 Quod
795 2773 861 2800 alios
873 2773 950 2800 video

167 2825 244 2846 senes
253 2839 261 2852 ,
274 2818 319 2854 qui
329 2823 358 2846 ut
369 2826 417 2853 ego
428 2826 496 2846 nunc
509 2826 567 2846 sum
575 2840 582 2851 ,
593 2819 702 2854 juvenes
716 2824 800 2846 erant.
811 2818 844 2846 Α.
856 2819 950 2847 Nonne

167 2870 262 2892 sensus
272 2868 333 2899 est,
346 2871 399 2900 quo
409 2872 457 2892 eos
468 2864 542 2893 vides
550 2884 559 2899 ,
570 2872 639 2893 unus
648 2865 681 2893 de
690 2865 826 2901 quinque?
839 2867 871 2894 Ε.
884 2867 951 2901 Quis

850 158 950 187 LIBER
968 157 1066 187 UNUS.

1701 157 1773 190 106%

983 214 1077 249 negat?
1091 213 1143 241 Sed
1153 221 1185 240 ex
1199 220 1232 241 eo
1244 213 1314 249 quod
1325 213 1383 241 illos
1395 213 1484 247 video,
1497 221 1539 242 me
1554 221 1657 250 quoque
1670 223 1730 242 cum
1746 216 1773 244 id

985 267 1036 286 non
1055 258 1157 285 videam
1171 279 1178 292 ,
1202 258 1322 294 conjecto
1342 266 1491 287 senescere.
1504 258 1536 286 Α.
1551 258 1617 291 Quid
1632 260 1772 288 verborum

984 313 1046 340 ergo
1059 304 1095 332 illi
1111 304 1273 338 deﬁnitioni,
1291 312 1342 340 quo
1355 305 1506 340 perﬁciatur
1515 305 1664 333 addendum
1680 310 1771 340 putas;

984 359 1044 378 curn
1060 358 1153 378 sensus
1168 359 1219 378 non
1234 351 1267 378 sit
1277 372 1284 384 ,
1299 351 1349 378 nisi
1365 359 1416 378 non
1431 352 1511 379 lateat
1525 351 1638 379 animam
1653 353 1773 387 corporis

985 398 1072 437 passio
1083 419 1089 431 ,
1105 406 1154 425 nec
1177 403 1265 425 tamen
1280 398 1314 438 ita
1327 403 1354 425 ut
1368 405 1428 426 eam
1442 406 1488 433 per
1508 398 1586 425 aliam
1608 399 1772 433 passionem,

985 449 1029 470 aut
1053 452 1100 478 per
1123 444 1195 471 aliud
1216 444 1353 479 quodlibet
1372 445 1517 481 intelligat?
1535 445 1566 472 E.
1585 445 1644 479 Dic,
1664 453 1772 481 qutcso,

986 488 1055 516 istud
1073 489 1149 523 paulo
1163 489 1274 524 planius.

1022 533 1132 562 CAPUT
1145 534 1227 562 XXV.
1240 550 1274 555 —
1285 534 1407 570 Deﬁnitio
1419 535 1543 571 quomodo
1561 536 1737 563 examinanda.

1021 579 1065 607 47.
1084 580 1115 606 Α.
1135 579 1231 608 Geram
1256 580 1302 608 tibi
1315 589 1415 608 merent
1427 602 1434 615 ,
1451 586 1478 609 et
1493 582 1575 609 multo
1595 582 1717 609 libentius
1733 590 1774 610 re-

988 625 1100 653 tardanti
1117 634 1194 661 quam
1209 625 1342 654 festinanti
1358 636 1364 654 :
1379 627 1425 654 sed
1441 627 1481 654 fac
1495 632 1565 654 totus
1579 628 1664 660 adsis;
1679 628 1776 655 valebit

986 673 1057 700 enim
1069 672 1120 700 hoc
1134 672 1167 700 ad
1180 672 1254 708 plura
1270 673 1340 709 quod
1354 673 1451 701 dicam.
1465 674 1587 701 Deﬁnitio
1601 674 1664 701 nihil
1677 675 1773 708 minus,

986 719 1050 745 nihil
1067 718 1182 753 amplius
1203 719 1336 752 contittet,
1360 727 1437 754 quant
1452 719 1477 746 id
1490 719 1559 754 quod
1572 725 1721 755 susceptum
1735 724 1776 747 est

986 763 1170 799 explicandum
1182 773 1189 796 ;
1206 764 1281 792 aliter
1294 765 1401 792 omnino
1412 765 1503 792 vitiosa
1517 770 1566 792 est.
1582 764 1673 793 Utrum
1685 771 1775 792 autent

986 808 1137 844 hujusmodi
1162 809 1232 836 vitiis
1254 814 1361 843 careat,
1394 809 1568 838 conversione
1600 810 1774 845 exploratur:

986 855 1055 889 quod
1076 854 1119 882 his
1140 855 1270 890 exemplis
1285 854 1330 882 tibi
1346 855 1391 882 [iet
1402 856 1528 890 apertius.
1543 855 1571 882 Si
1585 856 1654 883 enirn
1677 864 1719 883 me
1733 864 1776 884 ro-

985 908 1063 935 gares
1077 900 1140 936 quid
1156 905 1227 928 esset
1240 900 1319 928 homo
1332 922 1339 935 ,
1355 906 1382 929 et
1397 909 1458 929 eum
1472 902 1522 929 hoc
1535 902 1614 929 modo
1626 902 1775 937 deﬁnirem,

986 945 1071 973 Homo
1084 951 1124 974 est
1139 947 1236 974 animal
1255 948 1384 980 mortale;
1401 956 1453 975 non
1473 949 1598 975 continuo
1612 949 1671 983 quia
1683 957 1777 976 verum

987 991 1086 1019 dictum
1099 996 1140 1019 est
1150 1013 1157 1025 ,
1172 994 1250 1020 etiam
1270 993 1450 1021 dcﬁnitionent
1466 994 1578 1029 probare
1591 994 1712 1027 deberes,
1728 993 1776 1022 sed

988 1038 1152 1072 superposita
1173 1038 1196 1066 ei
1213 1039 1353 1073 particula,
1379 1039 1475 1071 idest,
1499 1040 1599 1073 omnis,
1623 1044 1778 1068 convertere

988 1082 1059 1110 illam
1080 1088 1107 1110 et
1129 1082 1243 1117 intueri,
1267 1089 1355 1112 utrum
1368 1085 1447 1111 etiam
1462 1092 1588 1112 conversa
1603 1093 1664 1112 vera
1687 1089 1776 1112 esset:

989 1128 1038 1156 ltoc
1046 1135 1096 1162 cst,
1109 1133 1197 1156 utrttm
1210 1130 1431 1165 quemadmodum
1441 1139 1531 1158 verum
1540 1135 1588 1164 est,
1602 1131 1688 1158 omttis
1699 1131 1778 1159 hotno

988 1174 1084 1201 anitnal
1105 1175 1216 1202 mortale
1230 1182 1288 1207 est;
1312 1175 1346 1203 ita
1362 1180 1431 1203 esset
1450 1184 1541 1203 verum
1554 1197 1561 1209 ,
1577 1184 1656 1203 ontne
1679 1176 1777 1203 animal

989 1219 1101 1246 morlalc
1128 1219 1207 1247 homo
1227 1224 1268 1248 est
1283 1230 1288 1247 :
1304 1229 1356 1255 quo
1380 1221 1456 1248 aliter
1480 1221 1603 1255 invento,
1627 1221 1779 1256 improbare

990 1263 1170 1292 deﬁnitionem
1193 1270 1300 1300 propter
1319 1265 1383 1293 illud
1406 1266 1498 1293 vitium
1524 1275 1576 1301 quo
1598 1267 1682 1293 aliena
1706 1274 1779 1294 com-

989 1310 1145 1345 prehcndit;
1160 1318 1212 1337 non
1228 1311 1297 1338 enint
1312 1311 1385 1338 Solus
1398 1311 1478 1338 ltomo
1492 1317 1531 1339 est
1546 1312 1640 1339 animal
1658 1312 1778 1345 mortale,

989 1356 1035 1383 sed
1051 1355 1129 1383 etiam
1142 1357 1241 1391 qumvis
1255 1356 1347 1384 bestia.
1365 1356 1426 1383 llaec
1440 1357 1518 1391 igitur
1531 1357 1643 1384 hominis
1662 1357 1780 1385 deﬁnitio

989 1402 1079 1437 perlici
1105 1402 1188 1435 solet,
1213 1410 1272 1429 cum
1295 1402 1399 1429 additur
1422 1402 1526 1430 mortali
1548 1403 1699 1431 rationale:
1717 1410 1777 1429 nam

989 1447 1069 1475 homo
1083 1452 1123 1475 est
1143 1448 1239 1475 animal
1255 1448 1366 1476 mortale
1381 1448 1526 1481 rationale;
1549 1453 1629 1484 atque
1647 1453 1675 1475 ut
1693 1449 1780 1476 omnis

990 1492 1069 1520 homo
1084 1493 1180 1520 animal
1196 1494 1325 1520 rationale
1338 1494 1450 1521 mortale
1465 1498 1505 1521 est
1516 1515 1522 1526 ,
1540 1495 1573 1521 ita
1590 1503 1669 1521 omne
1683 1495 1781 1522 animal

990 1539 1119 1566 rationale
1134 1539 1248 1566 mortale
1259 1539 1340 1566 ltomo
1352 1543 1402 1566 est.
1416 1539 1477 1567 Plus
1489 1539 1648 1567 continendo
1662 1548 1725 1575 ergo
1738 1548 1782 1567 su-

990 1584 1079 1619 perior
1092 1583 1210 1610 deﬁnitio
1226 1584 1319 1610 vitiosa
1341 1587 1414 1616 erat,
1438 1583 1548 1611 bestiam
1563 1585 1634 1612 ettim
1650 1592 1713 1612 cum
1733 1585 1781 1612 ho-

990 1628 1062 1655 [Line
1083 1628 1253 1656 continebat:
1270 1629 1319 1656 ista
1336 1629 1448 1664 perfecta
1474 1634 1531 1662 est;
1554 1638 1615 1656 nam
1629 1635 1655 1657 et
1674 1638 1781 1657 ontnent

991 1674 1125 1702 hominem
1134 1696 1142 1706 ,
1154 1678 1181 1702 et
1192 1674 1256 1702 nihil
1268 1674 1405 1709 plusquam
1419 1675 1551 1702 hominem
1565 1680 1643 1703 tenet.
1657 1675 1782 1703 Tencndo

991 1723 1080 1747 autem
1095 1720 1181 1747 minus
1194 1742 1200 1754 ,
1219 1721 1252 1747 ita
1271 1720 1363 1747 vitiosa
1378 1724 1418 1748 est
1430 1720 1452 1747 si
1467 1721 1548 1747 addas
1559 1721 1759 1756 grammaticum
1774 1730 1780 1749 :

992 1774 1140 1801 quanquam
1155 1767 1224 1793 enint
1239 1774 1315 1794 omne
1328 1766 1424 1793 animal
1434 1767 1562 1794 rationale
1574 1767 1686 1794 mortale
1700 1775 1785 1802 grant,

992 1811 1116 1839 maticum
1131 1811 1211 1839 homo
1226 1812 1270 1845 sit,
1287 1810 1376 1847 plures
1388 1816 1475 1838 tamen
1491 1812 1609 1839 homines
1621 1833 1627 1844 ,
1640 1812 1683 1848 qui
1695 1821 1783 1848 gram—

992 1857 1081 1885 matici
1095 1866 1146 1885 non
1167 1862 1243 1890 sunt,
1258 1858 1307 1884 hac
1326 1857 1478 1884 deﬁnitione
1491 1865 1543 1884 non
1558 1858 1744 1885 continentur;
1758 1862 1784 1885 ct

993 1903 1027 1931 ob
1041 1902 1091 1930 ltoc
1103 1903 1151 1930 ista
1164 1910 1209 1937 per
1220 1904 1330 1938 primam
1343 1902 1414 1929 illam
1427 1903 1633 1937 propositionem
1648 1902 1712 1930 falsa
1727 1907 1782 1936 est;

994 1957 1054 1978 cum
1063 1954 1151 1977 autem
1160 1949 1330 1983 convertitur,
1345 1956 1417 1976 vera.
1429 1948 1534 1976 Falsum
1548 1953 1587 1976 est
1601 1949 1681 1982 enim,
1697 1948 1784 1976 omnis

996 1995 1075 2022 ltomo
1089 1994 1186 2021 animal
1202 1994 1328 2022 rationale
1340 1993 1450 2021 mortale
1457 1994 1656 2029 grammaticum
1667 1998 1723 2027 est;
1737 1993 1784 2022 sed

995 2047 1087 2066 verum
1104 2044 1158 2073 est,
1170 2047 1248 2066 otntte
1261 2040 1358 2066 anitnal
1369 2039 1499 2066 rationale
1509 2039 1619 2066 ntortalc
1628 2038 1782 2075 grammati-

997 2094 1056 2113 cum
1071 2086 1149 2113 homo
1157 2090 1206 2113 est.
1217 2086 1281 2114 Cum
1290 2091 1378 2114 autem
1386 2094 1470 2122 neque
1481 2094 1528 2122 per
1541 2087 1650 2121 primam
1661 2087 1782 2122 proposi~

996 2131 1106 2165 tionem,
1116 2139 1201 2166 neque
1210 2139 1256 2166 per
1264 2132 1463 2159 conversionem
1475 2133 1609 2159 enuntiata
1620 2140 1680 2159 vera
1688 2132 1784 2164 cst,his

990 2177 1105 2213 singulis
1119 2182 1161 2205 est
1171 2177 1288 2212 profecto
1299 2178 1416 2205 vitiosior
1428 2187 1434 2205 :
1447 2183 1475 2205 ut
1487 2183 1548 2205 sunt
1558 2179 1613 2205 istac
1623 2178 1691 2213 duae,
1702 2178 1782 2206 ltonto

996 2228 1037 2252 est
1045 2224 1142 2251 animal
1150 2224 1291 2251 candidum
1302 2233 1309 2256 ;
1319 2228 1373 2257 aut,
1384 2223 1463 2251 ltomo
1471 2228 1511 2251 est
1519 2225 1614 2251 anitnal
1623 2224 1783 2260 quadrupes.

996 2270 1062 2297 Nam
1071 2274 1098 2297 et
1106 2269 1127 2296 si
1136 2269 1218 2301 dtcas,
1234 2270 1320 2296 ontnis
1331 2269 1409 2296 ltonto
1420 2269 1516 2297 animal
1524 2270 1662 2297 candidum
1672 2274 1727 2303 est;
1739 2275 1783 2298 aut

997 2315 1094 2342 animal
1101 2314 1261 2349 quadrupes,
1270 2314 1363 2342 falsum
1375 2313 1449 2347 dicis;
1458 2319 1484 2342 et
1492 2316 1512 2342 si
1522 2321 1671 2343 convertas.
1678 2316 1729 2343 Sed
1737 2315 1786 2342 hoc
1799 2334 1803 2352 ς

998 2360 1068 2387 inter
1078 2367 1106 2387 se
1120 2359 1243 2387 diiferunt
1253 2380 1261 2393 ,
1273 2359 1341 2394 quod
1357 2360 1399 2387 illa
1413 2360 1495 2395 prima
1511 2361 1537 2387 in
1550 2361 1651 2396 aliquos
1666 2360 1786 2388 homines

998 2405 1081 2438 cadit;
1106 2413 1167 2432 nant
1183 2405 1302 2440 plerique
1316 2412 1378 2432 sunt
1393 2406 1513 2433 homines
1527 2406 1630 2433 candidi
1644 2414 1652 2433 :
1673 2405 1730 2432 lucc
1745 2405 1785 2432 al-
1799 2403 1800 2406 “

998 2455 1054 2480 tera
1070 2452 1095 2479 in
1109 2452 1239 2479 ucminent
1250 2473 1258 2485 ,
1275 2459 1326 2479 non
1338 2453 1408 2479 enim
1423 2453 1559 2487 quisquam
1577 2452 1656 2479 homo
1670 2452 1787 2487 quadru-

999 2505 1055 2532 pes.
1070 2498 1131 2526 Hazc
1140 2506 1188 2534 pro
1199 2503 1319 2533 tempore
1333 2498 1366 2525 ad
1378 2498 1553 2533 explorandas
1564 2497 1729 2525 deﬁnitiones
1745 2498 1786 2525 di-

999 2543 1112 2577 diceris,
1136 2543 1356 2578 quemadmodum
1373 2544 1550 2578 propositione
1574 2547 1651 2578 atque
1675 2551 1787 2570 conver-
1815 2548 1819 2552 '

1000 2589 1074 2616 sione
1085 2588 1237 2624 iudicentur
1252 2597 1259 2616 :
1275 2593 1335 2616 sunt
1348 2589 1397 2615 alia
1413 2589 1493 2616 multa
1508 2589 1540 2616 de
1556 2589 1605 2616 hoc
1618 2596 1715 2625 genere
1730 2597 1788 2625 qua:

1001 2634 1145 2668 docentur,
1160 2640 1187 2662 et
1208 2635 1348 2662 verborum
1372 2635 1448 2669 plena
1471 2639 1498 2661 ct
1519 2634 1705 2668 teucbrarunt,
1730 2643 1788 2671 qua:

1001 2681 1128 2717 paulatim
1138 2681 1182 2708 ubi
1193 2686 1370 2715 opportunum
1381 2680 1521 2712 videbitur,
1531 2681 1645 2708 conabor
1656 2681 1786 2709 utdiseas.

1039 2726 1084 2753 48.
1099 2725 1174 2753 Nunc
1194 2731 1319 2753 converte
1341 2726 1457 2754 attimum
1472 2727 1504 2753 ad
1524 2726 1593 2754 illam
1608 2727 1788 2755 deﬁnitionem

1004 2775 1121 2799 nostram
1132 2791 1139 2804 ,
1154 2775 1182 2799 et
1193 2779 1252 2799 eam
1275 2772 1383 2807 peritior
1396 2779 1456 2798 cum
1470 2771 1624 2799 discusseris
1634 2792 1641 2805 ,
1663 2773 1764 2806 corrige
1780 2781 1786 2799 :

1003 2818 1189 2846 inveneramus
1202 2819 1272 2846 enim
1296 2825 1371 2847 eam.
1389 2825 1448 2845 cttm
1463 2817 1580 2845 deﬁnitio
1595 2824 1688 2844 sensus
1700 2822 1786 2851 esset,

1003 2866 1143 2902 complecti
1156 2864 1226 2893 aliud
1241 2864 1310 2899 quod
1332 2871 1426 2893 sensus
1440 2871 1491 2892 u0n
1512 2868 1596 2898 esset,
1613 2868 1638 2892 ct
1657 2861 1717 2892 idco
1735 2872 1788 2893 non
