4096 6368
502 372 640 431 4063

499 504 648 555 esse,
678 502 801 544 cum
826 484 1153 555 convertitur
1175 526 1191 553 ,
1216 498 1418 539 veram.
1450 482 1700 540 Fortasse
1726 482 1866 538 enim
1897 493 2080 535 verum

498 592 608 648 εει,
639 582 812 638 omnis
845 595 1034 637 sensus
1054 579 1229 652 passio
1256 576 1496 648 corporis
1519 586 1601 632 est
1628 576 1855 631 animam
1875 588 1981 629 non
2008 571 2086 627 la-

500 684 649 743 tens;
680 685 739 730 ut
762 688 949 731 verum
971 682 1081 738 εει,
1112 670 1287 726 omnis
1312 669 1473 724 homo
1495 667 1691 722 animal
1721 664 1945 721 mortale
1968 671 2081 720 est:

497 780 554 824 at
597 777 655 824 ut
692 767 883 823 falsum
934 774 1046 831 est,
1077 777 1237 818 omne
1263 760 1459 815 animal
1500 758 1727 815 mortale
1777 758 1936 811 homo
1972 762 2081 819 est,

499 862 621 934 quia
652 860 705 917 id
734 869 815 916 est
854 867 909 914 et
941 858 1140 922 bestia;
1186 856 1257 909 ita
1294 853 1484 908 falsum
1531 860 1649 918 est,
1691 850 1867 906 omnis
1909 846 2086 918 passio

501 955 743 1025 corporis
781 968 887 1007 non
926 952 1095 1005 latens
1123 948 1353 1002 animam
1375 987 1389 1011 ,
1424 957 1612 1000 sensus
1653 952 1762 1007 est;
1795 941 1916 1012 quia
1946 951 2087 993 nunc

500 1047 654 1102 nobis
695 1060 895 1117 ungues
919 1052 1192 1110 crescunt,
1239 1056 1340 1096 nec
1377 1039 1608 1094 animam
1656 1037 1816 1102 latet,
1849 1034 1900 1089 id
1943 1032 2087 1087 enim

500 1141 717 1206 scimus;
738 1153 907 1209 neque
926 1137 976 1192 id
997 1137 1275 1202 sentimus,
1300 1133 1394 1189 sed
1411 1130 1799 1202 conjectatione
1813 1126 2089 1198 cognosci-

499 1249 638 1288 mus.
653 1231 1107 1300 Quemadmodum
1122 1244 1248 1301 ergo
1260 1228 1334 1282 illi
1353 1225 1646 1282 deﬁnitioni
1663 1223 1889 1297 hominis
1904 1231 1960 1275 ut
1976 1234 2088 1290 pcr-

501 1324 768 1391 ﬁceretur,
784 1322 1017 1378 additum
1032 1320 1401 1392 estjrationale,
1416 1334 1520 1389 quo
1536 1316 1735 1381 addito,
1751 1315 1952 1380 bestiar,
1968 1327 2087 1383 quae

503 1415 663 1484 simul
688 1414 1133 1479 continebantur,
1161 1412 1397 1467 exclusa:
1428 1420 1580 1476 sunt,
1615 1408 1853 1476 nihilque
1883 1414 2077 1476 praeter

502 1506 770 1561 hominem
789 1513 947 1576 atque
973 1519 1186 1559 onmem
1206 1502 1475 1557 hominem
1502 1500 1592 1555 tali
1611 1498 1918 1554 deﬁnitione
1941 1511 2088 1552 com-

500 1598 876 1669 prehendimus
899 1615 912 1663 ;
936 1613 1111 1652 nonne
1132 1611 1322 1651 censes
1338 1594 1536 1665 aliquid
1558 1594 1719 1649 etiam
1741 1591 1864 1646 huic
1882 1589 2085 1645 adden-

500 1691 626 1747 dum
646 1690 915 1762 esse,’quo
933 1691 1053 1745 inde
1072 1689 1380 1760 sejungatur
1395 1685 1534 1757 quod
1556 1695 1700 1741 tenet
1715 1685 1968 1750 alienum,
1989 1697 2087 1736 nec

499 1783 784 1854 quidquam
816 1783 869 1837 in
895 1798 957 1837 ea
984 1782 1085 1836 nisi
1126 1794 1318 1836 sensus
1339 1820 1354 1846 ,
1386 1786 1442 1833 et
1466 1777 1641 1831 omnis
1680 1790 1870 1831 sensus
1896 1773 2089 1828 intelli-

499 1876 691 1947 gatur?
715 1875 781 1928 E.
810 1874 1017 1930 Censeo
1034 1872 1269 1943 quidem,
1290 1870 1383 1926 sed
1405 1869 1528 1939 quid
1550 1868 1668 1923 addi
1698 1866 1861 1937 possit
1878 1865 2083 1936 ignoro.

498 1968 558 2022 A.
594 1968 795 2024 Sensus
823 1974 905 2022 est
931 1975 1076 2021 certe
1103 1963 1279 2019 omnis
1305 1962 1480 2032 passio
1508 1959 1747 2029 corporis
1778 1972 1881 2011 non
1913 1956 2084 2011 latens

500 2061 729 2115 animam
765 2077 778 2113 :
811 2058 905 2114 sed
947 2058 1185 2112 converti
1223 2070 1328 2110 non
1370 2060 1545 2123 potest
1591 2052 1709 2106 haec
1752 2049 2082 2113 enuntiatio,

500 2165 717 2226 propter
745 2154 1042 2223 passionem
1068 2151 1210 2205 illam
1236 2147 1477 2218 corporis
1498 2188 1511 2213 ,
1541 2161 1647 2216 qua
1672 2144 1757 2201 vel
1785 2134 1976 2197 crescit
2002 2140 2087 2196 vel

500 2246 762 2302 decrescit
787 2244 1079 2299 scientibus
1106 2240 1260 2296 nobis
1285 2280 1300 2306 ,
1331 2238 1382 2294 id
1409 2246 1490 2293 est
1516 2278 1530 2303 ,
1562 2244 1621 2291 ut
1647 2252 1753 2291 non
1778 2235 1941 2290 lateat
1968 2232 2086 2287 ani-

499 2354 661 2393 mam.
692 2337 757 2391 E.
788 2336 860 2390 lta
899 2346 1003 2390 est.
1046 2333 1109 2387 Α.
1142 2332 1316 2399 Quid?
1359 2330 1475 2385 haec
1524 2329 1698 2399 passio
1728 2343 1823 2398 per
1858 2326 2087 2397 seipsam

500 2444 606 2484 non
639 2429 767 2483 latet
790 2426 1019 2481 animam
1040 2467 1055 2492 ,
1085 2440 1152 2478 an
1180 2439 1274 2494 per
1299 2421 1480 2476 aliud?
1511 2420 1579 2475 E.
1609 2420 1709 2475 Per
1728 2417 1869 2473 aliud
1895 2418 2084 2487 plane:

498 2519 641 2575 aliud
669 2528 750 2574 est
778 2517 918 2574 enim
963 2516 1144 2571 videre
1193 2528 1394 2586 ungues
1438 2511 1702 2581 majores,
1751 2508 1893 2564 aliud
1941 2508 2084 2563 scire

499 2610 641 2682 quod
673 2616 935 2666 creScant.
966 2606 1029 2660 Α.
1060 2605 1192 2662 Cum
1223 2619 1350 2675 ergo
1376 2617 1617 2659 crescere
1652 2602 1823 2672 ipsum
1866 2600 1934 2655 sit
1962 2616 2087 2671 pas-

499 2702 581 2758 sio
601 2742 616 2768 ,
648 2716 807 2771 quam
835 2699 980 2753 nullo
1009 2712 1169 2751 sensu
1209 2694 1549 2765 attingimus,
1581 2690 1887 2763 magnitudo
1909 2700 2089 2746 autem

500 2796 589 2851 illa
618 2810 778 2865 quam
818 2792 1116 2857 sentimus,
1149 2789 1336 2845 eadem
1380 2787 1627 2857 passione
1655 2788 1793 2841 facta
1840 2784 1947 2852 sit,
1981 2800 2088 2839 non

500 2887 615 2959 ipsa
644 2887 713 2942 sit
740 2886 944 2957 passio;
975 2881 1315 2938 manifestum
1342 2888 1424 2935 est
1449 2880 1607 2934 talem
1650 2878 1953 2949 passionem
1981 2892 2089 2933 non

501 2995 598 3050 per
624 2979 852 3047 seipsam
883 2976 1022 3031 scire
1049 2989 1167 3039 nos,
1192 2971 1286 3028 sed
1317 2987 1411 3041 per
1439 2969 1603 3025 aliud.
1624 2969 1680 3025 Si
1709 2984 1836 3039 ergo
1861 2984 1965 3024 non
1996 2983 2091 3037 per

503 3069 650 3127 aliud
678 3069 907 3123 animam
950 3082 1057 3121 non
1102 3065 1325 3128 lateret,
1375 3077 1550 3115 nonne
1600 3060 1886 3115 sentiretur
1916 3059 2089 3129 potius

502 3176 661 3231 quam
685 3157 1073 3229 conjiceretur?
1100 3154 1166 3209 E.
1191 3154 1452 3223 Intelligo.
1481 3153 1548 3206 Α.
1574 3150 1681 3207 Cur
1705 3167 1832 3223 ergo
1856 3152 2086 3219 dubitas,

505 3251 629 3323 quid
671 3251 747 3307 illi
786 3248 1085 3305 deﬁnitioni
1114 3246 1183 3301 sit
1207 3245 1549 3300 addendum?
1588 3242 1656 3297 E.
1685 3243 1803 3298 Jam
1831 3243 1983 3298 video
2013 3243 2091 3297 sic

504 3356 624 3397 esse
648 3339 1038 3405 deﬁniendum,
1082 3348 1139 3391 nt
1169 3350 1359 3391 sensus
1400 3335 1468 3390 sit
1496 3335 1672 3405 passio
1713 3335 1953 3404 corporis
1996 3349 2091 3404 per

505 3434 737 3503 seipsam
768 3447 871 3485 non
903 3430 1072 3484 latens
1111 3428 1341 3481 animam
1373 3444 1386 3479 :
1419 3442 1543 3480 nam
1587 3433 1642 3481 et
1683 3424 1857 3480 omnis
1901 3438 2090 3480 sensus

506 3525 610 3580 hoc
637 3533 747 3590 est,
778 3531 832 3577 et
851 3537 1007 3576 omne
1038 3520 1138 3574 hoc
1156 3561 1170 3584 ,
1194 3526 1253 3573 ut
1275 3519 1495 3588 opinor,
1524 3531 1714 3573 sensus
1738 3525 1838 3572 est.

578 3616 667 3672 49.
698 3616 761 3668 Α.
802 3613 859 3669 Si
892 3613 994 3667 hoc
1024 3612 1094 3665 ita
1116 3618 1217 3679 est,
1251 3609 1418 3664 fateor
1446 3608 1810 3664 deﬁnitionem
1831 3624 1949 3664 esse
1969 3622 2090 3677 per-

506 3708 725 3773 fectam.
745 3704 851 3761 Sed
886 3712 1151 3759 tentemus
1177 3716 1294 3755 eam
1315 3742 1331 3769 ,
1370 3701 1417 3755 si
1442 3700 1644 3770 placet,
1678 3711 1853 3755 utrum
1882 3699 1972 3753 illo
1998 3713 2085 3754 se-

507 3797 681 3853 cundo
714 3791 839 3851 vitio
866 3809 971 3849 non
1000 3794 1245 3861 vacillet,
1278 3808 1382 3863 quo
1410 3793 1496 3847 illa
1525 3792 1777 3858 hominis,
1809 3792 1893 3847 cui
1914 3807 2090 3862 gram-

507 3890 759 3945 maticum
799 3896 881 3942 est
922 3878 1178 3941 additum.
1226 3883 1359 3938 Nam
1401 3884 1705 3938 meminisse
1749 3891 1801 3937 te
1843 3892 2084 3953 oportet,

506 3982 648 4053 quod
675 3996 793 4037 esse
814 3978 1085 4033 hominem
1113 3977 1309 4032 dictum
1331 3983 1415 4030 est
1443 3974 1635 4028 animal
1660 3975 1916 4030 rationale
1946 3990 2089 4030 mor-

508 4076 614 4132 tale
651 4072 1088 4146 grammaticum;
1134 4084 1305 4139 eoque
1351 4082 1574 4138 peccare
1620 4068 1775 4123 istam
1822 4068 2086 4124 deﬁnitio-

510 4184 633 4223 nem
652 4210 666 4234 ,
697 4165 839 4237 quod
865 4162 1211 4219 conversione
1250 4175 1377 4215 vera
1406 4167 1520 4226 est,
1564 4175 1686 4214 cum
1724 4159 1893 4230 prima
1919 4176 2088 4216 enun-

514 4263 734 4316 tiatione
758 4258 825 4314 sit
854 4258 1001 4311 falsa.
1035 4255 1279 4326 Namque
1316 4253 1504 4315 falsum
1549 4261 1657 4319 est,
1707 4254 1881 4309 omnis
1926 4254 2087 4310 homo

509 4353 705 4410 animal
728 4350 987 4407 rationale
1018 4348 1238 4404 mortale
1266 4348 1671 4419 grammaticum
1698 4355 1818 4414 est,
1846 4348 2086 4418 quamvis

510 4460 693 4502 verum
722 4444 822 4511 sit,
846 4457 1005 4497 omne
1027 4440 1220 4495 animal
1251 4439 1509 4495 rationale
1534 4439 1759 4495 mortale
1782 4439 2087 4509 grammati-

509 4550 630 4594 cum
658 4536 818 4591 homo
844 4542 944 4590 est.
973 4533 1113 4604 Ergo
1140 4531 1260 4588 ideo
1291 4532 1481 4587 vitiosa
1521 4540 1605 4587 est
1643 4530 1758 4586 hazc
1807 4530 2045 4586 deﬁnitio
2070 4571 2084 4597 ,

506 4628 645 4700 quod
676 4627 804 4682 nihil
832 4624 1043 4696 quidem
1070 4632 1263 4694 praeter
1282 4623 1552 4679 hominem
1572 4663 1586 4689 ,
1619 4622 1713 4677 sed
1740 4637 1847 4677 non
1872 4636 2083 4677 omnem

510 4721 780 4778 hominem
827 4725 1012 4773 tenet:
1042 4724 1095 4771 et
1134 4715 1250 4769 haec
1292 4714 1516 4770 fortasse
1562 4714 1680 4769 talis
1710 4722 1828 4782 est,
1875 4714 1943 4769 de
1983 4730 2087 4785 qua

510 4814 653 4868 velut
708 4809 940 4882 perfecta
993 4808 1302 4877 gloriamur.
1355 4805 1666 4875 Quanquam
1718 4806 1859 4861 enim
1913 4807 2084 4862 omnis

511 4905 687 4975 passio
720 4899 960 4972 corporis
999 4915 1093 4969 per
1130 4898 1357 4967 seipsam
1386 4912 1491 4952 non
1518 4897 1686 4953 latens
1710 4897 1942 4952 animam
1963 4912 2087 4953 sen-

510 5012 599 5052 sus
630 4997 723 5061 sit,
764 5008 869 5049 non
911 5000 1085 5046 tamen
1113 4989 1285 5045 omnis
1309 5003 1497 5044 sensus
1534 4989 1674 5043 istud
1700 4998 1800 5044 est.
1832 4990 1983 5058 Quod
2009 4991 2088 5047 sic

488 5087 772 5157 intelligas
819 5084 984 5149 licet;
1036 5082 1220 5137 hostire
1272 5096 1463 5151 nempe
1511 5080 1782 5147 sentiunt,
1838 5096 1900 5136 ac
1950 5098 2086 5153 pene

508 5195 694 5238 omnes
718 5179 951 5249 quinque
972 5177 1075 5231 illis
1096 5174 1341 5231 sensibus
1369 5175 1575 5245 vigent,
1608 5182 1859 5243 quantum
1896 5177 2086 5247 cuique

511 5282 696 5328 natura
746 5269 1001 5325 tributum
1047 5276 1148 5324 est.
1198 5268 1282 5322 An
1320 5272 1377 5321 tu
1423 5265 1477 5321 id
1526 5266 1787 5338 negabis?
1828 5268 1897 5321 E.
1944 5269 2086 5326 Nihil

508 5363 703 5418 minus.

553 5450 779 5507 CAPUT
817 5448 1007 5507 XXVI.
1034 5480 1105 5491 —
1131 5449 1353 5505 Scientia
1381 5459 1428 5504 et
1454 5451 1583 5506 ratio
1614 5469 1733 5506 num
1761 5453 1815 5507 in
1841 5454 2027 5512 bestiis.

588 5545 652 5600 Α.
691 5543 865 5612 Quid?
890 5544 991 5599 hoc
1014 5559 1190 5599 nonne
1208 5544 1452 5599 concedis
1470 5587 1484 5610 ,
1508 5547 1781 5602 scientiam
1811 5564 1915 5603 non
1946 5565 2084 5619 esse,

514 5638 616 5696 nisi
644 5654 765 5693 cum
795 5654 881 5694 res
910 5638 1082 5706 aliqua
1112 5637 1261 5689 ﬁrma
1290 5637 1494 5694 ratione
1520 5650 1766 5710 percepta
1798 5650 1852 5696 et
1879 5645 2084 5713 cognita

514 5731 634 5787 est?
672 5729 741 5787 E.
771 5726 1039 5786 Concedo.
1085 5728 1147 5780 A.
1192 5728 1262 5780 At
1304 5726 1470 5782 bestia
1518 5730 1724 5785 ratione
1759 5746 1863 5786 non
1902 5734 2083 5790 utitur.

511 5822 582 5901 Ε.
616 5824 683 5882 Ει
716 5823 817 5881 hoc
854 5819 1110 5877 concedo.
1156 5820 1216 5873 Α.
1248 5817 1363 5875 Non
1403 5821 1558 5877 icitur
1594 5821 1815 5880 scientia
1851 5825 1993 5883 cadit
2033 5825 2086 5884 in

1394 368 1480 425 DE
1519 362 1958 439 QUANTITATE
1998 361 2255 434 ANIMIE,
2294 363 2352 440 IS.
2397 364 2764 424 AUGUSTINI

3643 372 3788 430 1064

2191 477 2434 535 bestiam.
2466 479 2598 535 Cum
2625 490 2803 537 autem
2826 494 2931 535 non
2953 480 3084 536 latet
3109 478 3305 552 aliquid
3326 522 3341 551 ,
3373 482 3553 553 utique
3574 485 3783 552 scitur;

2191 587 2297 628 non
2325 573 2484 645 igitur
2512 574 2752 630 sentiunt
2789 573 3008 641 bestiae,
3045 575 3090 630 si
3124 576 3299 631 omnis
3332 592 3519 632 sensus
3548 588 3635 633 est
3658 593 3788 634 cum

2192 666 2368 735 passio
2406 667 2646 736 corporis
2675 683 2769 737 per
2794 667 3023 738 seipsam
3051 683 3156 723 non
3184 668 3311 724 latet
3348 670 3581 725 animam
3609 691 3623 727 :
3652 686 3785 727 sen-

2193 759 2330 813 tiunt
2356 768 2533 814 autem
2554 802 2569 827 ,
2603 770 2659 815 ut
2683 760 2841 831 paulo
2866 770 2989 815 ante
3012 775 3328 816 concessum
3352 772 3466 817 est:
3490 764 3619 833 quid
3651 779 3787 835 ergo

2192 849 2492 905 dubitamus
2514 851 2654 905 illam
2676 851 3038 907 deﬁnitionem
3062 853 3364 923 improbare
3379 896 3395 922 ,
3419 871 3537 925 qua:
3562 871 3786 911 omnem

2192 959 2409 1001 sensum
2430 946 2791 1016 circumplecti
2820 946 3041 1003 minime
3068 947 3257 1018 potuit,
3287 947 3550 1018 siquidem
3582 950 3787 1006 bestia-

2192 1051 2309 1090 rum
2340 1050 2529 1091 sensns
2547 1038 2795 1092 exclusus
2816 1039 2931 1094 est?

2264 1130 2355 1185 50.
2396 1118 2464 1184 E.
2503 1131 2697 1186 Fateor
2742 1146 2829 1186 me
2872 1132 3184 1203 deceptum,
3231 1148 3353 1189 cum
3396 1132 3491 1189 tibi
3533 1135 3785 1190 concessi

2192 1221 2471 1276 scientiam
2509 1230 2633 1277 tunc
2668 1238 2789 1278 esse
2815 1238 2937 1278 cum
2967 1223 3164 1294 aliquid
3191 1223 3340 1278 ﬁrma
3373 1225 3579 1280 ratione
3607 1226 3785 1295 perci-

2192 1311 2354 1382 pitur.
2380 1312 2535 1369 Solos
2564 1314 2706 1369 enim
2728 1314 3000 1383 homines,
3027 1329 3147 1369 cum
3180 1315 3280 1370 hoc
3308 1316 3533 1386 rogabas
3551 1356 3567 1383 ,
3601 1316 3783 1371 intue-

2192 1404 2326 1461 bar:
2355 1423 2477 1461 nam
2515 1423 2685 1478 neque
2733 1424 2949 1478 possum
2987 1407 3167 1464 dicere
3205 1409 3410 1463 ratione
3433 1409 3511 1464 uti
3542 1407 3778 1475 chtias,

2192 1515 2292 1556 nec
2320 1501 2397 1557 eis
2420 1490 2634 1572 possum
2661 1502 2935 1558 scientiam
2964 1502 3251 1575 denegare.
3280 1502 3492 1559 Sciebat
3516 1503 3688 1569 enim,
3720 1510 3784 1557 ut

2191 1595 2401 1665 opinor,
2430 1596 2703 1651 dominum
2731 1612 2884 1652 suum
2910 1598 3057 1652 canis
3076 1638 3091 1662 ,
3130 1612 3289 1667 quem
3316 1606 3435 1667 post
3469 1597 3654 1666 viginti
3680 1611 3782 1649 an-

2192 1702 2291 1742 nos
2322 1688 2695 1759 recognovisse
2731 1688 3039 1759 perhibetur
3065 1688 3280 1760 (Odyss.
3305 1714 3363 1760 ρ,
3389 1687 3487 1743 291
3522 1688 3686 1758 sqq.),
3720 1698 3785 1743 ut

2192 1785 2393 1833 taceam
2422 1778 2488 1833 de
2508 1780 2717 1835 caeteris
2750 1779 3245 1835 innumerabilibus.
3276 1779 3343 1833 A.
3370 1779 3466 1835 Die
3492 1778 3648 1844 mihi,
3679 1794 3781 1834 oro

2194 1880 2277 1937 te,
2310 1872 2356 1927 si
2393 1871 2511 1929 duae
2550 1872 2793 1943 quredam
2832 1887 2924 1927 res
2982 1872 3075 1927 tibi
3114 1880 3513 1943 proponantur,
3555 1886 3661 1925 una
3706 1869 3779 1925 ad

2192 1981 2349 2037 quam
2388 1965 2807 2036 perveniendum
2850 1966 2952 2031 sit,
2997 1965 3163 2020 altera
3192 1979 3289 2034 per
3316 1979 3474 2034 quam
3494 1962 3783 2033 pervenire

2191 2061 2393 2131 possis;
2421 2076 2580 2130 quam
2602 2060 2822 2115 istarum
2848 2059 3012 2129 pluris
3036 2057 3244 2128 pendis,
3274 2065 3329 2112 et
3355 2073 3511 2127 quam
3537 2056 3622 2111 cui
3648 2070 3784 2125 pra:-

2192 2152 2380 2223 ponis?
2421 2152 2490 2207 E.
2537 2152 2665 2219 Quis
2707 2152 2913 2207 dubitat
2954 2166 3071 2207 eam
3116 2158 3373 2221 praestare
3413 2149 3481 2205 ad
3520 2164 3679 2220 quam
3708 2149 3784 2204 sit

2192 2243 2647 2315 perveniendum?
2688 2243 2753 2297 A.
2799 2243 2940 2313 Ergo
2978 2257 3102 2297 cum
3138 2242 3244 2297 sint
3266 2241 3384 2297 dua:
3411 2255 3499 2296 res
3529 2238 3780 2310 quaedam

2193 2338 2410 2393 scientia
2438 2345 2494 2392 et
2517 2337 2653 2391 ratio
2671 2377 2685 2401 ,
2732 2352 2827 2406 per
2856 2336 3130 2392 scientiam
3160 2336 3499 2407 pervenimus
3521 2334 3588 2389 ad
3616 2334 3781 2388 ratio-

2169 2445 2317 2494 ,nem
2339 2470 2357 2497 ,
2395 2445 2463 2484 an
2492 2443 2585 2498 per
2609 2430 2870 2483 rationem
2898 2426 2966 2482 ad
2995 2426 3311 2483 scientiam?
3336 2425 3405 2480 E.
3432 2425 3667 2496 Utraque
3690 2438 3782 2480 res

2193 2519 2408 2575 sibimet
2442 2527 2694 2590 quantum
2725 2518 2984 2585 arbitror,
3016 2518 3089 2573 ita
3117 2534 3251 2572 nexa
3278 2526 3379 2583 est,
3408 2524 3466 2571 ut
3492 2532 3587 2586 per
3610 2515 3779 2571 alter-

2194 2622 2368 2666 utram
2392 2610 2459 2665 ad
2484 2610 2704 2667 alteram
2734 2609 3002 2679 perveniri
3032 2608 3221 2679 possit.
3249 2607 3488 2679 Namque
3514 2607 3582 2662 ad
3607 2608 3781 2676 ipsam

2193 2703 2454 2759 rationem
2477 2716 2582 2756 non
2614 2701 3048 2772 perveniremus,
3083 2701 3185 2756 nisi
3210 2700 3283 2755 ad
3306 2715 3425 2756 eam
3455 2700 3778 2771 pervenien-

2194 2794 2321 2850 dum
2348 2808 2467 2849 esse
2493 2793 2772 2848 sciremus.
2830 2793 3109 2848 Praecessit
3144 2808 3272 2863 ergo
3312 2792 3565 2860 scientia,
3609 2800 3669 2847 ut
3709 2789 3781 2845 ad

2192 2884 2455 2940 rationem
2484 2898 2581 2955 per
2618 2899 2737 2939 eam
2781 2884 3204 2953 perveniremus.
3232 2883 3296 2938 A.
3325 2882 3496 2950 Quid?
3516 2882 3581 2938 ad
3608 2882 3779 2953 ipsam

2194 2978 2470 3034 scientiam
2505 2992 2664 3047 quam
2698 2977 2830 3031 dicis
2857 2976 3157 3047 praecedere
3173 3019 3188 3046 ,
3214 2978 3332 3032 sine
3353 2975 3558 3031 ratione
3584 2990 3778 3045 perre-

2196 3068 2375 3123 nitur?
2398 3067 2467 3122 E.
2494 3068 2772 3139 Nunquam
2799 3068 2901 3123 hoc
2926 3069 3151 3124 dixerim
3182 3087 3196 3125 :
3222 3083 3346 3123 nam
3367 3077 3451 3123 est
3475 3069 3544 3123 ita
3568 3082 3781 3123 summa

2196 3159 2488 3216 temeritas.
2528 3159 2594 3214 A.
2632 3159 2735 3214 Per
2773 3159 3035 3214 rationem
3069 3159 3269 3230 igitur?
3307 3157 3373 3212 E.
3416 3158 3531 3213 Non
3569 3159 3640 3212 ita
3669 3166 3777 3213 est.

2193 3251 2256 3305 A.
2313 3251 2453 3321 Ergo
2501 3265 2597 3320 per
2645 3249 3041 3306 temeritatem?
3090 3250 3158 3305 E.
3213 3250 3343 3318 Quis
3395 3249 3496 3305 hoc
3546 3250 3781 3305 dixerit?

2192 3343 2256 3395 Α.
2281 3342 2382 3398 Per
2402 3342 2527 3413 quid
2549 3342 2737 3413 igitur?
2765 3341 2833 3395 E.
2860 3342 2962 3398 Per
2998 3341 3128 3397 nihil
3152 3382 3168 3410 ,
3209 3343 3333 3412 quia
3367 3342 3585 3397 scientia
3618 3342 3779 3398 insita

2193 3441 2276 3489 est
2304 3434 2475 3489 nobis.

2264 3526 2353 3580 51.
2393 3525 2457 3578 Α.
2499 3524 2704 3580 Oblitus
2739 3525 2869 3581 mihi
2908 3525 3138 3594 videris,
3170 3526 3298 3597 quid
3323 3527 3462 3582 inter
3491 3543 3589 3584 nos
3619 3543 3780 3598 supe-

2192 3614 2306 3670 rius
2340 3616 2681 3683 convenerit,
2730 3630 2852 3671 cum
2899 3631 3172 3687 rogassem
3215 3625 3519 3694 utrumnam
3559 3626 3779 3687 putares

2194 3716 2322 3762 tunc
2367 3722 2488 3763 esse
2530 3709 2844 3774 scientiam,
2891 3723 3013 3763 eum
3055 3724 3142 3764 res
3178 3709 3356 3779 aliqua
3397 3710 3546 3764 ﬁrma
3569 3712 3778 3767 ratione

2198 3799 2511 3869 percipitur.
2542 3798 2674 3854 Nam
2706 3799 3056 3869 respondisti,
3089 3808 3146 3855 ut
3175 3800 3383 3871 Opinor,
3415 3801 3551 3857 hanc
3574 3802 3670 3857 tibi
3699 3802 3780 3858 vi-

2193 3891 2311 3947 deri
2350 3891 2635 3946 humanam
2676 3892 2952 3947 scientiam
2978 3910 2991 3946 :
3020 3908 3162 3949 nunc
3189 3908 3315 3949 vero
3336 3881 3470 3949 dicis
3492 3907 3650 3963 posse
3678 3894 3778 3949 ho-

2192 3983 2391 4038 minem
2437 3983 2635 4039 habere
2675 3984 2906 4055 aliquam
2950 3986 3259 4055 scientiam,
3307 4002 3430 4042 eum
3476 4003 3588 4042 rem
3630 3988 3776 4045 nulla

2192 4078 2397 4133 ratione
2432 4079 2750 4148 perceperit.
2795 4078 2924 4144 Quis
2959 4086 3135 4134 autem
3174 4094 3281 4135 non
3319 4079 3493 4136 videat
3517 4079 3648 4133 nihil
3669 4080 3776 4136 sibi

2192 4169 2464 4225 adversius
2505 4185 2659 4239 esse,
2711 4186 2868 4240 quam
2916 4171 3013 4225 ista
3061 4170 3167 4226 duo
3212 4180 3455 4227 sunt:et
3498 4185 3603 4225 non
3650 4186 3774 4227 esse

2194 4262 2471 4317 scientiam
2493 4304 2508 4330 ,
2540 4262 2643 4318 nisi
2671 4276 2792 4317 cum
2824 4276 2910 4317 res
2938 4262 3113 4332 aliqua
3139 4263 3288 4317 ﬁrma
3315 4263 3518 4318 ratione
3542 4262 3776 4332 percipio

2194 4362 2317 4417 tur;
2348 4362 2403 4407 et
2445 4368 2565 4410 esse
2611 4352 2884 4421 cujusdam
2934 4352 3010 4407 rei
3057 4353 3332 4407 scientiam
3376 4351 3520 4407 nulla
3564 4352 3775 4408 ratione

2195 4452 2479 4514 perceptm.
2527 4443 2707 4513 Itaque
2735 4457 2893 4498 nosse
2918 4443 3076 4513 cupio
3095 4484 3111 4509 ,
3140 4452 3315 4497 utrum
3346 4442 3535 4498 horum
3565 4443 3731 4514 eligas
3758 4463 3774 4511 ;

2192 4550 2313 4590 nam
2345 4545 2625 4604 utrumque
2652 4550 2832 4590 verum
2855 4550 2977 4591 esse
2998 4535 3141 4590 nullo
3162 4544 3314 4605 pacto
3334 4544 3526 4605 potest.
3559 4535 3626 4588 E.
3660 4536 3777 4593 Hoc

2193 4630 2329 4700 eligo
2352 4628 2491 4699 quod
2521 4629 2678 4699 paulo
2698 4636 2819 4683 ante
2843 4626 2951 4682 dixi
2976 4644 2989 4681 :
3013 4642 3133 4681 nam
3154 4627 3282 4681 illud
3303 4627 3546 4698 superius
3569 4635 3779 4684 temere

2190 4734 2277 4774 me
2296 4719 2504 4774 dedisse
2528 4719 2803 4773 conﬁteor.
2831 4716 2963 4773 Cum
2990 4719 3130 4773 enim
3158 4719 3365 4774 ratione
3392 4719 3532 4775 inter
3559 4734 3660 4775 nos
3686 4736 3777 4774 ve-

2193 4826 2312 4865 rum
2351 4825 2680 4881 quaeramus,
2707 4809 2865 4881 idque
2889 4810 2982 4865 ﬁat
3007 4812 3244 4882 rogando
3270 4822 3324 4868 et
3352 4814 3733 4883 respondendo
3760 4832 3774 4880 ;

2191 4902 2457 4974 quomodo
2478 4911 2657 4971 posset
2685 4901 2752 4956 ad
2773 4917 3030 4957 summam
3059 4905 3336 4973 pervenire
3363 4920 3468 4975 qua
3497 4904 3776 4961 concludi-

2192 5004 2278 5049 tur
2320 4994 2489 5060 ratio,
2535 4993 2636 5049 nisi
2675 4994 2824 5063 prius
2863 4994 3059 5064 aliquid
3087 4996 3511 5053 concederetur?
3535 4996 3775 5053 Concedi

2192 5094 2370 5140 autem
2400 5093 2543 5139 recte
2567 5084 2656 5154 qui
2684 5092 2864 5154 posset
2886 5084 3028 5155 quod
3057 5087 3387 5141 nesciretur?
3408 5085 3484 5141 Ita
3508 5089 3607 5142 ista
3634 5088 3775 5143 ratio

2191 5178 2294 5232 nisi
2335 5176 2594 5231 inveniret
2619 5176 2673 5231 in
2698 5191 2784 5231 me
2807 5176 3007 5247 aliquid
3050 5177 3348 5247 cognitum,
3393 5194 3500 5248 quo
3537 5178 3774 5234 innitens

2192 5271 2260 5326 ad
2288 5270 2613 5341 incognitum
2637 5269 2889 5335 duceret;
2919 5269 3050 5323 nihil
3076 5270 3294 5325 omnino
3320 5286 3415 5341 per
3434 5270 3578 5326 illam
3597 5270 3775 5325 disce-

2192 5380 2308 5422 rem
2328 5405 2342 5430 ,
2371 5378 2471 5419 nec
2496 5378 2614 5419 eam
2643 5376 2864 5433 prorsus
2896 5362 3157 5416 rationem
3191 5365 3541 5418 nominarem.
3567 5363 3771 5430 Quam-

2193 5456 2377 5511 obrem
2404 5454 2597 5510 frustra
2635 5452 2766 5508 mihi
2804 5467 2909 5507 non
2943 5453 3217 5508 assentiris
3240 5460 3364 5510 ante
3385 5454 3644 5509 rationem
3670 5469 3772 5509 ne-

2194 5546 2428 5602 cessario
2464 5560 2582 5601 esse
2610 5545 2665 5599 in
2703 5544 2855 5600 nobis
2887 5544 3117 5614 aliquam
3146 5545 3456 5610 scientiam,
3488 5544 3629 5601 unde
3655 5545 3773 5615 ipsa

2196 5640 2333 5696 ratio
2368 5646 2541 5694 sumat
2576 5636 2871 5692 exordium.
2908 5635 2972 5690 Α.
3009 5634 3201 5691 Geram
3242 5636 3332 5690 tibi
3370 5651 3607 5703 morem,
3638 5646 3694 5692 et
3719 5646 3775 5695 te

2193 5733 2407 5806 quidem
2427 5743 2485 5786 ut
2508 5729 2729 5797 institui,
2743 5730 2949 5800 quoties
2968 5728 3188 5798 alicujus
3205 5728 3310 5783 dati
3332 5730 3574 5799 paenitet,
3597 5744 3776 5785 emen-

2197 5826 2325 5885 dare
2346 5824 2678 5898 permittam:
2703 5822 2796 5878 sed
2819 5836 2905 5889 ne,
2929 5836 3133 5893 quaeso,
3156 5820 3387 5879 abutaris
3413 5822 3512 5877 ista
3534 5822 3774 5896 licentia,
