4096 6368
359 324 497 383 1085

361 446 416 495 et
459 436 824 509 negligenter,
856 449 975 490 curn
1006 434 1310 506 interrogo,
1332 434 1600 502 attendas;
1632 449 1702 490 ne
1726 435 1937 490 assidue

364 529 504 586 male
541 519 794 585 concessa
815 569 830 595 ,
872 529 1030 583 etiam
1061 528 1128 583 de
1152 528 1215 582 iis
1242 543 1359 598 quae
1384 528 1520 583 bene
1544 525 1907 582 conceduntur
1924 565 1941 592 ,

363 623 609 679 dubitare
630 631 681 678 te
706 630 917 692 cogant.
941 620 1008 676 E.
1035 621 1203 692 Perge
1224 621 1398 691 potius
1419 620 1487 675 ad
1507 629 1701 675 caetera
1726 636 1740 673 :
1768 633 1944 689 quam-

362 732 443 772 ηε
486 718 629 771 enim
671 715 862 770 addam
913 714 1196 785 vigilantiae
1239 730 1371 769 mea:
1424 712 1680 783 quidquid
1727 726 1942 783 possum

364 809 513 879 (nam
552 818 609 864 et
648 823 735 863 me
773 806 935 877 pudet
962 805 1028 861 de
1054 805 1316 861 sententia
1344 804 1533 860 cadere
1564 802 1767 874 toties),
1810 818 1945 857 nun-

364 914 522 969 quam
552 906 729 953 tamen
759 899 1031 952 deterrear
1057 895 1242 965 pudori
1273 894 1397 950 huic
1420 895 1576 950 reniti
1600 935 1613 959 ,
1656 902 1710 949 et
1736 894 1941 962 lapsum

365 1007 542 1047 meum
563 1034 576 1056 ,
612 999 662 1046 te
683 990 977 1061 praesertim
1001 1005 1216 1044 manum
1235 988 1394 1043 dante
1412 1029 1427 1056 ,
1452 988 1738 1059 corrigere.
1761 985 1944 1056 Neque

364 1084 507 1138 enim
540 1090 622 1138 est
656 1081 777 1137 ideo
813 1080 1150 1151 suscipienda
1186 1079 1503 1151 pertinacia,
1551 1078 1674 1149 quia
1714 1075 1943 1148 optanda

366 1173 683 1228 constantia.

570 1262 795 1320 CAPUT
821 1261 1035 1318 XXVII.
1056 1292 1129 1304 -—
1151 1261 1303 1317 Ratio
1327 1271 1375 1317 et
1403 1262 1738 1317 ratiocinatio.

436 1357 525 1413 52.
566 1356 630 1411 Α.
664 1355 945 1410 Proveniat
969 1355 1059 1408 tibi
1081 1356 1237 1425 plane
1258 1355 1356 1409 ista
1372 1354 1666 1409 constantia
1686 1368 1843 1423 quam
1864 1352 1943 1408 ci-

365 1450 569 1504 tissime
592 1456 796 1519 potest:
818 1448 887 1502 ita
909 1446 1035 1501 mihi
1059 1447 1301 1517 placitam
1319 1446 1636 1502 sententiam
1658 1445 1940 1516 protulisti.

366 1542 469 1598 Sed
502 1557 640 1596 nunc
667 1540 758 1596 lito
786 1557 942 1611 quam
972 1541 1417 1611 praesentissimus
1441 1539 1507 1594 ad
1532 1541 1629 1593 ista
1654 1554 1774 1610 quae
1802 1538 1941 1593 volo.

368 1637 559 1701 Quaero
589 1634 729 1688 enim
756 1634 852 1688 abs
876 1643 925 1687 te
946 1674 961 1700 ,
992 1632 1117 1703 quid
1142 1633 1235 1687 tibi
1262 1633 1521 1687 interesse
1542 1631 1785 1687 videatur
1806 1632 1946 1687 inter

364 1727 624 1782 rationem
650 1733 705 1780 et
732 1723 1208 1779 ratiocinationem.
1248 1722 1314 1776 E.
1356 1723 1474 1778 Non
1511 1723 1640 1778 satis
1666 1722 1816 1778 valeo
1844 1721 1944 1777 ista

368 1820 695 1875 discernere.
725 1817 789 1872 Α.
822 1816 931 1871 Hoc
960 1832 1087 1887 ergo
1112 1817 1335 1881 intuere,
1366 1825 1538 1871 utrum
1560 1815 1828 1870 existimes
1849 1815 1946 1870 ho-

366 1912 492 1966 mini
511 1912 620 1981 jam
650 1909 1005 1973 adolescenti,
1035 1909 1121 1964 vel
1147 1909 1281 1975 viro,
1306 1920 1397 1964 aut
1422 1909 1505 1980 (ut
1529 1924 1742 1965 omnem
1764 1908 1945 1964 amba-

367 2019 484 2074 gem
529 2001 793 2071 auferam)
840 2001 1067 2070 sapienti
1096 2001 1211 2055 sine
1241 2001 1629 2056 intermissione
1658 2000 1834 2055 inesse
1861 2014 1945 2055 ra-

365 2096 560 2150 tionem
583 2136 596 2159 ,
637 2094 762 2148 dum
803 2100 982 2148 mente
1007 2107 1169 2147 sanus
1198 2100 1312 2157 est,
1342 2091 1481 2147 sicut
1510 2093 1704 2147 bonam
1735 2092 1943 2147 valetu-

362 2187 540 2242 dinem
574 2185 817 2255 corpori,
863 2185 988 2238 dum
1031 2194 1178 2253 peste
1215 2198 1276 2238 ac
1314 2184 1618 2238 vulneribus
1657 2190 1837 2248 caret;
1876 2197 1945 2237 an

364 2278 502 2333 sicut
544 2276 850 2341 ambulare,
902 2274 1121 2339 sedere,
1165 2274 1326 2344 loqui,
1362 2274 1518 2329 modo
1548 2275 1756 2339 inesse,
1785 2273 1945 2329 modo

363 2368 573 2424 deesse.
594 2367 662 2421 E.
699 2367 852 2422 Sana:
879 2366 1042 2421 menti
1071 2381 1281 2435 semper
1307 2377 1433 2435 pulo
1460 2366 1633 2421 inesse
1660 2366 1939 2420 rationem.

366 2459 429 2513 Α.
460 2458 597 2526 Quid
624 2458 762 2513 hoc?
792 2458 917 2513 dum
949 2473 1042 2528 per
1070 2472 1131 2512 ea
1164 2473 1282 2526 quae
1304 2457 1667 2512 conceduntur
1685 2471 1748 2511 ac
1771 2457 1943 2511 mani-

362 2549 494 2605 festa
530 2558 683 2614 sunt,
718 2550 798 2604 vel
834 2547 1209 2619 interrogando
1234 2549 1431 2615 alium,
1464 2551 1547 2604 vel
1577 2549 1944 2604 connecteudo

362 2640 463 2695 alia
489 2682 504 2705 ,
546 2640 885 2710 perducimus
916 2655 1014 2694 nos
1054 2639 1118 2693 ad
1165 2639 1387 2709 alicujus
1430 2640 1505 2695 rei
1546 2640 1940 2710 cognitionem;

360 2732 639 2787 videturne
672 2733 761 2786 tibi
784 2742 874 2786 aut
902 2747 997 2786 nos
1018 2773 1031 2798 ,
1063 2743 1150 2786 aut
1190 2732 1361 2801 quivis
1389 2732 1599 2801 sapiens
1623 2748 1833 2804 semper
1861 2733 1943 2787 fa-

361 2828 523 2882 cere?
547 2826 614 2880 E.
642 2826 755 2881 Non
786 2841 1031 2895 semper:
1061 2841 1164 2879 non
1197 2825 1339 2878 enim
1382 2840 1595 2894 semper
1627 2826 1788 2881 homo
1828 2827 1945 2897 qni-

362 2918 494 2973 libet
513 2928 601 2972 aut
627 2919 868 2989 sapiens,
894 2926 1147 2988 quantum
1168 2919 1377 2988 opinor,
1404 2918 1486 2973 vel
1507 2932 1688 2972 secum
1714 2918 1799 2973 vel
1820 2932 1943 2973 cum

284 3026 293 3035 '
365 3010 470 3065 alio
501 3011 693 3081 quterit
722 3011 918 3081 aliquid
947 3009 1259 3066 disserendo
1284 3027 1296 3063 :
1320 3026 1443 3064 nam
1465 3010 1552 3079 qui
1578 3011 1787 3079 qumrit,
1810 3025 1945 3065 non-

361 3100 486 3155 dum
517 3102 751 3168 invenit;
782 3102 852 3156 ita
886 3101 931 3156 si
960 3116 1174 3171 semper
1210 3101 1429 3171 quaerit,
1480 3116 1746 3170 nunquam
1793 3101 1942 3157 inve-

362 3193 460 3247 nit.
488 3194 710 3263 Sapiens
740 3204 916 3249 autem
939 3194 1048 3264 jam
1078 3194 1311 3259 invenit,
1341 3202 1397 3247 ut
1425 3192 1553 3247 nihil
1578 3192 1720 3247 aliud
1745 3193 1939 3259 dicam,

338 3285 446 3340 ~vel
476 3286 645 3354 ipsam
673 3286 1016 3355 sapientiam,
1048 3301 1206 3355 quam
1224 3325 1239 3350 ,
1269 3300 1391 3341 cum
1413 3293 1556 3340 esset
1574 3285 1763 3339 stultus
1786 3325 1802 3351 ,
1832 3284 1944 3340 dis-

363 3377 591 3432 serendo
620 3378 864 3442 fortasse,
895 3386 984 3432 aut
1011 3393 1225 3448 quoquo
1253 3377 1411 3432 modo
1442 3378 1548 3431 alio
1584 3386 1824 3447 poterat,
1854 3392 1944 3432 re-

364 3469 625 3537 quirebat.
672 3470 735 3523 Α.
784 3470 948 3525 Recte
986 3470 1151 3524 dicis:
1177 3485 1341 3539 quare
1385 3470 1647 3539 intelligas
1680 3470 1801 3523 volo
1838 3484 1943 3524 non

365 3573 483 3614 esse
524 3560 676 3613 istam
717 3562 975 3615 rationem
997 3601 1012 3626 ,
1046 3560 1171 3614 dum
1202 3576 1297 3630 per
1336 3576 1397 3615 ea
1436 3576 1554 3629 qua:
1579 3558 1944 3614 conceduntur

363 3655 521 3718 atque
537 3651 745 3718 cognita
774 3660 914 3716 sunt,
951 3650 1017 3705 ad
1056 3650 1252 3720 aliquid
1299 3650 1622 3720 incognitum
1662 3649 1941 3704 ducimur:

366 3742 467 3798 hoc
507 3744 648 3798 enim
693 3759 796 3798 non
844 3760 1089 3813 semper,
1137 3754 1193 3797 ut
1225 3744 1336 3813 jam
1374 3743 1775 3809 consensimus,
1806 3742 1947 3797 inest

366 3834 531 3890 menti
558 3850 733 3899 sanae;
763 3835 898 3888 ratio
922 3843 1100 3888 autem
1127 3849 1358 3903 semper.

436 3925 524 3980 5'5.
566 3923 633 3977 E.
667 3925 941 3995 Intelligo;
972 3925 1067 3978 sed
1092 3938 1342 3993 quorsum
1371 3925 1511 3979 ista?
1539 3925 1600 3977 Α.
1633 3923 1767 3989 Quia
1788 3924 1945 3993 paulo

365 4024 489 4070 ante
508 4015 715 4081 dixisti,
745 4024 1024 4085 propterea
1054 4030 1140 4068 me
1167 4015 1257 4068 tibi
1282 4014 1478 4069 debere
1504 4015 1752 4069 assentiri
1781 4015 1947 4069 scien-

367 4107 491 4160 tiam
518 4119 617 4159 nos
642 4103 843 4159 habere
867 4112 990 4159 ante
1018 4104 1274 4157 rationem
1292 4142 1307 4169 ,
1336 4104 1477 4173 quod
1518 4104 1727 4173 cognito
1768 4104 1945 4174 aliquo

366 4195 568 4260 nititur,
598 4195 723 4248 dum
751 4209 847 4249 nos
873 4196 1008 4249 ratio
1033 4194 1099 4247 ad
1127 4194 1448 4263 incognitum
1476 4194 1622 4249 ducit
1646 4212 1658 4247 :
1692 4208 1832 4248 nunc
1852 4210 1946 4248 au-

365 4294 471 4341 tem
498 4286 795 4340 invenimus
815 4292 919 4340 non
943 4286 1201 4339 rationem
1224 4285 1512 4339 vocandam
1544 4298 1663 4339 esse
1689 4284 1814 4339 dum
1844 4283 1945 4339 hoc

364 4378 564 4447 agitur;
605 4392 709 4430 non
754 4376 895 4430 enim
937 4390 1064 4431 sana
1106 4390 1257 4430 mens
1283 4376 1389 4446 agit
1419 4374 1519 4429 hoc
1547 4390 1757 4443 semper
1778 4416 1793 4437 ,
1822 4390 1942 4429 cum

368 4482 579 4537 semper
614 4467 806 4522 habeat
846 4468 1140 4533 rationem;
1186 4468 1278 4523 sed
1306 4478 1451 4522 recte
1479 4467 1577 4521 ista
1606 4467 1828 4521 fortasse
1859 4483 1944 4520 ra-

369 4558 637 4612 tiocinatio
686 4559 1023 4624 nominatur;
1082 4568 1138 4613 ut
1186 4558 1318 4612 ratio
1364 4557 1434 4611 sit
1485 4556 1697 4627 quidam
1753 4558 1946 4612 mentis

367 4660 649 4720 aspectus,
702 4651 1033 4704 ratiocinatio
1072 4660 1248 4706 autem
1294 4650 1513 4705 rationis
1558 4649 1861 4721 inquisitio,
1894 4650 1945 4705 id

368 4751 484 4807 est,
531 4752 775 4809 aspectus
818 4742 990 4808 illius,
1037 4756 1133 4811 per
1180 4757 1240 4796 ea
1290 4758 1407 4811 qure
1446 4741 1750 4811 aspicienda
1788 4750 1943 4809 sunt,

370 4834 556 4887 tnotio.
597 4834 772 4900 Quare
818 4834 918 4887 ista
971 4848 1105 4902 opus
1140 4833 1305 4889 estad
1341 4833 1685 4903 quzerendum
1708 4876 1724 4902 ,
1762 4834 1851 4888 illa
1880 4833 1946 4887 ad

372 4924 675 4981 videndum.
721 4926 899 4995 Itaque
943 4941 1065 4980 cum
1105 4926 1193 4980 ille
1231 4928 1423 4981 mentis
1462 4939 1742 4998 aspectus,
1787 4944 1945 4998 quem

371 5016 651 5071 rationem‘
676 5030 959 5081 vocamus,
993 5016 1261 5085 coniectus
1294 5017 1344 5070 in
1373 5032 1484 5071 rem
1514 5018 1772 5088 aliquam,
1805 5018 1950 5075 videt

374 5109 551 5173 illam,
601 5106 820 5161 scientia
862 5108 1164 5186 nominatur
1205 5127 1217 5161 :
1263 5123 1384 5163 cum
1428 5115 1606 5163 autem
1655 5125 1759 5165 non
1806 5110 1949 5166 videt

372 5214 525 5254 mens
545 5240 560 5265 ,
588 5198 828 5268 quamvis
855 5198 1092 5253 intendat
1120 5209 1423 5269 aspectum;
1457 5200 1661 5255 inscitia
1687 5202 1771 5257 vel
1797 5202 1948 5273 igno-

370 5290 541 5346 rantia
589 5288 799 5343 dicitur.
844 5287 959 5342 Non
987 5289 1127 5343 enim
1166 5298 1217 5344 et
1262 5289 1345 5344 his
1391 5291 1754 5359 corporalibus
1781 5293 1948 5349 oculis

374 5384 549 5438 omnis
593 5382 686 5452 qui
729 5382 948 5452 aSpicit,
976 5382 1154 5447 videt;
1195 5383 1337 5453 quod
1366 5384 1417 5437 in
1443 5385 1679 5440 tenebris
1707 5387 1948 5443 facillime

376 5471 862 5527 animadvertimus.
897 5473 973 5526 Ex
1003 5488 1108 5543 quo
1134 5473 1316 5543 liquet,
1347 5484 1405 5530 ut
1427 5476 1637 5544 opinor,
1660 5476 1804 5531 aliud
1829 5494 1949 5534 esse

374 5570 648 5632 aspectum
669 5603 684 5627 ,
726 5561 869 5616 aliud
895 5562 1150 5618 visionem
1176 5581 1191 5629 ;
1223 5580 1341 5633 qua:
1364 5564 1469 5619 duo
1501 5565 1553 5619 in
1584 5575 1759 5621 mente
1784 5567 1942 5623 ratio-

376 5668 495 5707 nem
525 5661 578 5707 et
606 5651 880 5719 scientiam
924 5655 1275 5707 nominamus.
1322 5655 1431 5709 Nisi
1461 5655 1584 5725 quid
1618 5666 1667 5711 te
1695 5656 1947 5715 adversus

372 5742 489 5799 haec
515 5752 726 5809 movet,
757 5750 849 5796 aut
878 5759 1059 5812 parum
1084 5743 1315 5799 dilucide
1337 5746 1432 5800 ista
1456 5747 1699 5804 distincta
1722 5750 1944 5804 arbitra-

651 5834 875 5899 Smcr.
922 5836 1199 5897 Accusa.
1232 5832 1284 5894 ι.

1779 322 1978 379 LIBER
2016 320 2225 381 UNUS.’

2049 434 2144 488 ris.
2189 431 2253 486 E.
2282 431 2385 487 Per
2418 432 2547 488 mihi
2589 433 2703 490 haec
2744 422 3015 495 distinctio
3056 439 3229 511 placet
3246 443 3287 510 ⁸,
3315 452 3371 502 et
3394 445 3621 511 libenter

2046 526 2325 580 assentior.
2355 525 2421 579 Α.
2453 525 2587 583 Vide
2629 543 2756 601 ergo
2794 545 2972 602 nunc,
3023 542 3200 591 utrum
3241 552 3339 593 nos
3377 542 3620 613 aspicere

2049 625 2243 687 putes,
2301 626 2356 672 ut
2402 618 2722 687 videamus;
2778 637 2849 679 an
2891 624 3107 689 videre.
3168 636 3227 683 ut
3280 630 3619 701 aspiciamus.

2046 708 2114 764 E.
2158 711 2291 767 Hinc
2318 729 2445 769 vero
2473 730 2541 771 ne
2566 730 2741 770 caecus
2769 715 2981 787 quidem
3024 718 3301 792 quisquam
3345 722 3623 781 dubitave-

2048 802 2143 867 rit,
2199 814 2468 875 aspectum
2497 822 2615 862 esse
2641 816 2857 877 propter
2902 809 3189 877 visionem,
3232 827 3341 869 non
3367 814 3623 871 visionem

2047 903 2265 964 propter
2298 907 2593 968 aspectum.
2623 898 2687 952 Α.
2720 899 3016 955 Fatendum
3044 902 3202 972 igitur
3220 902 3476 959 visionem
3506 906 3623 975 pluo

2048 985 2121 1040 ris
2149 1002 2309 1057 quam
2353 999 2623 1059 aspectum
2668 1004 2787 1047 esse
2827 992 3179 1062 pendendam.
3232 993 3301 1048 E.
3329 993 3624 1051 Fatendum

2047 1078 2282 1133 omnino.
2311 1079 2374 1133 Α.
2406 1080 2550 1152 Ergo
2579 1089 2633 1137 et
2661 1082 2936 1139 scientiam
2966 1084 3132 1153 pluris
3156 1100 3313 1156 quam
3342 1086 3624 1143 rationem.

2046 1166 2114 1221 E.
2162 1167 2507 1243 Consequens
2546 1173 2721 1229 video.
2758 1174 2824 1228 Α.
2854 1174 3107 1233 Placetne
3136 1176 3230 1231 tibi
3260 1178 3507 1234 meliores
3534 1191 3623 1234 aut

2047 1259 2317 1318 feliciores
2360 1278 2480 1320 esse
2519 1264 2823 1321 hominibus
2857 1266 3098 1324 bestias?
3145 1267 3210 1322 E.
3242 1270 3457 1326 Avertat
3487 1273 3624 1327 Deus

2047 1360 2156 1407 tam
2185 1354 2471 1411 immanem
2495 1358 2801 1412 amentiam.
2828 1354 2895 1412 Α.
2918 1358 3085 1415 Recte
3110 1374 3239 1416 sane
3266 1361 3620 1428 exhorruisti;

2047 1443 2141 1498 sed
2168 1444 2236 1499 ad
2265 1444 2319 1499 id
2360 1462 2459 1502 nos
2502 1448 2645 1518 cogit
2681 1448 2942 1504 sententia
2972 1457 3098 1503 tua:
3126 1450 3302 1506 dixisti
3346 1453 3485 1507 enim
3532 1469 3623 1509 eas

2048 1532 2246 1590 habere
2270 1536 2545 1595 scientiam
2562 1579 2577 1605 ,
2606 1546 2660 1594 et
2681 1554 2788 1596 non
2814 1539 3014 1597 habere
3041 1543 3319 1598 rationem.
3345 1543 3623 1600 Rationem

2047 1636 2225 1683 autem
2262 1628 2420 1683 habet
2461 1629 2648 1696 homo,
2692 1646 2788 1701 per
2818 1646 2974 1702 quam
2994 1632 3083 1687 vix
3107 1633 3173 1688 ad
3202 1634 3477 1690 scientiam
3502 1652 3623 1705 per-

2049 1718 2277 1772 venitur.
2309 1717 2415 1774 Sed
2443 1728 2504 1774 ut
2528 1720 2819 1776 concedam
2855 1720 3011 1779 facile
3047 1716 3347 1794 perveniri;
3375 1726 3499 1796 quid
3528 1742 3625 1782 nos

2048 1809 2317 1879 adjuvabit
2340 1811 2497 1877 ratio,
2525 1820 2582 1866 ut
2605 1812 2789 1867 bestiis
2811 1828 2909 1869 nos
2934 1815 3337 1885 anteponendos
3354 1826 3623 1887 putemus,

2048 1918 2169 1957 cum
2200 1903 2304 1961 illa:
2331 1903 2560 1959 habeant
2578 1905 2852 1961 scientiam
2869 1947 2886 1974 ,
2916 1914 2972 1962 et
2997 1906 3135 1961 hanc
3154 1908 3319 1977 pluris
3347 1924 3507 1979 quam
3536 1924 3623 1963 ra—

2050 1996 2247 2052 tionem
2278 1996 2608 2068 pendendam
2634 2013 2753 2054 esse
2776 2008 3109 2069 compertum
3135 1999 3236 2053 sit?

2048 2088 2274 2147 CAPUT
2300 2089 2539 2147 XXVIII.
2566 2121 2638 2133 -—-
2660 2090 2847 2145 Bestia:
2872 2092 2972 2146 vim
3004 2093 3253 2147 sentiendi
3277 2093 3460 2149 habent
3477 2134 3493 2164 ,
3521 2110 3623 2150 non

2694 2185 2972 2240 scientiam.

2119 2275 2206 2331 54.
2252 2274 2316 2329 Ε.
2358 2275 2534 2348 Cogor
2577 2276 2827 2342 omnino,
2876 2283 2969 2333 aut
3008 2277 3283 2333 scientiam
3309 2277 3494 2333 bestiis
3521 2294 3627 2336 non

2028 2365 2363 2451 concedere,
2395 2374 2487 2420 aut
2510 2366 2643 2421 nihil
2666 2380 2938 2435 recusare,
2963 2367 3091 2438 quin
3113 2367 3240 2421 mihi
3266 2368 3459 2423 merito
3480 2378 3628 2425 ante-

2046 2468 2333 2528 ponantur.
2357 2458 2485 2527 Sed,
2519 2474 2732 2529 quaeso,
2759 2458 2965 2529 explica
3011 2457 3170 2522 illud,
3219 2458 3360 2527 quod
3393 2459 3461 2514 de
3495 2475 3630 2516 cane

2050 2547 2257 2621 Ulyssis
2295 2550 2748 2617 commemoravi,
2793 2550 3073 2620 qualenam
3104 2551 3211 2607 sit:
3238 2566 3360 2605 nam
3389 2554 3504 2622 ejus
3530 2551 3627 2606 ad-

2048 2642 2329 2697 miratione
2366 2651 2664 2697 commotus
2687 2650 2810 2711 tam
2853 2641 3080 2696 inaniter
3126 2642 3335 2698 latravi.
3385 2644 3449 2699 Α.
3488 2642 3627 2709 Quid

2047 2741 2226 2788 autem
2255 2732 2357 2788 hoc
2382 2742 2537 2803 putas
2561 2747 2700 2800 esse,
2734 2731 2838 2787 nisi
2861 2732 2970 2787 vim
3004 2734 3287 2802 quamdam
3327 2733 3627 2799 sentiendi,

2049 2839 2157 2879 non
2177 2824 2416 2880 sciendi?
2442 2824 2614 2880 Sensu
2642 2824 2784 2879 enim
2809 2838 2907 2879 nos
2934 2823 3119 2879 bestia:
3146 2826 3325 2881 multa:
3354 2837 3624 2896 superant,

2048 2918 2198 2987 cujus
2236 2920 2314 2973 rei
2353 2933 2567 2973 causam
2611 2933 2719 2972 non
2762 2916 2849 2972 hic
2890 2916 3037 2973 locus
3070 2927 3153 2973 est
3190 2928 3247 2973 ut
3294 2933 3628 2989 quaeramus;

2048 3018 2227 3064 mente
2256 3017 2456 3075 autem,
2487 3009 2714 3076 ratione,
2742 3008 2982 3077 scientia,
3010 3024 3108 3063 nos
3134 3009 3237 3063 illis
3261 3008 3401 3063 Deus
3424 3023 3628 3079 praepoo

2048 3100 2172 3155 suit.
2212 3100 2316 3155 Sed
2348 3100 2435 3155 ille
2462 3115 2651 3155 sensus
2672 3114 2734 3154 ea
2759 3099 2950 3169 quibus
2979 3099 3113 3154 tales
3140 3099 3330 3153 animae
3356 3099 3629 3155 delectan-

2051 3200 2167 3257 tur,
2219 3190 2505 3246 accedente
2547 3188 2932 3245 consuetudine
2969 3187 3123 3259 cujus
3162 3204 3351 3261 magna
3390 3191 3470 3244 vis
3510 3197 3627 3256 est,

2048 3290 2222 3353 potest
2246 3281 2579 3347 discernere;
2608 3290 2763 3351 atque
2785 3295 2850 3335 eo
2879 3280 3082 3337 facilius
3104 3323 3117 3346 ,
3151 3281 3292 3351 quod
3317 3282 3494 3337 anima
3520 3282 3631 3337 hel-

2050 3373 2253 3428 luarum
2276 3372 2443 3443 magis
2467 3372 2677 3443 corpori
2697 3371 2853 3426 affixa
2880 3381 2996 3438 est,
3025 3372 3175 3442 cujus
3199 3373 3271 3427 illi
3294 3382 3419 3428 sunt
3439 3388 3629 3429 sensus

2048 3466 2238 3537 quibus
2282 3466 2446 3519 utitur
2485 3464 2553 3519 ad
2604 3465 2801 3518 victum
2850 3464 3317 3535 voluptatemque,
3359 3481 3519 3535 quam
3556 3482 3624 3520 ex

2048 3557 2234 3613 eodem
2280 3556 2369 3611 illo
2414 3570 2636 3625 corpore
2674 3556 2833 3625 capit.
2882 3554 3125 3610 Humana
3166 3571 3292 3610 vero
3330 3556 3505 3609 anima
3531 3572 3628 3626 per

2049 3648 2310 3701 rationem
2355 3653 2514 3715 atquc
2553 3644 2827 3699 scientiam
2849 3686 2862 3710 ,
2907 3645 2974 3701 de
3011 3645 3202 3714 quibus
3232 3645 3455 3715 agimus,
3486 3645 3630 3716 quod

2049 3748 2173 3793 sunt
2198 3739 2295 3793 ista
2324 3738 2479 3808 longe
2509 3736 2877 3806 praestantiora
2904 3736 3147 3791 sensibus
3165 3778 3179 3803 ,
3216 3736 3494 3806 suspendit
3517 3752 3575 3791 se
3598 3752 3629 3791 a

2048 3845 2276 3900 corpore
2305 3837 2559 3899 quantum
2590 3835 2781 3897 potest,
2814 3837 2867 3880 et
2895 3842 2957 3881 ea
2986 3842 3105 3896 quae
3144 3830 3284 3881 intus
3317 3836 3426 3894 est,
3454 3828 3627 3882 liben-

2051 3923 2154 3976 tius
2183 3919 2379 3974 fruitur
2402 3919 2701 3989 voluptate;
2738 3926 3043 3987 quantoque
3068 3917 3121 3970 in
3153 3932 3340 3971 sensus
3363 3916 3626 3985 declinat,

2053 4021 2201 4068 tanto
2223 4013 2391 4085 magis
2420 4012 2727 4067 similiorem
2745 4009 3015 4064 hominem
3037 4009 3214 4079 pecori
3245 4009 3385 4063 facit.
3406 4008 3533 4064 Inde
3548 4016 3632 4063 est

2050 4106 2190 4175 quod
2234 4105 2395 4160 etiam
2425 4105 2571 4174 pueri
2612 4103 2911 4172 vagientes,
2943 4109 3142 4171 quanto
3172 4102 3457 4157 alieniores
3483 4117 3513 4156 a
3540 4117 3629 4155 ra-

2052 4197 2194 4251 tione
2232 4204 2395 4259 sunt,
2452 4202 2598 4249 tanto
2651 4192 2859 4247 facilius
2914 4192 3220 4247 discernunt
3274 4207 3434 4248 sensu
3471 4193 3632 4247 etiam

2050 4295 2357 4341 contactum
2397 4285 2930 4355 conjunctionemque
2959 4283 3223 4338 nutricum
3244 4326 3258 4350 ,
3292 4299 3391 4339 nec
3411 4283 3631 4339 odorem
3659 4314 3667 4356 ,ς

2050 4381 2271 4434 aliarum
2309 4386 2532 4449 possunt
2568 4378 2830 4434 sustinere
2855 4417 2869 4443 ,
2911 4392 3034 4431 cum
3062 4376 3256 4447 qu;bus
3294 4376 3629 4433 consuetudo
3663 4398 3669 4403 ί

2048 4488 2155 4527 non
2176 4471 2291 4526 fuit.

2120 4564 2209 4619 55.
2252 4560 2611 4628 Quamobrem
2636 4600 2651 4627 ,
2680 4559 2919 4629 quamvis
2948 4557 3090 4614 aliud
3117 4574 3182 4614 ex
3214 4560 3319 4614 alio
3349 4560 3629 4626 inciderit,

2050 4655 2273 4709 libenter
2293 4660 2467 4707 tamen
2485 4654 2539 4706 in
2562 4666 2628 4706 eo
2642 4667 2887 4707 sermone
2902 4651 3169 4716 demoror,
3194 4667 3299 4722 quo
3316 4652 3634 4707 admonetur

2049 4746 2253 4813 anima,
2284 4760 2350 4799 ne
2379 4759 2437 4799 se
2466 4744 2601 4798 ultra
2627 4759 2784 4813 quam
2812 4743 3103 4799 necessitas
3120 4743 3279 4813 cogit,
3307 4740 3550 4796 refundat
3576 4742 3632 4795 in

2050 4853 2267 4902 sensus;
2289 4836 2382 4893 sed
2398 4837 2464 4891 ab
2484 4836 2565 4891 his
2582 4836 2753 4906 potius
2779 4836 2843 4889 ad
2866 4836 3093 4905 seipsam
3117 4836 3346 4904 colligat,
3364 4842 3419 4888 et
3440 4849 3634 4903 repue‘

2050 4939 2225 4987 rascat
2246 4930 2383 4985 Deo:
2402 4928 2542 4998 quod
2559 4936 2639 4983 est
2658 4944 2851 4983 novum
2871 4928 3140 4982 hominem
3157 4926 3291 4993 fieri,
3310 4934 3489 4981 vetere
3504 4941 3635 4981 exu-

2049 5030 2138 5087 to;
2171 5038 2201 5074 a
2235 5036 2340 5091 quo
2368 5020 2600 5088 incipere
2620 5026 2832 5089 propter
2861 5018 3152 5087 neglectam
3172 5015 3264 5069 Dei
3291 5014 3461 5085 legem
3486 5024 3633 5070 certa

2050 5121 2134 5168 est
2162 5111 2467 5174 necessitas,
2494 5124 2600 5179 quo
2628 5124 2799 5178 neque
2814 5109 2989 5161 verius
3015 5121 3186 5177 neque
3205 5105 3462 5162 secretius
3484 5105 3637 5177 quid~

2051 5220 2209 5275 quam
2239 5202 2525 5271 Scripturis
2545 5201 2736 5255 divinis
2761 5200 3078 5255 continetur.
3100 5196 3307 5252 Vellem
3332 5196 3457 5251 hinc
3484 5198 3635 5267 plura

2052 5295 2249 5357 dicere,
2270 5308 2332 5348 ac
2350 5292 2609 5361 meipsum
2624 5290 3010 5359 constringere,
3024 5288 3150 5342 dum
3174 5290 3322 5358 quasi
3342 5288 3432 5343 tibi
3450 5288 3635 5358 praeci-

2055 5385 2161 5454 pio,
2182 5394 2238 5437 ιιι
2254 5383 2382 5437 nihil
2402 5382 2543 5435 aliud
2567 5397 2777 5451 agerem
2798 5395 2955 5449 quam
2984 5379 3242 5435 redderer
3266 5379 3417 5446 mihi,
3436 5380 3520 5435 cui
3545 5395 3634 5435 me

2056 5475 2286 5530 maxime
2324 5474 2494 5528 debeo
2537 5474 2990 5544 (iRetract.,cap.
3031 5471 3099 5538 8,
3140 5488 3193 5525 η.
3220 5471 3289 5540 5)
3317 5490 3331 5527 :
3357 5480 3514 5542 atque
3557 5474 3637 5530 ita

2057 5567 2169 5622 Deo
2194 5566 2341 5631 fieri,
2372 5564 2514 5635 quod
2543 5565 2615 5618 ait
2638 5563 2884 5619 Horatius
2905 5604 2921 5630 ,
2949 5563 3179 5618 Anticum
3206 5564 3509 5635 mancipium
3539 5562 3634 5617 do-

2115 5698 2131 5728 ί
2166 5696 2239 5746 sic
2259 5706 2428 5759 omnes
2444 5692 2796 5759 quasiegimus
2818 5694 3084 5759 editiones;
3108 5705 3269 5743 nonne
3300 5689 3475 5744 melius
3494 5689 3638 5759 lego.

2050 5766 2215 5810 retur:
2234 5766 2349 5809 meo
2373 5754 2613 5808 distimtio
2635 5754 2755 5806 ini/ti
2775 5754 3014 5819 perplacet
3029 5754 3076 5805 γ’
3114 5762 3171 5805 Μ.
3466 5758 3476 5766 ‘
3498 5754 3505 5759 ‘
3622 5763 3625 5765 >

2736 5842 3322 5922 (Tremo-qualn.)
