4096 6368
469 411 614 483 nan;
635 429 661 501 τ
682 424 851 485 Serm.
883 428 972 485 lib.
1016 424 1071 496 ε,
1104 428 1261 483 δαρενά
1298 430 1349 496 i,
1381 446 1427 483 υ.
1456 430 1510 495 2,
1535 432 1568 485 δ
1591 429 1634 501 ).
1662 424 1813 497 Quod
1836 424 2053 482 omnino

467 521 581 577 fieri
613 535 718 577 non
742 529 953 593 potest,
985 522 1086 577 nisi
1117 522 1181 577 ad
1212 523 1327 593 ejus
1353 512 1699 577 reformcmur
1728 521 2007 591 imaginem
2035 561 2048 585 ,

468 630 629 686 quam
669 613 822 671 nobis
860 620 914 669 ut
943 612 1383 684 pretiosissimum
1430 612 1678 684 quiddam
1717 621 1768 667 et
1805 612 2053 705 charissi-

467 722 618 763 mum
645 700 1049 763 custodiendam
1079 704 1242 765 dedit:
1279 705 1403 759 dum
1438 720 1536 761 nos
1565 706 1709 775 ipsos
1740 704 1888 759 nobis
1919 700 2052 759 tales

467 798 651 866 dedit,
684 797 927 869 qualibus
956 796 1087 852 nihil
1127 798 1295 867 possit
1338 804 1530 865 praeter
1572 796 1743 865 ipsum
1777 795 2046 864 anteponi.

468 888 578 944 Hac
602 898 781 944 autem
823 888 1029 942 actione
1070 885 1205 941 nihil
1251 886 1378 941 mihi
1411 887 1620 941 videtur
1664 886 1969 957 operosius,
1997 892 2052 939 et

466 978 601 1036 nihil
626 987 708 1036 est
732 972 1013 1036 cessationi
1039 979 1261 1036 similius
1293 996 1305 1031 :
1340 986 1511 1050 neque
1543 988 1716 1034 tamen
1737 992 1854 1032 eam
1879 978 2048 1032 susci-

468 1086 594 1141 pere
618 1079 707 1125 aut
732 1069 952 1139 implere
978 1068 1183 1123 animus
1203 1064 1397 1139 potest,
1429 1068 1527 1123 nisi
1551 1083 1615 1122 eo
1637 1068 1750 1137 ipso
1768 1066 2052 1134 adjuvante

465 1160 551 1216 cui
582 1158 838 1216 redditur.
882 1159 1031 1217 Unde
1071 1161 1128 1214 fit
1156 1168 1214 1214 ut
1238 1154 1401 1214 homo
1430 1161 1545 1229 ejus
1570 1158 1849 1215 clementia
1878 1156 2047 1213 refor-

464 1250 691 1307 mandus
717 1252 819 1319 sit,
850 1250 1000 1322 cujus
1026 1246 1259 1307 bonitate
1285 1267 1347 1306 ac
1371 1256 1633 1321 potestate
1662 1250 1919 1305 formatus
1942 1257 2045 1304 est.

536 1344 624 1398 56.
665 1341 769 1398 Sed
792 1344 858 1397 ad
888 1338 1214 1414 propositum
1244 1343 1418 1398 redire
1444 1343 1702 1413 cogimur.
1733 1342 1908 1408 Quare
1927 1341 2049 1395 vide

465 1441 641 1487 utrum
667 1433 757 1488 tibi
773 1434 882 1504 jam
914 1434 1193 1503 probatum
1221 1435 1319 1499 sit,
1352 1433 1489 1488 feras
1518 1449 1624 1487 non
1657 1433 1849 1486 habere
1875 1433 2046 1487 scien-

465 1524 612 1590 tiam,
643 1534 911 1596 totamque
941 1525 1082 1580 illam
1113 1522 1254 1580 velut
1283 1524 1565 1595 imaginem
1598 1524 1855 1590 scientiae,
1887 1538 2044 1593 quam

464 1616 752 1679 miramur,
784 1612 889 1670 vim
920 1630 1037 1670 esse
1062 1615 1345 1670 sentiendi.
1388 1614 1455 1671 Ε.
1497 1616 1778 1669 Probatum
1807 1629 1963 1678 sane;
1993 1620 2048 1667 et

462 1707 505 1762 si
523 1707 646 1777 quid
664 1707 730 1766 de
749 1709 847 1763 hoc
864 1704 1167 1777 diligentius
1185 1706 1528 1777 quicrendum
1550 1716 1651 1775 est,
1674 1706 1814 1759 aliud
1839 1706 2045 1775 tempus

459 1800 764 1869 aucupabor
790 1817 804 1853 :
836 1814 977 1853 nunc
1003 1813 1160 1853 nosse
1182 1800 1336 1868 cupio
1362 1796 1484 1867 quid
1516 1798 1639 1852 hinc
1666 1798 1934 1852 conﬁcias.

494 1888 722 1946 CAPUT
761 1888 955 1945 XXIX.
980 1922 1050 1930 —
1071 1889 1297 1947 ευὲεηιὶα
1325 1900 1372 1944 et
1403 1906 1576 1943 sensus
1604 1890 1723 1959 quid
1749 1888 2005 1953 (ii/lerant.

531 1981 596 2035 A.
637 1980 773 2048 Quid
794 1980 934 2034 aliud
962 1990 1134 2049 putas,
1164 1980 1263 2035 nisi
1286 1980 1647 2035 delinitionem
1672 1978 1813 2032 illam
1832 1994 2037 2044 sensus,

461 2082 521 2128 ut
543 2082 699 2127 antea
728 2070 870 2140 quod
910 2072 1089 2125 nescio
1134 2071 1258 2140 quid
1289 2072 1408 2139 plus
1435 2086 1590 2139 quam
1624 2085 1838 2125 sensum
1876 2071 2044 2124 inclu-

462 2163 657 2227 debat,
689 2162 758 2215 ita
798 2177 939 2216 nunc
967 2163 1234 2215 contrario
1273 2162 1402 2215 vitio
1436 2162 1687 2216 vacillare
1712 2202 1726 2228 ,
1768 2162 1906 2231 quod
1937 2177 2043 2216 non

461 2271 675 2311 omnem
714 2269 925 2309 sensum
964 2255 1132 2325 potuit
1168 2254 1478 2308 includere?
1509 2255 1712 2307 liabent
1747 2255 1887 2307 enim
1918 2253 2042 2308 fera:

462 2361 675 2400 sensum
696 2386 711 2413 ,
742 2359 841 2400 nec
869 2344 1067 2399 habent
1096 2345 1369 2399 scientiam
1401 2363 1412 2397 :
1444 2344 1697 2413 quidquid
1724 2354 1897 2398 autem
1936 2362 2042 2399 non

461 2436 610 2503 latet,
640 2436 837 2501 scitur;
870 2444 923 2490 et
950 2451 1108 2490 omne
1131 2436 1273 2505 quod
1301 2436 1463 2490 scitur
1481 2475 1496 2500 ,
1525 2435 1591 2489 ad
1615 2436 1886 2489 scientiam
1915 2452 2039 2504 pro-
2068 2425 2082 2438 ’

460 2524 599 2581 fecto
627 2524 878 2595 pertinet.
912 2527 987 2580 De
1030 2526 1222 2595 quibus
1262 2526 1506 2580 omnibus
1549 2527 1655 2596 jam
1696 2526 1824 2579 mihi
1868 2536 2040 2581 tecum

460 2617 726 2671 convenit.
758 2618 861 2671 Aut
891 2617 1047 2688 igitur
1072 2632 1177 2671 non
1205 2626 1285 2671 est
1309 2633 1512 2684 verum,
1543 2632 1755 2673 sensum
1778 2632 1896 2673 esse
1926 2634 2044 2686 pas-

461 2708 667 2763 sionem
706 2708 948 2776 corporis
968 2723 1075 2762 non
1097 2707 1347 2762 latentem
1366 2710 1629 2772 animam;
1651 2716 1740 2763 aut
1762 2724 1826 2763 eo
1862 2719 2041 2763 carent

459 2797 663 2861 bestiae,
678 2796 801 2867 quia
816 2798 1035 2853 scientia
1051 2806 1260 2853 carent:
1277 2811 1489 2853 sensum
1506 2806 1680 2853 autem
1700 2798 2041 2855 concedimus

458 2888 646 2944 bestiis
670 2907 683 2942 :
708 2889 951 2944 deﬁnitio
980 2904 1105 2957 ergo
1134 2890 1221 2943 illa
1252 2890 1442 2945 vitiosa
1473 2898 1572 2946 est.
1601 2890 1667 2945 E.
1694 2889 1889 2947 Fateor
1908 2892 2041 2950 nihil

458 2995 546 3034 me
564 2980 804 3039 invenire
827 2994 932 3049 quo
960 2980 1219 3034 resistam.

528 3069 618 3125 57.
645 3068 709 3122 A.
723 3069 918 3138 Accipe
941 3069 1081 3123 aliud
1106 3084 1212 3138 quo
1231 3070 1397 3140 magis
1418 3085 1514 3125 nos
1540 3070 1698 3140 hujus
1716 3070 2040 3129 deﬁnitionis

460 3160 672 3231 pudeat.
697 3159 829 3216 Nam
849 3161 1155 3227 meministi,
1183 3170 1239 3215 ut
1254 3162 1461 3230 Opinor,
1486 3163 1695 3218 tertium
1716 3162 2039 3219 deﬁnitionis

456 3252 644 3307 vitium
659 3253 753 3309 tibi
768 3253 1208 3319 demonstratum,
1224 3270 1327 3323 quo
1344 3270 1557 3324 prorsus
1572 3256 1703 3311 nihil
1714 3266 1796 3312 est
1810 3258 2035 3327 turpius;

458 3358 580 3400 cum
607 3358 674 3399 ex
703 3354 891 3400 neutra
912 3353 1061 3413 parte
1087 3360 1209 3400 vera
1236 3355 1335 3408 est,
1366 3347 1536 3415 qualis
1562 3355 1645 3401 est
1674 3347 1757 3399 illa
1782 3346 2033 3415 hominis,

456 3437 618 3495 homo
636 3447 723 3494 est
745 3438 939 3492 animal
962 3438 1263 3507 quadrupes
1297 3458 1309 3492 :
1340 3454 1459 3491 nam
1496 3440 1607 3493 sive
1632 3480 1644 3502 ,
1678 3440 1851 3495 omnis
1878 3441 2037 3497 homo

454 3531 648 3586 animal
673 3539 755 3585 est
781 3531 1119 3600 quadrupes;
1149 3530 1260 3585 sive
1282 3571 1297 3594 ,
1326 3547 1482 3585 omne
1510 3532 1706 3585 animal
1736 3533 2036 3602 quadrupes

456 3620 617 3677 homo
642 3630 761 3689 est,
789 3623 880 3693 qui
906 3622 1034 3677 dicit
1056 3631 1217 3691 atque
1247 3624 1513 3688 afﬁrmat,
1543 3625 1739 3678 insanit
1766 3626 2031 3693 profecto,

453 3710 499 3765 si
538 3726 643 3767 non
682 3712 913 3780 jocatur.
954 3710 1019 3765 E.
1054 3712 1250 3767 Verum
1286 3713 1437 3767 dicis.
1467 3712 1529 3766 A.
1572 3713 1743 3779 Quid?
1770 3716 1812 3767 si
1854 3716 1903 3767 in
1935 3715 2035 3770 hoc

450 3802 611 3857 etiam
640 3802 766 3857 vitio
806 3803 902 3857 ista
942 3813 1121 3857 nostra
1167 3803 1605 3871 deprehenditur,
1635 3814 1857 3874 putasne
1883 3807 2035 3875 quid-

452 3908 609 3963 quam
640 3894 808 3964 magis
833 3908 953 3948 esse
976 3893 1118 3963 quod
1143 3893 1211 3948 sit
1249 3895 1637 3964 cxplodendum
1665 3905 1824 3967 atque
1851 3907 2031 3953 exter-

452 3983 761 4038 minandum
782 3983 847 4038 de
863 3984 1077 4038 anima?
1103 3982 1171 4038 E.
1204 3984 1333 4049 Quis
1353 3985 1403 4039 id
1422 3988 1664 4042 recuset?
1685 3987 1787 4043 Sed
1810 3989 2027 4058 nollem,

450 4076 494 4129 si
522 4075 633 4131 ﬁeri
665 4084 858 4145 potest,
887 4077 1045 4130 etiam
1073 4076 1162 4141 hic
1190 4078 1387 4132 tamdiu
1410 4080 1656 4148 detineri,
1684 4090 1841 4153 atque
1867 4084 2033 4140 inter-

450 4168 831 4236 rogatiunculis
869 4168 1075 4237 agitari.
1110 4169 1173 4222 Α.
1201 4168 1340 4223 Nihil
1366 4179 1448 4226 est
1486 4172 1627 4243 quod
1656 4182 1858 4229 metuas
1882 4218 1894 4239 ,
1920 4177 2029 4246 jam

452 4258 593 4312 enim
619 4258 914 4314 confectum
956 4268 1039 4314 est
1064 4262 1327 4330 negotium
1363 4271 1474 4317 :an‘
1500 4265 1588 4325 tibi
1628 4268 1859 4322 nondum
1901 4286 2029 4340 per-

451 4363 665 4404 suasum
692 4358 774 4403 est
796 4391 811 4415 ,
844 4366 965 4405 cum
992 4352 1059 4406 de
1084 4350 1379 4408 differentia
1419 4354 1649 4412 ferarum
1674 4367 1730 4414 et
1755 4361 2025 4417 hominum

448 4450 715 4511 ageretur,
739 4444 882 4499 aliud
902 4460 1021 4500 esse
1049 4446 1245 4501 sentire
1263 4489 1278 4513 ,
1307 4448 1449 4503 aliud
1475 4450 1651 4505 scire?
1676 4450 1742 4505 E.
1777 4452 1888 4508 Imo
1916 4471 2030 4511 ma-

448 4533 612 4588 xime.
625 4534 689 4587 A.
709 4535 862 4590 Aliud
880 4552 1007 4608 ergo
1022 4554 1229 4604 sensus,
1246 4540 1388 4595 aliud
1405 4542 1644 4597 scientia.
1668 4543 1733 4596 E.
1757 4546 1830 4599 lta
1842 4555 1942 4601 est.
1959 4549 2021 4601 Α.

446 4623 562 4679 Νοη
583 4634 759 4681 autem
785 4627 1043 4684 sentimus
1066 4631 1290 4697 ratione,
1319 4632 1415 4688 sed
1433 4642 1524 4688 aut
1544 4635 1679 4702 visu,
1706 4646 1797 4691 aut
1822 4640 2020 4707 auditu,

442 4724 537 4772 aut
558 4717 755 4773 olfactu
776 4760 791 4785 ,
820 4729 910 4775 aut
938 4729 1145 4791 gustatu
1165 4764 1180 4789 ,
1209 4732 1299 4776 aut
1328 4732 1489 4777 tactu.
1522 4725 1585 4778 E.
1621 4727 1919 4782 Assentior.
1954 4730 2018 4783 A.

444 4808 510 4863 Et
536 4824 695 4867 omne
720 4812 860 4881 quod
887 4814 1113 4881 scimus,
1142 4816 1346 4871 ratione
1388 4819 1585 4872 scimus
1616 4838 1631 4875 :
1663 4821 1838 4875 nullus
1866 4823 2023 4892 igitur

443 4916 633 4957 sensus
675 4903 894 4958 scientia
935 4914 1038 4960 est.
1083 4906 1345 4976 Quidquid
1389 4917 1565 4963 autem
1612 4926 1717 4965 non
1757 4912 1922 4977 latet,
1955 4914 2021 4968 ad

442 4994 720 5049 scientiam
746 4995 979 5065 pertinet
1005 5015 1015 5048 :
1044 4997 1110 5050 ad
1150 4998 1355 5051 nullum
1386 5014 1513 5069 ergo
1552 5015 1765 5056 sensum
1794 5004 2025 5072 pertinet

441 5098 546 5138 non
566 5084 752 5153 latere,
777 5096 829 5141 ut
848 5088 1024 5150 nullus
1049 5087 1209 5143 homo
1224 5090 1524 5160 quadrupes
1545 5101 1686 5147 recte
1702 5092 1803 5147 dici
1821 5104 2016 5164 potest.

440 5176 794 5242 Quamobrem
831 5179 930 5233 ista
970 5188 1147 5234 nostra
1188 5179 1427 5235 deﬁnitio
1472 5193 1717 5252 suscepta
1756 5194 1840 5239 tua
1864 5227 1879 5251 ,
1911 5204 2019 5245 non

439 5270 612 5323 solum
638 5270 840 5327 alienos
885 5271 1143 5327 terminos
1183 5273 1439 5328 invasisse
1459 5316 1472 5340 ,
1512 5291 1682 5345 neque
1711 5278 1906 5347 aliquid
1936 5280 2017 5334 sui

437 5358 568 5425 juris
595 5360 902 5431 reliquisse,
934 5361 1027 5419 sed
1057 5363 1185 5419 nihil
1210 5364 1425 5418 omnino
1451 5364 1697 5421 habuisse
1722 5370 2013 5438 proprium,

440 5458 716 5521 totumque
761 5456 994 5513 alienum
1036 5472 1323 5527 occupasse
1362 5460 1599 5515 convicta
1646 5470 1745 5516 est.
1781 5462 1845 5517 E.
1878 5464 2017 5531 Quid

437 5554 568 5610 ergo
606 5546 863 5613 agemus?
889 5548 1180 5605 Patierisne
1221 5550 1365 5605 illam
1403 5550 1470 5606 de
1504 5546 1702 5621 judicio
1743 5556 1812 5609 ita
1840 5555 2013 5613 disce-

436 5632 599 5715 dere?
624 5632 934 5706 Quanquam
977 5639 1120 5694 enim
1164 5654 1271 5711 ego
1304 5641 1352 5696 ei
1400 5641 1758 5699 defensionem
1805 5648 2014 5715 qualem

436 5710 581 5791 potui
601 5725 943 5797 przebuerim,
969 5740 1022 5785 tu
1046 5710 1223 5789 tamen
1250 5732 1417 5804 ipsam
1444 5734 1549 5791 litis
1573 5710 1867 5807 formulam,
1895 5756 2014 5810 qua:

1388 316 1477 371 DE
1516 312 1958 385 QUANTITATE
1996 305 2250 380 ᾹΝῙΜίΕ,
2294 314 2349 370 S.
2393 315 2755 373 AUGUSTINI

3607 327 3746 387 1088

2162 442 2260 481 nos
2280 424 2508 499 decepit,
2534 431 2899 499 composuisti.
2930 432 2998 487 Et
3025 440 3122 504 ego
3148 435 3358 506 quidem
3380 441 3589 496 tametsi
3609 445 3746 499 obti-

2159 535 2287 575 nere
2314 536 2421 575 non
2442 522 2623 591 potui,
2649 522 2783 576 bona
2809 522 2912 577 ﬁde
2936 523 3115 591 adfui,
3143 527 3283 597 quod
3305 529 3435 583 mihi
3464 532 3595 589 satis
3620 536 3702 589 est
3726 553 3741 589 :

2160 620 2214 665 tu
2234 628 2360 668 vero
2379 614 2422 668 si
2446 614 2899 684 praevaricationis
2920 614 3157 688 arguaris
3175 659 3191 685 ,
3220 622 3345 690 quid
3369 621 3549 689 facias,
3581 640 3609 678 a
3637 624 3745 697 quo

2158 712 2211 758 et
2237 706 2487 773 producta
2511 713 2592 761 est
2620 715 2677 762 ut
2695 706 2931 778 jurgaret
2956 709 3217 767 audenter
3236 752 3253 779 ,
3283 723 3339 767 et
3367 726 3661 786 oppugnata
3689 728 3747 772 ut

2159 797 2383 865 turpiter
2410 798 2661 854 cederet?
2703 798 2765 853 Α.
2798 799 3183 871 Numquidnam
3224 813 3305 859 est
3343 806 3429 861 hic
3464 808 3745 879 quisquam

2151 886 2309 957 judex
2329 930 2344 956 ,
2387 906 2415 943 a
2445 905 2550 961 quo
2594 888 2717 946 huic
2741 892 2821 947 vel
2856 891 2984 947 mihi
3026 895 3370 950 metuendum
3412 899 3520 952 sit?
3549 899 3662 969 Ego
3690 910 3746 956 te

2156 977 2399 1049 privatim
2448 984 2596 1052 quasi
2642 982 2906 1039 adhibitus
2949 985 3397 1058 iurisconsultus,
3449 993 3746 1054 instruendi

2155 1087 2310 1126 causa
2329 1074 2571 1130 refellere
2588 1077 2747 1141 volui,
2767 1072 2824 1132 ut
2838 1092 2956 1133 cum
2976 1079 3040 1134 ad
3053 1080 3309 1150 judicium
3327 1084 3541 1140 ventum
3558 1086 3742 1157 fuerit,

2154 1174 2372 1234 paratus
2400 1168 2639 1222 assistas.

2225 1260 2312 1314 58.
2357 1259 2422 1314 E.
2470 1261 2564 1315 Est
2606 1275 2730 1332 ergo
2770 1262 2964 1333 aliquid
3004 1258 3147 1337 quod
3188 1260 3285 1338 pro
3324 1258 3421 1324 ista
3464 1272 3741 1344 proferas,

2153 1360 2311 1422 Quam
2342 1352 2469 1407 mihi
2520 1354 2899 1410 invalidissimo
2930 1356 3130 1413 temere
3158 1354 3539 1419 defendendam
3583 1358 3743 1421 tuen-

2153 1444 2381 1514 damque
2406 1447 2793 1502 commendas?
2821 1448 2881 1501 Α.
2917 1449 3012 1504 Est
3041 1462 3203 1507 certe.

2152 1533 2381 1592 CAPUT
2418 1537 2589 1594 XXX.
2609 1572 2677 1581 —
2699 1541 2883 1595 Anima
2902 1559 3017 1613 quin
3034 1544 3214 1614 ubique
3232 1547 3409 1600 sentiat
3435 1546 3488 1602 in
3508 1564 3736 1620 corpore,

2366 1645 2465 1682 non
2490 1630 2675 1684 idcirco
2703 1641 2775 1685 est
2805 1646 2893 1701 per
2923 1642 3080 1688 totum
3105 1652 3289 1706 corpus
3317 1638 3524 1705 (ii/fusa.

2222 1714 2289 1771 E.
2330 1720 2590 1786 Quidnam
2631 1722 2683 1777 id
2726 1733 2836 1791 est,
2868 1725 3137 1781 obsecro?
3176 1720 3241 1781 Α.
3275 1729 3406 1797 Quia
3437 1740 3739 1802 quanquam

2152 1809 2223 1863 sit
2242 1810 2383 1865 aliud
2412 1827 2621 1878 sensus,
2650 1815 2790 1869 aliud
2820 1817 3060 1885 scientia,
3089 1818 3215 1874 illud
3240 1814 3414 1878 tamen
3440 1840 3543 1879 non
3572 1826 3740 1882 latere

2153 1899 2361 1970 utrique
2388 1917 2669 1960 commune
2685 1915 2796 1973 est;
2826 1916 2883 1962 ut
2903 1906 3000 1977 ipsi
3023 1909 3225 1966 homini
3251 1921 3304 1968 et
3324 1914 3529 1982 beatius,
3551 1930 3739 1987 quam-

2151 1996 2230 2047 vis
2256 1994 2535 2062 plurimum
2567 1997 2847 2067 differant,
2876 2003 3069 2056 animal
3112 2013 3285 2060 tamen
3312 2022 3430 2063 esse
3453 2024 3739 2065 commune

2150 2093 2253 2138 est.
2277 2084 2389 2140 Non
2424 2087 2550 2142 latet
2576 2091 2717 2144 enim
2744 2093 2995 2163 quidquid
3016 2096 3207 2151 anima:
3230 2110 3468 2169 apparet,
3498 2101 3609 2157 sive
3641 2117 3740 2171 per

2152 2178 2587 2243 temperationem
2618 2183 2857 2251 corporis
2891 2184 2908 2215 ¹
2929 2226 2944 2251 ,
2976 2186 3088 2242 sive
3125 2201 3221 2255 per
3246 2189 3603 2259 intelligentia!
3630 2202 3739 2263 pu-

2150 2260 2388 2333 ritatem;
2419 2279 2577 2340 atque
2605 2271 2731 2327 illud
2762 2275 2988 2343 primum
3022 2291 3207 2333 sensus
3228 2321 3242 2345 ,
3274 2280 3375 2334 hoc
3400 2289 3575 2336 autem
3602 2283 3740 2338 alte-

2150 2372 2266 2413 rum
2294 2360 2513 2416 scientia
2540 2365 2636 2417 sibi
2682 2367 2983 2422 vindicavit.
3026 2369 3092 2422 Ε.
3133 2371 3309 2427 Manet
3335 2389 3460 2444 ergo
3488 2370 3573 2428 illa
3601 2376 3739 2429 deﬁ-

2149 2450 2280 2505 nitio
2325 2461 2433 2507 tuta
2482 2462 2536 2509 et
2580 2458 2838 2526 probata?
2882 2461 2947 2513 A.
2996 2462 3171 2519 Manet
3211 2478 3357 2520 vero.
3398 2466 3464 2520 E.
3512 2458 3736 2522 Ubinam

2148 2546 2275 2610 ergo
2296 2542 2551 2613 deceptus
2577 2549 2728 2603 sum?
2756 2548 2820 2603 A.
2855 2548 2954 2605 Ubi
2982 2554 3181 2622 rogavi,
3214 2564 3387 2609 utrum
3415 2573 3571 2612 omne
3591 2558 3735 2628 quod

2148 2645 2253 2685 non
2295 2630 2455 2695 latet,
2490 2636 2687 2691 sciatur
2719 2654 2733 2690 :
2765 2647 2821 2693 tu
2870 2643 3009 2695 enim
3055 2642 3177 2697 huic
3220 2647 3478 2714 rogationi
3528 2656 3733 2702 temere

2148 2736 2396 2779 assensus
2410 2740 2488 2779 es.
2519 2726 2583 2779 E.
2612 2726 2744 2784 Nam
2766 2732 2888 2799 quid
2909 2735 3070 2787 velles
3094 2736 3363 2791 dicerem?
3381 2739 3443 2790 Α.
3466 2739 3579 2793 Non
3603 2757 3735 2796 con-

2148 2813 2293 2868 tinuo
2318 2830 2437 2871 esse
2465 2819 2741 2874 scientiam
2771 2824 2814 2875 si
2855 2826 2977 2893 quid
3009 2842 3115 2881 non
3141 2828 3295 2895 latet,
3327 2832 3416 2885 sed
3444 2830 3487 2885 'si
3518 2840 3612 2901 per
3640 2848 3734 2890 ra-

2148 2904 2344 2959 tionem
2384 2924 2489 2962 non
2529 2909 2657 2965 latet
2686 2929 2698 2962 :
2729 2929 2849 2967 cum
2880 2926 3055 2971 autem
3088 2932 3180 2988 per
3207 2935 3402 2989 corpus
3428 2940 3530 2979 non
3559 2924 3732 2997 lalet’,

2145 3009 2360 3050 sensum
2374 3001 2571 3063 vocari,
2587 3003 2629 3055 si
2647 3018 2741 3071 per
2753 3005 2827 3059 sei
2834 3021 2979 3075 psam
2995 3023 3098 3063 non
3113 3008 3519 3081 lateatcorporis
3530 3016 3730 3084 passio.

2145 3086 2228 3139 An
2249 3087 2460 3156 ignoras
2493 3092 2805 3159 quibusdam
2840 3096 3168 3169 philosophis
3189 3110 3243 3155 et
3266 3106 3526 3171 peracutis
3558 3107 3733 3163 visum

2145 3192 2285 3243 esse,
2308 3196 2372 3233 ne
2388 3180 2615 3251 idipsum
2638 3186 2848 3254 quidem
2868 3190 3009 3259 quod
3038 3202 3218 3247 mente
3238 3196 3728 3269 comprehenditur,

2143 3268 2209 3322 ad
2230 3285 2423 3326 nomen
2449 3275 2687 3343 aspirare
2716 3278 2953 3334 scientiae
2972 3320 2989 3347 ,
3030 3284 3129 3337 nisi
3170 3294 3275 3339 tam
3298 3286 3447 3341 ﬁrma
3477 3304 3730 3363 compre-

2144 3358 2331 3415 hensio
2347 3363 2449 3431 sit,
2472 3374 2529 3420 ut
2550 3367 2617 3421 ab
2630 3383 2692 3423 ea
2710 3384 2860 3424 meus
2876 3374 3018 3428 nulla
3034 3376 3239 3433 ratione
3249 3389 3405 3448 queat
3429 3358 3688 3439 dimov—eri
3705 3385 3734 3440 τ

2213 3453 2301 3510 59.
2342 3454 2410 3509 Ε.
2452 3459 2670 3529 Accipio
2685 3461 2784 3517 ista
2807 3465 3252 3534 gratissime:sed
3274 3466 3456 3541 quaeso
3476 3476 3728 3543 quoniam

2142 3544 2267 3612 quid
2290 3546 2360 3600 sit
2384 3562 2605 3618 sensus,
2634 3553 2978 3613 subtilissime
3010 3566 3264 3628 quantum
3302 3564 3531 3620 arbitror
3556 3568 3729 3639 expli-

2142 3644 2319 3691 catum
2344 3648 2426 3695 est
2442 3682 2459 3709 ,
2487 3643 2779 3701 referamus
2799 3662 2897 3703 nos
2921 3649 2985 3703 ad
3027 3650 3169 3706 illam
3195 3655 3540 3724 quaestionem
3561 3700 3577 3725 ,
3598 3670 3727 3728 pro-

2140 3736 2261 3796 pter
2278 3745 2434 3800 quam
2460 3734 2829 3804 explicandum
2857 3737 2959 3795 hoc
2983 3756 3403 3814 susceperamus.
3428 3749 3725 3806 Attuleram

2141 3817 2283 3871 enim
2306 3834 2403 3889 ego
2419 3835 2811 3892 argumentum,
2833 3843 2938 3899 quo
2968 3840 3166 3886 tantam
3190 3835 3466 3903 probarem
3489 3839 3724 3895 animam

2139 3924 2260 3965 esse
2281 3952 2297 3977 ,
2328 3922 2581 3981 quantum
2608 3916 2720 3987 ejus
2746 3928 2829 3973 est
2851 3935 3043 3992 corpus
3062 3962 3078 3987 ,
3105 3938 3169 3978 eo
3194 3926 3337 3995 quod
3366 3924 3663 3997 tangentem
3691 3946 3724 3985 a

2139 4003 2311 4072 capite
2336 4020 2500 4075 usque
2528 4008 2593 4062 ad
2623 4008 2772 4078 pedis
2802 4021 3096 4068 extremum
3125 4017 3371 4085 pollicem
3399 4022 3557 4076 sentit
3584 4038 3723 4092 qua-

2138 4109 2453 4163 quaversum
2475 4101 2737 4170 tetigeris;
2756 4112 2911 4173 atque
2932 4105 3053 4161 inde
3070 4107 3134 4161 ad
3153 4124 3341 4165 sensus
3356 4102 3720 4169 definitionem

2138 4200 2406 4242 morarum
2451 4190 2848 4260 plenissimam,
2890 4197 2985 4252 sed
3034 4198 3166 4254 forte
3210 4202 3512 4257 necessario
3557 4192 3721 4260 delati

2137 4291 2339 4333 sumus.
2363 4276 2542 4350 itaque
2559 4282 2730 4352 ipsum
2756 4284 2982 4340 fructum
3008 4291 3137 4343 tanti
3158 4293 3333 4359 operis
3346 4294 3454 4362 jam
3471 4295 3716 4362 ostende,

2134 4367 2179 4423 si
2198 4369 2389 4437 placet.
2408 4371 2472 4425 Α.
2495 4374 2839 4442 Estonmino,
2862 4388 3020 4449 atque
3045 4382 3377 4451 uberrimus;
3401 4401 3519 4440 nam
3545 4394 3717 4445 totum’

2133 4461 2276 4530 quod
2301 4465 2704 4533 quaerebamus,
2734 4469 2982 4526 effectum
3012 4481 3113 4528 est.
3159 4475 3216 4530 Si
3243 4478 3383 4531 enim
3415 4494 3604 4536 sensus
3636 4491 3721 4538 est

2132 4553 2371 4623 corporis
2397 4557 2571 4625 passio
2599 4575 2692 4628 per
2716 4562 2942 4631 seipsam
2971 4580 3076 4619 non
3100 4566 3272 4622 latens
3297 4568 3549 4638 animam,
3572 4573 3715 4642 quod
3786 4642 3787 4645 η

2134 4651 2192 4697 ut
2216 4645 2515 4703 ﬁrmissime
2546 4659 2868 4720 teneremus,
2899 4656 3095 4711 diutius
3125 4674 3282 4728 quam
3310 4662 3473 4718 velles
3502 4677 3710 4719 sermoa
3784 4682 3785 4685 ‘

2131 4738 2291 4793 cinati
2316 4756 2532 4809 sumus;
2560 4746 2919 4801 meministine
2942 4749 3154 4804 tandem
3179 4768 3274 4806 nos
3294 4753 3621 4823 comperisse
3640 4756 3713 4811 ibi

2130 4831 2328 4885 sentire
2357 4832 2540 4887 oculos
2568 4834 2653 4889 ubi
2682 4852 2788 4889 non
2816 4846 2969 4903 sunt,
3016 4841 3101 4895 vel
3133 4844 3305 4909 potius
3345 4843 3415 4899 ibi
3447 4842 3597 4913 pati?
3646 4846 3709 4901 Ε.

2128 4919 2361 4975 Memini.
2392 4923 2455 4976 A.
2489 4925 2660 4979 Etiam
2690 4927 2816 4981 illud
2846 4922 3058 4995 dedisti,
3090 4932 3192 4986 nisi
3220 4932 3389 5001 fallor,
3422 4951 3520 4991 nec
3550 4926 3711 4994 modo

2128 5013 2335 5068 dubitas
2364 5014 2594 5069 dandum
2625 5016 2822 5086 fuisse,
2868 5022 3097 5075 animam
3138 5026 3305 5079 multo
3339 5028 3496 5097 quam
3536 5035 3709 5085 totum

2126 5118 2319 5174 corpus
2346 5116 2458 5172 est,
2501 5122 2621 5164 esse
2649 5112 2919 5167 meliorem
2950 5127 3013 5169 ac
3050 5117 3424 5186 potentiorem.
3465 5118 3531 5172 Ε.
3573 5114 3712 5176 Hinc

2126 5212 2254 5253 vero
2269 5198 2512 5254 dubitare
2537 5199 2795 5256 nefarium
2820 5213 2968 5273 puto.
2998 5204 3063 5259 Α.
3092 5208 3224 5277 Age,
3258 5208 3302 5262 si
3321 5223 3512 5278 corpus
3533 5218 3711 5279 potest

2127 5288 2197 5343 ibi
2226 5290 2333 5359 pati
2371 5290 2570 5360 aliquid
2608 5293 2697 5348 ubi
2739 5309 2843 5348 non
2884 5304 3000 5363 est,
3030 5306 3246 5368 propter
3271 5300 3553 5370 quamdam
3583 5292 3723 5359 cum“:

2124 5381 2299 5435 anima
2341 5383 2912 5453 contemperationem,
2960 5388 3103 5457 quod
3144 5390 3311 5446 oculis
3349 5391 3400 5445 in
3436 5394 3707 5449 cernendo

2125 5472 2367 5528 accidere
2395 5473 2667 5530 inventum
2712 5484 2826 5541 est;
2858 5478 3061 5535 adeone
3103 5482 3333 5537 animam
3376 5488 3611 5541 erassam
3648 5495 3707 5544 et

2125 5562 2326 5633 pigram
2347 5573 2613 5634 putamus,
2637 5562 2734 5637 per
2758 5582 2914 5639 quam
2944 5571 3043 5640 ipsi
3071 5562 3213 5627 oculi
3237 5564 3437 5632 tantum
3457 5580 3700 5649 possunt;

2186 5690 2218 5763 ξ.
2372 5695 2443 5737 Er.
2472 5698 2521 5739 et
2552 5698 2702 5763 μυξη.
2722 5707 2807 5763 per
2836 5696 3207 5763 temperantiam
3236 5690 3465 5763 cor'pous.
3502 5709 3558 5753 At
3594 5710 3701 5757 MSS.

2122 5749 2252 5800 nullo
2274 5750 2382 5802 fere
2398 5761 2609 5815 excepto
2630 5749 2822 5819 habent,
2846 5749 2943 5820 μετ’
2956 5749 3356 5823 mutauerit.
