4096 6368
358 395 379 449 l
389 394 490 450 069

354 492 409 559 ut
434 498 546 558 eam
578 500 736 555 lateat
762 492 999 567 cerporis
1031 478 1239 566 passio,
1274 492 1320 550 si
1366 488 1468 549 non
1501 494 1567 548 ibi
1595 494 1806 563 jaceat,
1836 492 1923 547 ubi

356 594 527 666 passio
550 595 660 662 ipsa
685 590 982 666 contingit?

418 678 503 742 60.
556 682 619 737 E.
668 664 888 738 Mdltum
932 676 1018 736 me
1064 664 1237 735 movet
1283 680 1381 735 ista
1410 670 1714 746 conclusio,
1760 686 1814 733 et
1853 679 1922 731 ita

351 774 567 834 multum
596 770 652 829 ut
680 758 898 828 omnino
927 752 1202 844 stupeam,
1244 780 1297 825 ct
1345 788 1449 825 non
1481 758 1651 825 solum
1680 770 1803 842 quid
1835 786 1923 823 rc-

350 856 633 940 spondeam
654 908 669 934 ,
698 860 791 921 sed
820 848 1033 935 prorsus
1068 848 1155 918 ubi
1193 865 1293 918 sim
1334 880 1436 917 non
1474 863 1759 917 inveniam.
1789 861 1922 929 Quid

348 964 483 1020 enim
513 958 723 1015 dicam?
750 948 964 1035 sensum
1004 944 1107 1011 non
1140 972 1289 1022 esse,
1322 946 1440 1010 eum
1484 956 1723 1023 corporis
1750 942 1923 1023 passio

349 1071 440 1125 per
459 1054 685 1122 seipsam
714 1042 819 1105 non
844 1048 971 1103 latet
994 1040 1258 1102 animam?
1281 1046 1407 1116 quid
1435 1046 1536 1100 erit
1563 1043 1724 1112 aliud,
1757 1046 1801 1101 si
1826 1044 1925 1099 hoc

348 1163 446 1201 non
476 1145 593 1200 est?
624 1130 818 1199 oculos
844 1136 973 1196 nihil
1005 1142 1107 1210 pati
1146 1156 1266 1195 cum
1296 1139 1573 1193 videmus?
1602 1128 1922 1221 absurdissi-

346 1256 484 1294 mum
525 1247 626 1293 est.
674 1237 777 1290 Eos
811 1234 879 1309 ibi
921 1218 1025 1304 pati
1062 1218 1149 1287 ubi
1190 1232 1350 1287 sunt?
1383 1242 1437 1285 at
1476 1230 1677 1299 seipsos
1717 1246 1820 1283 non
1849 1218 1925 1303 vi-

346 1324 461 1383 dent
486 1330 525 1396 ¹,
544 1324 640 1382 nec
655 1327 740 1381 ubi
759 1335 881 1379 sunt
897 1324 1179 1394 quidquam
1193 1332 1273 1377 est
1293 1318 1482 1391 praeter
1498 1322 1658 1391 ipsos.
1676 1310 1787 1396 Non
1807 1335 1924 1395 esse

344 1412 507 1475 oculis
536 1410 767 1474 animam
802 1408 1185 1489 potentiorem,
1218 1432 1337 1470 cum
1369 1406 1569 1491 eadem
1594 1414 1662 1468 sit
1702 1394 1923 1487 istorum

345 1506 611 1585 potentia?
634 1496 765 1567 nihil
792 1522 869 1591 est
897 1498 1225 1591 dementius,
1253 1496 1329 1562 An
1378 1502 1475 1563 hoc
1512 1507 1790 1562 dicendum
1821 1494 1920 1585 est,

345 1598 605 1681 poieiitius
632 1590 749 1683 ‘es‘é‘e
778 1582 849 1664 ibi
878 1588 1002 1678 pali,
1033 1605 1118 1659 ubi
1147 1588 1374 1674 quidque
1402 1604 1489 1670 sit,
1520 1619 1677 1673 quam
1706 1602 1795 1655 ubi
1820 1616 1922 1655 non

342 1690 440 1759 sit?
488 1696 581 1759 sed
630 1690 673 1756 si
721 1688 823 1754 hoc
863 1696 1042 1753 verum
1086 1709 1367 1761 esset,non
1409 1704 1549 1749 esset
1594 1694 1925 1764 praestantior

342 1784 484 1852 visus
509 1786 715 1850 eteteris
738 1780 1000 1848 sensibus.
1038 1790 1097 1843 Α.
1130 1788 1266 1856 Quid
1297 1788 1435 1859 quod
1468 1789 1626 1842 ictum
1654 1787 1920 1855 aliquem,

341 1890 418 1943 vel
457 1874 697 1941 incidens
727 1872 1026 1954 quidpiam,
1060 1880 1142 1935 vel
1188 1879 1425 1934 humoris
1474 1876 1922 1948 perturbationem

340 1994 456 2033 cum
492 1977 564 2031 ibi
596 1964 857 2045 patiantur
887 1972 1023 2026 oculi
1056 1971 1141 2024 ubi
1172 1958 1323 2033 sunt;
1357 1964 1527 2039 neque
1564 1966 1664 2022 hoc
1694 1967 1923 2021 animam

340 2060 504 2135 latet,
536 2064 635 2121 nec
673 2056 771 2119 ista
818 2062 990 2134 passio
1017 2044 1195 2124 visus,
1247 2058 1339 2115 sed
1378 2070 1545 2114 tactus
1575 2067 1829 2113 vocatur:
1870 2068 1926 2113 et

342 2156 516 2218 tamen
546 2159 665 2213 talia
703 2156 809 2227 pati
838 2154 1025 2209 oculus
1058 2144 1235 2223 posset
1263 2152 1421 2208 etiam
1452 2152 1504 2205 iu
1536 2148 1782 2207 exanimo
1809 2164 1927 2203 eor-

339 2268 466 2323 pore
489 2293 503 2317 ,
538 2244 775 2318 quamvis
806 2246 1014 2323 deesset
1043 2240 1214 2297 anima
1242 2286 1254 2307 ,
1293 2232 1447 2312 quani
1493 2240 1671 2311 passio
1701 2255 1807 2294 non
1851 2239 1925 2292 la-

343 2352 517 2407 teret;
547 2336 673 2395 illud
702 2348 876 2393 autem
905 2335 1045 2405 quod
1083 2336 1185 2402 pati
1226 2350 1330 2387 non
1364 2342 1535 2403 potest
1572 2331 1756 2387 oculus
1776 2370 1793 2397 ,
1823 2329 1925 2383 nisi

341 2435 478 2490 adsit
504 2424 708 2499 anima,
737 2431 790 2486 id
820 2426 900 2484 est
940 2430 1079 2498 quod
1109 2425 1336 2481 videndo
1370 2414 1593 2495 patitur,
1628 2424 1727 2478 hoc
1756 2422 1925 2477 solum

340 2525 407 2582 ibi
440 2524 671 2595 patitur,
706 2520 793 2577 ubi
838 2537 941 2575 non
974 2517 1087 2574 est?
1131 2514 1211 2572 Ex
1244 2534 1347 2587 quo
1386 2516 1471 2571 cui
1518 2534 1621 2570 non
1655 2514 1923 2579 videatur,

340 2619 489 2673 nullo
516 2617 633 2671 loco
663 2606 891 2669 animam
922 2608 1222 2666 contineri?
1249 2608 1521 2679 Siquidem
1553 2602 1754 2671 oculus,
1787 2598 1925 2676 quod

340 2704 419 2765 est
435 2704 658 2776 corpus,
686 2704 735 2761 id
767 2712 965 2757 tantum
995 2718 1099 2756 non
1122 2700 1240 2755 loco
1267 2715 1363 2754 suo
1389 2692 1605 2769 patitur,
1634 2697 1774 2767 quad
1795 2713 1929 2750 nun-

342 2817 501 2873 quam
533 2794 648 2853 sine
675 2797 847 2851 anima
880 2788 1167 2865 pateretur.
1704 2856 1711 2863 ι

409 2892 503 2947 61.
550 2890 614 2943 Ε.
648 2884 783 2955 Quid
814 2886 971 2957 igitur
998 2876 1188 2940 faciam
1210 2924 1224 2949 ,
1254 2897 1435 2951 qumso
1477 2880 1565 2936 te?
1601 2870 1787 2935 Nonne
1816 2878 1931 2932 istis

344 2980 639 3041 rationibus
665 2980 852 3034 confici
882 2976 1082 3046 potest,
1112 2974 1316 3028 animas
1360 2980 1569 3024 nostras
1595 2988 1697 3025 non
1730 2984 1848 3025 esse
1875 2966 1927 3025 in

343 3070 693 3145 corporibus?
721 3066 859 3139 quod
896 3069 938 3123 si
985 3064 1054 3120 ita
1097 3074 1206 3131 est,
1243 3077 1421 3117 nonne
1451 3058 1537 3115 ubi
1579 3061 1676 3115 sim
1714 3059 1934 3115 nescio?

342 3168 474 3235 Quis
505 3166 646 3220 enim
680 3161 807 3216 mihi
834 3146 1006 3231 eripit,
1037 3157 1176 3228 quod
1201 3154 1299 3227 ego
1332 3156 1447 3224 ipse
1472 3155 1644 3206 anima
1676 3151 1826 3206 sum?
1865 3150 1926 3203 Α.

340 3257 415 3314 Ne
450 3254 790 3326 perturbere,
826 3267 889 3307 ac
916 3248 1084 3319 magis
1120 3248 1260 3303 bono
1293 3244 1474 3301 animo
1510 3240 1665 3299 facito
1705 3245 1795 3297 sis.
1829 3241 1932 3297 Ista

343 3348 489 3405 enim
533 3344 781 3415 cogitatio
823 3350 876 3399 et
922 3336 1274 3397 consideratio
1318 3338 1387 3393 ad
1438 3332 1794 3404 nounetipsos
1833 3350 1931 3388 nos

342 3439 553 3502 invitat,
578 3447 630 3492 et
651 3432 905 3506 quantum
928 3434 1051 3488 licet
1067 3428 1250 3485 aVeUit
1266 3444 1298 3484 a
1317 3442 1559 3499 corpore.
1585 3424 1734 3493 Quod
1756 3436 1931 3479 autem

345 3532 435 3586 tibi
465 3528 639 3583 visum
665 3536 778 3593 est,
813 3543 915 3580 non
947 3539 1063 3579 esse
1101 3520 1335 3577 animam
1364 3522 1416 3575 in
1463 3508 1684 3591 corpore
1713 3516 1934 3570 viventis

343 3620 632 3677 animantis
656 3660 670 3684 ,
700 3626 996 3687 quanquam
1022 3613 1265 3669 videatur
1290 3610 1592 3674 absurdum,
1627 3625 1727 3661 non
1759 3616 1933 3660 tamen

344 3711 641 3769 doctissimi
674 3710 947 3771 homines,
979 3707 1172 3776 quibus
1201 3706 1253 3761 id
1283 3692 1566 3774 placuerit,
1614 3698 1931 3765 defuerunt,

344 3816 524 3873 neque
554 3814 692 3855 nunc
730 3799 958 3853 arbitror
992 3797 1182 3852 deesse
1210 3813 1224 3849 :
1259 3796 1383 3861 sed,
1422 3803 1478 3847 ut
1509 3795 1620 3862 ipse
1652 3791 1931 3860 intelligis,

344 3912 431 3951 res
465 3903 548 3948 est
586 3891 966 3955 subtilissima,
998 3897 1051 3944 et
1092 3890 1157 3942 ad
1196 3904 1351 3957 quam
1393 3886 1711 3941 cernendam
1745 3885 1935 3938 mentis

345 3988 496 4042 acies
536 3986 665 4038 satis
709 3982 979 4052 purganda
1018 3988 1117 4081 est.
1153 3979 1303 4033 Nune
1340 3978 1552 4031 attende
1599 3978 1772 4044 potius
1812 3976 1935 4045 quid

344 4076 494 4133 aliud
520 4074 713 4129 afferas
734 4114 749 4137 ,
780 4088 883 4141 quo
922 4067 1204 4125 conﬁncas
1246 4069 1476 4122 animam
1508 4069 1589 4121 vel
1622 4068 1827 4135 longam
1856 4067 1936 4121 vel

346 4170 511 4223 latam
535 4181 677 4230 esse,
704 4165 787 4217 vel
808 4163 933 4232 quid
957 4160 1215 4231 ejusmodi
1241 4177 1253 4212 :
1279 4174 1400 4212 nam
1424 4159 1548 4212 illud
1570 4166 1937 4225 argumentum

346 4271 501 4315 tuum
542 4256 610 4311 de
643 4254 889 4323 tangendi
930 4268 1087 4307 sensu
1109 4294 1122 4317 ,
1156 4251 1321 4305 sentis
1362 4266 1465 4304 non
1506 4250 1765 4319 attingere
1796 4248 1935 4303 veri-

351 4361 552 4415 tatem,
586 4362 687 4403 nec
709 4347 889 4401 valere
931 4344 1128 4414 aliquid
1151 4387 1165 4411 ,
1200 4352 1255 4398 ut
1278 4359 1393 4398 eam
1425 4358 1519 4413 per
1550 4351 1716 4396 totum
1746 4356 1937 4411 corpus

350 4452 604 4512 tanquam
624 4440 931 4508 sanguinem
949 4436 1186 4491 diffusam
1206 4451 1322 4490 esse
1342 4435 1646 4488 convincat:
1664 4435 1811 4487 autsi
1828 4434 1937 4503 jam

349 4532 497 4604 quod
526 4530 716 4585 afferas
742 4530 869 4583 nihil
901 4529 1085 4592 habes,
1116 4528 1386 4581 videamus
1412 4541 1529 4595 quae
1559 4532 1778 4580 restant.

350 4622 581 4681 CAPUT
608 4619 888 4675 XXXl.—-
917 4619 1186 4674 Vermiculi
1201 4619 1318 4673 secti
1350 4627 1515 4688 partes
1544 4628 1819 4671 "tenentur.
1860 4616 1938 4668 An

430 4724 784 4786 argumentum
808 4716 872 4767 sit
900 4714 1082 4767 anima:
1107 4730 1195 4781 per
1222 4721 1378 4764 totum
1404 4725 1587 4779 corpus
1616 4719 1850 4763 extensw.

426 4808 515 4864 62.
540 4806 606 4860 E.
628 4805 768 4861 Nihil
792 4805 1040 4860 haberem
1067 4803 1307 4867 fortasse,
1326 4803 1426 4857 nisi
1448 4802 1755 4857 recordarer
1774 4817 1940 4872 quan-

355 4913 468 4957 tum
488 4900 636 4968 pueri
657 4898 835 4952 mirari
851 4897 1143 4952 soleremus
1163 4896 1473 4965 palpitantes
1489 4896 1802 4950 lacertarum
1823 4911 1940 4949 cau-

351 4993 454 5048 das
491 4997 788 5060 amputatas
814 5004 845 5042 a
874 4997 1067 5042 caetero
1105 5002 1357 5055 corpore;
1389 5002 1543 5055 quem
1584 4997 1785 5042 motum
1825 4989 1939 5043 sine

352 5083 537 5140 anima
565 5081 677 5136 ﬁeri
706 5081 853 5136 nullo
877 5079 1037 5135 modo
1063 5079 1194 5134 mihi
1221 5079 1543 5150 persuadere
1571 5094 1819 5149 possum:
1846 5096 1938 5135 ne-

353 5189 462 5245 que
482 5188 586 5244 quo
607 5181 761 5242 pacto
784 5172 893 5238 fiat,
915 5179 971 5225 ut
987 5171 1185 5225 nullum
1207 5170 1274 5223 sit
1293 5170 1482 5224 anima:
1503 5172 1751 5240 spatium,
1769 5186 1940 5241 quan-

356 5265 428 5321 do
460 5262 671 5334 prmcidi
714 5264 869 5318 etiam
908 5277 1030 5316 cum
1070 5276 1291 5331 corpore
1340 5270 1541 5329 potest,
1570 5261 1824 5332 intelligo.
1872 5262 1935 5317 A.

358 5357 578 5413 Possem
598 5356 920 5428 respondere
943 5371 1123 5412 aerem
1146 5364 1199 5410 et
1219 5355 1415 5425 ignem,
1440 5370 1557 5424 quae
1581 5354 1687 5409 duo
1711 5371 1804 5425 per
1829 5356 1942 5409 ani-

358 5465 464 5504 mae
495 5449 823 5527 pnesentiam
854 5456 1096 5502 tenentur
1117 5448 1168 5501 in
1196 5462 1420 5516 corpore
1451 5455 1660 5503 terreno
1685 5457 1736 5503 et
1767 5448 1938 5501 humi-

358 5542 463 5609 do,
487 5551 544 5597 ut
570 5544 802 5597 omnium
829 5551 1054 5612 quatuor
1075 5542 1163 5596 fiat
1193 5542 1612 5610 contemperatio
1631 5583 1646 5607 ,
1665 5541 1791 5597 dum
1826 5552 1942 5611 post

427 5720 443 5750 ί
459 5725 529 5789 _ln
553 5719 797 5789 hactenus
819 5719 997 5789 editis:
1026 5717 1430 5789 Absurdissirmzm
1459 5722 1628 5789 οδε-θοᾷ
1649 5714 1719 5768 ibi
1738 5715 1840 5789 pati
1862 5714 1943 5768 ubi

360 5786 563 5844 suum“
584 5780 758 5843 scipsos
774 5794 874 5844 non
896 5780 1115 5839 rideam;
1135 5788 1343 5843 excepto
1359 5789 1519 5829 tamen
1538 5780 1666 5839 Bad.,
1684 5780 1767 5844 qui
1791 5793 1940 5844 prope

363 5842 546 5893 accedit
567 5844 624 5893 ad
643 5842 744 5893 uss.
771 5843 1047 5905 lectionem,
1065 5856 1207 5907 quam
1230 5844 1308 5894 hic
1329 5843 1642 5893 restituhnus.

1764 380 1962 435 LIBER
2004 381 2199 437 UNUS.

3481 391 3618 446 10⁵10

2032 496 2269 565 ejusdem
2310 498 2499 551 animm
2540 499 2844 554 abscessum
2886 500 2952 555 ad
2994 515 3221 571 superna
3260 504 3524 570 evadunt,
3556 521 3618 562 ac

2033 601 2149 641 sese
2179 589 2495 657 expediunt,
2526 607 2740 646 movere
2777 592 2866 646 illa
2894 595 3205 663 corpuscula
3252 604 3395 649 tanto
3429 600 3614 651 conci-

2032 680 2190 734 tatius
2207 722 2223 748 ,
2246 691 2444 751 quanto
2474 685 2622 753 plaga
2654 686 2953 740 recentiore
2978 687 3151 741 subito
3176 696 3460 757 erumpunt
3482 707 3497 745 :
3519 691 3616 746 de-

2032 772 2153 828 inde
2184 792 2341 844 porro
2371 787 2569 832 motum
2615 780 2955 849 languescere
2977 822 2993 847 ,
3041 790 3309 851 postremo
3348 782 3613 850 desinere,

2030 867 2152 920 dum
2177 870 2352 924 minus
2374 872 2650 942 minusque
2673 872 2731 926 fit
2755 874 2897 942 quod
2918 874 3120 945 effugit,
3143 890 3205 929 ac
3229 876 3423 932 deinde
3448 885 3615 933 totum

2029 959 2221 1013 evolat.
2253 960 2355 1015 Sed
2382 962 2447 1015 ab
2488 961 2589 1017 hoc
2615 979 2701 1018 me
2731 973 2943 1019 revocat
2968 965 3107 1034 quod
3153 964 3232 1019 his
3271 966 3421 1020 hausi
3448 968 3616 1021 oculis

2032 1067 2167 1119 pene
2193 1053 2360 1106 serius
2389 1068 2549 1123 quam
2591 1056 2733 1110 credi
2766 1065 2976 1124 potest;
3008 1056 3101 1111 sed
3132 1067 3275 1112 certe
3300 1074 3405 1113 non
3445 1060 3615 1115 serius

2030 1157 2187 1211 quam
2211 1142 2489 1203 deberem.
2509 1147 2642 1201 Cum
2670 1149 2813 1202 enim
2839 1163 3009 1217 nuper
3031 1150 3082 1202 in
3110 1162 3237 1219 agro
3262 1164 3501 1207 essemus
3524 1151 3614 1206 Li-

2028 1234 2215 1305 guri-.13,
2250 1238 2415 1289 nostri
2445 1238 2520 1291 illi
2550 1238 2914 1295 adolescentes
2942 1242 3030 1311 qui
3061 1249 3185 1296 tunc
3213 1258 3419 1298 mecum
3459 1254 3615 1300 erant

2030 1323 2322 1378 studiorum
2372 1340 2587 1395 suorum
2618 1330 2781 1398 gratia
2803 1370 2818 1396 ,
2845 1331 3333 1387 animadverterunt
3359 1332 3502 1388 humi
3527 1336 3613 1405 ja-

2030 1426 2208 1471 centes
2234 1416 2287 1469 in
2316 1432 2483 1485 epaco
2526 1418 2678 1485 loco,
2711 1428 3006 1488 reptantem
3045 1423 3322 1478 bestiolam
3361 1427 3611 1495 multipe-

2028 1509 2169 1581 dem,
2200 1511 2409 1580 longum
2434 1511 2552 1566 dico
2579 1514 2857 1581 quemdam
2883 1516 3225 1585 vermiculum
3248 1518 3437 1588 :vulgo
3457 1528 3613 1573 notus

2029 1610 2126 1665 est,
2158 1602 2261 1658 hoc
2305 1612 2482 1658 tamen
2511 1604 2652 1674 quod
2682 1605 2852 1658 dicam
2882 1622 3145 1675 nunquam
3178 1608 3229 1661 in
3260 1623 3327 1664 eo
3364 1620 3613 1677 expertus

2029 1711 2195 1751 eram.
2236 1695 2406 1751 Verso
2437 1713 2663 1767 namque
2702 1698 2823 1752 stilo
2865 1715 3021 1767 quem
3060 1698 3198 1753 forte
3228 1701 3453 1755 habebat
3481 1720 3613 1756 unus

2030 1788 2265 1853 illorum,
2296 1790 2488 1853 animal
2520 1789 2752 1844 medium
2784 1791 3074 1857 percussit:
3102 1799 3210 1843 tum
3240 1794 3407 1846 amba.-
3439 1802 3614 1862 partes

2030 1881 2270 1948 corporis
2288 1881 2469 1935 abillo
2493 1882 2709 1936 vulnere
2727 1883 2779 1935 in
2797 1883 3059 1935 contraria
3080 1882 3453 1947 discesserunt,
3472 1894 3616 1939 tanta

2029 1973 2223 2042 pedum
2250 1973 2541 2039 celeritate,
2571 1990 2633 2028 ac
2661 1974 2828 2027 nihilo
2856 1974 3202 2029 imbecilliore
3233 1976 3370 2039 nisu,
3395 1992 3548 2045 quam
3570 1977 3617 2032 si

2029 2062 2135 2117 duo
2164 2063 2534 2131 hujuscemodi
2558 2066 2844 2120 animantia
2876 2066 3066 2119 forent.
3091 2066 3206 2133 Quo
3241 2067 3493 2121 miraculo
3526 2086 3617 2124 ex-

2032 2156 2219 2219 territi,
2240 2170 2518 2225 causteque
2538 2158 2753 2221 curiosi,
2778 2156 2845 2210 ad
2872 2172 2990 2221 nos,
3012 2157 3099 2211 ubi
3124 2157 3280 2211 simul
3306 2174 3402 2228 ego
3424 2168 3478 2213 et
3494 2160 3619 2230 Aly-

2030 2248 2147 2319 pius
2177 2247 2583 2301 considebanius
2603 2288 2617 2313 ,
2647 2248 2892 2301 alacriter
2934 2248 3161 2301 viventia
3199 2250 3363 2303 frusta
3406 2248 3491 2303 illa
3520 2250 3617 2304 de—

2032 2338 2282 2393 tulerunt.
2332 2337 2512 2407 Neque
2559 2353 2655 2391 nos
2692 2354 2876 2407 parum
2911 2339 3182 2405 commoti,
3211 2355 3271 2393 ea
3320 2354 3532 2395 currere
3565 2342 3618 2395 in

2030 2430 2206 2484 tabula
2262 2444 2680 2498 quaquaversum
2743 2439 3004 2496 poterant,
3033 2431 3381 2485 cernebamus
3416 2448 3426 2483 :
3459 2442 3619 2501 atque

2034 2538 2193 2575 unum
2227 2520 2460 2589 ipsorum
2484 2520 2609 2574 stilo
2640 2528 2858 2585 laetum,
2885 2522 3271 2589 eontorquebat
3294 2538 3350 2575 se
3374 2522 3442 2576 ad
3468 2523 3618 2577 dolo-

2032 2614 2105 2667 ris
2122 2614 2314 2677 locum,
2338 2612 2469 2665 nihil
2490 2613 2749 2667 sentiente
2772 2614 2893 2677 alio,
2910 2628 2969 2666 ac
2990 2628 3115 2667 suos
3145 2614 3267 2669 alibi
3303 2626 3478 2669 motus
3500 2633 3618 2685 per-

2032 2716 2239 2774 agente.
2255 2703 2391 2772 Quid
2414 2704 2601 2771 plura?
2628 2703 2968 2757 Tentavimus
2989 2746 3003 2770 ,
3028 2716 3286 2775 quatenus
3312 2707 3364 2761 id
3386 2709 3616 2775 valeret;

2032 2808 2191 2868 atque
2217 2798 2586 2864 vermiculum,
2612 2799 2719 2852 imo
2738 2799 2845 2867 jam
2866 2800 3183 2854 vermiculos
3204 2802 3258 2858 in
3285 2802 3476 2858 multas
3496 2819 3611 2873 par-

2036 2898 2116 2945 tes
2142 2889 2471 2944 concidimus
2494 2908 2506 2943 :
2529 2890 2596 2943 ita
2620 2905 2805 2944 omnes
2820 2892 3186 2958 movebantur,
3210 2902 3267 2947 ut
3292 2894 3391 2947 nisi
3417 2910 3446 2947 a
3466 2894 3619 2948 nobis

2034 2980 2167 3035 illud
2201 2978 2395 3034 factum
2433 2988 2594 3046 esset,
2620 2988 2673 3034 et
2710 2991 3077 3049 comparerent
3110 2984 3326 3037 vulnera
3362 2985 3618 3050 recentia,

2034 3073 2255 3125 totidem
2277 3071 2395 3125 illos
2411 3071 2695 3140 separatim
2720 3082 2894 3138 natos,
2911 3087 2975 3127 ac
3002 3072 3099 3127 sibi
3134 3089 3401 3144 quemque
3428 3076 3623 3130 vixisse

2035 3163 2393 3218 crederemus.

2108 3255 2197 3307 63.
2228 3254 2333 3309 Sed
2358 3265 2482 3309 tunc
2504 3270 2601 3322 ego
2624 3254 2763 3323 quod
2788 3254 2892 3308 illis
2912 3253 3338 3309 adolescentibus
3352 3256 3483 3322 dixi,
3502 3273 3620 3310 cum

2038 3346 2223 3399 intenti
2253 3361 2337 3397 me
2368 3346 2696 3398 intuerentur
2716 3386 2729 3410 ,
2761 3344 2854 3398 tibi
2880 3358 3019 3396 nunc
3046 3344 3223 3398 dicere
3250 3361 3439 3399 vereor
3474 3364 3486 3397 :
3511 3347 3621 3415 jam

2038 3441 2177 3494 enim
2205 3448 2404 3491 ι-ιιιιυιιι
2429 3438 2802 3503 processimus,
2828 3435 2996 3487 utnisi
3021 3435 3277 3489 tibialiter
3297 3437 3623 3504 respondero

2038 3532 2176 3602 quod
2203 3530 2489 3585 secundum
2516 3546 2685 3584 meam
2704 3544 2915 3583 causam
2942 3528 3281 3596 probabiliter
3303 3528 3458 3594 valet,
3477 3537 3623 3585 tanta

2038 3633 2216 3677 nostra
2252 3620 2471 3674 intentio
2497 3636 2589 3687 per
2612 3626 2719 3673 tam
2742 3619 2953 3687 longum
2982 3619 3179 3671 munita
3211 3634 3534 3683 sermonem,
3556 3620 3624 3675 ab

2040 3728 2145 3768 uno
2160 3710 2448 3766 vermiculo
2469 3717 2741 3778 penetrata
2764 3708 3105 3762 snecubuisse
3122 3708 3379 3761 videatur.
3400 3708 3509 3763 Illis
3531 3724 3623 3763 au-

2042 3818 2144 3859 tem
2172 3818 2549 3873 praeceperant],
2583 3810 2639 3855 ut
2666 3800 2716 3853 in
2738 3800 2944 3865 studiis,
2972 3798 3125 3853 sicuti
3150 3808 3443 3867 C(eperant,
3468 3816 3621 3855 suum

2040 3912 2255 3951 cursum
2305 3902 2579 3956 tenerent;
2621 3892 2691 3945 ita
2723 3908 2814 3945 eos
2851 3889 3198 3959 Opportunius
3236 3890 3516 3958 aliquando
3558 3892 3623 3943 ad

2039 3986 2321 4060 quaerenda
2352 3994 2406 4040 et
2430 3983 2680 4047 discenda
2706 3984 2823 4045 ista,
2854 3982 2897 4035 si
2928 3997 3013 4035 res
3048 3992 3322 4045 moneret,
3352 3998 3470 4035 esse
3500 3998 3627 4036 ven-

2043 4056 2206 4133 turos.
2250 4075 2355 4130 Sed
2378 4091 2496 4145 quae
2522 4074 2622 4127 illis
2652 4071 3040 4127 discedentibus
3067 4056 3186 4125 cum
3205 4072 3395 4140 Alypio
3416 4087 3623 4126 sermo-

2041 4168 2248 4223 cinatus
2276 4182 2424 4232 sum,
2452 4182 2571 4241 cum
2605 4172 2822 4233 uterque
2863 4173 3099 4215 nostrum
3139 4178 3232 4229 pro
3274 4177 3370 4215 suo
3406 4164 3626 4231 quisque

2041 4250 2258 4314 modulo
2288 4257 2653 4331 recordaretur
2676 4254 3069 4321 et'conjectaret
3088 4263 3139 4306 et
3161 4262 3440 4322 qumreret,
3460 4255 3501 4307 si
3531 4270 3624 4308 ex-

2042 4366 2241 4421 ponere
2267 4349 2424 4402 velim
2452 4362 2466 4413 ;
2499 4348 2653 4414 longe
2682 4346 2829 4414 plura
2858 4344 3008 4396 nobis
3040 4343 3259 4395 dicenda
3290 4354 3429 4407 sunt,
3467 4361 3625 4413 quam

2042 4426 2107 4499 ab
2138 4445 2251 4513 ipso
2281 4440 2537 4511 principio
2572 4439 2725 4507 tantis
2767 4436 3074 4505 ambagibus
3118 4444 3273 4504 atque
3304 4436 3626 4491 anfractibus

2043 4537 2180 4597 dicta
2226 4542 2347 4587 sunt
2377 4550 2388 4585 :
2421 4548 2524 4583 non
2566 4529 2704 4600 apud
2748 4538 2797 4582 te
2835 4538 3008 4581 tamen
3040 4528 3224 4581 tacebo
3252 4530 3389 4598 quod
3434 4530 3621 4581 sentio.

2042 4626 2152 4681 Nisi
2182 4624 2312 4679 mihi
2344 4630 2465 4676 tunc
2507 4620 2667 4674 multa
2699 4619 2807 4690 jam
2837 4628 2957 4673 nota
2994 4628 3168 4673 essent
3199 4619 3264 4673 de
3288 4604 3534 4686 corpOre,
3560 4617 3626 4671 de

2043 4720 2220 4789 specie
2242 4734 2357 4785 qnze
2377 4715 2514 4767 inest
2532 4698 2762 4782 corpori,
2788 4710 2853 4763 de
2883 4710 3017 4777 loco,
3043 4710 3107 4763 de
3132 4719 3387 4779 tempore,
3420 4708 3485 4759 de
3510 4723 3625 4758 mo-

2047 4821 2119 4874 tu,
2150 4826 2265 4879 qua:
2294 4805 2634 4860 subtilissime
2662 4811 2821 4871 atque
2840 4801 3228 4854 abstrusissime
3251 4807 3463 4867 propter
3490 4796 3626 4853 hanc

2046 4904 2209 4973 ipsam
2250 4899 2593 4971 qumstioncm
2624 4896 2985 4956 disseruntur;
3019 4891 3085 4944 ad
3126 4888 3348 4943 dandam
3394 4888 3623 4967 palmam

2045 4999 2128 5063 iis,
2160 4995 2247 5065 qui
2278 5008 2468 5061 corpus
2494 5004 2613 5043 esse
2639 4988 2867 5041 animam
2895 4986 3094 5047 dicunt,
3124 4982 3461 5035 declinarem.
3487 4984 3627 5047 Qua-

2046 5099 2261 5160 propter
2288 5098 2357 5149 te,
2392 5094 2448 5137 ut
2476 5097 2713 5151 possum,
2742 5079 2898 5131 etiam
2927 5083 3082 5144 atque
3110 5072 3267 5127 etiam
3301 5087 3489 5125 moneo
3516 5112 3529 5135 ,
3557 5087 3623 5126 ne

2045 5193 2247 5237 temere
2272 5187 2361 5232 aut
2402 5175 2457 5231 in
2494 5175 2657 5230 libros
2696 5178 2786 5224 aut
2818 5169 2869 5223 in
2912 5166 3291 5234 disputationes
3318 5164 3627 5233 loquacissi~

2046 5288 2256 5328 morum
2291 5268 2597 5331 hominum,
2628 5262 2952 5330 nimiumque
2980 5258 3221 5323 sensibus
3263 5257 3347 5312 his
3388 5258 3624 5327 corporis

2046 5342 2373 5422 credentium
2419 5370 2470 5415 te
2508 5356 2803 5430 prmcipites
2828 5396 2842 5421 ,
2866 5354 3035 5417 donec
3070 5350 3302 5419 corrigas
3341 5348 3623 5418 firmesque

2047 5458 2284 5527 vestigia,
2313 5470 2428 5524 qua:
2462 5466 2626 5519 usque
2654 5448 2717 5501 ad
2746 5448 2917 5517 ipsum
2948 5447 3107 5498 lleum
3136 5443 3362 5496 animam
3385 5442 3587 5495 ducunt
3606 5477 3626 5504 ι

2048 5568 2113 5606 ne
2140 5550 2204 5604 ab
2234 5548 2323 5603 illo
2352 5543 2707 5601 secretissima
2728 5550 2778 5593 et
2802 5536 3235 5605 tranquillissime
3258 5536 3449 5587 mentis
3470 5532 3624 5585 habi-

2050 5644 2241 5708 taculo,
2272 5656 2300 5692 a
2341 5652 2444 5709 quo
2474 5650 2631 5699 nunc,
2664 5633 2787 5685 dum
2828 5630 2942 5684 haec
2972 5628 3184 5694 incolit,
3218 5625 3491 5695 peregrina
3520 5633 3618 5685 est,

2050 5734 2234 5791 studiis
2266 5730 2469 5785 facilius
2495 5735 2546 5782 et
2578 5724 2864 5789 laboribus,
2897 5736 3054 5791 quam
3088 5719 3273 5773 inertia
3318 5715 3623 5783 desidiaque

2046 5826 2319 5885 avorum»
