4096 6368
477 352 603 409 1071

543 464 631 519 64.
672 461 823 517 Nunc
848 468 1024 516 autem
1054 460 1234 528 accipe
1260 466 1442 513 contra
1471 457 1596 513 illud
1624 473 1747 527 quo,
1779 467 1835 511 ut
1861 456 2051 541 sentio,

472 554 697 609 multum
738 553 996 617 moveris,
1027 566 1132 606 non
1164 550 1305 620 quod
1338 548 1602 604 robustius
1622 548 1689 603 de
1718 549 1929 611 multis,
1963 548 2055 602 sed

471 646 613 715 quod
640 645 884 709 brevius;
908 659 1078 715 neque
1102 642 1242 713 quod
1272 642 1399 695 mihi
1427 640 1751 710 probabilius
1775 655 1937 710 quam
1954 656 2056 695 cae-

471 747 607 801 tera,
636 735 729 790 sed
753 734 891 805 quod
912 734 1004 788 tibi
1030 734 1201 802 aptius
1221 733 1416 802 eligere
1439 732 1601 801 potui.
1637 730 1702 783 E.
1731 732 1845 795 Dic,
1864 748 1958 785 oro
1981 742 2051 794 te,
2132 736 2133 739 “

471 843 630 897 quam
646 827 900 882 citissime
922 835 1089 895 potes.
1111 826 1173 877 Α.
1196 825 1430 879 Primum
1454 824 1578 878 illud
1603 824 1740 887 dico,
1761 824 1806 878 si
1826 825 2055 879 maxime

468 933 628 973 causa
654 918 833 983 lateat,
862 932 956 971 cur
985 916 1035 969 in
1067 915 1369 970 concisione
1394 915 1742 983 quorumdam
1773 930 2053 983 corporum

468 1011 557 1065 illa
587 1011 913 1080 contingant,
946 1024 1049 1064 non
1076 1009 1329 1063 continuo
1357 1023 1455 1063 nos
1482 1008 1585 1064 hoc
1610 1024 1714 1063 uno
1740 1009 1811 1063 ita
1840 1020 2052 1079 pertur-

467 1102 583 1157 bari
603 1111 868 1173 oportere,
890 1110 947 1156 ut
969 1109 1073 1155 tam
1096 1102 1257 1156 multa
1281 1118 1397 1171 quae
1418 1102 1661 1171 superius
1687 1102 1807 1157 luce
1826 1103 2051 1157 clariora

410 1258 419 1267 κ
466 1196 559 1251 tibi
579 1195 689 1249 visa
710 1204 854 1260 sunt,
879 1192 1007 1248 falsa
1038 1208 1156 1249 esse
1183 1194 1520 1248 arbitremur.
1549 1193 1692 1248 Fieri
1713 1194 1855 1248 enim
1876 1202 2052 1263 potest

418 1348 421 1355 η
466 1296 523 1341 ut
547 1289 703 1357 hujus
731 1288 808 1343 rei
837 1302 993 1342 causa
1015 1303 1113 1341 nos
1134 1286 1312 1351 lateat,
1337 1302 1454 1357 quze
1475 1286 1558 1341 vel
1579 1286 1824 1341 humana:
1846 1297 2049 1341 naturae

462 1382 718 1435 occultata
732 1389 842 1446 est;
867 1382 949 1436 vel
967 1380 1035 1436 sit
1048 1381 1198 1435 alicui
1218 1380 1417 1435 homini
1433 1382 1663 1451 cognita,
1686 1397 1786 1436 nec
1802 1382 1903 1437 iste
1916 1398 1943 1435 a
1963 1397 2051 1437 no-

462 1472 542 1527 bis
565 1472 873 1542 interrogari
893 1473 1087 1542 possit;
1106 1481 1197 1526 aut
1212 1472 1370 1527 etiam
1390 1473 1493 1526 hoc
1509 1472 1718 1542 ingenio
1737 1472 1835 1542 ipsi
1856 1475 2044 1542 simus,

462 1572 519 1617 ut
544 1563 850 1620 satisfacere
871 1565 1023 1619 nobis
1038 1566 1391 1639 interrogatus
1411 1581 1516 1619 non
1542 1566 1722 1633 possit.
1758 1566 2048 1637 Numquid-

462 1670 582 1709 nam
611 1670 675 1710 ex
703 1671 767 1711 eo
793 1656 1047 1726 quidquid
1073 1672 1138 1711 ex
1164 1657 1427 1710 contraria
1457 1666 1607 1727 parte
1638 1657 1939 1712 ﬁrmissime
1960 1658 2045 1712 di-

459 1746 683 1803 dicimus
703 1788 718 1812 ,
747 1763 811 1803 ac
844 1747 1181 1803 verissimum
1224 1762 1342 1803 esse
1379 1748 1695 1803 conﬁtemur
1714 1790 1732 1817 ,
1763 1749 1867 1803 labi
1893 1750 2045 1805 nobis

457 1849 615 1909 atque
633 1841 938 1911 extorqueri
964 1840 1156 1896 decet?
1181 1842 1337 1911 Atqui
1364 1841 1409 1895 si
1436 1841 1525 1895 illa
1549 1851 1796 1897 maneant
1816 1843 2040 1913 integra,

457 1942 575 1997 quae
609 1930 961 2001 interrogatus
989 1940 1133 1985 certa
1175 1939 1229 1985 et
1274 1929 1491 1985 indubia
1519 1946 1638 1985 esse
1681 1933 2039 2000 respondisti;

456 2019 586 2072 nihil
610 2029 691 2075 est
715 2021 854 2091 quod
876 2020 1036 2075 istum
1056 2021 1401 2076 vermiculum
1423 2021 1695 2089 pueriliter
1714 2032 2037 2090 metuamus,

455 2124 758 2179 quanquam
799 2111 1089 2165 vivacitatis
1132 2120 1185 2165 et
1232 2111 1628 2165 numerositatis
1671 2113 1785 2182 ejus
1827 2130 2041 2170 causam

453 2213 559 2253 non
586 2200 855 2255 valeamus
874 2200 1082 2255 aﬁ‘erre.
1117 2200 1173 2255 Si
1194 2201 1335 2255 enim
1356 2202 1494 2271 apud
1518 2211 1569 2257 te
1594 2202 1662 2257 de
1684 2188 1860 2274 aiiquo
1879 2206 2039 2262 ﬁxum

454 2290 837 2361 immotumque
856 2300 1143 2358 constaret,
1169 2292 1309 2360 quod
1330 2302 1473 2348 esset
1493 2294 1574 2349 vir
1595 2294 1788 2364 bonus,
1812 2313 2040 2369 eumque

452 2380 505 2435 in
536 2382 799 2436 latronum
828 2382 1069 2437 convivio
1099 2397 1232 2453 quos
1261 2398 1641 2454 persequerere
1665 2386 2033 2456 deprehende-

449 2484 538 2524 res
562 2512 576 2536 ,
604 2479 764 2541 atque
801 2472 976 2542 aliquo
1000 2487 1127 2527 casu
1147 2513 1160 2536 ,
1189 2482 1474 2543 antequam
1503 2475 1597 2529 abs
1628 2484 1678 2530 te
1724 2478 2038 2549 interrogari

448 2571 660 2631 posset,
685 2574 1020 2631 moreretur;
1046 2566 1337 2635 quamlibet
1374 2582 1588 2621 causam
1619 2578 1834 2637 putares
1860 2573 2039 2639 potius

448 2654 591 2710 illius
641 2671 761 2711 cum
816 2657 1089 2711 sceleratis
1134 2657 1524 2727 conjunctionis
1574 2668 1731 2728 atque
1785 2663 2031 2728 convivii,

447 2750 654 2805 etiamsi
674 2760 726 2805 te
747 2765 958 2821 semper
985 2750 1193 2818 lateret,
1212 2766 1369 2821 quam
1394 2752 1568 2806 scelus
1588 2760 1643 2807 et
1662 2753 1973 2808 societatem
1992 2756 2031 2808 ί.

446 2840 553 2896 Cur
581 2857 708 2914 ergo
736 2857 841 2897 non
861 2884 876 2909 ,
905 2857 1026 2896 cum
1069 2850 1176 2896 tam
1217 2843 1397 2898 multis
1425 2846 1752 2913 argumentis
1792 2848 2036 2916 superius

448 2935 626 2998 editis,
655 2943 814 3005 atque
849 2936 945 2990 abs
972 2942 1026 2989 te
1052 2933 1357 2990 ﬁrmissime
1392 2937 1751 3007 comprobatis
1771 2980 1786 3006 ,
1818 2940 2033 3008 planum

447 3024 543 3077 tibi
583 3023 781 3079 factum
816 3025 885 3081 sit
914 3040 1022 3081 non
1050 3026 1167 3081 loco
1196 3026 1425 3081 animam
1465 3029 1749 3096 contineri,
1779 3040 1937 3101 atque
1966 3033 2035 3088 ob

446 3114 548 3171 hoc
570 3116 768 3171 nullius
792 3117 909 3172 talis
929 3131 1050 3172 esse
1068 3118 1398 3187 quantitatis,
1417 3120 1630 3189 qualem
1647 3122 1704 3178 in
1721 3125 2034 3193 corporibus

446 3206 716 3261 cernimus
736 3248 750 3273 ,
779 3208 1005 3277 aliquam
1036 3209 1322 3279 suspicaris
1347 3223 1467 3265 esse
1490 3225 1703 3266 causam
1726 3253 1740 3277 ,
1773 3228 1868 3268 cur
1896 3231 2034 3269 non-

447 3297 648 3353 nullum
678 3298 868 3353 animal
914 3299 1187 3355 concisum
1218 3300 1271 3355 in
1301 3302 1551 3358 omnibus
1589 3304 1828 3373 partibus
1858 3306 2032 3373 vivat;

448 3406 553 3446 non
578 3406 696 3447 eam
726 3400 902 3447 tamen
929 3391 1070 3462 quod
1100 3407 1221 3447 cum
1250 3408 1474 3464 corpore
1498 3395 1674 3450 anima
1704 3397 1911 3452 concidi
1940 3414 2035 3467 po-

446 3484 641 3538 tuerit?
675 3484 842 3551 Quam
891 3484 936 3538 si
974 3485 1209 3555 reperire
1242 3500 1351 3541 non
1394 3501 1706 3556 possumus,
1748 3488 2033 3559 quaerenda

445 3592 619 3632 nonne
642 3586 724 3633 est
748 3578 923 3647 potius
947 3592 1090 3643 vera,
1114 3594 1273 3649 quam
1298 3578 1429 3634 falsa
1449 3580 1753 3635 credenda?

445 3668 668 3725 CAPUT
696 3668 915 3723 XXXII.
931 3668 1241 3724 —Dissecto
1257 3685 1466 3741 corpore
1490 3671 1659 3725 anima
1682 3688 1784 3727 non
1811 3683 2029 3730 secatur.

514 3757 708 3814 Frusta
747 3760 946 3815 dissecti
984 3760 1209 3830 corporis
1229 3760 1391 3815 vivere
1433 3773 1677 3831 possunt,
1705 3780 1819 3818 cum
1862 3767 2034 3821 anima

513 3860 646 3907 secta
685 3869 787 3907 non
813 3853 894 3907 sit.
929 3852 1180 3923 Deinceps
1208 3852 1271 3907 de
1298 3854 1481 3910 anim
1497 3857 1810 3928 quantitate,
1840 3860 2034 3915 ratione

514 3945 711 3999 virtutis
740 3961 799 3998 ac
823 3946 1077 4015 potentiae.

514 4037 601 4092 65.
644 4036 847 4093 Deinde
894 4052 1075 4107 quaero
1118 4037 1213 4092 abs
1244 4045 1330 4105 te,
1358 4047 1535 4095 utrum
1577 4050 1730 4111 putes
1772 4044 1827 4100 in
1853 4046 2032 4104 verbis

444 4131 641 4185 nostris
660 4130 801 4185 aliud
826 4144 946 4185 esse
966 4131 1137 4202 ipsum
1162 4147 1371 4199 sonum,
1390 4133 1531 4189 aliud
1553 4136 1692 4205 quod
1718 4152 1851 4194 sono
1867 4142 2030 4211 signi-

445 4222 652 4277 ﬁcatur.
671 4222 739 4276 E.
760 4223 871 4292 Ego
892 4232 1174 4292 utrumque
1201 4223 1339 4278 idem
1366 4234 1511 4294 puto.
1530 4227 1593 4280 A.
1618 4228 1712 4284 Dic
1731 4232 1858 4287 mihi
1881 4250 2027 4305 ergo,

446 4328 609 4368 sonus
639 4312 751 4383 ipse
780 4313 923 4369 unde
950 4314 1201 4383 procedat
1230 4331 1351 4369 cum
1381 4317 1629 4388 loqueris.
1680 4319 1747 4377 E.
1777 4326 1905 4391 Quis
1930 4327 2029 4382 du-

444 4405 579 4459 bitet
620 4420 649 4458 a
678 4420 763 4460 me
797 4405 1128 4476 procedere?
1170 4404 1234 4461 A.
1275 4408 1384 4462 Abs
1424 4417 1476 4465 te
1503 4426 1630 4483 ergo
1658 4415 1737 4468 sol
1767 4418 2027 4487 procedit,

444 4494 573 4550 dum
598 4497 839 4553 nominas
864 4496 1068 4552 solem?
1094 4496 1161 4551 E.
1196 4498 1270 4552 De
1300 4515 1432 4553 sono
1457 4516 1543 4556 me
1562 4544 1577 4568 ,
1605 4519 1710 4558 non
1742 4506 1807 4560 de
1834 4524 1892 4562 re
1916 4508 2028 4577 ipsa

442 4585 802 4658 interrogasti.
840 4588 904 4641 Α.
933 4587 1092 4642 Aliud
1118 4604 1245 4660 ergo
1274 4605 1438 4644 sonus
1464 4603 1564 4658 est,
1589 4596 1729 4650 aliud
1756 4614 1842 4653 res
1870 4615 2029 4669 quam

443 4678 705 4749 signiﬁcat
730 4694 929 4733 sonus:
960 4690 1013 4733 tu
1037 4688 1214 4735 autem
1251 4689 1533 4752 utrumque
1558 4685 1694 4739 idem
1726 4704 1845 4744 esse
1877 4691 2029 4747 dixe-

446 4786 555 4826 ras.
586 4770 653 4825 E.
675 4772 803 4840 Age,
830 4772 939 4840 jam
968 4771 1203 4826 concedo
1228 4773 1369 4826 aliud
1395 4789 1515 4829 esse
1534 4777 1914 4847 signiﬁcantem
1936 4799 2027 4839 so-

367 4860 371 4865 ’
443 4879 594 4931 num,
623 4862 764 4917 aliud
788 4879 897 4919 rem
920 4879 1039 4934 qua:
1067 4862 1412 4933 signiﬁcatur.
1450 4866 1514 4918 A.
1548 4868 1642 4923 Dic
1668 4886 1816 4941 ergo,
1847 4884 2027 4930 utrum

442 4969 627 5027 posses
646 4971 841 5027 gnarus
868 4956 1043 5010 latinae
1065 4956 1252 5025 lingua:
1275 4959 1548 5017 nominare
1574 4961 1625 5016 in
1653 4964 1918 5035 loquendo
1942 4985 2030 5024 so.

442 5047 546 5105 lem
571 5090 585 5115 ,
626 5048 674 5104 si
722 5064 825 5102 non
857 5048 1155 5105 intellectus
1189 5048 1315 5103 solis
1357 5054 1681 5120 praecederet
1714 5073 1922 5113 sonum.
1956 5059 2023 5116 E.

441 5136 598 5195 Nullo
619 5138 779 5194 modo
801 5155 1034 5210 possem.
1059 5140 1123 5195 Α.
1147 5142 1321 5209 Quid?
1338 5155 1617 5215 antequam
1641 5148 1810 5218 ipsum
1833 5167 2026 5209 nomen

442 5228 509 5284 de
537 5245 633 5285 ore
660 5230 943 5299 procedat,
973 5232 1017 5285 si
1051 5233 1234 5287 volens
1264 5234 1315 5288 id
1343 5236 1618 5292 enuntiare
1645 5239 1945 5310 aliquandiu
1976 5255 2028 5301 te

440 5318 495 5374 in
524 5321 738 5376 silentio
780 5330 997 5388 teneas;
1027 5338 1204 5378 nonne
1250 5324 1302 5377 in
1344 5335 1430 5379 tua
1470 5329 1785 5397 cogitatione
1825 5345 2024 5402 manet,

439 5410 581 5480 quod
613 5427 865 5481 expressa
892 5428 1022 5468 voce
1051 5414 1184 5468 alius
1227 5415 1498 5471 auditurus
1528 5420 1645 5474 est?
1674 5420 1739 5475 E.
1778 5424 2025 5481 Manifes-

442 5512 555 5558 tum
585 5512 686 5558 est.
718 5504 781 5557 A.
814 5505 983 5573 Quid?
1010 5522 1130 5561 cum
1157 5506 1269 5576 ipse
1306 5508 1385 5562 sol
1417 5518 1573 5566 tantae
1610 5513 1678 5567 sit
1704 5517 2025 5586 magnitudi-

442 5595 549 5663 nis,
577 5610 706 5652 num
734 5596 820 5655 illa
841 5600 987 5655 notio
1009 5600 1145 5670 ejus,
1169 5615 1326 5671 quam
1346 5603 1663 5673 cogitatione
1691 5620 1812 5663 ante
1840 5626 2025 5667 vocem

508 5708 523 5738 ¹
542 5715 643 5780 ayss.
662 5706 878 5772 Floriac.,
897 5721 1050 5780 quant.
1062 5709 1256 5761 sceleris
1278 5716 1325 5780 et
1339 5711 1593 5768 societatis.
1619 5724 1835 5777 Fortasse
1858 5723 1937 5776 hic
1958 5726 2027 5780 lo-

440 5770 658 5829 sontium
676 5783 687 5822 τ
1094 5786 1196 5828 esse
1212 5772 1495 5829 sacietatem.

1423 348 1512 402 DE
1551 346 1991 415 QUANTITATE
2032 340 2292 412 ANIMIE,
2336 346 2392 400 S.
2436 346 2801 408 AUGUSTINI

3616 367 3758 421 1078

2166 468 2314 516 tenes
2334 502 2347 527 ,
2376 472 2467 520 aut
2495 466 2647 537 longa
2672 509 2689 535 ,
2715 477 2805 525 aut
2837 470 2973 540 lata,
3004 483 3095 529 aut
3133 476 3255 547 quid
3295 476 3556 548 ejusmodi
3586 482 3750 539 videri

2163 556 2380 624 potest?
2404 556 2471 610 E.
2502 558 2655 614 Nullo
2681 562 2858 617 modo.

2233 648 2321 703 66.
2362 650 2426 703 A.
2466 651 2608 721 Age,
2632 653 2739 722 jam
2780 655 2865 710 dic
2889 656 3017 711 mihi
3045 676 3056 712 :
3081 674 3201 714 cum
3229 675 3324 718 ore
3352 663 3522 733 ipsum
3553 682 3752 724 nomen

2162 744 2389 811 erumpit
2418 751 2530 811 tuo,
2555 756 2711 815 atque
2741 747 2792 801 id
2817 764 2916 819 ego
2940 750 3157 808 audiens
3184 754 3351 809 solem
3378 759 3570 827 cogito,
3589 774 3750 829 quem

2162 843 2220 889 tu
2247 846 2370 890 ante
2395 851 2575 892 vocem
2607 848 2659 893 et
2684 855 2804 894 cum
2828 842 2938 911 ipsa
2968 860 3098 900 voce
3121 847 3384 916 cogitasti,
3402 858 3456 904 et
3475 866 3617 905 nunc
3643 852 3743 907 for:

2162 937 2300 983 tasse
2334 929 2491 984 ambo
2517 932 2841 1001 cogitamus;
2872 951 3047 992 nonne
3077 938 3168 992 tibi
3202 938 3411 995 videtur
3443 956 3638 999 nomen
3670 945 3751 1012 ip-

2160 1034 2276 1074 sum
2306 1021 2463 1075 veluti
2495 1024 2762 1092 accepisse
2790 1024 2884 1079 abs
2915 1036 2964 1081 te
2994 1028 3463 1101 signiﬁcationem,
3492 1050 3650 1103 quam
3682 1036 3749 1089 ad

2158 1125 2246 1165 me
2276 1126 2369 1181 per
2412 1127 2566 1167 aures
2609 1114 2955 1184 deportaret?
2984 1117 3050 1171 E.
3078 1120 3316 1176 Videtur.
3350 1124 3414 1177 A.
3455 1126 3590 1179 Cum
3619 1141 3750 1195 ergo

2157 1216 2351 1257 nomen
2382 1204 2553 1273 ipsum
2578 1220 2709 1259 sono
2731 1217 2783 1261 et
2805 1208 3187 1278 signiﬁcatione
3207 1223 3434 1279 constet,
3466 1232 3631 1271 sonus
3653 1232 3748 1271 aue

2157 1301 2263 1349 tem
2291 1295 2356 1349 ad
2378 1311 2552 1363 aures,
2578 1298 2889 1367 signiﬁcatio
2910 1301 2975 1355 ad
2998 1313 3228 1359 mentem
3256 1307 3545 1375 pertineat;
3566 1324 3746 1366 nonne

2154 1387 2425 1443 arbitraris
2451 1390 2503 1442 in
2530 1391 2763 1457 nomine,
2793 1394 2937 1448 velut
2962 1395 3015 1449 in
3040 1396 3219 1467 aliquo
3242 1400 3529 1466 animante,
3547 1417 3745 1460 sonum

2154 1494 2273 1535 esse
2302 1496 2518 1551 corpus,
2547 1484 2985 1554 signiﬁcationem
3014 1496 3191 1544 autem
3217 1493 3367 1561 quasi
3395 1495 3623 1549 animam
3651 1511 3744 1551 so-

2153 1575 2243 1629 ni?
2281 1575 2345 1628 E.
2378 1576 2518 1633 Nihil
2545 1577 2674 1633 mihi
2704 1579 2912 1635 videtur
2936 1582 3182 1639 similius.
3223 1584 3287 1639 A.
3321 1585 3547 1643 Attende
3576 1604 3741 1657 nunc,

2152 1680 2326 1725 utrum
2370 1674 2599 1727 nominis
2627 1689 2789 1730 sonus
2818 1690 2914 1746 per
2944 1678 3145 1733 litteras
3183 1679 3345 1736 dividi
3387 1684 3585 1751 possit,
3618 1698 3741 1739 cum

2151 1769 2325 1823 anima
2352 1770 2487 1839 ejus,
2521 1771 2571 1825 id
2614 1781 2695 1826 est
2734 1773 3073 1843 signiﬁcatio,
3102 1789 3209 1830 non
3239 1777 3425 1846 possit.
3466 1778 3741 1848 Siquidem

2150 1859 2263 1928 ipsa
2286 1871 2369 1915 est
2395 1878 2552 1931 quam
2574 1864 2729 1933 paulo
2754 1875 2878 1919 ante
2903 1865 2956 1920 in
2984 1873 3169 1922 nostra
3186 1868 3505 1937 cogitatione
3534 1887 3635 1926 nec
3658 1872 3741 1925 la-

2150 1960 2258 2007 tam
2286 1970 2385 2009 nec
2425 1956 2634 2027 longam
2679 1959 2999 2030 respondisti
3044 1960 3135 2015 tibi
3175 1961 3362 2017 videri.
3403 1962 3469 2016 E.
3513 1964 3742 2020 Prorsus

2148 2046 2427 2102 assentior.
2452 2048 2517 2102 A.
2546 2048 2702 2118 Quid,
2722 2066 2845 2106 cum
2870 2067 2965 2122 per
2988 2052 3190 2107 litteras
3210 2053 3446 2124 singulas
3466 2071 3629 2111 sonus
3650 2057 3742 2113 ille

2148 2140 2418 2209 dividitur,
2452 2143 2660 2199 videtur
2685 2146 2782 2201 tibi
2813 2146 3251 2218 signiﬁcationem
3296 2150 3437 2203 illam
3468 2150 3740 2205 retinere?

2145 2231 2213 2286 E.
2247 2234 2525 2301 Quomodo
2548 2246 2769 2306 possunt
2795 2238 3019 2307 Singulae
3041 2239 3231 2293 litterae
3252 2240 3568 2309 signiﬁcare,
3592 2240 3739 2310 quod

2146 2339 2339 2379 nomen
2360 2326 2500 2394 quod
2523 2342 2589 2381 ex
2609 2328 2690 2382 his
2714 2327 2898 2395 conﬁt,
2927 2329 3229 2399 signiﬁcat?
3260 2330 3323 2384 A.
3352 2332 3421 2384 At
3446 2346 3588 2397 cum,
3617 2346 3740 2400 per-

2145 2416 2253 2471 dita
2273 2417 2659 2488 signiﬁcatione
2698 2418 2992 2490 discerptus
3012 2422 3062 2474 in
3087 2420 3276 2475 litteris
3292 2436 3452 2475 sonus
3472 2431 3585 2488 est;
3607 2437 3735 2475 num

2144 2509 2286 2563 aliud
2317 2519 2469 2578 putas
2496 2525 2613 2565 esse
2650 2512 2841 2565 factum
2858 2553 2872 2579 ,
2893 2527 3054 2581 quam
3081 2511 3331 2567 dilaniato
3369 2528 3595 2582 corpore
3620 2512 3736 2567 dis-

2144 2604 2370 2657 cessisse
2396 2603 2648 2669 animam,
2667 2612 2721 2658 et
2754 2609 2905 2673 quasi
2940 2614 3165 2659 mortem
3191 2605 3476 2675 quamdam
3499 2604 3733 2660 nominis

2143 2696 2469 2765 contigisse?
2504 2694 2574 2751 E.
2607 2695 2722 2750 Non
2751 2696 2921 2750 solum
2948 2698 3230 2765 assentior,
3261 2698 3351 2752 sed
3381 2698 3452 2751 ita
3480 2698 3731 2765 libenter,

2143 2794 2201 2841 ut
2227 2786 2357 2840 nihil
2380 2802 2466 2841 me
2492 2788 2659 2856 magis
2686 2788 2739 2841 in
2768 2786 2871 2841 hoc
2894 2802 3139 2843 sermone
3166 2788 3530 2843 delectaverit.

2212 2876 2299 2931 67.
2330 2876 2397 2931 Α.
2423 2876 2478 2931 Si
2504 2893 2631 2947 ergo
2655 2878 2781 2933 satis
2809 2879 3127 2948 perSpexisti
3155 2881 3208 2934 in
3233 2880 3335 2934 hac
3363 2880 3729 2950 similitudine,

2141 2971 2409 3040 quomodo
2438 2972 2605 3040 possit
2648 2971 2880 3026 dissecto
2908 2987 3132 3042 corpore
3159 2974 3335 3028 anima
3372 2989 3479 3028 non
3517 2974 3727 3041 secari;

2140 3063 2321 3132 accipe
2348 3077 2491 3119 nunc
2520 3065 2784 3135 quomodo
2814 3064 2979 3119 frusta
3004 3067 3117 3136 ipsa
3150 3069 3389 3138 corporis
3411 3108 3426 3135 ,
3458 3083 3579 3122 eum
3607 3071 3729 3123 ani-

2138 3172 2226 3211 ma
2247 3167 2393 3213 secta
2414 3172 2519 3212 non
2543 3158 2631 3224 sit,
2650 3159 2827 3215 vivere
2844 3160 3066 3229 possint.
3097 3160 3213 3214 Jam
3234 3162 3377 3215 enim
3391 3162 3727 3229 concessisti,

2140 3254 2195 3301 et
2221 3257 2386 3314 recte,
2416 3256 2475 3302 ut
2502 3248 2692 3318 opinor
2716 3289 2731 3315 ,
2758 3249 3196 3318 signiﬁcationem
3222 3268 3339 3321 quae
3368 3252 3521 3321 quasi
3548 3254 3731 3307 anima

2138 3343 2258 3396 soni
2282 3353 2381 3408 est,
2410 3342 2539 3397 dum
2565 3357 2759 3397 nomen
2786 3342 2960 3397 editur
2977 3384 2993 3411 ,
3020 3359 3115 3414 per
3138 3346 3370 3415 seipsam
3398 3346 3541 3400 nullo
3568 3356 3729 3416 pacto

2137 3432 2305 3488 dividi
2333 3447 2510 3503 posse,
2535 3448 2656 3488 cum
2697 3434 2811 3504 ipse
2836 3449 3018 3502 sonus,
3049 3435 3191 3505 quod
3220 3437 3364 3491 velut
3390 3452 3584 3506 corpus
3612 3438 3731 3506 ejus

2138 3535 2241 3595 est,
2275 3527 2459 3597 possit.
2488 3527 2592 3583 Sed
2622 3527 2676 3583 in
2703 3527 2830 3583 solis
2867 3529 3081 3583 nomine
3109 3527 3180 3582 ita
3220 3529 3335 3582 soni
3367 3537 3445 3583 est
3477 3527 3614 3583 facta
3642 3529 3729 3583 di-

2138 3622 2292 3686 visio,
2329 3630 2386 3675 ut
2412 3621 2557 3676 nulla
2586 3637 2710 3692 pars
2733 3622 2848 3691 ejus
2872 3619 3307 3692 signiﬁcationem
3338 3620 3565 3691 aliquam
3594 3623 3728 3676 reti-

2138 3723 2310 3770 neret.
2342 3714 2523 3786 Itaque
2546 3715 2664 3771 illas
2686 3715 2909 3780 litteras,
2924 3715 3209 3771 dilacerato
3227 3730 3451 3784 corpore
3472 3714 3724 3783 nominis,

2138 3818 2389 3879 tanquam
2430 3807 2673 3862 exanima
2702 3809 2940 3864 membra
2961 3850 2976 3875 ,
3007 3808 3058 3862 id
3087 3816 3197 3873 est,
3226 3808 3610 3878 signiﬁcatione
3638 3824 3727 3863 ca-

2136 3900 2325 3966 rentia,
2342 3899 2827 3954 considerabamus.
2854 3899 3210 3967 Quamobrem
3233 3901 3277 3955 si
3296 3900 3507 3971 aliquod
3529 3917 3728 3957 nomen

2138 3994 2517 4060 invenerimus,
2538 3994 2681 4065 quod
2705 3993 2931 4047 divisum
2956 4001 3114 4065 queat
3133 3993 3291 4047 etiam
3318 3994 3538 4063 singulis
3560 3995 3727 4063 parti-

2134 4087 2235 4143 bus
2260 4086 2526 4158 quidpiam
2544 4064 2871 4155 siguiticare;
2896 4064 3158 4140 concedas
3177 4093 3406 4154 oportet,
3424 4100 3530 4139 non
3552 4085 3729 4139 omni-

2137 4180 2350 4236 modam
2367 4180 2529 4235 veluti
2548 4188 2774 4235 mortem
2792 4179 2884 4234 tali
2903 4179 3213 4248 praecisione
3233 4178 3423 4233 factam
3440 4194 3580 4246 esse,
3599 4194 3726 4233 cum

2137 4274 2235 4329 tibi
2261 4274 2499 4330 membra
2529 4273 2810 4343 separatim
2850 4273 3182 4328 considerata
3211 4273 3482 4342 quodlibet
3520 4273 3727 4343 signiﬁ-

2135 4366 2307 4421 cantia
2328 4374 2382 4420 et
2397 4366 2546 4436 quasi
2568 4365 2819 4435 spirantia
2840 4364 3170 4419 videbuntur.
3196 4363 3264 4418 E.
3287 4364 3588 4420 Concedam
3609 4381 3731 4421 om-

2136 4457 2280 4523 nino,
2310 4467 2364 4512 et
2385 4466 2441 4511 ut
2454 4457 2564 4527 jam
2586 4456 2814 4526 idipsum
2836 4472 3012 4521 sones,
3036 4455 3235 4524 ﬂagito.
3263 4455 3327 4508 A.
3351 4457 3547 4526 Accipe
3564 4475 3577 4509 ε
3596 4472 3723 4511 nam
3772 4443 3779 4454 ’

2135 4550 2261 4605 dum
2283 4550 2527 4605 viciniam
2554 4550 2681 4603 solis
2710 4549 2945 4615 attendo,
2972 4548 3039 4603 de
3064 4549 3215 4619 cujus
3236 4548 3450 4603 nomine
3478 4548 3726 4617 superius

2135 4645 2360 4715 egimus,
2391 4642 2603 4698 Lucifer
2629 4643 2759 4696 mihi
2788 4643 3052 4707 occurrit;
3084 4641 3176 4711 qui
3202 4638 3440 4711 profecto
3470 4641 3607 4695 inter
3633 4654 3726 4695 se-

2135 4741 2360 4795 cundam
2400 4749 2455 4794 et
2495 4740 2702 4794 tertiam
2751 4739 3007 4810 syllabam
3040 4739 3236 4793 scissus
3275 4736 3516 4792 nonnihil
3546 4735 3723 4806 priore

2134 4843 2284 4904 parte
2300 4833 2577 4905 signiﬁcat,
2598 4850 2718 4889 cum
2738 4834 2984 4899 dicimus,
3000 4832 3149 4899 Luci,
3168 4842 3222 4889 et
3248 4833 3367 4887 ideo
3386 4833 3439 4886 in
3458 4831 3559 4885 hoc
3578 4830 3719 4900 plus-

2133 4940 2292 4994 quam
2330 4924 2550 4979 dimidio
2587 4940 2810 4995 corpore
2846 4926 3075 4979 nominis
3100 4925 3247 4979 vivit.
3278 4922 3527 4978 Extrema
3555 4921 3719 4975 etiam

2134 5031 2259 5086 pars
2284 5017 2444 5071 habet
2471 5017 2700 5070 animam
2726 5036 2741 5071 :
2765 5032 2886 5070 nam
2913 5032 3032 5071 cum
3075 5016 3215 5071 ferre
3254 5015 3449 5085 aliquid
3491 5014 3716 5084 juberis,

2134 5109 2272 5166 hanc
2297 5111 2468 5166 audis.
2495 5110 2595 5177 Qui
2616 5112 2759 5164 enim
2775 5125 2960 5180 posses
2988 5110 3378 5180 obtemperare,
3406 5109 3449 5163 si
3478 5108 3596 5178 quis
3625 5108 3719 5162 tibi

2132 5206 2354 5272 diceret,
2382 5205 2485 5258 Fer
2520 5206 2786 5273 codicem,
2812 5207 2853 5260 si
2890 5204 3020 5257 nihil
3060 5204 3380 5274 signiﬁcaret
3407 5202 3547 5256 Fer?
3576 5199 3719 5271 quod

2134 5316 2255 5356 cum
2287 5300 2498 5355 additur
2521 5300 2671 5366 Luci,
2698 5298 2908 5353 Lucifer
2927 5306 3100 5361 sonat,
3124 5305 3179 5351 et
3193 5296 3449 5365 signiﬁcat
3470 5293 3714 5358 stellam;

2132 5402 2253 5449 cum
2274 5402 2449 5448 autem
2465 5392 2714 5458 demitur,
2729 5390 2969 5447 nonnihil
2984 5389 3263 5461 signiﬁcat,
3282 5397 3335 5443 et
3354 5388 3423 5441 ob
3443 5385 3545 5441 hoc
3564 5383 3716 5455 quasi

2130 5490 2323 5547 retinet
2347 5490 2528 5544 vitam.

2204 5598 2294 5653 68.
2324 5598 2458 5652 Cum
2487 5603 2663 5649 autem
2691 5592 2838 5647 locus
2871 5598 2926 5645 et
2953 5599 3164 5660 tempus
3196 5586 3285 5653 sit,
3315 5583 3509 5655 quibus
3536 5582 3715 5638 omnia

2132 5706 2250 5761 quae
2274 5689 2575 5745 sentiuntur
2596 5691 2939 5755 occupantur,
2969 5682 3051 5736 vel
3078 5681 3255 5751 potius
3278 5691 3396 5749 quae
3415 5680 3713 5747 occupant;

2133 5783 2275 5856 quod
2300 5776 2465 5840 oculis
2495 5779 2769 5847 sentimus,
2799 5793 2893 5849 per
2931 5778 3140 5843 locum;
3168 5772 3307 5845 quod
3348 5771 3590 5839 auribus,
3621 5783 3711 5842 per
