  <div class='ocr_page' id='page_1' title='image "/cluster/home/n/w/nwhite01/storage/ocr_20150623/32/hvd.32044015706328/556.png"; bbox 0 0 4096 6368; ppageno 0'>
   <div class='ocr_carea' id='block_1_1' title="bbox 354 354 501 413">
    <p class='ocr_par' dir='ltr' id='par_1_1' title="bbox 354 354 501 413">
     <span class='ocr_line' id='line_1_1' title="bbox 354 354 501 413; baseline -0.007 -1"><span class='ocrx_word' id='word_1_1' title='bbox 354 354 501 413; x_wconf 72' lang='grc'><strong>1075</strong></span> 
     </span>
    </p>
   </div>
   <div class='ocr_carea' id='block_1_2' title="bbox 353 459 1941 539">
    <p class='ocr_par' dir='ltr' id='par_1_2' title="bbox 353 459 1941 539">
     <span class='ocr_line' id='line_1_2' title="bbox 353 459 1941 539; baseline -0.008 -13"><span class='ocrx_word' id='word_1_2' title='bbox 353 481 571 539; x_wconf 93' lang='lat' dir='ltr'><strong>tempus</strong></span> <span class='ocrx_word' id='word_1_3' title='bbox 600 464 869 521; x_wconf 75' lang='lat' dir='ltr'><strong>dividitur.</strong></span> <span class='ocrx_word' id='word_1_4' title='bbox 894 463 965 520; x_wconf 87' lang='lat' dir='ltr'><strong>Ut</strong></span> <span class='ocrx_word' id='word_1_5' title='bbox 981 462 1123 519; x_wconf 91' lang='lat' dir='ltr'><strong>enim</strong></span> <span class='ocrx_word' id='word_1_6' title='bbox 1144 462 1463 519; x_wconf 83' lang='lat' dir='ltr'><strong>vermiculus</strong></span> <span class='ocrx_word' id='word_1_7' title='bbox 1484 462 1572 518; x_wconf 91' lang='lat' dir='ltr'><strong>ille</strong></span> <span class='ocrx_word' id='word_1_8' title='bbox 1595 461 1713 532; x_wconf 88' lang='lat' dir='ltr'><strong>plus</strong></span> <span class='ocrx_word' id='word_1_9' title='bbox 1732 459 1834 515; x_wconf 89' lang='lat' dir='ltr'><strong>loci</strong></span> <span class='ocrx_word' id='word_1_10' title='bbox 1859 467 1941 514; x_wconf 93' lang='lat' dir='ltr'><strong>to-</strong></span> 
     </span>
    </p>
   </div>
   <div class='ocr_carea' id='block_1_3' title="bbox 352 553 1941 631">
    <p class='ocr_par' dir='ltr' id='par_1_3' title="bbox 352 553 1941 631">
     <span class='ocr_line' id='line_1_3' title="bbox 352 553 1941 631; baseline -0.008 -12"><span class='ocrx_word' id='word_1_11' title='bbox 352 572 462 627; x_wconf 87' lang='lat' dir='ltr'><strong>tus,</strong></span> <span class='ocrx_word' id='word_1_12' title='bbox 494 575 649 631; x_wconf 89' lang='lat' dir='ltr'><strong>quam</strong></span> <span class='ocrx_word' id='word_1_13' title='bbox 680 574 803 628; x_wconf 84' lang='lat' dir='ltr'><strong>pars</strong></span> <span class='ocrx_word' id='word_1_14' title='bbox 824 558 936 627; x_wconf 86' lang='lat' dir='ltr'><strong>ejus</strong></span> <span class='ocrx_word' id='word_1_15' title='bbox 960 558 1283 627; x_wconf 85' lang='lat' dir='ltr'><strong>occupabat;</strong></span> <span class='ocrx_word' id='word_1_16' title='bbox 1309 561 1378 611; x_wconf 89' lang='lat' dir='ltr'><strong>ita</strong></span> <span class='ocrx_word' id='word_1_17' title='bbox 1406 557 1660 626; x_wconf 82' lang='lat' dir='ltr'><strong>majorem</strong></span> <span class='ocrx_word' id='word_1_18' title='bbox 1688 553 1941 623; x_wconf 90' lang='lat' dir='ltr'><strong>temporis</strong></span> 
     </span>
    </p>
   </div>
   <div class='ocr_carea' id='block_1_4' title="bbox 354 646 1941 720">
    <p class='ocr_par' dir='ltr' id='par_1_4' title="bbox 354 646 1941 720">
     <span class='ocr_line' id='line_1_4' title="bbox 354 646 1941 720; baseline -0.006 -11"><span class='ocrx_word' id='word_1_19' title='bbox 354 668 565 709; x_wconf 86' lang='lat' dir='ltr'><strong>moram</strong></span> <span class='ocrx_word' id='word_1_20' title='bbox 597 660 760 717; x_wconf 89' lang='lat' dir='ltr'><strong>tenet,</strong></span> <span class='ocrx_word' id='word_1_21' title='bbox 788 665 908 704; x_wconf 90' lang='lat' dir='ltr'><strong>cum</strong></span> <span class='ocrx_word' id='word_1_22' title='bbox 934 649 1147 705; x_wconf 78' lang='lat' dir='ltr'><strong>Lucifer</strong></span> <span class='ocrx_word' id='word_1_23' title='bbox 1173 650 1385 716; x_wconf 90' lang='lat' dir='ltr'><strong>dicitur,</strong></span> <span class='ocrx_word' id='word_1_24' title='bbox 1419 663 1576 720; x_wconf 90' lang='lat' dir='ltr'><strong>quam</strong></span> <span class='ocrx_word' id='word_1_25' title='bbox 1598 648 1642 701; x_wconf 90' lang='lat' dir='ltr'><strong>si</strong></span> <span class='ocrx_word' id='word_1_26' title='bbox 1672 646 1799 701; x_wconf 88' lang='lat' dir='ltr'><strong>Luci</strong></span> <span class='ocrx_word' id='word_1_27' title='bbox 1821 657 1941 699; x_wconf 88' lang='lat' dir='ltr'><strong>tan-</strong></span> 
     </span>
    </p>
   </div>
   <div class='ocr_carea' id='block_1_5' title="bbox 353 737 1942 810">
    <p class='ocr_par' dir='ltr' id='par_1_5' title="bbox 353 737 1942 810">
     <span class='ocr_line' id='line_1_5' title="bbox 353 737 1942 810; baseline -0.006 -10"><span class='ocrx_word' id='word_1_28' title='bbox 353 742 634 801; x_wconf 88' lang='lat' dir='ltr'><strong>tummodo</strong></span> <span class='ocrx_word' id='word_1_29' title='bbox 658 741 941 797; x_wconf 84' lang='lat' dir='ltr'><strong>diceretur.</strong></span> <span class='ocrx_word' id='word_1_30' title='bbox 968 741 1144 807; x_wconf 86' lang='lat' dir='ltr'><strong>Quare</strong></span> <span class='ocrx_word' id='word_1_31' title='bbox 1169 742 1213 796; x_wconf 92' lang='lat' dir='ltr'><strong>si</strong></span> <span class='ocrx_word' id='word_1_32' title='bbox 1254 741 1357 795; x_wconf 91' lang='lat' dir='ltr'><strong>hoc</strong></span> <span class='ocrx_word' id='word_1_33' title='bbox 1388 739 1773 810; x_wconf 87' lang='lat' dir='ltr'><strong>signiﬁcatione</strong></span> <span class='ocrx_word' id='word_1_34' title='bbox 1814 737 1942 792; x_wconf 85' lang='lat' dir='ltr'><strong>vivit</strong></span> 
     </span>
    </p>
   </div>
   <div class='ocr_carea' id='block_1_6' title="bbox 350 832 1939 904">
    <p class='ocr_par' dir='ltr' id='par_1_6' title="bbox 350 832 1939 904">
     <span class='ocr_line' id='line_1_6' title="bbox 350 832 1939 904; baseline -0.006 -12"><span class='ocrx_word' id='word_1_35' title='bbox 350 838 407 892; x_wconf 91' lang='lat' dir='ltr'><strong>in</strong></span> <span class='ocrx_word' id='word_1_36' title='bbox 438 851 503 890; x_wconf 92' lang='lat' dir='ltr'><strong>ea</strong></span> <span class='ocrx_word' id='word_1_37' title='bbox 530 833 879 888; x_wconf 84' lang='lat' dir='ltr'><strong>diminutione</strong></span> <span class='ocrx_word' id='word_1_38' title='bbox 907 834 1180 903; x_wconf 91' lang='lat' dir='ltr'><strong>temporis,</strong></span> <span class='ocrx_word' id='word_1_39' title='bbox 1203 849 1320 904; x_wconf 75' lang='lat' dir='ltr'><strong>qua:</strong></span> <span class='ocrx_word' id='word_1_40' title='bbox 1340 832 1508 887; x_wconf 88' lang='lat' dir='ltr'><strong>diviso</strong></span> <span class='ocrx_word' id='word_1_41' title='bbox 1531 832 1622 886; x_wconf 92' lang='lat' dir='ltr'><strong>illo</strong></span> <span class='ocrx_word' id='word_1_42' title='bbox 1648 846 1780 885; x_wconf 91' lang='lat' dir='ltr'><strong>sono</strong></span> <span class='ocrx_word' id='word_1_43' title='bbox 1804 832 1939 884; x_wconf 87' lang='lat' dir='ltr'><strong>facta</strong></span> 
     </span>
    </p>
   </div>
   <div class='ocr_carea' id='block_1_7' title="bbox 349 921 1936 996">
    <p class='ocr_par' dir='ltr' id='par_1_7' title="bbox 349 921 1936 996">
     <span class='ocr_line' id='line_1_7' title="bbox 349 921 1936 996; baseline -0.006 -12"><span class='ocrx_word' id='word_1_44' title='bbox 349 939 454 995; x_wconf 91' lang='lat' dir='ltr'><strong>est,</strong></span> <span class='ocrx_word' id='word_1_45' title='bbox 488 943 609 983; x_wconf 93' lang='lat' dir='ltr'><strong>cum</strong></span> <span class='ocrx_word' id='word_1_46' title='bbox 639 927 825 981; x_wconf 89' lang='lat' dir='ltr'><strong>eadem</strong></span> <span class='ocrx_word' id='word_1_47' title='bbox 856 926 1174 996; x_wconf 80' lang='lat' dir='ltr'><strong>significatio</strong></span> <span class='ocrx_word' id='word_1_48' title='bbox 1202 925 1367 980; x_wconf 84' lang='lat' dir='ltr'><strong>divisa</strong></span> <span class='ocrx_word' id='word_1_49' title='bbox 1389 939 1493 979; x_wconf 90' lang='lat' dir='ltr'><strong>non</strong></span> <span class='ocrx_word' id='word_1_50' title='bbox 1527 926 1593 979; x_wconf 91' lang='lat' dir='ltr'><strong>sit</strong></span> <span class='ocrx_word' id='word_1_51' title='bbox 1626 924 1766 994; x_wconf 91' lang='lat' dir='ltr'><strong>(non</strong></span> <span class='ocrx_word' id='word_1_52' title='bbox 1797 921 1936 976; x_wconf 90' lang='lat' dir='ltr'><strong>enim</strong></span> 
     </span>
    </p>
   </div>
   <div class='ocr_carea' id='block_1_8' title="bbox 348 1014 1939 1093">
    <p class='ocr_par' dir='ltr' id='par_1_8' title="bbox 348 1014 1939 1093">
     <span class='ocr_line' id='line_1_8' title="bbox 348 1014 1939 1093; baseline -0.006 -15"><span class='ocrx_word' id='word_1_53' title='bbox 348 1025 463 1093; x_wconf 88' lang='lat' dir='ltr'><strong>ipsa</strong></span> <span class='ocrx_word' id='word_1_54' title='bbox 498 1038 589 1092; x_wconf 88' lang='lat' dir='ltr'><strong>per</strong></span> <span class='ocrx_word' id='word_1_55' title='bbox 616 1030 823 1091; x_wconf 90' lang='lat' dir='ltr'><strong>tempus</strong></span> <span class='ocrx_word' id='word_1_56' title='bbox 850 1020 1269 1085; x_wconf 90' lang='lat' dir='ltr'><strong>distendebatur,</strong></span> <span class='ocrx_word' id='word_1_57' title='bbox 1292 1018 1386 1074; x_wconf 91' lang='lat' dir='ltr'><strong>sed</strong></span> <span class='ocrx_word' id='word_1_58' title='bbox 1408 1018 1625 1087; x_wconf 91' lang='lat' dir='ltr'><strong>sonus);</strong></span> <span class='ocrx_word' id='word_1_59' title='bbox 1657 1016 1729 1070; x_wconf 90' lang='lat' dir='ltr'><strong>ita</strong></span> <span class='ocrx_word' id='word_1_60' title='bbox 1759 1014 1939 1070; x_wconf 80' lang='lat' dir='ltr'><strong>existi-</strong></span> 
     </span>
    </p>
   </div>
   <div class='ocr_carea' id='block_1_9' title="bbox 347 1105 1936 1179">
    <p class='ocr_par' dir='ltr' id='par_1_9' title="bbox 347 1105 1936 1179">
     <span class='ocr_line' id='line_1_9' title="bbox 347 1105 1936 1179; baseline -0.006 -11"><span class='ocrx_word' id='word_1_61' title='bbox 347 1113 604 1169; x_wconf 91' lang='lat' dir='ltr'><strong>mandum</strong></span> <span class='ocrx_word' id='word_1_62' title='bbox 631 1121 744 1176; x_wconf 89' lang='lat' dir='ltr'><strong>est,</strong></span> <span class='ocrx_word' id='word_1_63' title='bbox 777 1120 923 1166; x_wconf 91' lang='lat' dir='ltr'><strong>secto</strong></span> <span class='ocrx_word' id='word_1_64' title='bbox 967 1111 1240 1166; x_wconf 88' lang='lat' dir='ltr'><strong>vertuiculi</strong></span> <span class='ocrx_word' id='word_1_65' title='bbox 1270 1124 1524 1179; x_wconf 89' lang='lat' dir='ltr'><strong>corpore,</strong></span> <span class='ocrx_word' id='word_1_66' title='bbox 1556 1121 1854 1177; x_wconf 81' lang='lat' dir='ltr'><strong>quanquam</strong></span> <span class='ocrx_word' id='word_1_67' title='bbox 1881 1105 1936 1160; x_wconf 92' lang='lat' dir='ltr'><strong>in</strong></span> 
     </span>
    </p>
   </div>
   <div class='ocr_carea' id='block_1_10' title="bbox 345 1200 1935 1275">
    <p class='ocr_par' dir='ltr' id='par_1_10' title="bbox 345 1200 1935 1275">
     <span class='ocr_line' id='line_1_10' title="bbox 345 1200 1935 1275; baseline -0.005 -14"><span class='ocrx_word' id='word_1_68' title='bbox 345 1206 553 1261; x_wconf 90' lang='lat' dir='ltr'><strong>minore</strong></span> <span class='ocrx_word' id='word_1_69' title='bbox 595 1206 713 1259; x_wconf 84' lang='lat' dir='ltr'><strong>loco</strong></span> <span class='ocrx_word' id='word_1_70' title='bbox 743 1219 864 1275; x_wconf 91' lang='lat' dir='ltr'><strong>pars</strong></span> <span class='ocrx_word' id='word_1_71' title='bbox 901 1218 965 1258; x_wconf 93' lang='lat' dir='ltr'><strong>eo</strong></span> <span class='ocrx_word' id='word_1_72' title='bbox 992 1204 1106 1273; x_wconf 91' lang='lat' dir='ltr'><strong>ipso</strong></span> <span class='ocrx_word' id='word_1_73' title='bbox 1133 1218 1236 1272; x_wconf 89' lang='lat' dir='ltr'><strong>quo</strong></span> <span class='ocrx_word' id='word_1_74' title='bbox 1276 1216 1397 1272; x_wconf 88' lang='lat' dir='ltr'><strong>pars</strong></span> <span class='ocrx_word' id='word_1_75' title='bbox 1436 1210 1550 1256; x_wconf 91' lang='lat' dir='ltr'><strong>erat</strong></span> <span class='ocrx_word' id='word_1_76' title='bbox 1578 1200 1794 1264; x_wconf 83' lang='lat' dir='ltr'><strong>viveret,</strong></span> <span class='ocrx_word' id='word_1_77' title='bbox 1828 1214 1935 1253; x_wconf 90' lang='lat' dir='ltr'><strong>non</strong></span> 
     </span>
    </p>
   </div>
   <div class='ocr_carea' id='block_1_11' title="bbox 345 1291 1933 1359">
    <p class='ocr_par' dir='ltr' id='par_1_11' title="bbox 345 1291 1933 1359">
     <span class='ocr_line' id='line_1_11' title="bbox 345 1291 1933 1359; baseline -0.006 -7"><span class='ocrx_word' id='word_1_78' title='bbox 345 1298 566 1353; x_wconf 89' lang='lat' dir='ltr'><strong>omnino</strong></span> <span class='ocrx_word' id='word_1_79' title='bbox 590 1298 821 1351; x_wconf 87' lang='lat' dir='ltr'><strong>animam</strong></span> <span class='ocrx_word' id='word_1_80' title='bbox 863 1305 1097 1359; x_wconf 85' lang='lat' dir='ltr'><strong>sectam,</strong></span> <span class='ocrx_word' id='word_1_81' title='bbox 1142 1309 1240 1349; x_wconf 91' lang='lat' dir='ltr'><strong>nec</strong></span> <span class='ocrx_word' id='word_1_82' title='bbox 1279 1294 1395 1348; x_wconf 89' lang='lat' dir='ltr'><strong>loco</strong></span> <span class='ocrx_word' id='word_1_83' title='bbox 1439 1292 1647 1347; x_wconf 91' lang='lat' dir='ltr'><strong>minore</strong></span> <span class='ocrx_word' id='word_1_84' title='bbox 1673 1291 1933 1345; x_wconf 86' lang='lat' dir='ltr'><strong>minorem</strong></span> 
     </span>
    </p>
   </div>
   <div class='ocr_carea' id='block_1_12' title="bbox 344 1382 1932 1456">
    <p class='ocr_par' dir='ltr' id='par_1_12' title="bbox 344 1382 1932 1456">
     <span class='ocr_line' id='line_1_12' title="bbox 344 1382 1932 1456; baseline -0.006 -13"><span class='ocrx_word' id='word_1_85' title='bbox 344 1404 466 1443; x_wconf 88' lang='lat' dir='ltr'><strong>esse</strong></span> <span class='ocrx_word' id='word_1_86' title='bbox 498 1389 708 1454; x_wconf 87' lang='lat' dir='ltr'><strong>factam,</strong></span> <span class='ocrx_word' id='word_1_87' title='bbox 750 1387 874 1441; x_wconf 88' lang='lat' dir='ltr'><strong>licet</strong></span> <span class='ocrx_word' id='word_1_88' title='bbox 918 1385 1105 1456; x_wconf 81' lang='lat' dir='ltr'><strong>integri</strong></span> <span class='ocrx_word' id='word_1_89' title='bbox 1149 1384 1433 1438; x_wconf 88' lang='lat' dir='ltr'><strong>animantis</strong></span> <span class='ocrx_word' id='word_1_90' title='bbox 1475 1382 1715 1437; x_wconf 88' lang='lat' dir='ltr'><strong>membra</strong></span> <span class='ocrx_word' id='word_1_91' title='bbox 1754 1384 1932 1435; x_wconf 89' lang='lat' dir='ltr'><strong>omnia</strong></span> 
     </span>
    </p>
   </div>
   <div class='ocr_carea' id='block_1_13' title="bbox 342 1471 1930 1551">
    <p class='ocr_par' dir='ltr' id='par_1_13' title="bbox 342 1471 1930 1551">
     <span class='ocr_line' id='line_1_13' title="bbox 342 1471 1930 1551; baseline -0.005 -17"><span class='ocrx_word' id='word_1_92' title='bbox 342 1496 439 1551; x_wconf 91' lang='lat' dir='ltr'><strong>per</strong></span> <span class='ocrx_word' id='word_1_93' title='bbox 470 1480 726 1547; x_wconf 89' lang='lat' dir='ltr'><strong>majorem</strong></span> <span class='ocrx_word' id='word_1_94' title='bbox 773 1480 945 1533; x_wconf 92' lang='lat' dir='ltr'><strong>locum</strong></span> <span class='ocrx_word' id='word_1_95' title='bbox 988 1486 1229 1547; x_wconf 90' lang='lat' dir='ltr'><strong>porrecta</strong></span> <span class='ocrx_word' id='word_1_96' title='bbox 1270 1475 1427 1530; x_wconf 89' lang='lat' dir='ltr'><strong>simul</strong></span> <span class='ocrx_word' id='word_1_97' title='bbox 1460 1473 1775 1545; x_wconf 86' lang='lat' dir='ltr'><strong>possederit.</strong></span> <span class='ocrx_word' id='word_1_98' title='bbox 1813 1471 1930 1527; x_wconf 88' lang='lat' dir='ltr'><strong>Non</strong></span> 
     </span>
    </p>
   </div>
   <div class='ocr_carea' id='block_1_14' title="bbox 342 1565 1929 1641">
    <p class='ocr_par' dir='ltr' id='par_1_14' title="bbox 342 1565 1929 1641">
     <span class='ocr_line' id='line_1_14' title="bbox 342 1565 1929 1641; baseline -0.004 -14"><span class='ocrx_word' id='word_1_99' title='bbox 342 1574 486 1627; x_wconf 91' lang='lat' dir='ltr'><strong>enim</strong></span> <span class='ocrx_word' id='word_1_100' title='bbox 515 1573 686 1626; x_wconf 92' lang='lat' dir='ltr'><strong>locum</strong></span> <span class='ocrx_word' id='word_1_101' title='bbox 704 1572 838 1641; x_wconf 91' lang='lat' dir='ltr'><strong>ipsa,</strong></span> <span class='ocrx_word' id='word_1_102' title='bbox 861 1571 954 1626; x_wconf 90' lang='lat' dir='ltr'><strong>sed</strong></span> <span class='ocrx_word' id='word_1_103' title='bbox 976 1586 1165 1640; x_wconf 90' lang='lat' dir='ltr'><strong>corpus</strong></span> <span class='ocrx_word' id='word_1_104' title='bbox 1186 1568 1325 1640; x_wconf 92' lang='lat' dir='ltr'><strong>quod</strong></span> <span class='ocrx_word' id='word_1_105' title='bbox 1355 1568 1422 1621; x_wconf 92' lang='lat' dir='ltr'><strong>ab</strong></span> <span class='ocrx_word' id='word_1_106' title='bbox 1442 1565 1625 1621; x_wconf 90' lang='lat' dir='ltr'><strong>eadem</strong></span> <span class='ocrx_word' id='word_1_107' title='bbox 1655 1565 1929 1636; x_wconf 86' lang='lat' dir='ltr'><strong>agebatur,</strong></span> 
     </span>
    </p>
   </div>
   <div class='ocr_carea' id='block_1_15' title="bbox 342 1659 1927 1731">
    <p class='ocr_par' dir='ltr' id='par_1_15' title="bbox 342 1659 1927 1731">
     <span class='ocr_line' id='line_1_15' title="bbox 342 1659 1927 1731; baseline -0.004 -15"><span class='ocrx_word' id='word_1_108' title='bbox 342 1664 595 1717; x_wconf 88' lang='lat' dir='ltr'><strong>tenebat:</strong></span> <span class='ocrx_word' id='word_1_109' title='bbox 622 1664 757 1717; x_wconf 92' lang='lat' dir='ltr'><strong>sicut</strong></span> <span class='ocrx_word' id='word_1_110' title='bbox 791 1662 877 1715; x_wconf 89' lang='lat' dir='ltr'><strong>illa</strong></span> <span class='ocrx_word' id='word_1_111' title='bbox 909 1661 1221 1731; x_wconf 76' lang='lat' dir='ltr'><strong>significatio</strong></span> <span class='ocrx_word' id='word_1_112' title='bbox 1262 1675 1368 1713; x_wconf 88' lang='lat' dir='ltr'><strong>non</strong></span> <span class='ocrx_word' id='word_1_113' title='bbox 1394 1659 1620 1712; x_wconf 90' lang='lat' dir='ltr'><strong>distenta</strong></span> <span class='ocrx_word' id='word_1_114' title='bbox 1665 1672 1760 1727; x_wconf 86' lang='lat' dir='ltr'><strong>per</strong></span> <span class='ocrx_word' id='word_1_115' title='bbox 1787 1664 1927 1711; x_wconf 85' lang='lat' dir='ltr'><strong>tem-</strong></span> 
     </span>
    </p>
   </div>
   <div class='ocr_carea' id='block_1_16' title="bbox 342 1754 1928 1827">
    <p class='ocr_par' dir='ltr' id='par_1_16' title="bbox 342 1754 1928 1827">
     <span class='ocr_line' id='line_1_16' title="bbox 342 1754 1928 1827; baseline -0.006 -16"><span class='ocrx_word' id='word_1_116' title='bbox 342 1773 460 1827; x_wconf 89' lang='lat' dir='ltr'><strong>pus,</strong></span> <span class='ocrx_word' id='word_1_117' title='bbox 508 1772 692 1811; x_wconf 90' lang='lat' dir='ltr'><strong>omnes</strong></span> <span class='ocrx_word' id='word_1_118' title='bbox 741 1765 914 1811; x_wconf 90' lang='lat' dir='ltr'><strong>tamen</strong></span> <span class='ocrx_word' id='word_1_119' title='bbox 962 1756 1192 1809; x_wconf 87' lang='lat' dir='ltr'><strong>nominis</strong></span> <span class='ocrx_word' id='word_1_120' title='bbox 1234 1754 1437 1807; x_wconf 88' lang='lat' dir='ltr'><strong>litteras</strong></span> <span class='ocrx_word' id='word_1_121' title='bbox 1475 1767 1599 1805; x_wconf 91' lang='lat' dir='ltr'><strong>suas</strong></span> <span class='ocrx_word' id='word_1_122' title='bbox 1646 1765 1824 1804; x_wconf 89' lang='lat' dir='ltr'><strong>moras</strong></span> <span class='ocrx_word' id='word_1_123' title='bbox 1866 1762 1928 1803; x_wconf 90' lang='lat' dir='ltr'><strong>ac</strong></span> 
     </span>
    </p>
   </div>
   <div class='ocr_carea' id='block_1_17' title="bbox 341 1842 1927 1918">
    <p class='ocr_par' dir='ltr' id='par_1_17' title="bbox 341 1842 1927 1918">
     <span class='ocr_line' id='line_1_17' title="bbox 341 1842 1927 1918; baseline -0.003 -17"><span class='ocrx_word' id='word_1_124' title='bbox 341 1859 583 1918; x_wconf 90' lang='lat' dir='ltr'><strong>tempora</strong></span> <span class='ocrx_word' id='word_1_125' title='bbox 616 1847 965 1916; x_wconf 89' lang='lat' dir='ltr'><strong>possidentes,</strong></span> <span class='ocrx_word' id='word_1_126' title='bbox 990 1846 1132 1900; x_wconf 88' lang='lat' dir='ltr'><strong>velut</strong></span> <span class='ocrx_word' id='word_1_127' title='bbox 1153 1846 1479 1898; x_wconf 87' lang='lat' dir='ltr'><strong>animaverat</strong></span> <span class='ocrx_word' id='word_1_128' title='bbox 1506 1852 1661 1912; x_wconf 90' lang='lat' dir='ltr'><strong>atque</strong></span> <span class='ocrx_word' id='word_1_129' title='bbox 1691 1842 1927 1911; x_wconf 85' lang='lat' dir='ltr'><strong>comple-</strong></span> 
     </span>
    </p>
   </div>
   <div class='ocr_carea' id='block_1_18' title="bbox 342 1933 1924 2002">
    <p class='ocr_par' dir='ltr' id='par_1_18' title="bbox 342 1933 1924 2002">
     <span class='ocr_line' id='line_1_18' title="bbox 342 1933 1924 2002; baseline -0.004 -8"><span class='ocrx_word' id='word_1_130' title='bbox 342 1950 514 1995; x_wconf 80' lang='lat' dir='ltr'><strong>verat.</strong></span> <span class='ocrx_word' id='word_1_131' title='bbox 548 1940 656 1993; x_wconf 87' lang='lat' dir='ltr'><strong>Hac</strong></span> <span class='ocrx_word' id='word_1_132' title='bbox 682 1938 1024 1993; x_wconf 85' lang='lat' dir='ltr'><strong>similitudine</strong></span> <span class='ocrx_word' id='word_1_133' title='bbox 1072 1937 1287 1991; x_wconf 86' lang='lat' dir='ltr'><strong>interim</strong></span> <span class='ocrx_word' id='word_1_134' title='bbox 1337 1942 1617 1989; x_wconf 89' lang='lat' dir='ltr'><strong>contentus</strong></span> <span class='ocrx_word' id='word_1_135' title='bbox 1658 1933 1734 1988; x_wconf 90' lang='lat' dir='ltr'><strong>sis</strong></span> <span class='ocrx_word' id='word_1_136' title='bbox 1777 1941 1924 2002; x_wconf 90' lang='lat' dir='ltr'><strong>peto,</strong></span> 
     </span>
    </p>
   </div>
   <div class='ocr_carea' id='block_1_19' title="bbox 338 2025 1928 2103">
    <p class='ocr_par' dir='ltr' id='par_1_19' title="bbox 338 2025 1928 2103">
     <span class='ocr_line' id='line_1_19' title="bbox 338 2025 1928 2103; baseline -0.003 -17"><span class='ocrx_word' id='word_1_137' title='bbox 338 2048 439 2103; x_wconf 87' lang='lat' dir='ltr'><strong>qua</strong></span> <span class='ocrx_word' id='word_1_138' title='bbox 476 2042 528 2086; x_wconf 91' lang='lat' dir='ltr'><strong>te</strong></span> <span class='ocrx_word' id='word_1_139' title='bbox 552 2032 725 2087; x_wconf 89' lang='lat' dir='ltr'><strong>sentio</strong></span> <span class='ocrx_word' id='word_1_140' title='bbox 750 2031 1088 2085; x_wconf 85' lang='lat' dir='ltr'><strong>delectatum.</strong></span> <span class='ocrx_word' id='word_1_141' title='bbox 1119 2030 1249 2096; x_wconf 78' lang='lat' dir='ltr'><strong>Quae</strong></span> <span class='ocrx_word' id='word_1_142' title='bbox 1282 2035 1457 2081; x_wconf 90' lang='lat' dir='ltr'><strong>autem</strong></span> <span class='ocrx_word' id='word_1_143' title='bbox 1486 2026 1831 2080; x_wconf 90' lang='lat' dir='ltr'><strong>subtilissime</strong></span> <span class='ocrx_word' id='word_1_144' title='bbox 1860 2025 1928 2081; x_wconf 84' lang='lat' dir='ltr'><strong>de</strong></span> 
     </span>
    </p>
   </div>
   <div class='ocr_carea' id='block_1_20' title="bbox 338 2116 1926 2194">
    <p class='ocr_par' dir='ltr' id='par_1_20' title="bbox 338 2116 1926 2194">
     <span class='ocr_line' id='line_1_20' title="bbox 338 2116 1926 2194; baseline -0.005 -15"><span class='ocrx_word' id='word_1_145' title='bbox 338 2125 436 2179; x_wconf 91' lang='lat' dir='ltr'><strong>hoc</strong></span> <span class='ocrx_word' id='word_1_146' title='bbox 463 2124 726 2194; x_wconf 88' lang='lat' dir='ltr'><strong>disputari</strong></span> <span class='ocrx_word' id='word_1_147' title='bbox 754 2129 995 2193; x_wconf 90' lang='lat' dir='ltr'><strong>possunt,</strong></span> <span class='ocrx_word' id='word_1_148' title='bbox 1024 2122 1096 2175; x_wconf 91' lang='lat' dir='ltr'><strong>ita</strong></span> <span class='ocrx_word' id='word_1_149' title='bbox 1126 2127 1188 2175; x_wconf 87' lang='lat' dir='ltr'><strong>ut</strong></span> <span class='ocrx_word' id='word_1_150' title='bbox 1211 2136 1316 2174; x_wconf 92' lang='lat' dir='ltr'><strong>non</strong></span> <span class='ocrx_word' id='word_1_151' title='bbox 1346 2116 1779 2173; x_wconf 89' lang='lat' dir='ltr'><strong>similitudinibus</strong></span> <span class='ocrx_word' id='word_1_152' title='bbox 1806 2130 1926 2186; x_wconf 66' lang='lat' dir='ltr'><strong>qua</strong></span> 
     </span>
    </p>
   </div>
   <div class='ocr_carea' id='block_1_21' title="bbox 338 2208 1926 2287">
    <p class='ocr_par' dir='ltr' id='par_1_21' title="bbox 338 2208 1926 2287">
     <span class='ocr_line' id='line_1_21' title="bbox 338 2208 1926 2287; baseline -0.004 -18"><span class='ocrx_word' id='word_1_153' title='bbox 338 2218 657 2287; x_wconf 88' lang='lat' dir='ltr'><strong>plerumque</strong></span> <span class='ocrx_word' id='word_1_154' title='bbox 702 2215 909 2281; x_wconf 90' lang='lat' dir='ltr'><strong>fallunt,</strong></span> <span class='ocrx_word' id='word_1_155' title='bbox 960 2214 1054 2269; x_wconf 90' lang='lat' dir='ltr'><strong>sed</strong></span> <span class='ocrx_word' id='word_1_156' title='bbox 1098 2213 1257 2267; x_wconf 88' lang='lat' dir='ltr'><strong>rebus</strong></span> <span class='ocrx_word' id='word_1_157' title='bbox 1300 2211 1428 2282; x_wconf 91' lang='lat' dir='ltr'><strong>ipsis</strong></span> <span class='ocrx_word' id='word_1_158' title='bbox 1469 2210 1596 2264; x_wconf 91' lang='lat' dir='ltr'><strong>satis</strong></span> <span class='ocrx_word' id='word_1_159' title='bbox 1634 2209 1743 2274; x_wconf 85' lang='lat' dir='ltr'><strong>ﬁat,</strong></span> <span class='ocrx_word' id='word_1_160' title='bbox 1774 2224 1841 2263; x_wconf 92' lang='lat' dir='ltr'><strong>ne</strong></span> <span class='ocrx_word' id='word_1_161' title='bbox 1869 2208 1926 2263; x_wconf 92' lang='lat' dir='ltr'><strong>in</strong></span> 
     </span>
    </p>
   </div>
   <div class='ocr_carea' id='block_1_22' title="bbox 336 2300 1924 2377">
    <p class='ocr_par' dir='ltr' id='par_1_22' title="bbox 336 2300 1924 2377">
     <span class='ocr_line' id='line_1_22' title="bbox 336 2300 1924 2377; baseline -0.004 -15"><span class='ocrx_word' id='word_1_162' title='bbox 336 2308 620 2377; x_wconf 66' lang='lat' dir='ltr'><strong>praesentia</strong></span> <span class='ocrx_word' id='word_1_163' title='bbox 668 2315 945 2376; x_wconf 85' lang='lat' dir='ltr'><strong>exspectes</strong></span> <span class='ocrx_word' id='word_1_164' title='bbox 976 2324 989 2359; x_wconf 90' lang='lat'><strong>:</strong></span> <span class='ocrx_word' id='word_1_165' title='bbox 1021 2320 1141 2359; x_wconf 91' lang='lat' dir='ltr'><strong>nam</strong></span> <span class='ocrx_word' id='word_1_166' title='bbox 1171 2313 1228 2359; x_wconf 91' lang='lat' dir='ltr'><strong>et</strong></span> <span class='ocrx_word' id='word_1_167' title='bbox 1261 2300 1656 2358; x_wconf 90' lang='lat' dir='ltr'><strong>concludendus</strong></span> <span class='ocrx_word' id='word_1_168' title='bbox 1696 2307 1779 2355; x_wconf 92' lang='lat' dir='ltr'><strong>est</strong></span> <span class='ocrx_word' id='word_1_169' title='bbox 1814 2308 1924 2355; x_wconf 90' lang='lat' dir='ltr'><strong>tam</strong></span> 
     </span>
    </p>
   </div>
   <div class='ocr_carea' id='block_1_23' title="bbox 336 2392 1922 2469">
    <p class='ocr_par' dir='ltr' id='par_1_23' title="bbox 336 2392 1922 2469">
     <span class='ocr_line' id='line_1_23' title="bbox 336 2392 1922 2469; baseline -0.004 -17"><span class='ocrx_word' id='word_1_170' title='bbox 336 2398 530 2469; x_wconf 85' lang='lat' dir='ltr'><strong>longus</strong></span> <span class='ocrx_word' id='word_1_171' title='bbox 559 2413 756 2465; x_wconf 91' lang='lat' dir='ltr'><strong>sermo,</strong></span> <span class='ocrx_word' id='word_1_172' title='bbox 776 2406 830 2451; x_wconf 93' lang='lat' dir='ltr'><strong>et</strong></span> <span class='ocrx_word' id='word_1_173' title='bbox 848 2396 1027 2451; x_wconf 91' lang='lat' dir='ltr'><strong>multis</strong></span> <span class='ocrx_word' id='word_1_174' title='bbox 1052 2396 1169 2449; x_wconf 91' lang='lat' dir='ltr'><strong>aliis</strong></span> <span class='ocrx_word' id='word_1_175' title='bbox 1197 2410 1315 2465; x_wconf 64' lang='lat' dir='ltr'><strong>qua:</strong></span> <span class='ocrx_word' id='word_1_176' title='bbox 1346 2393 1438 2447; x_wconf 91' lang='lat' dir='ltr'><strong>tibi</strong></span> <span class='ocrx_word' id='word_1_177' title='bbox 1466 2392 1681 2457; x_wconf 87' lang='lat' dir='ltr'><strong>desunt,</strong></span> <span class='ocrx_word' id='word_1_178' title='bbox 1712 2392 1922 2445; x_wconf 88' lang='lat' dir='ltr'><strong>animus</strong></span> 
     </span>
    </p>
   </div>
   <div class='ocr_carea' id='block_1_24' title="bbox 334 2484 1925 2561">
    <p class='ocr_par' dir='ltr' id='par_1_24' title="bbox 334 2484 1925 2561">
     <span class='ocr_line' id='line_1_24' title="bbox 334 2484 1925 2561; baseline -0.005 -16"><span class='ocrx_word' id='word_1_179' title='bbox 334 2492 399 2545; x_wconf 89' lang='lat' dir='ltr'><strong>ad</strong></span> <span class='ocrx_word' id='word_1_180' title='bbox 448 2492 571 2545; x_wconf 77' lang='lat' dir='ltr'><strong>hzec</strong></span> <span class='ocrx_word' id='word_1_181' title='bbox 612 2491 861 2545; x_wconf 91' lang='lat' dir='ltr'><strong>intuenda</strong></span> <span class='ocrx_word' id='word_1_182' title='bbox 890 2498 945 2545; x_wconf 90' lang='lat' dir='ltr'><strong>et</strong></span> <span class='ocrx_word' id='word_1_183' title='bbox 984 2487 1310 2561; x_wconf 88' lang='lat' dir='ltr'><strong>dispicienda</strong></span> <span class='ocrx_word' id='word_1_184' title='bbox 1335 2484 1703 2557; x_wconf 82' lang='lat' dir='ltr'><strong>praecolendns</strong></span> <span class='ocrx_word' id='word_1_185' title='bbox 1733 2492 1834 2549; x_wconf 92' lang='lat' dir='ltr'><strong>est,</strong></span> <span class='ocrx_word' id='word_1_186' title='bbox 1868 2491 1925 2537; x_wconf 93' lang='lat' dir='ltr'><strong>ut</strong></span> 
     </span>
    </p>
   </div>
   <div class='ocr_carea' id='block_1_25' title="bbox 334 2574 1922 2653">
    <p class='ocr_par' dir='ltr' id='par_1_25' title="bbox 334 2574 1922 2653">
     <span class='ocr_line' id='line_1_25' title="bbox 334 2574 1922 2653; baseline -0.005 -16"><span class='ocrx_word' id='word_1_187' title='bbox 334 2582 510 2653; x_wconf 90' lang='lat' dir='ltr'><strong>possis</strong></span> <span class='ocrx_word' id='word_1_188' title='bbox 527 2582 823 2651; x_wconf 89' lang='lat' dir='ltr'><strong>intelligere</strong></span> <span class='ocrx_word' id='word_1_189' title='bbox 840 2580 1205 2649; x_wconf 89' lang='lat' dir='ltr'><strong>quuidissime,</strong></span> <span class='ocrx_word' id='word_1_190' title='bbox 1222 2586 1397 2632; x_wconf 89' lang='lat' dir='ltr'><strong>utrum</strong></span> <span class='ocrx_word' id='word_1_191' title='bbox 1412 2574 1550 2646; x_wconf 90' lang='lat' dir='ltr'><strong>quod</strong></span> <span class='ocrx_word' id='word_1_192' title='bbox 1567 2590 1596 2629; x_wconf 88' lang='lat' dir='ltr'><strong>a</strong></span> <span class='ocrx_word' id='word_1_193' title='bbox 1610 2574 1922 2645; x_wconf 89' lang='lat' dir='ltr'><strong>quibusdam</strong></span> 
     </span>
    </p>
   </div>
   <div class='ocr_carea' id='block_1_26' title="bbox 334 2667 1924 2737">
    <p class='ocr_par' dir='ltr' id='par_1_26' title="bbox 334 2667 1924 2737">
     <span class='ocr_line' id='line_1_26' title="bbox 334 2667 1924 2737; baseline -0.005 -8"><span class='ocrx_word' id='word_1_194' title='bbox 334 2674 661 2729; x_wconf 86' lang='lat' dir='ltr'><strong>doctissimis</strong></span> <span class='ocrx_word' id='word_1_195' title='bbox 692 2674 819 2726; x_wconf 89' lang='lat' dir='ltr'><strong>viris</strong></span> <span class='ocrx_word' id='word_1_196' title='bbox 838 2672 1049 2735; x_wconf 89' lang='lat' dir='ltr'><strong>dicitur,</strong></span> <span class='ocrx_word' id='word_1_197' title='bbox 1088 2672 1158 2724; x_wconf 92' lang='lat' dir='ltr'><strong>ita</strong></span> <span class='ocrx_word' id='word_1_198' title='bbox 1183 2684 1301 2724; x_wconf 90' lang='lat' dir='ltr'><strong>sese</strong></span> <span class='ocrx_word' id='word_1_199' title='bbox 1328 2668 1547 2732; x_wconf 86' lang='lat' dir='ltr'><strong>habeat,</strong></span> <span class='ocrx_word' id='word_1_200' title='bbox 1576 2667 1805 2721; x_wconf 89' lang='lat' dir='ltr'><strong>animam</strong></span> <span class='ocrx_word' id='word_1_201' title='bbox 1828 2679 1924 2737; x_wconf 85' lang='lat' dir='ltr'><strong>per</strong></span> 
     </span>
    </p>
   </div>
   <div class='ocr_carea' id='block_1_27' title="bbox 334 2750 1918 2837">
    <p class='ocr_par' dir='ltr' id='par_1_27' title="bbox 334 2750 1918 2837">
     <span class='ocr_line' id='line_1_27' title="bbox 334 2750 1918 2837; baseline -0.008 -14"><span class='ocrx_word' id='word_1_202' title='bbox 334 2769 569 2837; x_wconf 91' lang='lat' dir='ltr'><strong>seipsam</strong></span> <span class='ocrx_word' id='word_1_203' title='bbox 584 2767 726 2820; x_wconf 91' lang='lat' dir='ltr'><strong>nullo</strong></span> <span class='ocrx_word' id='word_1_204' title='bbox 738 2765 897 2819; x_wconf 91' lang='lat' dir='ltr'><strong>modo</strong></span> <span class='ocrx_word' id='word_1_205' title='bbox 907 2807 919 2830; x_wconf 91' lang='lat'><strong>,</strong></span> <span class='ocrx_word' id='word_1_206' title='bbox 936 2764 1027 2819; x_wconf 89' lang='lat' dir='ltr'><strong>sed</strong></span> <span class='ocrx_word' id='word_1_207' title='bbox 1044 2750 1217 2818; x_wconf 76' lang='lat' dir='ltr'><strong>tamen</strong></span> <span class='ocrx_word' id='word_1_208' title='bbox 1232 2778 1326 2832; x_wconf 90' lang='lat' dir='ltr'><strong>per</strong></span> <span class='ocrx_word' id='word_1_209' title='bbox 1339 2775 1534 2831; x_wconf 90' lang='lat' dir='ltr'><strong>corpus</strong></span> <span class='ocrx_word' id='word_1_210' title='bbox 1547 2774 1704 2831; x_wconf 89' lang='lat' dir='ltr'><strong>posse</strong></span> <span class='ocrx_word' id='word_1_211' title='bbox 1715 2757 1918 2829; x_wconf 90' lang='lat' dir='ltr'><strong>partiri.</strong></span> 
     </span>
    </p>
   </div>
   <div class='ocr_carea' id='block_1_28' title="bbox 398 2854 1924 2928">
    <p class='ocr_par' dir='ltr' id='par_1_28' title="bbox 398 2854 1924 2928">
     <span class='ocr_line' id='line_1_28' title="bbox 398 2854 1924 2928; baseline -0.005 -13"><span class='ocrx_word' id='word_1_212' title='bbox 398 2861 496 2917; x_wconf 87' lang='lat'><strong>69.</strong></span> <span class='ocrx_word' id='word_1_213' title='bbox 538 2860 688 2915; x_wconf 87' lang='lat' dir='ltr'><strong>Nunc</strong></span> <span class='ocrx_word' id='word_1_214' title='bbox 717 2860 901 2928; x_wconf 91' lang='lat' dir='ltr'><strong>accipe</strong></span> <span class='ocrx_word' id='word_1_215' title='bbox 930 2873 959 2911; x_wconf 89' lang='lat' dir='ltr'><strong>a</strong></span> <span class='ocrx_word' id='word_1_216' title='bbox 1000 2873 1108 2925; x_wconf 89' lang='lat' dir='ltr'><strong>me,</strong></span> <span class='ocrx_word' id='word_1_217' title='bbox 1142 2858 1187 2912; x_wconf 90' lang='lat' dir='ltr'><strong>si</strong></span> <span class='ocrx_word' id='word_1_218' title='bbox 1224 2856 1389 2919; x_wconf 89' lang='lat' dir='ltr'><strong>voles,</strong></span> <span class='ocrx_word' id='word_1_219' title='bbox 1423 2854 1505 2908; x_wconf 89' lang='lat' dir='ltr'><strong>vel</strong></span> <span class='ocrx_word' id='word_1_220' title='bbox 1557 2854 1731 2923; x_wconf 91' lang='lat' dir='ltr'><strong>potius</strong></span> <span class='ocrx_word' id='word_1_221' title='bbox 1772 2866 1924 2908; x_wconf 82' lang='lat' dir='ltr'><strong>reco-</strong></span> 
     </span>
    </p>
   </div>
   <div class='ocr_carea' id='block_1_29' title="bbox 331 2944 1919 3022">
    <p class='ocr_par' dir='ltr' id='par_1_29' title="bbox 331 2944 1919 3022">
     <span class='ocr_line' id='line_1_29' title="bbox 331 2944 1919 3022; baseline -0.004 -16"><span class='ocrx_word' id='word_1_222' title='bbox 331 2967 531 3022; x_wconf 83' lang='lat' dir='ltr'><strong>gnosce</strong></span> <span class='ocrx_word' id='word_1_223' title='bbox 570 2966 665 3021; x_wconf 90' lang='lat' dir='ltr'><strong>per</strong></span> <span class='ocrx_word' id='word_1_224' title='bbox 706 2966 813 3015; x_wconf 92' lang='lat' dir='ltr'><strong>me,</strong></span> <span class='ocrx_word' id='word_1_225' title='bbox 842 2956 1039 3019; x_wconf 87' lang='lat' dir='ltr'><strong>quanta</strong></span> <span class='ocrx_word' id='word_1_226' title='bbox 1064 2949 1134 3003; x_wconf 91' lang='lat' dir='ltr'><strong>sit</strong></span> <span class='ocrx_word' id='word_1_227' title='bbox 1161 2947 1337 3001; x_wconf 88' lang='lat' dir='ltr'><strong>anima</strong></span> <span class='ocrx_word' id='word_1_228' title='bbox 1366 2961 1472 2999; x_wconf 91' lang='lat' dir='ltr'><strong>non</strong></span> <span class='ocrx_word' id='word_1_229' title='bbox 1502 2944 1674 3015; x_wconf 90' lang='lat' dir='ltr'><strong>spatio</strong></span> <span class='ocrx_word' id='word_1_230' title='bbox 1713 2944 1817 2998; x_wconf 75' lang='lat' dir='ltr'><strong>loci</strong></span> <span class='ocrx_word' id='word_1_231' title='bbox 1857 2958 1919 2999; x_wconf 80' lang='lat' dir='ltr'><strong>ac</strong></span> 
     </span>
    </p>
   </div>
   <div class='ocr_carea' id='block_1_30' title="bbox 330 3034 1914 3114">
    <p class='ocr_par' dir='ltr' id='par_1_30' title="bbox 330 3034 1914 3114">
     <span class='ocr_line' id='line_1_30' title="bbox 330 3034 1914 3114; baseline -0.006 -15"><span class='ocrx_word' id='word_1_232' title='bbox 330 3045 612 3114; x_wconf 88' lang='lat' dir='ltr'><strong>temporis,</strong></span> <span class='ocrx_word' id='word_1_233' title='bbox 644 3043 737 3098; x_wconf 88' lang='lat' dir='ltr'><strong>sed</strong></span> <span class='ocrx_word' id='word_1_234' title='bbox 762 3043 814 3097; x_wconf 92' lang='lat' dir='ltr'><strong>vi</strong></span> <span class='ocrx_word' id='word_1_235' title='bbox 858 3057 919 3097; x_wconf 89' lang='lat' dir='ltr'><strong>ac</strong></span> <span class='ocrx_word' id='word_1_236' title='bbox 958 3040 1225 3110; x_wconf 88' lang='lat' dir='ltr'><strong>potentia:</strong></span> <span class='ocrx_word' id='word_1_237' title='bbox 1264 3053 1387 3092; x_wconf 90' lang='lat' dir='ltr'><strong>nam</strong></span> <span class='ocrx_word' id='word_1_238' title='bbox 1421 3037 1491 3091; x_wconf 90' lang='lat' dir='ltr'><strong>ita</strong></span> <span class='ocrx_word' id='word_1_239' title='bbox 1522 3037 1567 3091; x_wconf 91' lang='lat' dir='ltr'><strong>si</strong></span> <span class='ocrx_word' id='word_1_240' title='bbox 1604 3034 1914 3103; x_wconf 89' lang='lat' dir='ltr'><strong>meministi,</strong></span> 
     </span>
    </p>
   </div>
   <div class='ocr_carea' id='block_1_31' title="bbox 329 3130 1915 3207">
    <p class='ocr_par' dir='ltr' id='par_1_31' title="bbox 329 3130 1915 3207">
     <span class='ocr_line' id='line_1_31' title="bbox 329 3130 1915 3207; baseline -0.005 -16"><span class='ocrx_word' id='word_1_241' title='bbox 329 3138 663 3207; x_wconf 86' lang='lat' dir='ltr'><strong>propositum</strong></span> <span class='ocrx_word' id='word_1_242' title='bbox 694 3151 756 3189; x_wconf 91' lang='lat' dir='ltr'><strong>ac</strong></span> <span class='ocrx_word' id='word_1_243' title='bbox 781 3134 1117 3189; x_wconf 87' lang='lat' dir='ltr'><strong>distributum</strong></span> <span class='ocrx_word' id='word_1_244' title='bbox 1144 3131 1347 3203; x_wconf 88' lang='lat' dir='ltr'><strong>jamdiu</strong></span> <span class='ocrx_word' id='word_1_245' title='bbox 1374 3130 1528 3185; x_wconf 92' lang='lat' dir='ltr'><strong>nobis</strong></span> <span class='ocrx_word' id='word_1_246' title='bbox 1572 3137 1671 3185; x_wconf 89' lang='lat' dir='ltr'><strong>est.</strong></span> <span class='ocrx_word' id='word_1_247' title='bbox 1709 3130 1787 3184; x_wconf 92' lang='lat' dir='ltr'><strong>De</strong></span> <span class='ocrx_word' id='word_1_248' title='bbox 1815 3143 1915 3195; x_wconf 77' lang='lat' dir='ltr'><strong>nu-</strong></span> 
     </span>
    </p>
   </div>
   <div class='ocr_carea' id='block_1_32' title="bbox 328 3221 1916 3294">
    <p class='ocr_par' dir='ltr' id='par_1_32' title="bbox 328 3221 1916 3294">
     <span class='ocr_line' id='line_1_32' title="bbox 328 3221 1916 3294; baseline -0.006 -11"><span class='ocrx_word' id='word_1_249' title='bbox 328 3241 484 3283; x_wconf 86' lang='lat' dir='ltr'><strong>mero</strong></span> <span class='ocrx_word' id='word_1_250' title='bbox 506 3244 632 3285; x_wconf 90' lang='lat' dir='ltr'><strong>vero</strong></span> <span class='ocrx_word' id='word_1_251' title='bbox 657 3230 974 3292; x_wconf 86' lang='lat' dir='ltr'><strong>animarum,</strong></span> <span class='ocrx_word' id='word_1_252' title='bbox 1024 3226 1206 3281; x_wconf 90' lang='lat' dir='ltr'><strong>nescio</strong></span> <span class='ocrx_word' id='word_1_253' title='bbox 1248 3224 1372 3294; x_wconf 91' lang='lat' dir='ltr'><strong>quid</strong></span> <span class='ocrx_word' id='word_1_254' title='bbox 1419 3223 1513 3277; x_wconf 92' lang='lat' dir='ltr'><strong>tibi</strong></span> <span class='ocrx_word' id='word_1_255' title='bbox 1543 3221 1916 3293; x_wconf 86' lang='lat' dir='ltr'><strong>respondeam,</strong></span> 
     </span>
    </p>
   </div>
   <div class='ocr_carea' id='block_1_33' title="bbox 329 3312 1919 3389">
    <p class='ocr_par' dir='ltr' id='par_1_33' title="bbox 329 3312 1919 3389">
     <span class='ocr_line' id='line_1_33' title="bbox 329 3312 1919 3389; baseline -0.004 -15"><span class='ocrx_word' id='word_1_256' title='bbox 329 3336 458 3374; x_wconf 89' lang='lat' dir='ltr'><strong>cum</strong></span> <span class='ocrx_word' id='word_1_257' title='bbox 488 3320 589 3375; x_wconf 90' lang='lat' dir='ltr'><strong>hoc</strong></span> <span class='ocrx_word' id='word_1_258' title='bbox 627 3319 693 3373; x_wconf 91' lang='lat' dir='ltr'><strong>ad</strong></span> <span class='ocrx_word' id='word_1_259' title='bbox 728 3320 883 3373; x_wconf 89' lang='lat' dir='ltr'><strong>istam</strong></span> <span class='ocrx_word' id='word_1_260' title='bbox 916 3318 1262 3389; x_wconf 70' lang='lat' dir='ltr'><strong>qumstiouem</strong></span> <span class='ocrx_word' id='word_1_261' title='bbox 1304 3316 1571 3385; x_wconf 88' lang='lat' dir='ltr'><strong>pertinere</strong></span> <span class='ocrx_word' id='word_1_262' title='bbox 1602 3312 1871 3384; x_wconf 87' lang='lat' dir='ltr'><strong>putaveris</strong></span> <span class='ocrx_word' id='word_1_263' title='bbox 1904 3331 1919 3367; x_wconf 89' lang='lat'><strong>:</strong></span> 
     </span>
    </p>
   </div>
   <div class='ocr_carea' id='block_1_34' title="bbox 326 3403 1919 3476">
    <p class='ocr_par' dir='ltr' id='par_1_34' title="bbox 326 3403 1919 3476">
     <span class='ocr_line' id='line_1_34' title="bbox 326 3403 1919 3476; baseline -0.004 -11"><span class='ocrx_word' id='word_1_264' title='bbox 326 3412 492 3466; x_wconf 86' lang='lat' dir='ltr'><strong>citius</strong></span> <span class='ocrx_word' id='word_1_265' title='bbox 534 3411 674 3463; x_wconf 91' lang='lat' dir='ltr'><strong>enim</strong></span> <span class='ocrx_word' id='word_1_266' title='bbox 714 3409 937 3463; x_wconf 82' lang='lat' dir='ltr'><strong>dixerim</strong></span> <span class='ocrx_word' id='word_1_267' title='bbox 982 3423 1089 3462; x_wconf 89' lang='lat' dir='ltr'><strong>non</strong></span> <span class='ocrx_word' id='word_1_268' title='bbox 1124 3419 1242 3462; x_wconf 90' lang='lat' dir='ltr'><strong>esse</strong></span> <span class='ocrx_word' id='word_1_269' title='bbox 1291 3407 1508 3460; x_wconf 88' lang='lat' dir='ltr'><strong>omnino</strong></span> <span class='ocrx_word' id='word_1_270' title='bbox 1549 3403 1919 3476; x_wconf 64' lang='lat' dir='ltr'><strong>quaerendum,</strong></span> 
     </span>
    </p>
   </div>
   <div class='ocr_carea' id='block_1_35' title="bbox 330 3496 1919 3567">
    <p class='ocr_par' dir='ltr' id='par_1_35' title="bbox 330 3496 1919 3567">
     <span class='ocr_line' id='line_1_35' title="bbox 330 3496 1919 3567; baseline -0.004 -11"><span class='ocrx_word' id='word_1_271' title='bbox 330 3512 422 3556; x_wconf 91' lang='lat' dir='ltr'><strong>aut</strong></span> <span class='ocrx_word' id='word_1_272' title='bbox 453 3509 599 3557; x_wconf 89' lang='lat' dir='ltr'><strong>certe</strong></span> <span class='ocrx_word' id='word_1_273' title='bbox 627 3501 718 3555; x_wconf 91' lang='lat' dir='ltr'><strong>tibi</strong></span> <span class='ocrx_word' id='word_1_274' title='bbox 756 3515 895 3554; x_wconf 90' lang='lat' dir='ltr'><strong>nunc</strong></span> <span class='ocrx_word' id='word_1_275' title='bbox 920 3498 1299 3565; x_wconf 80' lang='lat' dir='ltr'><strong>differendum,</strong></span> <span class='ocrx_word' id='word_1_276' title='bbox 1330 3512 1487 3567; x_wconf 91' lang='lat' dir='ltr'><strong>quam</strong></span> <span class='ocrx_word' id='word_1_277' title='bbox 1528 3496 1611 3550; x_wconf 92' lang='lat' dir='ltr'><strong>vel</strong></span> <span class='ocrx_word' id='word_1_278' title='bbox 1641 3510 1919 3551; x_wconf 80' lang='lat' dir='ltr'><strong>numerum</strong></span> 
     </span>
    </p>
   </div>
   <div class='ocr_carea' id='block_1_36' title="bbox 327 3590 1913 3662">
    <p class='ocr_par' dir='ltr' id='par_1_36' title="bbox 327 3590 1913 3662">
     <span class='ocr_line' id='line_1_36' title="bbox 327 3590 1913 3662; baseline -0.003 -14"><span class='ocrx_word' id='word_1_279' title='bbox 327 3610 386 3649; x_wconf 90' lang='lat' dir='ltr'><strong>ac</strong></span> <span class='ocrx_word' id='word_1_280' title='bbox 435 3594 825 3649; x_wconf 88' lang='lat' dir='ltr'><strong>multitudinem</strong></span> <span class='ocrx_word' id='word_1_281' title='bbox 871 3608 977 3646; x_wconf 89' lang='lat' dir='ltr'><strong>non</strong></span> <span class='ocrx_word' id='word_1_282' title='bbox 1013 3593 1279 3662; x_wconf 86' lang='lat' dir='ltr'><strong>pertinere</strong></span> <span class='ocrx_word' id='word_1_283' title='bbox 1317 3590 1382 3645; x_wconf 90' lang='lat' dir='ltr'><strong>ad</strong></span> <span class='ocrx_word' id='word_1_284' title='bbox 1430 3591 1796 3661; x_wconf 85' lang='lat' dir='ltr'><strong>quantitatem,</strong></span> <span class='ocrx_word' id='word_1_285' title='bbox 1827 3590 1913 3644; x_wconf 90' lang='lat' dir='ltr'><strong>vel</strong></span> 
     </span>
    </p>
   </div>
   <div class='ocr_carea' id='block_1_37' title="bbox 332 3682 1912 3755">
    <p class='ocr_par' dir='ltr' id='par_1_37' title="bbox 332 3682 1912 3755">
     <span class='ocr_line' id='line_1_37' title="bbox 332 3682 1912 3755; baseline -0.003 -15"><span class='ocrx_word' id='word_1_286' title='bbox 332 3696 441 3740; x_wconf 91' lang='lat' dir='ltr'><strong>tam</strong></span> <span class='ocrx_word' id='word_1_287' title='bbox 473 3686 757 3742; x_wconf 87' lang='lat' dir='ltr'><strong>involutam</strong></span> <span class='ocrx_word' id='word_1_288' title='bbox 789 3685 1135 3755; x_wconf 84' lang='lat' dir='ltr'><strong>quaestionem</strong></span> <span class='ocrx_word' id='word_1_289' title='bbox 1164 3682 1324 3739; x_wconf 91' lang='lat' dir='ltr'><strong>modo</strong></span> <span class='ocrx_word' id='word_1_290' title='bbox 1349 3698 1377 3736; x_wconf 90' lang='lat' dir='ltr'><strong>a</strong></span> <span class='ocrx_word' id='word_1_291' title='bbox 1399 3698 1484 3737; x_wconf 89' lang='lat' dir='ltr'><strong>me</strong></span> <span class='ocrx_word' id='word_1_292' title='bbox 1513 3683 1605 3737; x_wconf 88' lang='lat' dir='ltr'><strong>tibi</strong></span> <span class='ocrx_word' id='word_1_293' title='bbox 1635 3698 1791 3752; x_wconf 87' lang='lat' dir='ltr'><strong>posse</strong></span> <span class='ocrx_word' id='word_1_294' title='bbox 1816 3696 1912 3735; x_wconf 80' lang='lat' dir='ltr'><strong>ex-</strong></span> 
     </span>
    </p>
   </div>
   <div class='ocr_carea' id='block_1_38' title="bbox 327 3774 1912 3848">
    <p class='ocr_par' dir='ltr' id='par_1_38' title="bbox 327 3774 1912 3848">
     <span class='ocr_line' id='line_1_38' title="bbox 327 3774 1912 3848; baseline -0.003 -16"><span class='ocrx_word' id='word_1_295' title='bbox 327 3778 520 3848; x_wconf 90' lang='lat' dir='ltr'><strong>pediri.</strong></span> <span class='ocrx_word' id='word_1_296' title='bbox 552 3778 607 3832; x_wconf 90' lang='lat' dir='ltr'><strong>Si</strong></span> <span class='ocrx_word' id='word_1_297' title='bbox 635 3778 775 3832; x_wconf 88' lang='lat' dir='ltr'><strong>enim</strong></span> <span class='ocrx_word' id='word_1_298' title='bbox 804 3777 988 3831; x_wconf 83' lang='lat' dir='ltr'><strong>dixero</strong></span> <span class='ocrx_word' id='word_1_299' title='bbox 1016 3792 1171 3831; x_wconf 91' lang='lat' dir='ltr'><strong>unam</strong></span> <span class='ocrx_word' id='word_1_300' title='bbox 1189 3791 1310 3831; x_wconf 91' lang='lat' dir='ltr'><strong>esse</strong></span> <span class='ocrx_word' id='word_1_301' title='bbox 1342 3776 1594 3840; x_wconf 91' lang='lat' dir='ltr'><strong>animam,</strong></span> <span class='ocrx_word' id='word_1_302' title='bbox 1623 3774 1912 3828; x_wconf 80' lang='lat' dir='ltr'><strong>conturba-</strong></span> 
     </span>
    </p>
   </div>
   <div class='ocr_carea' id='block_1_39' title="bbox 326 3868 1913 3938">
    <p class='ocr_par' dir='ltr' id='par_1_39' title="bbox 326 3868 1913 3938">
     <span class='ocr_line' id='line_1_39' title="bbox 326 3868 1913 3938; baseline -0.003 -14"><span class='ocrx_word' id='word_1_303' title='bbox 326 3870 495 3936; x_wconf 91' lang='lat' dir='ltr'><strong>beris,</strong></span> <span class='ocrx_word' id='word_1_304' title='bbox 527 3869 665 3938; x_wconf 91' lang='lat' dir='ltr'><strong>quod</strong></span> <span class='ocrx_word' id='word_1_305' title='bbox 692 3870 743 3922; x_wconf 92' lang='lat' dir='ltr'><strong>in</strong></span> <span class='ocrx_word' id='word_1_306' title='bbox 772 3870 939 3923; x_wconf 88' lang='lat' dir='ltr'><strong>altero</strong></span> <span class='ocrx_word' id='word_1_307' title='bbox 966 3869 1117 3923; x_wconf 90' lang='lat' dir='ltr'><strong>beata</strong></span> <span class='ocrx_word' id='word_1_308' title='bbox 1140 3878 1238 3934; x_wconf 91' lang='lat' dir='ltr'><strong>est,</strong></span> <span class='ocrx_word' id='word_1_309' title='bbox 1268 3868 1319 3921; x_wconf 91' lang='lat' dir='ltr'><strong>in</strong></span> <span class='ocrx_word' id='word_1_310' title='bbox 1358 3869 1527 3923; x_wconf 87' lang='lat' dir='ltr'><strong>altero</strong></span> <span class='ocrx_word' id='word_1_311' title='bbox 1556 3868 1782 3931; x_wconf 91' lang='lat' dir='ltr'><strong>misera;</strong></span> <span class='ocrx_word' id='word_1_312' title='bbox 1812 3880 1913 3920; x_wconf 90' lang='lat' dir='ltr'><strong>nec</strong></span> 
     </span>
    </p>
   </div>
   <div class='ocr_carea' id='block_1_40' title="bbox 326 3958 1911 4028">
    <p class='ocr_par' dir='ltr' id='par_1_40' title="bbox 326 3958 1911 4028">
     <span class='ocr_line' id='line_1_40' title="bbox 326 3958 1911 4028; baseline -0.003 -13"><span class='ocrx_word' id='word_1_313' title='bbox 326 3976 432 4015; x_wconf 84' lang='lat' dir='ltr'><strong>una</strong></span> <span class='ocrx_word' id='word_1_314' title='bbox 463 3975 549 4015; x_wconf 89' lang='lat' dir='ltr'><strong>res</strong></span> <span class='ocrx_word' id='word_1_315' title='bbox 579 3961 734 4014; x_wconf 91' lang='lat' dir='ltr'><strong>simul</strong></span> <span class='ocrx_word' id='word_1_316' title='bbox 762 3970 815 4015; x_wconf 91' lang='lat' dir='ltr'><strong>et</strong></span> <span class='ocrx_word' id='word_1_317' title='bbox 842 3961 995 4013; x_wconf 90' lang='lat' dir='ltr'><strong>beata</strong></span> <span class='ocrx_word' id='word_1_318' title='bbox 1021 3968 1075 4013; x_wconf 91' lang='lat' dir='ltr'><strong>et</strong></span> <span class='ocrx_word' id='word_1_319' title='bbox 1100 3960 1293 4014; x_wconf 90' lang='lat' dir='ltr'><strong>misera</strong></span> <span class='ocrx_word' id='word_1_320' title='bbox 1312 3968 1483 4028; x_wconf 89' lang='lat' dir='ltr'><strong>potest</strong></span> <span class='ocrx_word' id='word_1_321' title='bbox 1509 3974 1647 4013; x_wconf 90' lang='lat' dir='ltr'><strong>esse.</strong></span> <span class='ocrx_word' id='word_1_322' title='bbox 1668 3958 1722 4013; x_wconf 90' lang='lat' dir='ltr'><strong>Si</strong></span> <span class='ocrx_word' id='word_1_323' title='bbox 1751 3972 1911 4012; x_wconf 91' lang='lat' dir='ltr'><strong>unam</strong></span> 
     </span>
    </p>
   </div>
   <div class='ocr_carea' id='block_1_41' title="bbox 325 4049 1907 4119">
    <p class='ocr_par' dir='ltr' id='par_1_41' title="bbox 325 4049 1907 4119">
     <span class='ocr_line' id='line_1_41' title="bbox 325 4049 1907 4119; baseline -0.003 -12"><span class='ocrx_word' id='word_1_324' title='bbox 325 4054 488 4107; x_wconf 90' lang='lat' dir='ltr'><strong>simul</strong></span> <span class='ocrx_word' id='word_1_325' title='bbox 519 4063 572 4107; x_wconf 91' lang='lat' dir='ltr'><strong>et</strong></span> <span class='ocrx_word' id='word_1_326' title='bbox 597 4054 789 4106; x_wconf 90' lang='lat' dir='ltr'><strong>multas</strong></span> <span class='ocrx_word' id='word_1_327' title='bbox 818 4051 990 4105; x_wconf 74' lang='lat' dir='ltr'><strong>dicam</strong></span> <span class='ocrx_word' id='word_1_328' title='bbox 1020 4066 1160 4119; x_wconf 90' lang='lat' dir='ltr'><strong>esse,</strong></span> <span class='ocrx_word' id='word_1_329' title='bbox 1190 4051 1416 4115; x_wconf 90' lang='lat' dir='ltr'><strong>ridebis;</strong></span> <span class='ocrx_word' id='word_1_330' title='bbox 1450 4065 1547 4103; x_wconf 89' lang='lat' dir='ltr'><strong>nec</strong></span> <span class='ocrx_word' id='word_1_331' title='bbox 1577 4050 1705 4103; x_wconf 90' lang='lat' dir='ltr'><strong>mihi</strong></span> <span class='ocrx_word' id='word_1_332' title='bbox 1730 4049 1907 4116; x_wconf 82' lang='lat' dir='ltr'><strong>facile,</strong></span> 
     </span>
    </p>
   </div>
   <div class='ocr_carea' id='block_1_42' title="bbox 325 4140 1912 4212">
    <p class='ocr_par' dir='ltr' id='par_1_42' title="bbox 325 4140 1912 4212">
     <span class='ocr_line' id='line_1_42' title="bbox 325 4140 1912 4212; baseline -0.003 -13"><span class='ocrx_word' id='word_1_333' title='bbox 325 4145 468 4199; x_wconf 90' lang='lat' dir='ltr'><strong>unde</strong></span> <span class='ocrx_word' id='word_1_334' title='bbox 495 4153 639 4197; x_wconf 91' lang='lat' dir='ltr'><strong>tuum</strong></span> <span class='ocrx_word' id='word_1_335' title='bbox 681 4143 845 4194; x_wconf 90' lang='lat' dir='ltr'><strong>risum</strong></span> <span class='ocrx_word' id='word_1_336' title='bbox 885 4143 1253 4212; x_wconf 88' lang='lat' dir='ltr'><strong>comprimam,</strong></span> <span class='ocrx_word' id='word_1_337' title='bbox 1297 4140 1547 4211; x_wconf 87' lang='lat' dir='ltr'><strong>suppetit.</strong></span> <span class='ocrx_word' id='word_1_338' title='bbox 1581 4140 1672 4194; x_wconf 89' lang='lat' dir='ltr'><strong>Sin</strong></span> <span class='ocrx_word' id='word_1_339' title='bbox 1720 4140 1912 4194; x_wconf 87' lang='lat' dir='ltr'><strong>multas</strong></span> 
     </span>
    </p>
   </div>
   <div class='ocr_carea' id='block_1_43' title="bbox 324 4230 1912 4300">
    <p class='ocr_par' dir='ltr' id='par_1_43' title="bbox 324 4230 1912 4300">
     <span class='ocr_line' id='line_1_43' title="bbox 324 4230 1912 4300; baseline -0.003 -11"><span class='ocrx_word' id='word_1_340' title='bbox 324 4232 695 4289; x_wconf 86' lang='lat' dir='ltr'><strong>tantummodo</strong></span> <span class='ocrx_word' id='word_1_341' title='bbox 720 4247 839 4287; x_wconf 88' lang='lat' dir='ltr'><strong>esse</strong></span> <span class='ocrx_word' id='word_1_342' title='bbox 858 4231 1063 4296; x_wconf 82' lang='lat' dir='ltr'><strong>dixero,</strong></span> <span class='ocrx_word' id='word_1_343' title='bbox 1098 4232 1209 4300; x_wconf 89' lang='lat' dir='ltr'><strong>ipse</strong></span> <span class='ocrx_word' id='word_1_344' title='bbox 1257 4246 1341 4286; x_wconf 93' lang='lat' dir='ltr'><strong>me</strong></span> <span class='ocrx_word' id='word_1_345' title='bbox 1382 4230 1587 4294; x_wconf 90' lang='lat' dir='ltr'><strong>ridebo,</strong></span> <span class='ocrx_word' id='word_1_346' title='bbox 1630 4230 1912 4299; x_wconf 89' lang='lat' dir='ltr'><strong>minusque</strong></span> 
     </span>
    </p>
   </div>
   <div class='ocr_carea' id='block_1_44' title="bbox 323 4323 1912 4396">
    <p class='ocr_par' dir='ltr' id='par_1_44' title="bbox 323 4323 1912 4396">
     <span class='ocr_line' id='line_1_44' title="bbox 323 4323 1912 4396; baseline -0.003 -13"><span class='ocrx_word' id='word_1_347' title='bbox 323 4344 409 4383; x_wconf 88' lang='lat' dir='ltr'><strong>me</strong></span> <span class='ocrx_word' id='word_1_348' title='bbox 439 4326 571 4380; x_wconf 90' lang='lat' dir='ltr'><strong>mihi</strong></span> <span class='ocrx_word' id='word_1_349' title='bbox 595 4324 988 4396; x_wconf 80' lang='lat' dir='ltr'><strong>diSplicentem,</strong></span> <span class='ocrx_word' id='word_1_350' title='bbox 1008 4339 1163 4395; x_wconf 89' lang='lat' dir='ltr'><strong>quam</strong></span> <span class='ocrx_word' id='word_1_351' title='bbox 1184 4324 1295 4388; x_wconf 86' lang='lat' dir='ltr'><strong>tibi,</strong></span> <span class='ocrx_word' id='word_1_352' title='bbox 1314 4325 1596 4394; x_wconf 80' lang='lat' dir='ltr'><strong>perferam.</strong></span> <span class='ocrx_word' id='word_1_353' title='bbox 1622 4323 1757 4377; x_wconf 88' lang='lat' dir='ltr'><strong>Audi</strong></span> <span class='ocrx_word' id='word_1_354' title='bbox 1785 4338 1912 4394; x_wconf 85' lang='lat' dir='ltr'><strong>ergo</strong></span> 
     </span>
    </p>
   </div>
   <div class='ocr_carea' id='block_1_45' title="bbox 322 4414 1911 4492">
    <p class='ocr_par' dir='ltr' id='par_1_45' title="bbox 322 4414 1911 4492">
     <span class='ocr_line' id='line_1_45' title="bbox 322 4414 1911 4492; baseline -0.004 -18"><span class='ocrx_word' id='word_1_355' title='bbox 322 4418 466 4492; x_wconf 93' lang='lat' dir='ltr'><strong>quod</strong></span> <span class='ocrx_word' id='word_1_356' title='bbox 494 4432 559 4472; x_wconf 84' lang='lat' dir='ltr'><strong>ex</strong></span> <span class='ocrx_word' id='word_1_357' title='bbox 586 4432 671 4474; x_wconf 88' lang='lat' dir='ltr'><strong>me</strong></span> <span class='ocrx_word' id='word_1_358' title='bbox 692 4418 825 4472; x_wconf 87' lang='lat' dir='ltr'><strong>bene</strong></span> <span class='ocrx_word' id='word_1_359' title='bbox 856 4425 907 4471; x_wconf 93' lang='lat' dir='ltr'><strong>te</strong></span> <span class='ocrx_word' id='word_1_360' title='bbox 932 4416 1117 4469; x_wconf 89' lang='lat' dir='ltr'><strong>audire</strong></span> <span class='ocrx_word' id='word_1_361' title='bbox 1146 4430 1302 4484; x_wconf 91' lang='lat' dir='ltr'><strong>posse</strong></span> <span class='ocrx_word' id='word_1_362' title='bbox 1320 4414 1597 4485; x_wconf 92' lang='lat' dir='ltr'><strong>polliceor;</strong></span> <span class='ocrx_word' id='word_1_363' title='bbox 1628 4414 1767 4483; x_wconf 91' lang='lat' dir='ltr'><strong>quod</strong></span> <span class='ocrx_word' id='word_1_364' title='bbox 1787 4428 1911 4469; x_wconf 84' lang='lat' dir='ltr'><strong>vero</strong></span> 
     </span>
    </p>
   </div>
   <div class='ocr_carea' id='block_1_46' title="bbox 325 4507 1911 4576">
    <p class='ocr_par' dir='ltr' id='par_1_46' title="bbox 325 4507 1911 4576">
     <span class='ocr_line' id='line_1_46' title="bbox 325 4507 1911 4576; baseline -0.003 -10"><span class='ocrx_word' id='word_1_365' title='bbox 325 4521 417 4566; x_wconf 91' lang='lat' dir='ltr'><strong>aut</strong></span> <span class='ocrx_word' id='word_1_366' title='bbox 448 4510 723 4576; x_wconf 89' lang='lat' dir='ltr'><strong>ambobus,</strong></span> <span class='ocrx_word' id='word_1_367' title='bbox 752 4517 844 4563; x_wconf 90' lang='lat' dir='ltr'><strong>aut</strong></span> <span class='ocrx_word' id='word_1_368' title='bbox 869 4508 1023 4563; x_wconf 89' lang='lat' dir='ltr'><strong>alteri</strong></span> <span class='ocrx_word' id='word_1_369' title='bbox 1052 4516 1291 4562; x_wconf 90' lang='lat' dir='ltr'><strong>nostrum</strong></span> <span class='ocrx_word' id='word_1_370' title='bbox 1321 4507 1391 4561; x_wconf 90' lang='lat' dir='ltr'><strong>ita</strong></span> <span class='ocrx_word' id='word_1_371' title='bbox 1422 4520 1705 4562; x_wconf 90' lang='lat' dir='ltr'><strong>onerosum</strong></span> <span class='ocrx_word' id='word_1_372' title='bbox 1728 4515 1828 4571; x_wconf 90' lang='lat' dir='ltr'><strong>est,</strong></span> <span class='ocrx_word' id='word_1_373' title='bbox 1855 4516 1911 4562; x_wconf 88' lang='lat' dir='ltr'><strong>ut</strong></span> 
     </span>
    </p>
   </div>
   <div class='ocr_carea' id='block_1_47' title="bbox 324 4596 1910 4671">
    <p class='ocr_par' dir='ltr' id='par_1_47' title="bbox 324 4596 1910 4671">
     <span class='ocr_line' id='line_1_47' title="bbox 324 4596 1910 4671; baseline -0.001 -16"><span class='ocrx_word' id='word_1_374' title='bbox 324 4606 550 4657; x_wconf 76' lang='lat' dir='ltr'><strong>fortasse</strong></span> <span class='ocrx_word' id='word_1_375' title='bbox 571 4601 853 4671; x_wconf 92' lang='lat' dir='ltr'><strong>opprimat,</strong></span> <span class='ocrx_word' id='word_1_376' title='bbox 872 4616 937 4654; x_wconf 90' lang='lat' dir='ltr'><strong>ne</strong></span> <span class='ocrx_word' id='word_1_377' title='bbox 954 4599 1133 4654; x_wconf 91' lang='lat' dir='ltr'><strong>subire</strong></span> <span class='ocrx_word' id='word_1_378' title='bbox 1149 4607 1239 4652; x_wconf 91' lang='lat' dir='ltr'><strong>aut</strong></span> <span class='ocrx_word' id='word_1_379' title='bbox 1260 4598 1533 4668; x_wconf 89' lang='lat' dir='ltr'><strong>imponere</strong></span> <span class='ocrx_word' id='word_1_380' title='bbox 1554 4598 1707 4652; x_wconf 83' lang='lat' dir='ltr'><strong>velis.</strong></span> <span class='ocrx_word' id='word_1_381' title='bbox 1727 4596 1793 4650; x_wconf 89' lang='lat' dir='ltr'><strong>E.</strong></span> <span class='ocrx_word' id='word_1_382' title='bbox 1814 4598 1910 4653; x_wconf 89' lang='lat' dir='ltr'><strong>Ce-</strong></span> 
     </span>
    </p>
   </div>
   <div class='ocr_carea' id='block_1_48' title="bbox 326 4689 1909 4762">
    <p class='ocr_par' dir='ltr' id='par_1_48' title="bbox 326 4689 1909 4762">
     <span class='ocr_line' id='line_1_48' title="bbox 326 4689 1909 4762; baseline 0 -15"><span class='ocrx_word' id='word_1_383' title='bbox 326 4694 396 4748; x_wconf 92' lang='lat' dir='ltr'><strong>do</strong></span> <span class='ocrx_word' id='word_1_384' title='bbox 416 4708 651 4762; x_wconf 91' lang='lat' dir='ltr'><strong>prorsus,</strong></span> <span class='ocrx_word' id='word_1_385' title='bbox 672 4691 880 4760; x_wconf 85' lang='lat' dir='ltr'><strong>etquod</strong></span> <span class='ocrx_word' id='word_1_386' title='bbox 900 4692 991 4745; x_wconf 92' lang='lat' dir='ltr'><strong>tibi</strong></span> <span class='ocrx_word' id='word_1_387' title='bbox 1009 4698 1363 4761; x_wconf 86' lang='lat' dir='ltr'><strong>congruenter</strong></span> <span class='ocrx_word' id='word_1_388' title='bbox 1382 4704 1590 4744; x_wconf 90' lang='lat' dir='ltr'><strong>mecum</strong></span> <span class='ocrx_word' id='word_1_389' title='bbox 1608 4689 1816 4744; x_wconf 90' lang='lat' dir='ltr'><strong>videtur</strong></span> <span class='ocrx_word' id='word_1_390' title='bbox 1826 4690 1909 4761; x_wconf 87' lang='lat' dir='ltr'><strong>agi</strong></span> 
     </span>
    </p>
   </div>
   <div class='ocr_carea' id='block_1_49' title="bbox 328 4782 1847 4855">
    <p class='ocr_par' dir='ltr' id='par_1_49' title="bbox 328 4782 1847 4855">
     <span class='ocr_line' id='line_1_49' title="bbox 328 4782 1847 4855; baseline -0.002 -17"><span class='ocrx_word' id='word_1_391' title='bbox 328 4799 505 4855; x_wconf 87' lang='lat' dir='ltr'><strong>posse,</strong></span> <span class='ocrx_word' id='word_1_392' title='bbox 533 4793 786 4853; x_wconf 92' lang='lat' dir='ltr'><strong>quantum</strong></span> <span class='ocrx_word' id='word_1_393' title='bbox 809 4783 978 4836; x_wconf 88' lang='lat' dir='ltr'><strong>valeat</strong></span> <span class='ocrx_word' id='word_1_394' title='bbox 1006 4782 1202 4846; x_wconf 89' lang='lat' dir='ltr'><strong>anima,</strong></span> <span class='ocrx_word' id='word_1_395' title='bbox 1240 4790 1489 4851; x_wconf 81' lang='lat' dir='ltr'><strong>exspecto</strong></span> <span class='ocrx_word' id='word_1_396' title='bbox 1510 4789 1565 4835; x_wconf 92' lang='lat' dir='ltr'><strong>ut</strong></span> <span class='ocrx_word' id='word_1_397' title='bbox 1593 4796 1847 4851; x_wconf 83' lang='lat' dir='ltr'><strong>exponas.</strong></span> 
     </span>
    </p>
   </div>
   <div class='ocr_carea' id='block_1_50' title="bbox 327 4896 1908 4968">
    <p class='ocr_par' dir='ltr' id='par_1_50' title="bbox 327 4896 1908 4968">
     <span class='ocr_line' id='line_1_50' title="bbox 327 4896 1908 4968; baseline -0.001 -14"><span class='ocrx_word' id='word_1_398' title='bbox 327 4899 553 4954; x_wconf 83' lang='lat' dir='ltr'><strong>CAPUT</strong></span> <span class='ocrx_word' id='word_1_399' title='bbox 590 4897 829 4952; x_wconf 80' lang='lat' dir='ltr'><strong>XXXIII.</strong></span> <span class='ocrx_word' id='word_1_400' title='bbox 848 4926 918 4937; x_wconf 84' lang='grc'><strong><em>--</em></strong></span> <span class='ocrx_word' id='word_1_401' title='bbox 949 4896 1037 4951; x_wconf 76' lang='lat' dir='ltr'><strong>Vis</strong></span> <span class='ocrx_word' id='word_1_402' title='bbox 1066 4898 1249 4950; x_wconf 69' lang='lat' dir='ltr'><strong>animae</strong></span> <span class='ocrx_word' id='word_1_403' title='bbox 1280 4898 1333 4950; x_wconf 82' lang='lat' dir='ltr'><strong>in</strong></span> <span class='ocrx_word' id='word_1_404' title='bbox 1371 4913 1598 4967; x_wconf 87' lang='lat' dir='ltr'><strong>corpore,</strong></span> <span class='ocrx_word' id='word_1_405' title='bbox 1642 4898 1693 4951; x_wconf 80' lang='lat' dir='ltr'><strong>in</strong></span> <span class='ocrx_word' id='word_1_406' title='bbox 1720 4899 1908 4968; x_wconf 82' lang='lat' dir='ltr'><strong>seipsa,</strong></span> 
     </span>
    </p>
   </div>
   <div class='ocr_carea' id='block_1_51' title="bbox 401 4988 1907 5060">
    <p class='ocr_par' dir='ltr' id='par_1_51' title="bbox 401 4988 1907 5060">
     <span class='ocr_line' id='line_1_51' title="bbox 401 4988 1907 5060; baseline -0.001 -16"><span class='ocrx_word' id='word_1_407' title='bbox 401 5000 449 5044; x_wconf 84' lang='lat' dir='ltr'><strong>et</strong></span> <span class='ocrx_word' id='word_1_408' title='bbox 471 4990 607 5059; x_wconf 87' lang='lat' dir='ltr'><strong>apud</strong></span> <span class='ocrx_word' id='word_1_409' title='bbox 624 4988 807 5057; x_wconf 87' lang='lat' dir='ltr'><strong>Deum,</strong></span> <span class='ocrx_word' id='word_1_410' title='bbox 840 4997 1025 5060; x_wconf 82' lang='lat' dir='ltr'><strong>septem</strong></span> <span class='ocrx_word' id='word_1_411' title='bbox 1051 4989 1158 5058; x_wconf 85' lang='lat' dir='ltr'><strong>ejus</strong></span> <span class='ocrx_word' id='word_1_412' title='bbox 1184 4988 1543 5059; x_wconf 78' lang='lat' dir='ltr'><strong>magnitudinis</strong></span> <span class='ocrx_word' id='word_1_413' title='bbox 1569 4990 1759 5060; x_wconf 84' lang='lat' dir='ltr'><strong>gradus</strong></span> <span class='ocrx_word' id='word_1_414' title='bbox 1785 5006 1907 5043; x_wconf 84' lang='lat' dir='ltr'><strong>con-</strong></span> 
     </span>
    </p>
   </div>
   <div class='ocr_carea' id='block_1_52' title="bbox 399 5091 1415 5213">
    <p class='ocr_par' dir='ltr' id='par_1_52' title="bbox 399 5091 1415 5213">
     <span class='ocr_line' id='line_1_52' title="bbox 399 5091 1415 5213; baseline -0.003 -77"><span class='ocrx_word' id='word_1_415' title='bbox 399 5091 580 5136; x_wconf 67' lang='lat' dir='ltr'><strong>simul.</strong></span> <span class='ocrx_word' id='word_1_416' title='bbox 822 5151 1007 5201; x_wconf 62' lang='lat' dir='ltr'><strong>Pﬂmus</strong></span> <span class='ocrx_word' id='word_1_417' title='bbox 1026 5149 1205 5213; x_wconf 67' lang='lat' dir='ltr'><strong>gradus</strong></span> <span class='ocrx_word' id='word_1_418' title='bbox 1225 5150 1415 5200; x_wconf 54' lang='lat' dir='ltr'><strong>anima.</strong></span> 
     </span>
    </p>
   </div>
   <div class='ocr_carea' id='block_1_53' title="bbox 400 5256 1911 5327">
    <p class='ocr_par' dir='ltr' id='par_1_53' title="bbox 400 5256 1911 5327">
     <span class='ocr_line' id='line_1_53' title="bbox 400 5256 1911 5327; baseline 0.001 -15"><span class='ocrx_word' id='word_1_419' title='bbox 400 5258 486 5315; x_wconf 88' lang='lat'><strong>70.</strong></span> <span class='ocrx_word' id='word_1_420' title='bbox 505 5258 568 5312; x_wconf 84' lang='grc' dir='ltr'><strong>Α.</strong></span> <span class='ocrx_word' id='word_1_421' title='bbox 587 5258 630 5312; x_wconf 94' lang='grc' dir='ltr'>Ο</span> <span class='ocrx_word' id='word_1_422' title='bbox 652 5257 850 5312; x_wconf 90' lang='lat' dir='ltr'><strong>utinam</strong></span> <span class='ocrx_word' id='word_1_423' title='bbox 871 5256 1234 5311; x_wconf 89' lang='lat' dir='ltr'><strong>doctissimum</strong></span> <span class='ocrx_word' id='word_1_424' title='bbox 1260 5256 1509 5326; x_wconf 90' lang='lat' dir='ltr'><strong>aliquem,</strong></span> <span class='ocrx_word' id='word_1_425' title='bbox 1534 5272 1705 5327; x_wconf 87' lang='lat' dir='ltr'><strong>neque</strong></span> <span class='ocrx_word' id='word_1_426' title='bbox 1722 5257 1773 5312; x_wconf 91' lang='lat' dir='ltr'><strong>id</strong></span> <span class='ocrx_word' id='word_1_427' title='bbox 1796 5265 1911 5314; x_wconf 89' lang='lat' dir='ltr'><strong>tan-</strong></span> 
     </span>
    </p>
   </div>
   <div class='ocr_carea' id='block_1_54' title="bbox 327 5351 1911 5421">
    <p class='ocr_par' dir='ltr' id='par_1_54' title="bbox 327 5351 1911 5421">
     <span class='ocr_line' id='line_1_54' title="bbox 327 5351 1911 5421; baseline -0.001 -13"><span class='ocrx_word' id='word_1_428' title='bbox 327 5362 461 5421; x_wconf 86' lang='lat' dir='ltr'><strong>tum,</strong></span> <span class='ocrx_word' id='word_1_429' title='bbox 484 5352 574 5407; x_wconf 92' lang='lat' dir='ltr'><strong>sed</strong></span> <span class='ocrx_word' id='word_1_430' title='bbox 594 5352 751 5407; x_wconf 86' lang='lat' dir='ltr'><strong>etiam</strong></span> <span class='ocrx_word' id='word_1_431' title='bbox 769 5351 1276 5420; x_wconf 86' lang='lat' dir='ltr'><strong>eloquentissimum,</strong></span> <span class='ocrx_word' id='word_1_432' title='bbox 1296 5351 1578 5403; x_wconf 88' lang='lat' dir='ltr'><strong>etomnino</strong></span> <span class='ocrx_word' id='word_1_433' title='bbox 1593 5352 1911 5421; x_wconf 89' lang='lat' dir='ltr'><strong>sapientissi-</strong></span> 
     </span>
    </p>
   </div>
   <div class='ocr_carea' id='block_1_55' title="bbox 332 5440 1910 5514">
    <p class='ocr_par' dir='ltr' id='par_1_55' title="bbox 332 5440 1910 5514">
     <span class='ocr_line' id='line_1_55' title="bbox 332 5440 1910 5514; baseline -0.001 -14"><span class='ocrx_word' id='word_1_434' title='bbox 332 5458 494 5510; x_wconf 86' lang='lat' dir='ltr'><strong>mum,</strong></span> <span class='ocrx_word' id='word_1_435' title='bbox 521 5443 915 5514; x_wconf 90' lang='lat' dir='ltr'><strong>perfectumque</strong></span> <span class='ocrx_word' id='word_1_436' title='bbox 934 5441 1200 5495; x_wconf 89' lang='lat' dir='ltr'><strong>hominem</strong></span> <span class='ocrx_word' id='word_1_437' title='bbox 1217 5440 1282 5495; x_wconf 92' lang='lat' dir='ltr'><strong>de</strong></span> <span class='ocrx_word' id='word_1_438' title='bbox 1297 5440 1399 5494; x_wconf 92' lang='lat' dir='ltr'><strong>hoc</strong></span> <span class='ocrx_word' id='word_1_439' title='bbox 1413 5442 1569 5495; x_wconf 91' lang='lat' dir='ltr'><strong>ambo</strong></span> <span class='ocrx_word' id='word_1_440' title='bbox 1588 5442 1910 5512; x_wconf 90' lang='lat' dir='ltr'><strong>interrogare</strong></span> 
     </span>
    </p>
   </div>
   <div class='ocr_carea' id='block_1_56' title="bbox 330 5520 1910 5611">
    <p class='ocr_par' dir='ltr' id='par_1_56' title="bbox 330 5520 1910 5611">
     <span class='ocr_line' id='line_1_56' title="bbox 330 5520 1910 5611; baseline -0.001 -21"><span class='ocrx_word' id='word_1_441' title='bbox 330 5520 638 5611; x_wconf 79' lang='lat' dir='ltr'><strong>pessemus!</strong></span> <span class='ocrx_word' id='word_1_442' title='bbox 667 5534 903 5600; x_wconf 85' lang='lat' dir='ltr'><strong>Quonam</strong></span> <span class='ocrx_word' id='word_1_443' title='bbox 932 5531 1019 5585; x_wconf 90' lang='lat' dir='ltr'><strong>ille</strong></span> <span class='ocrx_word' id='word_1_444' title='bbox 1045 5531 1203 5585; x_wconf 92' lang='lat' dir='ltr'><strong>modo</strong></span> <span class='ocrx_word' id='word_1_445' title='bbox 1231 5531 1355 5601; x_wconf 89' lang='lat' dir='ltr'><strong>quid</strong></span> <span class='ocrx_word' id='word_1_446' title='bbox 1383 5532 1556 5585; x_wconf 89' lang='lat' dir='ltr'><strong>anima</strong></span> <span class='ocrx_word' id='word_1_447' title='bbox 1597 5533 1648 5586; x_wconf 90' lang='lat' dir='ltr'><strong>in</strong></span> <span class='ocrx_word' id='word_1_448' title='bbox 1688 5548 1910 5602; x_wconf 91' lang='lat' dir='ltr'><strong>corpore</strong></span> 
     </span>
    </p>
   </div>
   <div class='ocr_carea' id='block_1_57' title="bbox 335 5623 1909 5698">
    <p class='ocr_par' dir='ltr' id='par_1_57' title="bbox 335 5623 1909 5698">
     <span class='ocr_line' id='line_1_57' title="bbox 335 5623 1909 5698; baseline -0.002 -15"><span class='ocrx_word' id='word_1_449' title='bbox 335 5630 549 5692; x_wconf 89' lang='lat' dir='ltr'><strong>valeret,</strong></span> <span class='ocrx_word' id='word_1_450' title='bbox 571 5627 696 5698; x_wconf 92' lang='lat' dir='ltr'><strong>quid</strong></span> <span class='ocrx_word' id='word_1_451' title='bbox 714 5628 764 5681; x_wconf 92' lang='lat' dir='ltr'><strong>iu</strong></span> <span class='ocrx_word' id='word_1_452' title='bbox 778 5626 971 5694; x_wconf 89' lang='lat' dir='ltr'><strong>seipsa,</strong></span> <span class='ocrx_word' id='word_1_453' title='bbox 992 5624 1117 5694; x_wconf 88' lang='lat' dir='ltr'><strong>quid</strong></span> <span class='ocrx_word' id='word_1_454' title='bbox 1135 5624 1272 5693; x_wconf 88' lang='lat' dir='ltr'><strong>apud</strong></span> <span class='ocrx_word' id='word_1_455' title='bbox 1290 5625 1454 5678; x_wconf 90' lang='lat' dir='ltr'><strong>Deum</strong></span> <span class='ocrx_word' id='word_1_456' title='bbox 1466 5624 1549 5678; x_wconf 91' lang='lat' dir='ltr'><strong>cui</strong></span> <span class='ocrx_word' id='word_1_457' title='bbox 1567 5623 1909 5680; x_wconf 88' lang='lat' dir='ltr'><strong>mundissima</strong></span> 
     </span>
    </p>
   </div>
   <div class='ocr_carea' id='block_1_58' title="bbox 335 5718 1909 5791">
    <p class='ocr_par' dir='ltr' id='par_1_58' title="bbox 335 5718 1909 5791">
     <span class='ocr_line' id='line_1_58' title="bbox 335 5718 1909 5791; baseline -0.002 -16"><span class='ocrx_word' id='word_1_458' title='bbox 335 5722 574 5791; x_wconf 83' lang='lat' dir='ltr'><strong>proxima</strong></span> <span class='ocrx_word' id='word_1_459' title='bbox 586 5731 668 5775; x_wconf 91' lang='lat' dir='ltr'><strong>est</strong></span> <span class='ocrx_word' id='word_1_460' title='bbox 680 5730 732 5775; x_wconf 91' lang='lat' dir='ltr'><strong>et</strong></span> <span class='ocrx_word' id='word_1_461' title='bbox 743 5721 794 5774; x_wconf 93' lang='lat' dir='ltr'><strong>in</strong></span> <span class='ocrx_word' id='word_1_462' title='bbox 807 5734 911 5789; x_wconf 92' lang='lat' dir='ltr'><strong>quo</strong></span> <span class='ocrx_word' id='word_1_463' title='bbox 923 5718 1079 5772; x_wconf 87' lang='lat' dir='ltr'><strong>habet</strong></span> <span class='ocrx_word' id='word_1_464' title='bbox 1096 5733 1361 5772; x_wconf 88' lang='lat' dir='ltr'><strong>summum</strong></span> <span class='ocrx_word' id='word_1_465' title='bbox 1378 5726 1535 5787; x_wconf 89' lang='lat' dir='ltr'><strong>atque</strong></span> <span class='ocrx_word' id='word_1_466' title='bbox 1548 5733 1703 5772; x_wconf 91' lang='lat' dir='ltr'><strong>omne</strong></span> <span class='ocrx_word' id='word_1_467' title='bbox 1715 5718 1909 5772; x_wconf 92' lang='lat' dir='ltr'><strong>bonum</strong></span> 
     </span>
    </p>
   </div>
   <div class='ocr_carea' id='block_1_59' title="bbox 334 5808 1910 5883">
    <p class='ocr_par' dir='ltr' id='par_1_59' title="bbox 334 5808 1910 5883">
     <span class='ocr_line' id='line_1_59' title="bbox 334 5808 1910 5883; baseline -0.001 -12"><span class='ocrx_word' id='word_1_468' title='bbox 334 5815 749 5883; x_wconf 83' lang='lat' dir='ltr'><strong>suum,dicendo</strong></span> <span class='ocrx_word' id='word_1_469' title='bbox 775 5830 839 5871; x_wconf 91' lang='lat' dir='ltr'><strong>ac</strong></span> <span class='ocrx_word' id='word_1_470' title='bbox 867 5813 1182 5883; x_wconf 89' lang='lat' dir='ltr'><strong>disputando</strong></span> <span class='ocrx_word' id='word_1_471' title='bbox 1200 5808 1518 5883; x_wconf 80' lang='lat' dir='ltr'><strong>explicaret!</strong></span> <span class='ocrx_word' id='word_1_472' title='bbox 1548 5814 1696 5869; x_wconf 89' lang='lat' dir='ltr'><strong>Nunc</strong></span> <span class='ocrx_word' id='word_1_473' title='bbox 1734 5822 1910 5869; x_wconf 85' lang='lat' dir='ltr'><strong>autem</strong></span> 
     </span>
    </p>
   </div>
   <div class='ocr_carea' id='block_1_60' title="bbox 1818 344 2255 405">
    <p class='ocr_par' dir='ltr' id='par_1_60' title="bbox 1818 344 2255 405">
     <span class='ocr_line' id='line_1_60' title="bbox 1818 344 2255 405; baseline 0.007 -5"><span class='ocrx_word' id='word_1_474' title='bbox 1818 344 2018 401; x_wconf 80' lang='lat' dir='ltr'><strong>LIBER</strong></span> <span class='ocrx_word' id='word_1_475' title='bbox 2058 345 2255 405; x_wconf 88' lang='lat' dir='ltr'><strong>UNUS.</strong></span> 
     </span>
    </p>
   </div>
   <div class='ocr_carea' id='block_1_61' title="bbox 3502 361 3638 419">
    <p class='ocr_par' dir='ltr' id='par_1_61' title="bbox 3502 361 3638 419">
     <span class='ocr_line' id='line_1_61' title="bbox 3502 361 3638 419; baseline 0.022 -3"><span class='ocrx_word' id='word_1_476' title='bbox 3502 362 3524 416; x_wconf 77' lang='grc'><strong>1</strong></span> <span class='ocrx_word' id='word_1_477' title='bbox 3535 361 3638 419; x_wconf 58' lang='lat' dir='ltr'><strong>07b</strong></span> 
     </span>
    </p>
   </div>
   <div class='ocr_carea' id='block_1_62' title="bbox 2051 460 3631 534">
    <p class='ocr_par' dir='ltr' id='par_1_62' title="bbox 2051 460 3631 534">
     <span class='ocr_line' id='line_1_62' title="bbox 2051 460 3631 534; baseline 0.006 -19"><span class='ocrx_word' id='word_1_478' title='bbox 2051 475 2171 516; x_wconf 93' lang='lat' dir='ltr'><strong>cum</strong></span> <span class='ocrx_word' id='word_1_479' title='bbox 2190 460 2319 516; x_wconf 92' lang='lat' dir='ltr'><strong>mihi</strong></span> <span class='ocrx_word' id='word_1_480' title='bbox 2336 462 2402 518; x_wconf 88' lang='lat' dir='ltr'><strong>ad</strong></span> <span class='ocrx_word' id='word_1_481' title='bbox 2426 463 2563 519; x_wconf 88' lang='lat' dir='ltr'><strong>hanc</strong></span> <span class='ocrx_word' id='word_1_482' title='bbox 2577 479 2690 519; x_wconf 91' lang='lat' dir='ltr'><strong>rem</strong></span> <span class='ocrx_word' id='word_1_483' title='bbox 2708 465 2846 521; x_wconf 89' lang='lat' dir='ltr'><strong>desit</strong></span> <span class='ocrx_word' id='word_1_484' title='bbox 2862 466 3018 534; x_wconf 89' lang='lat' dir='ltr'><strong>alius,</strong></span> <span class='ocrx_word' id='word_1_485' title='bbox 3038 468 3207 524; x_wconf 84' lang='lat' dir='ltr'><strong>audeo</strong></span> <span class='ocrx_word' id='word_1_486' title='bbox 3225 477 3399 525; x_wconf 91' lang='lat' dir='ltr'><strong>tamen</strong></span> <span class='ocrx_word' id='word_1_487' title='bbox 3418 470 3511 525; x_wconf 91' lang='lat' dir='ltr'><strong>tibi</strong></span> <span class='ocrx_word' id='word_1_488' title='bbox 3526 487 3631 526; x_wconf 84' lang='lat' dir='ltr'><strong>non</strong></span> 
     </span>
    </p>
   </div>
   <div class='ocr_carea' id='block_1_63' title="bbox 2049 553 3633 630">
    <p class='ocr_par' dir='ltr' id='par_1_63' title="bbox 2049 553 3633 630">
     <span class='ocr_line' id='line_1_63' title="bbox 2049 553 3633 630; baseline 0.003 -21"><span class='ocrx_word' id='word_1_489' title='bbox 2049 553 2238 610; x_wconf 90' lang='lat' dir='ltr'><strong>deesse</strong></span> <span class='ocrx_word' id='word_1_490' title='bbox 2268 573 2281 609; x_wconf 92' lang='lat'>:</span> <span class='ocrx_word' id='word_1_491' title='bbox 2309 554 2402 611; x_wconf 88' lang='lat' dir='ltr'><strong>sed</strong></span> <span class='ocrx_word' id='word_1_492' title='bbox 2424 555 2527 611; x_wconf 93' lang='lat' dir='ltr'><strong>hoc</strong></span> <span class='ocrx_word' id='word_1_493' title='bbox 2554 558 2817 614; x_wconf 86' lang='lat' dir='ltr'><strong>mercedis</strong></span> <span class='ocrx_word' id='word_1_494' title='bbox 2841 568 2943 625; x_wconf 89' lang='lat' dir='ltr'><strong>est,</strong></span> <span class='ocrx_word' id='word_1_495' title='bbox 2965 559 3106 630; x_wconf 86' lang='lat' dir='ltr'><strong>quod</strong></span> <span class='ocrx_word' id='word_1_496' title='bbox 3130 559 3278 627; x_wconf 89' lang='lat' dir='ltr'><strong>dum,</strong></span> <span class='ocrx_word' id='word_1_497' title='bbox 3306 562 3430 630; x_wconf 91' lang='lat' dir='ltr'><strong>quid</strong></span> <span class='ocrx_word' id='word_1_498' title='bbox 3461 564 3633 618; x_wconf 80' lang='lat' dir='ltr'><strong>valeat</strong></span> 
     </span>
    </p>
   </div>
   <div class='ocr_carea' id='block_1_64' title="bbox 2049 647 3635 721">
    <p class='ocr_par' dir='ltr' id='par_1_64' title="bbox 2049 647 3635 721">
     <span class='ocr_line' id='line_1_64' title="bbox 2049 647 3635 721; baseline 0.008 -22"><span class='ocrx_word' id='word_1_499' title='bbox 2049 647 2247 713; x_wconf 90' lang='lat' dir='ltr'><strong>anima,</strong></span> <span class='ocrx_word' id='word_1_500' title='bbox 2282 647 2524 703; x_wconf 91' lang='lat' dir='ltr'><strong>indoctus</strong></span> <span class='ocrx_word' id='word_1_501' title='bbox 2554 650 2809 720; x_wconf 82' lang='lat' dir='ltr'><strong>expedio;</strong></span> <span class='ocrx_word' id='word_1_502' title='bbox 2838 650 2965 720; x_wconf 89' lang='lat' dir='ltr'><strong>quid</strong></span> <span class='ocrx_word' id='word_1_503' title='bbox 2996 651 3110 721; x_wconf 89' lang='lat' dir='ltr'><strong>ipse</strong></span> <span class='ocrx_word' id='word_1_504' title='bbox 3148 652 3386 717; x_wconf 87' lang='lat' dir='ltr'><strong>valeam,</strong></span> <span class='ocrx_word' id='word_1_505' title='bbox 3417 666 3635 711; x_wconf 89' lang='lat' dir='ltr'><strong>securus</strong></span> 
     </span>
    </p>
   </div>
   <div class='ocr_carea' id='block_1_65' title="bbox 2049 740 3629 812">
    <p class='ocr_par' dir='ltr' id='par_1_65' title="bbox 2049 740 3629 812">
     <span class='ocr_line' id='line_1_65' title="bbox 2049 740 3629 812; baseline 0.003 -19"><span class='ocrx_word' id='word_1_506' title='bbox 2049 740 2311 809; x_wconf 84' lang='lat' dir='ltr'><strong>experior.</strong></span> <span class='ocrx_word' id='word_1_507' title='bbox 2344 741 2400 795; x_wconf 93' lang='lat' dir='ltr'><strong>ln</strong></span> <span class='ocrx_word' id='word_1_508' title='bbox 2449 742 2636 811; x_wconf 91' lang='lat' dir='ltr'><strong>primis</strong></span> <span class='ocrx_word' id='word_1_509' title='bbox 2674 750 2849 797; x_wconf 89' lang='lat' dir='ltr'><strong>tamen</strong></span> <span class='ocrx_word' id='word_1_510' title='bbox 2882 743 2975 797; x_wconf 88' lang='lat' dir='ltr'><strong>tibi</strong></span> <span class='ocrx_word' id='word_1_511' title='bbox 3014 751 3281 812; x_wconf 91' lang='lat' dir='ltr'><strong>amputem</strong></span> <span class='ocrx_word' id='word_1_512' title='bbox 3320 741 3629 798; x_wconf 84' lang='lat' dir='ltr'><strong>latissimam</strong></span> 
     </span>
    </p>
   </div>
   <div class='ocr_carea' id='block_1_66' title="bbox 2046 832 3631 903">
    <p class='ocr_par' dir='ltr' id='par_1_66' title="bbox 2046 832 3631 903">
     <span class='ocr_line' id='line_1_66' title="bbox 2046 832 3631 903; baseline 0.003 -19"><span class='ocrx_word' id='word_1_513' title='bbox 2046 832 2329 902; x_wconf 88' lang='lat' dir='ltr'><strong>quamdam</strong></span> <span class='ocrx_word' id='word_1_514' title='bbox 2361 840 2415 887; x_wconf 90' lang='lat' dir='ltr'><strong>et</strong></span> <span class='ocrx_word' id='word_1_515' title='bbox 2444 833 2702 887; x_wconf 87' lang='lat' dir='ltr'><strong>infinitam</strong></span> <span class='ocrx_word' id='word_1_516' title='bbox 2720 834 3193 903; x_wconf 80' lang='lat' dir='ltr'><strong>exspectationem,</strong></span> <span class='ocrx_word' id='word_1_517' title='bbox 3212 848 3280 888; x_wconf 90' lang='lat' dir='ltr'><strong>ne</strong></span> <span class='ocrx_word' id='word_1_518' title='bbox 3299 848 3384 889; x_wconf 92' lang='lat' dir='ltr'><strong>me</strong></span> <span class='ocrx_word' id='word_1_519' title='bbox 3401 833 3468 889; x_wconf 90' lang='lat' dir='ltr'><strong>de</strong></span> <span class='ocrx_word' id='word_1_520' title='bbox 3489 836 3631 889; x_wconf 92' lang='lat' dir='ltr'><strong>omni</strong></span> 
     </span>
    </p>
   </div>
   <div class='ocr_carea' id='block_1_67' title="bbox 2045 922 3631 995">
    <p class='ocr_par' dir='ltr' id='par_1_67' title="bbox 2045 922 3631 995">
     <span class='ocr_line' id='line_1_67' title="bbox 2045 922 3631 995; baseline 0.003 -20"><span class='ocrx_word' id='word_1_521' title='bbox 2045 922 2219 977; x_wconf 90' lang='lat' dir='ltr'><strong>anima</strong></span> <span class='ocrx_word' id='word_1_522' title='bbox 2249 924 2507 977; x_wconf 91' lang='lat' dir='ltr'><strong>dicturum</strong></span> <span class='ocrx_word' id='word_1_523' title='bbox 2533 933 2706 993; x_wconf 84' lang='lat' dir='ltr'><strong>putes,</strong></span> <span class='ocrx_word' id='word_1_524' title='bbox 2732 924 2826 979; x_wconf 90' lang='lat' dir='ltr'><strong>sed</strong></span> <span class='ocrx_word' id='word_1_525' title='bbox 2852 933 3056 979; x_wconf 91' lang='lat' dir='ltr'><strong>tantum</strong></span> <span class='ocrx_word' id='word_1_526' title='bbox 3087 925 3154 979; x_wconf 93' lang='lat' dir='ltr'><strong>de</strong></span> <span class='ocrx_word' id='word_1_527' title='bbox 3190 925 3439 991; x_wconf 90' lang='lat' dir='ltr'><strong>humana,</strong></span> <span class='ocrx_word' id='word_1_528' title='bbox 3471 940 3631 995; x_wconf 89' lang='lat' dir='ltr'><strong>quam</strong></span> 
     </span>
    </p>
   </div>
   <div class='ocr_carea' id='block_1_68' title="bbox 2045 1013 3628 1089">
    <p class='ocr_par' dir='ltr' id='par_1_68' title="bbox 2045 1013 3628 1089">
     <span class='ocr_line' id='line_1_68' title="bbox 2045 1013 3628 1089; baseline 0.003 -22"><span class='ocrx_word' id='word_1_529' title='bbox 2045 1013 2215 1067; x_wconf 90' lang='lat' dir='ltr'><strong>solam</strong></span> <span class='ocrx_word' id='word_1_530' title='bbox 2243 1029 2428 1089; x_wconf 87' lang='lat' dir='ltr'><strong>curare</strong></span> <span class='ocrx_word' id='word_1_531' title='bbox 2457 1014 2734 1083; x_wconf 86' lang='lat' dir='ltr'><strong>debemus,</strong></span> <span class='ocrx_word' id='word_1_532' title='bbox 2769 1016 2813 1071; x_wconf 89' lang='lat' dir='ltr'><strong>si</strong></span> <span class='ocrx_word' id='word_1_533' title='bbox 2835 1016 3229 1085; x_wconf 89' lang='lat' dir='ltr'><strong>nobismetipsis</strong></span> <span class='ocrx_word' id='word_1_534' title='bbox 3254 1030 3395 1070; x_wconf 63' lang='lat' dir='ltr'><strong>curae</strong></span> <span class='ocrx_word' id='word_1_535' title='bbox 3421 1032 3628 1074; x_wconf 91' lang='lat' dir='ltr'><strong>sumus.</strong></span> 
     </span>
    </p>
   </div>
   <div class='ocr_carea' id='block_1_69' title="bbox 2045 1096 3630 1178">
    <p class='ocr_par' dir='ltr' id='par_1_69' title="bbox 2045 1096 3630 1178">
     <span class='ocr_line' id='line_1_69' title="bbox 2045 1096 3630 1178; baseline 0.006 -20"><span class='ocrx_word' id='word_1_536' title='bbox 2045 1105 2169 1159; x_wconf 72' lang='lat' dir='ltr'><strong>Haec</strong></span> <span class='ocrx_word' id='word_1_537' title='bbox 2206 1096 2362 1175; x_wconf 81' lang='lat' dir='ltr'><strong>igitur</strong></span> <span class='ocrx_word' id='word_1_538' title='bbox 2398 1107 2603 1177; x_wconf 91' lang='lat' dir='ltr'><strong>primo,</strong></span> <span class='ocrx_word' id='word_1_539' title='bbox 2636 1108 2775 1178; x_wconf 90' lang='lat' dir='ltr'><strong>quod</strong></span> <span class='ocrx_word' id='word_1_540' title='bbox 2819 1110 2986 1163; x_wconf 88' lang='lat' dir='ltr'><strong>cuivis</strong></span> <span class='ocrx_word' id='word_1_541' title='bbox 3018 1109 3442 1165; x_wconf 90' lang='lat' dir='ltr'><strong>animadvertere</strong></span> <span class='ocrx_word' id='word_1_542' title='bbox 3478 1110 3630 1167; x_wconf 80' lang='lat' dir='ltr'><strong>facile</strong></span> 
     </span>
    </p>
   </div>
   <div class='ocr_carea' id='block_1_70' title="bbox 2042 1199 3627 1271">
    <p class='ocr_par' dir='ltr' id='par_1_70' title="bbox 2042 1199 3627 1271">
     <span class='ocr_line' id='line_1_70' title="bbox 2042 1199 3627 1271; baseline 0.006 -22"><span class='ocrx_word' id='word_1_543' title='bbox 2042 1205 2143 1259; x_wconf 92' lang='lat' dir='ltr'><strong>est,</strong></span> <span class='ocrx_word' id='word_1_544' title='bbox 2173 1212 2367 1266; x_wconf 90' lang='lat' dir='ltr'><strong>corpus</strong></span> <span class='ocrx_word' id='word_1_545' title='bbox 2390 1199 2489 1253; x_wconf 88' lang='lat' dir='ltr'><strong>hoc</strong></span> <span class='ocrx_word' id='word_1_546' title='bbox 2511 1209 2779 1254; x_wconf 89' lang='lat' dir='ltr'><strong>terrenum</strong></span> <span class='ocrx_word' id='word_1_547' title='bbox 2801 1211 2960 1271; x_wconf 89' lang='lat' dir='ltr'><strong>atque</strong></span> <span class='ocrx_word' id='word_1_548' title='bbox 2976 1202 3200 1257; x_wconf 87' lang='lat' dir='ltr'><strong>mortale</strong></span> <span class='ocrx_word' id='word_1_549' title='bbox 3228 1204 3507 1270; x_wconf 65' lang='lat' dir='ltr'><strong>praesentia</strong></span> <span class='ocrx_word' id='word_1_550' title='bbox 3532 1219 3627 1258; x_wconf 86' lang='lat' dir='ltr'><strong>sua</strong></span> 
     </span>
    </p>
   </div>
   <div class='ocr_carea' id='block_1_71' title="bbox 2040 1290 3627 1363">
    <p class='ocr_par' dir='ltr' id='par_1_71' title="bbox 2040 1290 3627 1363">
     <span class='ocr_line' id='line_1_71' title="bbox 2040 1290 3627 1363; baseline 0.004 -20"><span class='ocrx_word' id='word_1_551' title='bbox 2040 1290 2305 1357; x_wconf 81' lang='lat' dir='ltr'><strong>vivificat;</strong></span> <span class='ocrx_word' id='word_1_552' title='bbox 2334 1293 2533 1361; x_wconf 87' lang='lat' dir='ltr'><strong>colligit</strong></span> <span class='ocrx_word' id='word_1_553' title='bbox 2574 1293 2624 1346; x_wconf 90' lang='lat' dir='ltr'><strong>in</strong></span> <span class='ocrx_word' id='word_1_554' title='bbox 2665 1310 2827 1349; x_wconf 92' lang='lat' dir='ltr'><strong>unum</strong></span> <span class='ocrx_word' id='word_1_555' title='bbox 2847 1336 2862 1362; x_wconf 92' lang='lat'><strong>,</strong></span> <span class='ocrx_word' id='word_1_556' title='bbox 2890 1303 3050 1363; x_wconf 88' lang='lat' dir='ltr'><strong>atque</strong></span> <span class='ocrx_word' id='word_1_557' title='bbox 3078 1295 3129 1349; x_wconf 92' lang='lat' dir='ltr'><strong>in</strong></span> <span class='ocrx_word' id='word_1_558' title='bbox 3161 1311 3265 1349; x_wconf 91' lang='lat' dir='ltr'><strong>uno</strong></span> <span class='ocrx_word' id='word_1_559' title='bbox 3305 1304 3482 1360; x_wconf 90' lang='lat' dir='ltr'><strong>tenet,</strong></span> <span class='ocrx_word' id='word_1_560' title='bbox 3522 1294 3627 1350; x_wconf 90' lang='lat' dir='ltr'><strong>dif-</strong></span> 
     </span>
    </p>
   </div>
   <div class='ocr_carea' id='block_1_72' title="bbox 2043 1379 3699 1459">
    <p class='ocr_par' dir='ltr' id='par_1_72' title="bbox 2043 1379 3699 1459">
     <span class='ocr_line' id='line_1_72' title="bbox 2043 1379 3699 1459; baseline 0.005 -25"><span class='ocrx_word' id='word_1_561' title='bbox 2043 1379 2209 1436; x_wconf 86' lang='lat' dir='ltr'><strong>ﬂuere</strong></span> <span class='ocrx_word' id='word_1_562' title='bbox 2252 1392 2410 1451; x_wconf 89' lang='lat' dir='ltr'><strong>atque</strong></span> <span class='ocrx_word' id='word_1_563' title='bbox 2464 1384 2843 1439; x_wconf 88' lang='lat' dir='ltr'><strong>contabescere</strong></span> <span class='ocrx_word' id='word_1_564' title='bbox 2886 1401 2991 1439; x_wconf 91' lang='lat' dir='ltr'><strong>non</strong></span> <span class='ocrx_word' id='word_1_565' title='bbox 3040 1386 3193 1450; x_wconf 90' lang='lat' dir='ltr'><strong>sinit;</strong></span> <span class='ocrx_word' id='word_1_566' title='bbox 3238 1387 3490 1441; x_wconf 90' lang='lat' dir='ltr'><strong>alimenta</strong></span> <span class='ocrx_word' id='word_1_567' title='bbox 3534 1403 3629 1457; x_wconf 86' lang='lat' dir='ltr'><strong>per</strong></span> <span class='ocrx_word' id='word_1_568' title='bbox 3692 1448 3699 1459; x_wconf 38' lang='grc' dir='ltr'>ν</span> 
     </span>
    </p>
   </div>
   <div class='ocr_carea' id='block_1_73' title="bbox 2040 1474 3628 1547">
    <p class='ocr_par' dir='ltr' id='par_1_73' title="bbox 2040 1474 3628 1547">
     <span class='ocr_line' id='line_1_73' title="bbox 2040 1474 3628 1547; baseline 0.004 -22"><span class='ocrx_word' id='word_1_569' title='bbox 2040 1474 2277 1527; x_wconf 81' lang='lat' dir='ltr'><strong>membra</strong></span> <span class='ocrx_word' id='word_1_570' title='bbox 2310 1474 2603 1543; x_wconf 80' lang='lat' dir='ltr'><strong>aequaliter,</strong></span> <span class='ocrx_word' id='word_1_571' title='bbox 2637 1475 2747 1530; x_wconf 88' lang='lat' dir='ltr'><strong>suis</strong></span> <span class='ocrx_word' id='word_1_572' title='bbox 2783 1477 2973 1547; x_wconf 86' lang='lat' dir='ltr'><strong>cuique</strong></span> <span class='ocrx_word' id='word_1_573' title='bbox 3002 1477 3253 1544; x_wconf 91' lang='lat' dir='ltr'><strong>redditis,</strong></span> <span class='ocrx_word' id='word_1_574' title='bbox 3279 1476 3523 1532; x_wconf 90' lang='lat' dir='ltr'><strong>distribui</strong></span> <span class='ocrx_word' id='word_1_575' title='bbox 3553 1478 3628 1531; x_wconf 81' lang='lat' dir='ltr'><strong>fa-</strong></span> 
     </span>
    </p>
   </div>
   <div class='ocr_carea' id='block_1_74' title="bbox 2035 1566 3623 1639">
    <p class='ocr_par' dir='ltr' id='par_1_74' title="bbox 2035 1566 3623 1639">
     <span class='ocr_line' id='line_1_74' title="bbox 2035 1566 3623 1639; baseline 0.004 -20"><span class='ocrx_word' id='word_1_576' title='bbox 2035 1566 2143 1629; x_wconf 91' lang='lat' dir='ltr'><strong>cit;</strong></span> <span class='ocrx_word' id='word_1_577' title='bbox 2186 1566 2587 1635; x_wconf 86' lang='lat' dir='ltr'><strong>congruentiam</strong></span> <span class='ocrx_word' id='word_1_578' title='bbox 2628 1568 2746 1635; x_wconf 90' lang='lat' dir='ltr'><strong>ejus</strong></span> <span class='ocrx_word' id='word_1_579' title='bbox 2792 1569 3114 1639; x_wconf 88' lang='lat' dir='ltr'><strong>modumque</strong></span> <span class='ocrx_word' id='word_1_580' title='bbox 3157 1578 3465 1635; x_wconf 82' lang='lat' dir='ltr'><strong>conservat,</strong></span> <span class='ocrx_word' id='word_1_581' title='bbox 3516 1586 3623 1625; x_wconf 88' lang='lat' dir='ltr'><strong>non</strong></span> 
     </span>
    </p>
   </div>
   <div class='ocr_carea' id='block_1_75' title="bbox 2038 1648 3625 1733">
    <p class='ocr_par' dir='ltr' id='par_1_75' title="bbox 2038 1648 3625 1733">
     <span class='ocr_line' id='line_1_75' title="bbox 2038 1648 3625 1733; baseline 0.003 -22"><span class='ocrx_word' id='word_1_582' title='bbox 2038 1666 2239 1712; x_wconf 89' lang='lat' dir='ltr'><strong>tantum</strong></span> <span class='ocrx_word' id='word_1_583' title='bbox 2272 1660 2322 1712; x_wconf 93' lang='lat' dir='ltr'><strong>iu</strong></span> <span class='ocrx_word' id='word_1_584' title='bbox 2348 1660 2753 1728; x_wconf 86' lang='lat' dir='ltr'><strong>pulchritudine,</strong></span> <span class='ocrx_word' id='word_1_585' title='bbox 2781 1661 2871 1715; x_wconf 90' lang='lat' dir='ltr'><strong>sed</strong></span> <span class='ocrx_word' id='word_1_586' title='bbox 2898 1662 3057 1716; x_wconf 88' lang='lat' dir='ltr'><strong>etiam</strong></span> <span class='ocrx_word' id='word_1_587' title='bbox 3084 1663 3135 1715; x_wconf 91' lang='lat' dir='ltr'><strong>in</strong></span> <span class='ocrx_word' id='word_1_588' title='bbox 3158 1648 3448 1716; x_wconf 81' lang='lat' dir='ltr'><strong>crescendo</strong></span> <span class='ocrx_word' id='word_1_589' title='bbox 3465 1671 3625 1733; x_wconf 91' lang='lat' dir='ltr'><strong>atque</strong></span> 
     </span>
    </p>
   </div>
   <div class='ocr_carea' id='block_1_76' title="bbox 2035 1751 3620 1821">
    <p class='ocr_par' dir='ltr' id='par_1_76' title="bbox 2035 1751 3620 1821">
     <span class='ocr_line' id='line_1_76' title="bbox 2035 1751 3620 1821; baseline 0.004 -18"><span class='ocrx_word' id='word_1_590' title='bbox 2035 1752 2315 1821; x_wconf 86' lang='lat' dir='ltr'><strong>gignendo.</strong></span> <span class='ocrx_word' id='word_1_591' title='bbox 2352 1751 2457 1805; x_wconf 90' lang='lat' dir='ltr'><strong>Sed</strong></span> <span class='ocrx_word' id='word_1_592' title='bbox 2487 1752 2598 1807; x_wconf 67' lang='lat' dir='ltr'><strong>haec</strong></span> <span class='ocrx_word' id='word_1_593' title='bbox 2632 1753 2791 1807; x_wconf 88' lang='lat' dir='ltr'><strong>etiam</strong></span> <span class='ocrx_word' id='word_1_594' title='bbox 2824 1753 3025 1807; x_wconf 90' lang='lat' dir='ltr'><strong>homini</strong></span> <span class='ocrx_word' id='word_1_595' title='bbox 3051 1770 3171 1807; x_wconf 88' lang='lat' dir='ltr'><strong>cum</strong></span> <span class='ocrx_word' id='word_1_596' title='bbox 3200 1754 3432 1809; x_wconf 89' lang='lat' dir='ltr'><strong>arbustis</strong></span> <span class='ocrx_word' id='word_1_597' title='bbox 3470 1769 3620 1809; x_wconf 87' lang='lat' dir='ltr'><strong>com-</strong></span> 
     </span>
    </p>
   </div>
   <div class='ocr_carea' id='block_1_77' title="bbox 2036 1841 3620 1912">
    <p class='ocr_par' dir='ltr' id='par_1_77' title="bbox 2036 1841 3620 1912">
     <span class='ocr_line' id='line_1_77' title="bbox 2036 1841 3620 1912; baseline 0.003 -18"><span class='ocrx_word' id='word_1_598' title='bbox 2036 1842 2215 1895; x_wconf 87' lang='lat' dir='ltr'><strong>munia</strong></span> <span class='ocrx_word' id='word_1_599' title='bbox 2254 1841 2423 1895; x_wconf 91' lang='lat' dir='ltr'><strong>videri</strong></span> <span class='ocrx_word' id='word_1_600' title='bbox 2467 1852 2703 1912; x_wconf 90' lang='lat' dir='ltr'><strong>queunt:</strong></span> <span class='ocrx_word' id='word_1_601' title='bbox 2752 1843 2866 1897; x_wconf 74' lang='lat' dir='ltr'><strong>bzec</strong></span> <span class='ocrx_word' id='word_1_602' title='bbox 2907 1844 3051 1897; x_wconf 90' lang='lat' dir='ltr'><strong>enim</strong></span> <span class='ocrx_word' id='word_1_603' title='bbox 3081 1844 3241 1898; x_wconf 91' lang='lat' dir='ltr'><strong>etiam</strong></span> <span class='ocrx_word' id='word_1_604' title='bbox 3279 1844 3507 1897; x_wconf 91' lang='lat' dir='ltr'><strong>dicimus</strong></span> <span class='ocrx_word' id='word_1_605' title='bbox 3537 1843 3620 1899; x_wconf 92' lang='lat' dir='ltr'><strong>vi-</strong></span> 
     </span>
    </p>
   </div>
   <div class='ocr_carea' id='block_1_78' title="bbox 2033 1933 3617 2005">
    <p class='ocr_par' dir='ltr' id='par_1_78' title="bbox 2033 1933 3617 2005">
     <span class='ocr_line' id='line_1_78' title="bbox 2033 1933 3617 2005; baseline 0.003 -20"><span class='ocrx_word' id='word_1_606' title='bbox 2033 1948 2182 2000; x_wconf 89' lang='lat' dir='ltr'><strong>vere,</strong></span> <span class='ocrx_word' id='word_1_607' title='bbox 2214 1933 2265 1985; x_wconf 93' lang='lat' dir='ltr'><strong>in</strong></span> <span class='ocrx_word' id='word_1_608' title='bbox 2292 1946 2389 1988; x_wconf 89' lang='lat' dir='ltr'><strong>suo</strong></span> <span class='ocrx_word' id='word_1_609' title='bbox 2429 1950 2555 1987; x_wconf 87' lang='lat' dir='ltr'><strong>vero</strong></span> <span class='ocrx_word' id='word_1_610' title='bbox 2584 1936 2815 2004; x_wconf 90' lang='lat' dir='ltr'><strong>quidque</strong></span> <span class='ocrx_word' id='word_1_611' title='bbox 2855 1936 3066 1990; x_wconf 91' lang='lat' dir='ltr'><strong>illorum</strong></span> <span class='ocrx_word' id='word_1_612' title='bbox 3107 1952 3300 2005; x_wconf 87' lang='lat' dir='ltr'><strong>genere</strong></span> <span class='ocrx_word' id='word_1_613' title='bbox 3345 1936 3617 2001; x_wconf 89' lang='lat' dir='ltr'><strong>custodiri,</strong></span> 
     </span>
    </p>
   </div>
   <div class='ocr_carea' id='block_1_79' title="bbox 2034 2024 3395 2097">
    <p class='ocr_par' dir='ltr' id='par_1_79' title="bbox 2034 2024 3395 2097">
     <span class='ocr_line' id='line_1_79' title="bbox 2034 2024 3395 2097; baseline 0.001 -20"><span class='ocrx_word' id='word_1_614' title='bbox 2034 2024 2123 2091; x_wconf 92' lang='lat' dir='ltr'><strong>ali,</strong></span> <span class='ocrx_word' id='word_1_615' title='bbox 2154 2038 2421 2094; x_wconf 79' lang='lat' dir='ltr'><strong>crescere,</strong></span> <span class='ocrx_word' id='word_1_616' title='bbox 2454 2026 2670 2096; x_wconf 87' lang='lat' dir='ltr'><strong>gignere</strong></span> <span class='ocrx_word' id='word_1_617' title='bbox 2700 2027 2938 2081; x_wconf 89' lang='lat' dir='ltr'><strong>videmus</strong></span> <span class='ocrx_word' id='word_1_618' title='bbox 2966 2036 3124 2097; x_wconf 89' lang='lat' dir='ltr'><strong>atque</strong></span> <span class='ocrx_word' id='word_1_619' title='bbox 3151 2027 3395 2082; x_wconf 83' lang='lat' dir='ltr'><strong>fatemur.</strong></span> 
     </span>
    </p>
   </div>
   <div class='ocr_carea' id='block_1_80' title="bbox 2504 2118 3155 2181">
    <p class='ocr_par' dir='ltr' id='par_1_80' title="bbox 2504 2118 3155 2181">
     <span class='ocr_line' id='line_1_80' title="bbox 2504 2118 3155 2181; baseline 0.002 -16"><span class='ocrx_word' id='word_1_620' title='bbox 2504 2119 2750 2166; x_wconf 88' lang='lat' dir='ltr'><strong>secundus</strong></span> <span class='ocrx_word' id='word_1_621' title='bbox 2772 2118 2950 2181; x_wconf 85' lang='lat' dir='ltr'><strong>gradus</strong></span> <span class='ocrx_word' id='word_1_622' title='bbox 2965 2118 3155 2167; x_wconf 70' lang='lat' dir='ltr'><strong>animm.</strong></span> 
     </span>
    </p>
   </div>
   <div class='ocr_carea' id='block_1_81' title="bbox 2104 2199 3617 2271">
    <p class='ocr_par' dir='ltr' id='par_1_81' title="bbox 2104 2199 3617 2271">
     <span class='ocr_line' id='line_1_81' title="bbox 2104 2199 3617 2271; baseline 0 -16"><span class='ocrx_word' id='word_1_623' title='bbox 2104 2202 2192 2255; x_wconf 76' lang='lat' dir='ltr'><strong>7t.</strong></span> <span class='ocrx_word' id='word_1_624' title='bbox 2224 2199 2467 2254; x_wconf 89' lang='lat' dir='ltr'><strong>Ascende</strong></span> <span class='ocrx_word' id='word_1_625' title='bbox 2496 2200 2670 2269; x_wconf 91' lang='lat' dir='ltr'><strong>itaque</strong></span> <span class='ocrx_word' id='word_1_626' title='bbox 2700 2200 2929 2254; x_wconf 90' lang='lat' dir='ltr'><strong>alterum</strong></span> <span class='ocrx_word' id='word_1_627' title='bbox 2973 2200 3217 2269; x_wconf 88' lang='lat' dir='ltr'><strong>gradum,</strong></span> <span class='ocrx_word' id='word_1_628' title='bbox 3250 2208 3305 2255; x_wconf 92' lang='lat' dir='ltr'><strong>et</strong></span> <span class='ocrx_word' id='word_1_629' title='bbox 3344 2199 3461 2255; x_wconf 86' lang='lat' dir='ltr'><strong>vide</strong></span> <span class='ocrx_word' id='word_1_630' title='bbox 3488 2200 3617 2271; x_wconf 87' lang='lat' dir='ltr'><strong>quid</strong></span> 
     </span>
    </p>
   </div>
   <div class='ocr_carea' id='block_1_82' title="bbox 2033 2291 3620 2361">
    <p class='ocr_par' dir='ltr' id='par_1_82' title="bbox 2033 2291 3620 2361">
     <span class='ocr_line' id='line_1_82' title="bbox 2033 2291 3620 2361; baseline 0.001 -15"><span class='ocrx_word' id='word_1_631' title='bbox 2033 2292 2200 2361; x_wconf 88' lang='lat' dir='ltr'><strong>possit</strong></span> <span class='ocrx_word' id='word_1_632' title='bbox 2226 2292 2398 2345; x_wconf 90' lang='lat' dir='ltr'><strong>anima</strong></span> <span class='ocrx_word' id='word_1_633' title='bbox 2430 2293 2485 2345; x_wconf 90' lang='lat' dir='ltr'><strong>in</strong></span> <span class='ocrx_word' id='word_1_634' title='bbox 2522 2291 2787 2358; x_wconf 86' lang='lat' dir='ltr'><strong>sensibus,</strong></span> <span class='ocrx_word' id='word_1_635' title='bbox 2822 2291 2910 2345; x_wconf 92' lang='lat' dir='ltr'><strong>ubi</strong></span> <span class='ocrx_word' id='word_1_636' title='bbox 2938 2291 3235 2345; x_wconf 89' lang='lat' dir='ltr'><strong>evidentior</strong></span> <span class='ocrx_word' id='word_1_637' title='bbox 3264 2291 3620 2347; x_wconf 82' lang='lat' dir='ltr'><strong>manifestior-</strong></span> 
     </span>
    </p>
   </div>
   <div class='ocr_carea' id='block_1_83' title="bbox 2030 2382 3620 2453">
    <p class='ocr_par' dir='ltr' id='par_1_83' title="bbox 2030 2382 3620 2453">
     <span class='ocr_line' id='line_1_83' title="bbox 2030 2382 3620 2453; baseline 0.002 -16"><span class='ocrx_word' id='word_1_638' title='bbox 2030 2399 2132 2453; x_wconf 91' lang='lat' dir='ltr'><strong>que</strong></span> <span class='ocrx_word' id='word_1_639' title='bbox 2170 2383 2274 2437; x_wconf 89' lang='lat' dir='ltr'><strong>vita</strong></span> <span class='ocrx_word' id='word_1_640' title='bbox 2315 2384 2641 2453; x_wconf 86' lang='lat' dir='ltr'><strong>intelligitur.</strong></span> <span class='ocrx_word' id='word_1_641' title='bbox 2682 2383 2796 2437; x_wconf 87' lang='lat' dir='ltr'><strong>Non</strong></span> <span class='ocrx_word' id='word_1_642' title='bbox 2838 2384 2980 2437; x_wconf 92' lang='lat' dir='ltr'><strong>enim</strong></span> <span class='ocrx_word' id='word_1_643' title='bbox 3020 2382 3281 2438; x_wconf 80' lang='lat' dir='ltr'><strong>audienda</strong></span> <span class='ocrx_word' id='word_1_644' title='bbox 3320 2391 3404 2438; x_wconf 83' lang='lat' dir='ltr'><strong>est</strong></span> <span class='ocrx_word' id='word_1_645' title='bbox 3439 2384 3620 2440; x_wconf 89' lang='lat' dir='ltr'><strong>nescio</strong></span> 
     </span>
    </p>
   </div>
   <div class='ocr_carea' id='block_1_84' title="bbox 2031 2477 3617 2549">
    <p class='ocr_par' dir='ltr' id='par_1_84' title="bbox 2031 2477 3617 2549">
     <span class='ocr_line' id='line_1_84' title="bbox 2031 2477 3617 2549; baseline -0.001 -17"><span class='ocrx_word' id='word_1_646' title='bbox 2031 2494 2150 2549; x_wconf 67' lang='lat' dir='ltr'><strong>qua:</strong></span> <span class='ocrx_word' id='word_1_647' title='bbox 2179 2478 2422 2547; x_wconf 88' lang='lat' dir='ltr'><strong>impietas</strong></span> <span class='ocrx_word' id='word_1_648' title='bbox 2455 2478 2531 2548; x_wconf 91' lang='lat' dir='ltr'><strong>(a)</strong></span> <span class='ocrx_word' id='word_1_649' title='bbox 2576 2478 2839 2531; x_wconf 90' lang='lat' dir='ltr'><strong>rusticana</strong></span> <span class='ocrx_word' id='word_1_650' title='bbox 2883 2478 3072 2546; x_wconf 90' lang='lat' dir='ltr'><strong>plane,</strong></span> <span class='ocrx_word' id='word_1_651' title='bbox 3121 2478 3396 2547; x_wconf 88' lang='lat' dir='ltr'><strong>magisque</strong></span> <span class='ocrx_word' id='word_1_652' title='bbox 3444 2477 3617 2546; x_wconf 88' lang='lat' dir='ltr'><strong>lignea</strong></span> 
     </span>
    </p>
   </div>
   <div class='ocr_carea' id='block_1_85' title="bbox 2030 2568 3616 2640">
    <p class='ocr_par' dir='ltr' id='par_1_85' title="bbox 2030 2568 3616 2640">
     <span class='ocr_line' id='line_1_85' title="bbox 2030 2568 3616 2640; baseline -0.001 -17"><span class='ocrx_word' id='word_1_653' title='bbox 2030 2584 2189 2639; x_wconf 88' lang='lat' dir='ltr'><strong>quam</strong></span> <span class='ocrx_word' id='word_1_654' title='bbox 2232 2577 2356 2624; x_wconf 91' lang='lat' dir='ltr'><strong>sunt</strong></span> <span class='ocrx_word' id='word_1_655' title='bbox 2400 2570 2528 2640; x_wconf 63' lang='lat' dir='ltr'><strong>ipsae</strong></span> <span class='ocrx_word' id='word_1_656' title='bbox 2557 2570 2777 2623; x_wconf 88' lang='lat' dir='ltr'><strong>arbores</strong></span> <span class='ocrx_word' id='word_1_657' title='bbox 2813 2568 3003 2638; x_wconf 91' lang='lat' dir='ltr'><strong>quibus</strong></span> <span class='ocrx_word' id='word_1_658' title='bbox 3050 2570 3433 2637; x_wconf 89' lang='lat' dir='ltr'><strong>pratrocinium</strong></span> <span class='ocrx_word' id='word_1_659' title='bbox 3475 2584 3616 2637; x_wconf 65' lang='lat' dir='ltr'><strong>prae-</strong></span> 
     </span>
    </p>
   </div>
   <div class='ocr_carea' id='block_1_86' title="bbox 2028 2660 3617 2732">
    <p class='ocr_par' dir='ltr' id='par_1_86' title="bbox 2028 2660 3617 2732">
     <span class='ocr_line' id='line_1_86' title="bbox 2028 2660 3617 2732; baseline -0.001 -16"><span class='ocrx_word' id='word_1_660' title='bbox 2028 2661 2140 2729; x_wconf 88' lang='lat' dir='ltr'><strong>bet,</strong></span> <span class='ocrx_word' id='word_1_661' title='bbox 2173 2676 2292 2731; x_wconf 65' lang='lat' dir='ltr'><strong>qum</strong></span> <span class='ocrx_word' id='word_1_662' title='bbox 2320 2661 2502 2715; x_wconf 86' lang='lat' dir='ltr'><strong>dolere</strong></span> <span class='ocrx_word' id='word_1_663' title='bbox 2531 2661 2691 2714; x_wconf 90' lang='lat' dir='ltr'><strong>vitem</strong></span> <span class='ocrx_word' id='word_1_664' title='bbox 2716 2660 2928 2729; x_wconf 90' lang='lat' dir='ltr'><strong>quando</strong></span> <span class='ocrx_word' id='word_1_665' title='bbox 2953 2676 3051 2713; x_wconf 90' lang='lat' dir='ltr'><strong>uva</strong></span> <span class='ocrx_word' id='word_1_666' title='bbox 3078 2660 3404 2732; x_wconf 85' lang='lat' dir='ltr'><strong>decerpitur,</strong></span> <span class='ocrx_word' id='word_1_667' title='bbox 3436 2668 3490 2715; x_wconf 91' lang='lat' dir='ltr'><strong>et</strong></span> <span class='ocrx_word' id='word_1_668' title='bbox 3511 2677 3617 2716; x_wconf 93' lang='lat' dir='ltr'><strong>non</strong></span> 
     </span>
    </p>
   </div>
   <div class='ocr_carea' id='block_1_87' title="bbox 2027 2754 3618 2821">
    <p class='ocr_par' dir='ltr' id='par_1_87' title="bbox 2027 2754 3618 2821">
     <span class='ocr_line' id='line_1_87' title="bbox 2027 2754 3618 2821; baseline -0.001 -9"><span class='ocrx_word' id='word_1_669' title='bbox 2027 2755 2201 2812; x_wconf 88' lang='lat' dir='ltr'><strong>solum</strong></span> <span class='ocrx_word' id='word_1_670' title='bbox 2229 2756 2425 2809; x_wconf 91' lang='lat' dir='ltr'><strong>sentire</strong></span> <span class='ocrx_word' id='word_1_671' title='bbox 2453 2755 2553 2810; x_wconf 89' lang='lat' dir='ltr'><strong>ista</strong></span> <span class='ocrx_word' id='word_1_672' title='bbox 2579 2754 3009 2821; x_wconf 64' lang='lat' dir='ltr'><strong>cumcaaduntur,</strong></span> <span class='ocrx_word' id='word_1_673' title='bbox 3026 2755 3119 2808; x_wconf 92' lang='lat' dir='ltr'><strong>sed</strong></span> <span class='ocrx_word' id='word_1_674' title='bbox 3146 2756 3303 2808; x_wconf 89' lang='lat' dir='ltr'><strong>etiam</strong></span> <span class='ocrx_word' id='word_1_675' title='bbox 3331 2756 3510 2811; x_wconf 91' lang='lat' dir='ltr'><strong>videre</strong></span> <span class='ocrx_word' id='word_1_676' title='bbox 3535 2764 3618 2811; x_wconf 88' lang='lat' dir='ltr'><strong>at-</strong></span> 
     </span>
    </p>
   </div>
   <div class='ocr_carea' id='block_1_88' title="bbox 2029 2847 3617 2920">
    <p class='ocr_par' dir='ltr' id='par_1_88' title="bbox 2029 2847 3617 2920">
     <span class='ocr_line' id='line_1_88' title="bbox 2029 2847 3617 2920; baseline 0.001 -17"><span class='ocrx_word' id='word_1_677' title='bbox 2029 2865 2132 2920; x_wconf 89' lang='lat' dir='ltr'><strong>que</strong></span> <span class='ocrx_word' id='word_1_678' title='bbox 2170 2850 2354 2903; x_wconf 91' lang='lat' dir='ltr'><strong>audire</strong></span> <span class='ocrx_word' id='word_1_679' title='bbox 2392 2848 2563 2903; x_wconf 91' lang='lat' dir='ltr'><strong>credit</strong></span> <span class='ocrx_word' id='word_1_680' title='bbox 2593 2867 2606 2903; x_wconf 90' lang='lat'><strong>:</strong></span> <span class='ocrx_word' id='word_1_681' title='bbox 2636 2847 2702 2902; x_wconf 87' lang='lat' dir='ltr'><strong>de</strong></span> <span class='ocrx_word' id='word_1_682' title='bbox 2729 2863 2835 2918; x_wconf 87' lang='lat' dir='ltr'><strong>quo</strong></span> <span class='ocrx_word' id='word_1_683' title='bbox 2859 2862 3043 2903; x_wconf 89' lang='lat' dir='ltr'><strong>errore</strong></span> <span class='ocrx_word' id='word_1_684' title='bbox 3072 2850 3329 2918; x_wconf 88' lang='lat' dir='ltr'><strong>sacrilego</strong></span> <span class='ocrx_word' id='word_1_685' title='bbox 3360 2849 3494 2904; x_wconf 92' lang='lat' dir='ltr'><strong>alius</strong></span> <span class='ocrx_word' id='word_1_686' title='bbox 3533 2858 3617 2905; x_wconf 91' lang='lat' dir='ltr'><strong>est</strong></span> 
     </span>
    </p>
   </div>
   <div class='ocr_carea' id='block_1_89' title="bbox 2028 2940 3616 3011">
    <p class='ocr_par' dir='ltr' id='par_1_89' title="bbox 2028 2940 3616 3011">
     <span class='ocr_line' id='line_1_89' title="bbox 2028 2940 3616 3011; baseline 0 -14"><span class='ocrx_word' id='word_1_687' title='bbox 2028 2940 2324 2997; x_wconf 89' lang='lat' dir='ltr'><strong>disserendi</strong></span> <span class='ocrx_word' id='word_1_688' title='bbox 2349 2941 2520 2996; x_wconf 88' lang='lat' dir='ltr'><strong>locus.</strong></span> <span class='ocrx_word' id='word_1_689' title='bbox 2538 2940 2689 2994; x_wconf 87' lang='lat' dir='ltr'><strong>Nunc</strong></span> <span class='ocrx_word' id='word_1_690' title='bbox 2712 2940 2853 3009; x_wconf 92' lang='lat' dir='ltr'><strong>quod</strong></span> <span class='ocrx_word' id='word_1_691' title='bbox 2881 2940 3234 3006; x_wconf 89' lang='lat' dir='ltr'><strong>institueram,</strong></span> <span class='ocrx_word' id='word_1_692' title='bbox 3259 2942 3471 2997; x_wconf 91' lang='lat' dir='ltr'><strong>intende</strong></span> <span class='ocrx_word' id='word_1_693' title='bbox 3497 2957 3616 3011; x_wconf 65' lang='lat' dir='ltr'><strong>qua:</strong></span> 
     </span>
    </p>
   </div>
   <div class='ocr_carea' id='block_1_90' title="bbox 2028 3033 3616 3104">
    <p class='ocr_par' dir='ltr' id='par_1_90' title="bbox 2028 3033 3616 3104">
     <span class='ocr_line' id='line_1_90' title="bbox 2028 3033 3616 3104; baseline -0.001 -15"><span class='ocrx_word' id='word_1_694' title='bbox 2028 3035 2098 3089; x_wconf 91' lang='lat' dir='ltr'><strong>sit</strong></span> <span class='ocrx_word' id='word_1_695' title='bbox 2122 3034 2201 3089; x_wconf 89' lang='lat' dir='ltr'><strong>vis</strong></span> <span class='ocrx_word' id='word_1_696' title='bbox 2229 3034 2420 3087; x_wconf 71' lang='lat' dir='ltr'><strong>animm</strong></span> <span class='ocrx_word' id='word_1_697' title='bbox 2453 3034 2505 3087; x_wconf 90' lang='lat' dir='ltr'><strong>in</strong></span> <span class='ocrx_word' id='word_1_698' title='bbox 2536 3034 2804 3100; x_wconf 88' lang='lat' dir='ltr'><strong>sensibus,</strong></span> <span class='ocrx_word' id='word_1_699' title='bbox 2834 3042 2995 3103; x_wconf 91' lang='lat' dir='ltr'><strong>atque</strong></span> <span class='ocrx_word' id='word_1_700' title='bbox 3029 3035 3081 3087; x_wconf 92' lang='lat' dir='ltr'><strong>in</strong></span> <span class='ocrx_word' id='word_1_701' title='bbox 3112 3033 3227 3104; x_wconf 77' lang='lat' dir='ltr'><strong>ipso</strong></span> <span class='ocrx_word' id='word_1_702' title='bbox 3263 3042 3410 3089; x_wconf 88' lang='lat' dir='ltr'><strong>motu</strong></span> <span class='ocrx_word' id='word_1_703' title='bbox 3448 3034 3616 3089; x_wconf 88' lang='lat' dir='ltr'><strong>mani-</strong></span> 
     </span>
    </p>
   </div>
   <div class='ocr_carea' id='block_1_91' title="bbox 2026 3126 3614 3197">
    <p class='ocr_par' dir='ltr' id='par_1_91' title="bbox 2026 3126 3614 3197">
     <span class='ocr_line' id='line_1_91' title="bbox 2026 3126 3614 3197; baseline 0 -15"><span class='ocrx_word' id='word_1_704' title='bbox 2026 3128 2258 3183; x_wconf 87' lang='lat' dir='ltr'><strong>festioris</strong></span> <span class='ocrx_word' id='word_1_705' title='bbox 2289 3128 2592 3193; x_wconf 89' lang='lat' dir='ltr'><strong>animantis,</strong></span> <span class='ocrx_word' id='word_1_706' title='bbox 2617 3142 2843 3197; x_wconf 92' lang='lat' dir='ltr'><strong>quorum</strong></span> <span class='ocrx_word' id='word_1_707' title='bbox 2871 3127 3025 3185; x_wconf 89' lang='lat' dir='ltr'><strong>nobis</strong></span> <span class='ocrx_word' id='word_1_708' title='bbox 3051 3142 3170 3181; x_wconf 92' lang='lat' dir='ltr'><strong>cum</strong></span> <span class='ocrx_word' id='word_1_709' title='bbox 3204 3128 3268 3181; x_wconf 90' lang='lat' dir='ltr'><strong>iis</strong></span> <span class='ocrx_word' id='word_1_710' title='bbox 3311 3142 3429 3197; x_wconf 70' lang='lat' dir='ltr'><strong>qua:</strong></span> <span class='ocrx_word' id='word_1_711' title='bbox 3467 3126 3614 3182; x_wconf 88' lang='lat' dir='ltr'><strong>radi-</strong></span> 
     </span>
    </p>
   </div>
   <div class='ocr_carea' id='block_1_92' title="bbox 2026 3217 3616 3287">
    <p class='ocr_par' dir='ltr' id='par_1_92' title="bbox 2026 3217 3616 3287">
     <span class='ocr_line' id='line_1_92' title="bbox 2026 3217 3616 3287; baseline 0 -12"><span class='ocrx_word' id='word_1_712' title='bbox 2026 3220 2177 3275; x_wconf 89' lang='lat' dir='ltr'><strong>cibus</strong></span> <span class='ocrx_word' id='word_1_713' title='bbox 2207 3219 2307 3272; x_wconf 80' lang='lat' dir='ltr'><strong>lixa</strong></span> <span class='ocrx_word' id='word_1_714' title='bbox 2332 3226 2476 3283; x_wconf 90' lang='lat' dir='ltr'><strong>sunt,</strong></span> <span class='ocrx_word' id='word_1_715' title='bbox 2506 3220 2651 3273; x_wconf 91' lang='lat' dir='ltr'><strong>nulla</strong></span> <span class='ocrx_word' id='word_1_716' title='bbox 2688 3227 2861 3287; x_wconf 88' lang='lat' dir='ltr'><strong>potest</strong></span> <span class='ocrx_word' id='word_1_717' title='bbox 2887 3232 3006 3272; x_wconf 89' lang='lat' dir='ltr'><strong>esse</strong></span> <span class='ocrx_word' id='word_1_718' title='bbox 3031 3219 3355 3271; x_wconf 89' lang='lat' dir='ltr'><strong>communio.</strong></span> <span class='ocrx_word' id='word_1_719' title='bbox 3386 3217 3616 3275; x_wconf 85' lang='lat' dir='ltr'><strong>luteudit</strong></span> 
     </span>
    </p>
   </div>
   <div class='ocr_carea' id='block_1_93' title="bbox 2025 3292 3612 3391">
    <p class='ocr_par' dir='ltr' id='par_1_93' title="bbox 2025 3292 3612 3391">
     <span class='ocr_line' id='line_1_93' title="bbox 2025 3292 3612 3391; baseline -0.001 -24"><span class='ocrx_word' id='word_1_720' title='bbox 2025 3329 2083 3369; x_wconf 89' lang='lat' dir='ltr'><strong>se</strong></span> <span class='ocrx_word' id='word_1_721' title='bbox 2104 3313 2277 3391; x_wconf 85' lang='lat' dir='ltr'><strong>anima</strong></span> <span class='ocrx_word' id='word_1_722' title='bbox 2308 3314 2359 3366; x_wconf 93' lang='lat' dir='ltr'><strong>in</strong></span> <span class='ocrx_word' id='word_1_723' title='bbox 2390 3321 2587 3367; x_wconf 90' lang='lat' dir='ltr'><strong>tactum</strong></span> <span class='ocrx_word' id='word_1_724' title='bbox 2611 3355 2623 3377; x_wconf 91' lang='lat'><strong>,</strong></span> <span class='ocrx_word' id='word_1_725' title='bbox 2648 3320 2701 3367; x_wconf 91' lang='lat' dir='ltr'><strong>et</strong></span> <span class='ocrx_word' id='word_1_726' title='bbox 2726 3327 2792 3367; x_wconf 94' lang='lat' dir='ltr'><strong>eo</strong></span> <span class='ocrx_word' id='word_1_727' title='bbox 2826 3292 3015 3391; x_wconf 83' lang='lat' dir='ltr'><strong>calida,</strong></span> <span class='ocrx_word' id='word_1_728' title='bbox 3047 3313 3249 3381; x_wconf 88' lang='lat' dir='ltr'><strong>frigida,</strong></span> <span class='ocrx_word' id='word_1_729' title='bbox 3285 3298 3503 3380; x_wconf 88' lang='lat' dir='ltr'><strong>aspera,</strong></span> <span class='ocrx_word' id='word_1_730' title='bbox 3534 3312 3612 3366; x_wconf 84' lang='lat' dir='ltr'><strong>le—</strong></span> 
     </span>
    </p>
   </div>
   <div class='ocr_carea' id='block_1_94' title="bbox 2028 3386 3608 3475">
    <p class='ocr_par' dir='ltr' id='par_1_94' title="bbox 2028 3386 3608 3475">
     <span class='ocr_line' id='line_1_94' title="bbox 2028 3386 3608 3475; baseline -0.001 -14"><span class='ocrx_word' id='word_1_731' title='bbox 2028 3407 2134 3473; x_wconf 91' lang='lat' dir='ltr'><strong>nia,</strong></span> <span class='ocrx_word' id='word_1_732' title='bbox 2168 3386 2319 3473; x_wconf 70' lang='lat' dir='ltr'><strong>dura,</strong></span> <span class='ocrx_word' id='word_1_733' title='bbox 2344 3402 2543 3471; x_wconf 89' lang='lat' dir='ltr'><strong>mollia,</strong></span> <span class='ocrx_word' id='word_1_734' title='bbox 2575 3406 2731 3472; x_wconf 86' lang='lat' dir='ltr'><strong>levia,</strong></span> <span class='ocrx_word' id='word_1_735' title='bbox 2754 3386 2932 3475; x_wconf 80' lang='lat' dir='ltr'><strong>gravia</strong></span> <span class='ocrx_word' id='word_1_736' title='bbox 2962 3406 3120 3459; x_wconf 90' lang='lat' dir='ltr'><strong>sentit</strong></span> <span class='ocrx_word' id='word_1_737' title='bbox 3152 3414 3309 3474; x_wconf 89' lang='lat' dir='ltr'><strong>atque</strong></span> <span class='ocrx_word' id='word_1_738' title='bbox 3334 3405 3608 3460; x_wconf 90' lang='lat' dir='ltr'><strong>discernit.</strong></span> 
     </span>
    </p>
   </div>
   <div class='ocr_carea' id='block_1_95' title="bbox 2025 3500 3605 3593">
    <p class='ocr_par' dir='ltr' id='par_1_95' title="bbox 2025 3500 3605 3593">
     <span class='ocr_line' id='line_1_95' title="bbox 2025 3500 3605 3593; baseline -0.002 -37"><span class='ocrx_word' id='word_1_739' title='bbox 2025 3501 2228 3593; x_wconf 61' lang='lat' dir='ltr'><strong>Deinde</strong></span> <span class='ocrx_word' id='word_1_740' title='bbox 2250 3501 2664 3591; x_wconf 63' lang='lat' dir='ltr'><strong>innumerabiles</strong></span> <span class='ocrx_word' id='word_1_741' title='bbox 2702 3500 3029 3555; x_wconf 65' lang='lat' dir='ltr'><strong>differentias</strong></span> <span class='ocrx_word' id='word_1_742' title='bbox 3060 3516 3330 3570; x_wconf 90' lang='lat' dir='ltr'><strong>saporum,</strong></span> <span class='ocrx_word' id='word_1_743' title='bbox 3361 3500 3605 3566; x_wconf 90' lang='lat' dir='ltr'><strong>odorum,</strong></span> 
     </span>
    </p>
   </div>
   <div class='ocr_carea' id='block_1_96' title="bbox 2024 3589 3609 3664">
    <p class='ocr_par' dir='ltr' id='par_1_96' title="bbox 2024 3589 3609 3664">
     <span class='ocr_line' id='line_1_96' title="bbox 2024 3589 3609 3664; baseline 0.001 -16"><span class='ocrx_word' id='word_1_744' title='bbox 2024 3589 2301 3659; x_wconf 86' lang='lat' dir='ltr'><strong>sonorum,</strong></span> <span class='ocrx_word' id='word_1_745' title='bbox 2331 3589 2640 3657; x_wconf 70' lang='lat' dir='ltr'><strong>formarum,</strong></span> <span class='ocrx_word' id='word_1_746' title='bbox 2673 3594 2935 3664; x_wconf 89' lang='lat' dir='ltr'><strong>gustando</strong></span> <span class='ocrx_word' id='word_1_747' title='bbox 2954 3636 2967 3658; x_wconf 96' lang='lat'><strong>,</strong></span> <span class='ocrx_word' id='word_1_748' title='bbox 2997 3593 3315 3659; x_wconf 89' lang='lat' dir='ltr'><strong>olfaciendo,</strong></span> <span class='ocrx_word' id='word_1_749' title='bbox 3342 3594 3609 3649; x_wconf 88' lang='lat' dir='ltr'><strong>audiendo</strong></span> 
     </span>
    </p>
   </div>
   <div class='ocr_carea' id='block_1_97' title="bbox 2022 3684 3608 3755">
    <p class='ocr_par' dir='ltr' id='par_1_97' title="bbox 2022 3684 3608 3755">
     <span class='ocr_line' id='line_1_97' title="bbox 2022 3684 3608 3755; baseline -0.001 -16"><span class='ocrx_word' id='word_1_750' title='bbox 2022 3686 2356 3755; x_wconf 89' lang='lat' dir='ltr'><strong>videndoque</strong></span> <span class='ocrx_word' id='word_1_751' title='bbox 2398 3686 2672 3753; x_wconf 89' lang='lat' dir='ltr'><strong>dijudicat.</strong></span> <span class='ocrx_word' id='word_1_752' title='bbox 2700 3688 2872 3755; x_wconf 85' lang='lat' dir='ltr'><strong>Atque</strong></span> <span class='ocrx_word' id='word_1_753' title='bbox 2914 3686 2965 3738; x_wconf 91' lang='lat' dir='ltr'><strong>in</strong></span> <span class='ocrx_word' id='word_1_754' title='bbox 3013 3686 3076 3738; x_wconf 92' lang='lat' dir='ltr'><strong>iis</strong></span> <span class='ocrx_word' id='word_1_755' title='bbox 3108 3684 3357 3739; x_wconf 86' lang='lat' dir='ltr'><strong>omnibus</strong></span> <span class='ocrx_word' id='word_1_756' title='bbox 3390 3699 3451 3738; x_wconf 91' lang='lat' dir='ltr'><strong>ea</strong></span> <span class='ocrx_word' id='word_1_757' title='bbox 3490 3700 3608 3753; x_wconf 79' lang='lat' dir='ltr'><strong>qua:</strong></span> 
     </span>
    </p>
   </div>
   <div class='ocr_carea' id='block_1_98' title="bbox 2020 3775 3609 3845">
    <p class='ocr_par' dir='ltr' id='par_1_98' title="bbox 2020 3775 3609 3845">
     <span class='ocr_line' id='line_1_98' title="bbox 2020 3775 3609 3845; baseline -0.001 -12"><span class='ocrx_word' id='word_1_758' title='bbox 2020 3777 2312 3833; x_wconf 92' lang='lat' dir='ltr'><strong>secundum</strong></span> <span class='ocrx_word' id='word_1_759' title='bbox 2340 3786 2577 3831; x_wconf 91' lang='lat' dir='ltr'><strong>naturam</strong></span> <span class='ocrx_word' id='word_1_760' title='bbox 2605 3778 2685 3832; x_wconf 89' lang='lat' dir='ltr'><strong>sui</strong></span> <span class='ocrx_word' id='word_1_761' title='bbox 2710 3776 2949 3845; x_wconf 90' lang='lat' dir='ltr'><strong>corporis</strong></span> <span class='ocrx_word' id='word_1_762' title='bbox 2986 3784 3127 3841; x_wconf 90' lang='lat' dir='ltr'><strong>sunt,</strong></span> <span class='ocrx_word' id='word_1_763' title='bbox 3161 3775 3411 3830; x_wconf 89' lang='lat' dir='ltr'><strong>adsciscit</strong></span> <span class='ocrx_word' id='word_1_764' title='bbox 3448 3783 3609 3845; x_wconf 89' lang='lat' dir='ltr'><strong>atque</strong></span> 
     </span>
    </p>
   </div>
   <div class='ocr_carea' id='block_1_99' title="bbox 2020 3866 3602 3939">
    <p class='ocr_par' dir='ltr' id='par_1_99' title="bbox 2020 3866 3602 3939">
     <span class='ocr_line' id='line_1_99' title="bbox 2020 3866 3602 3939; baseline -0.002 -15"><span class='ocrx_word' id='word_1_765' title='bbox 2020 3870 2256 3939; x_wconf 89' lang='lat' dir='ltr'><strong>appetit;</strong></span> <span class='ocrx_word' id='word_1_766' title='bbox 2292 3869 2463 3937; x_wconf 90' lang='lat' dir='ltr'><strong>rejicit</strong></span> <span class='ocrx_word' id='word_1_767' title='bbox 2484 3868 2716 3937; x_wconf 81' lang='lat' dir='ltr'><strong>fugitque</strong></span> <span class='ocrx_word' id='word_1_768' title='bbox 2742 3867 3025 3921; x_wconf 90' lang='lat' dir='ltr'><strong>contraria.</strong></span> <span class='ocrx_word' id='word_1_769' title='bbox 3056 3866 3314 3921; x_wconf 83' lang='lat' dir='ltr'><strong>Removet</strong></span> <span class='ocrx_word' id='word_1_770' title='bbox 3338 3882 3395 3921; x_wconf 91' lang='lat' dir='ltr'><strong>se</strong></span> <span class='ocrx_word' id='word_1_771' title='bbox 3425 3866 3491 3920; x_wconf 92' lang='lat' dir='ltr'><strong>ab</strong></span> <span class='ocrx_word' id='word_1_772' title='bbox 3519 3866 3602 3921; x_wconf 90' lang='lat' dir='ltr'><strong>his</strong></span> 
     </span>
    </p>
   </div>
   <div class='ocr_carea' id='block_1_100' title="bbox 2019 3961 3606 4029">
    <p class='ocr_par' dir='ltr' id='par_1_100' title="bbox 2019 3961 3606 4029">
     <span class='ocr_line' id='line_1_100' title="bbox 2019 3961 3606 4029; baseline -0.001 -13"><span class='ocrx_word' id='word_1_773' title='bbox 2019 3962 2267 4016; x_wconf 90' lang='lat' dir='ltr'><strong>sensibus</strong></span> <span class='ocrx_word' id='word_1_774' title='bbox 2298 3969 2446 4029; x_wconf 77' lang='lat' dir='ltr'><strong>certo</strong></span> <span class='ocrx_word' id='word_1_775' title='bbox 2475 3961 2751 4014; x_wconf 87' lang='lat' dir='ltr'><strong>intervallo</strong></span> <span class='ocrx_word' id='word_1_776' title='bbox 2778 3968 3096 4028; x_wconf 88' lang='lat' dir='ltr'><strong>temporum,</strong></span> <span class='ocrx_word' id='word_1_777' title='bbox 3139 3968 3193 4013; x_wconf 91' lang='lat' dir='ltr'><strong>et</strong></span> <span class='ocrx_word' id='word_1_778' title='bbox 3218 3974 3402 4013; x_wconf 92' lang='lat' dir='ltr'><strong>eorum</strong></span> <span class='ocrx_word' id='word_1_779' title='bbox 3431 3969 3606 4015; x_wconf 92' lang='lat' dir='ltr'><strong>motus</strong></span> 
     </span>
    </p>
   </div>
   <div class='ocr_carea' id='block_1_101' title="bbox 2020 4052 3604 4124">
    <p class='ocr_par' dir='ltr' id='par_1_101' title="bbox 2020 4052 3604 4124">
     <span class='ocr_line' id='line_1_101' title="bbox 2020 4052 3604 4124; baseline -0.001 -17"><span class='ocrx_word' id='word_1_780' title='bbox 2020 4055 2169 4124; x_wconf 88' lang='lat' dir='ltr'><strong>quasi</strong></span> <span class='ocrx_word' id='word_1_781' title='bbox 2200 4070 2293 4123; x_wconf 91' lang='lat' dir='ltr'><strong>per</strong></span> <span class='ocrx_word' id='word_1_782' title='bbox 2322 4052 2577 4123; x_wconf 85' lang='lat' dir='ltr'><strong>quasdam</strong></span> <span class='ocrx_word' id='word_1_783' title='bbox 2618 4052 2777 4107; x_wconf 87' lang='lat' dir='ltr'><strong>ferias</strong></span> <span class='ocrx_word' id='word_1_784' title='bbox 2812 4066 3094 4121; x_wconf 88' lang='lat' dir='ltr'><strong>reparans,</strong></span> <span class='ocrx_word' id='word_1_785' title='bbox 3126 4052 3383 4121; x_wconf 89' lang='lat' dir='ltr'><strong>imagines</strong></span> <span class='ocrx_word' id='word_1_786' title='bbox 3423 4068 3604 4106; x_wconf 91' lang='lat' dir='ltr'><strong>rerum</strong></span> 
     </span>
    </p>
   </div>
   <div class='ocr_carea' id='block_1_102' title="bbox 2017 4142 3604 4216">
    <p class='ocr_par' dir='ltr' id='par_1_102' title="bbox 2017 4142 3604 4216">
     <span class='ocr_line' id='line_1_102' title="bbox 2017 4142 3604 4216; baseline -0.003 -17"><span class='ocrx_word' id='word_1_787' title='bbox 2017 4162 2148 4216; x_wconf 91' lang='lat' dir='ltr'><strong>quas</strong></span> <span class='ocrx_word' id='word_1_788' title='bbox 2175 4160 2270 4215; x_wconf 90' lang='lat' dir='ltr'><strong>per</strong></span> <span class='ocrx_word' id='word_1_789' title='bbox 2298 4160 2391 4200; x_wconf 88' lang='lat' dir='ltr'><strong>eos</strong></span> <span class='ocrx_word' id='word_1_790' title='bbox 2431 4144 2621 4207; x_wconf 91' lang='lat' dir='ltr'><strong>hausit,</strong></span> <span class='ocrx_word' id='word_1_791' title='bbox 2655 4158 2835 4197; x_wconf 92' lang='lat' dir='ltr'><strong>secum</strong></span> <span class='ocrx_word' id='word_1_792' title='bbox 2863 4142 3172 4196; x_wconf 86' lang='lat' dir='ltr'><strong>catervatim</strong></span> <span class='ocrx_word' id='word_1_793' title='bbox 3211 4151 3263 4196; x_wconf 92' lang='lat' dir='ltr'><strong>et</strong></span> <span class='ocrx_word' id='word_1_794' title='bbox 3291 4142 3604 4212; x_wconf 89' lang='lat' dir='ltr'><strong>multiplici-</strong></span> 
     </span>
    </p>
   </div>
   <div class='ocr_carea' id='block_1_103' title="bbox 2018 4233 3604 4303">
    <p class='ocr_par' dir='ltr' id='par_1_103' title="bbox 2018 4233 3604 4303">
     <span class='ocr_line' id='line_1_103' title="bbox 2018 4233 3604 4303; baseline -0.003 -12"><span class='ocrx_word' id='word_1_795' title='bbox 2018 4246 2099 4292; x_wconf 90' lang='lat' dir='ltr'><strong>ter</strong></span> <span class='ocrx_word' id='word_1_796' title='bbox 2138 4245 2332 4300; x_wconf 90' lang='lat' dir='ltr'><strong>versat,</strong></span> <span class='ocrx_word' id='word_1_797' title='bbox 2363 4245 2416 4289; x_wconf 92' lang='lat' dir='ltr'><strong>et</strong></span> <span class='ocrx_word' id='word_1_798' title='bbox 2446 4237 2545 4289; x_wconf 89' lang='lat' dir='ltr'><strong>hoc</strong></span> <span class='ocrx_word' id='word_1_799' title='bbox 2571 4243 2737 4288; x_wconf 90' lang='lat' dir='ltr'><strong>totum</strong></span> <span class='ocrx_word' id='word_1_800' title='bbox 2763 4244 2844 4288; x_wconf 90' lang='lat' dir='ltr'><strong>est</strong></span> <span class='ocrx_word' id='word_1_801' title='bbox 2872 4249 3091 4288; x_wconf 91' lang='lat' dir='ltr'><strong>somnus</strong></span> <span class='ocrx_word' id='word_1_802' title='bbox 3117 4242 3171 4287; x_wconf 91' lang='lat' dir='ltr'><strong>et</strong></span> <span class='ocrx_word' id='word_1_803' title='bbox 3200 4234 3426 4288; x_wconf 92' lang='lat' dir='ltr'><strong>somnia.</strong></span> <span class='ocrx_word' id='word_1_804' title='bbox 3451 4233 3604 4303; x_wconf 70' lang='lat' dir='ltr'><strong>Sazpe</strong></span> 
     </span>
    </p>
   </div>
   <div class='ocr_carea' id='block_1_104' title="bbox 2016 4310 3607 4396">
    <p class='ocr_par' dir='ltr' id='par_1_104' title="bbox 2016 4310 3607 4396">
     <span class='ocr_line' id='line_1_104' title="bbox 2016 4310 3607 4396; baseline -0.003 -14"><span class='ocrx_word' id='word_1_805' title='bbox 2016 4329 2173 4382; x_wconf 88' lang='lat' dir='ltr'><strong>etiam</strong></span> <span class='ocrx_word' id='word_1_806' title='bbox 2200 4326 2475 4396; x_wconf 89' lang='lat' dir='ltr'><strong>gestiendo</strong></span> <span class='ocrx_word' id='word_1_807' title='bbox 2514 4341 2577 4379; x_wconf 89' lang='lat' dir='ltr'><strong>ac</strong></span> <span class='ocrx_word' id='word_1_808' title='bbox 2611 4310 2849 4394; x_wconf 86' lang='lat' dir='ltr'><strong>vagando</strong></span> <span class='ocrx_word' id='word_1_809' title='bbox 2886 4324 3133 4377; x_wconf 89' lang='lat' dir='ltr'><strong>facilitate</strong></span> <span class='ocrx_word' id='word_1_810' title='bbox 3168 4333 3344 4378; x_wconf 89' lang='lat' dir='ltr'><strong>motus</strong></span> <span class='ocrx_word' id='word_1_811' title='bbox 3374 4324 3607 4379; x_wconf 89' lang='lat' dir='ltr'><strong>delecta-</strong></span> 
     </span>
    </p>
   </div>
   <div class='ocr_carea' id='block_1_105' title="bbox 2014 4414 3600 4486">
    <p class='ocr_par' dir='ltr' id='par_1_105' title="bbox 2014 4414 3600 4486">
     <span class='ocr_line' id='line_1_105' title="bbox 2014 4414 3600 4486; baseline -0.004 -11"><span class='ocrx_word' id='word_1_812' title='bbox 2014 4431 2120 4486; x_wconf 88' lang='lat' dir='ltr'><strong>tur,</strong></span> <span class='ocrx_word' id='word_1_813' title='bbox 2145 4427 2198 4473; x_wconf 92' lang='lat' dir='ltr'><strong>et</strong></span> <span class='ocrx_word' id='word_1_814' title='bbox 2226 4419 2343 4471; x_wconf 90' lang='lat' dir='ltr'><strong>sine</strong></span> <span class='ocrx_word' id='word_1_815' title='bbox 2371 4418 2550 4470; x_wconf 89' lang='lat' dir='ltr'><strong>labore</strong></span> <span class='ocrx_word' id='word_1_816' title='bbox 2583 4415 2792 4468; x_wconf 88' lang='lat' dir='ltr'><strong>ordinat</strong></span> <span class='ocrx_word' id='word_1_817' title='bbox 2818 4416 3181 4469; x_wconf 90' lang='lat' dir='ltr'><strong>membrorum</strong></span> <span class='ocrx_word' id='word_1_818' title='bbox 3224 4414 3600 4482; x_wconf 89' lang='lat' dir='ltr'><strong>concordiam;</strong></span> 
     </span>
    </p>
   </div>
   <div class='ocr_carea' id='block_1_106' title="bbox 2016 4498 3681 4583">
    <p class='ocr_par' dir='ltr' id='par_1_106' title="bbox 2016 4498 3681 4583">
     <span class='ocr_line' id='line_1_106' title="bbox 2016 4498 3681 4583; baseline -0.006 -16"><span class='ocrx_word' id='word_1_819' title='bbox 2016 4528 2113 4583; x_wconf 94' lang='lat' dir='ltr'><strong>pro</strong></span> <span class='ocrx_word' id='word_1_820' title='bbox 2140 4510 2474 4579; x_wconf 90' lang='lat' dir='ltr'><strong>copulatione</strong></span> <span class='ocrx_word' id='word_1_821' title='bbox 2500 4523 2657 4561; x_wconf 75' lang='lat' dir='ltr'><strong>sexus</strong></span> <span class='ocrx_word' id='word_1_822' title='bbox 2681 4508 2789 4576; x_wconf 90' lang='lat' dir='ltr'><strong>agit</strong></span> <span class='ocrx_word' id='word_1_823' title='bbox 2815 4507 2954 4575; x_wconf 91' lang='lat' dir='ltr'><strong>quod</strong></span> <span class='ocrx_word' id='word_1_824' title='bbox 2998 4516 3191 4576; x_wconf 90' lang='lat' dir='ltr'><strong>potest,</strong></span> <span class='ocrx_word' id='word_1_825' title='bbox 3221 4518 3380 4577; x_wconf 90' lang='lat' dir='ltr'><strong>atque</strong></span> <span class='ocrx_word' id='word_1_826' title='bbox 3411 4509 3465 4562; x_wconf 89' lang='lat' dir='ltr'><strong>in</strong></span> <span class='ocrx_word' id='word_1_827' title='bbox 3507 4508 3605 4562; x_wconf 88' lang='lat' dir='ltr'><strong>du-</strong></span> <span class='ocrx_word' id='word_1_828' title='bbox 3651 4498 3655 4507; x_wconf 84' lang='grc'><em>’</em></span> <span class='ocrx_word' id='word_1_829' title='bbox 3680 4554 3681 4557; x_wconf 44' lang='grc' dir='ltr'><strong>η</strong></span> 
     </span>
    </p>
   </div>
   <div class='ocr_carea' id='block_1_107' title="bbox 2018 4599 3599 4674">
    <p class='ocr_par' dir='ltr' id='par_1_107' title="bbox 2018 4599 3599 4674">
     <span class='ocr_line' id='line_1_107' title="bbox 2018 4599 3599 4674; baseline -0.004 -16"><span class='ocrx_word' id='word_1_830' title='bbox 2018 4605 2137 4674; x_wconf 90' lang='lat' dir='ltr'><strong>plici</strong></span> <span class='ocrx_word' id='word_1_831' title='bbox 2179 4611 2395 4667; x_wconf 89' lang='lat' dir='ltr'><strong>natura,</strong></span> <span class='ocrx_word' id='word_1_832' title='bbox 2440 4599 2693 4653; x_wconf 92' lang='lat' dir='ltr'><strong>societate</strong></span> <span class='ocrx_word' id='word_1_833' title='bbox 2731 4607 2889 4667; x_wconf 87' lang='lat' dir='ltr'><strong>atque</strong></span> <span class='ocrx_word' id='word_1_834' title='bbox 2930 4614 3112 4653; x_wconf 87' lang='lat' dir='ltr'><strong>amore</strong></span> <span class='ocrx_word' id='word_1_835' title='bbox 3160 4600 3376 4653; x_wconf 85' lang='lat' dir='ltr'><strong>molitur</strong></span> <span class='ocrx_word' id='word_1_836' title='bbox 3415 4615 3599 4654; x_wconf 92' lang='lat' dir='ltr'><strong>unum.</strong></span> 
     </span>
    </p>
   </div>
   <div class='ocr_carea' id='block_1_108' title="bbox 2015 4678 3604 4761">
    <p class='ocr_par' dir='ltr' id='par_1_108' title="bbox 2015 4678 3604 4761">
     <span class='ocr_line' id='line_1_108' title="bbox 2015 4678 3604 4761; baseline -0.004 -10"><span class='ocrx_word' id='word_1_837' title='bbox 2015 4696 2231 4752; x_wconf 87' lang='lat' dir='ltr'><strong>Fetibus</strong></span> <span class='ocrx_word' id='word_1_838' title='bbox 2258 4678 2362 4748; x_wconf 87' lang='lat' dir='ltr'><strong>non</strong></span> <span class='ocrx_word' id='word_1_839' title='bbox 2383 4694 2491 4761; x_wconf 90' lang='lat' dir='ltr'><strong>jam</strong></span> <span class='ocrx_word' id='word_1_840' title='bbox 2512 4689 2788 4761; x_wconf 90' lang='lat' dir='ltr'><strong>gignendis</strong></span> <span class='ocrx_word' id='word_1_841' title='bbox 2813 4691 3197 4757; x_wconf 91' lang='lat' dir='ltr'><strong>tantummodo,</strong></span> <span class='ocrx_word' id='word_1_842' title='bbox 3222 4691 3315 4744; x_wconf 90' lang='lat' dir='ltr'><strong>sed</strong></span> <span class='ocrx_word' id='word_1_843' title='bbox 3337 4692 3495 4744; x_wconf 89' lang='lat' dir='ltr'><strong>etiam</strong></span> <span class='ocrx_word' id='word_1_844' title='bbox 3524 4690 3604 4745; x_wconf 85' lang='lat' dir='ltr'><strong>fo-</strong></span> 
     </span>
    </p>
   </div>
   <div class='ocr_carea' id='block_1_109' title="bbox 2014 4780 3601 4852">
    <p class='ocr_par' dir='ltr' id='par_1_109' title="bbox 2014 4780 3601 4852">
     <span class='ocr_line' id='line_1_109' title="bbox 2014 4780 3601 4852; baseline -0.005 -10"><span class='ocrx_word' id='word_1_845' title='bbox 2014 4787 2236 4852; x_wconf 85' lang='lat' dir='ltr'><strong>vendis,</strong></span> <span class='ocrx_word' id='word_1_846' title='bbox 2285 4784 2495 4838; x_wconf 89' lang='lat' dir='ltr'><strong>tuendis</strong></span> <span class='ocrx_word' id='word_1_847' title='bbox 2546 4782 2854 4851; x_wconf 85' lang='lat' dir='ltr'><strong>alendiSque</strong></span> <span class='ocrx_word' id='word_1_848' title='bbox 2896 4782 3183 4851; x_wconf 88' lang='lat' dir='ltr'><strong>conspirat.</strong></span> <span class='ocrx_word' id='word_1_849' title='bbox 3238 4780 3417 4834; x_wconf 85' lang='lat' dir='ltr'><strong>Rebus</strong></span> <span class='ocrx_word' id='word_1_850' title='bbox 3461 4780 3601 4834; x_wconf 87' lang='lat' dir='ltr'><strong>inter</strong></span> 
     </span>
    </p>
   </div>
   <div class='ocr_carea' id='block_1_110' title="bbox 2014 4874 3599 4949">
    <p class='ocr_par' dir='ltr' id='par_1_110' title="bbox 2014 4874 3599 4949">
     <span class='ocr_line' id='line_1_110' title="bbox 2014 4874 3599 4949; baseline -0.005 -15"><span class='ocrx_word' id='word_1_851' title='bbox 2014 4894 2145 4949; x_wconf 88' lang='lat' dir='ltr'><strong>quas</strong></span> <span class='ocrx_word' id='word_1_852' title='bbox 2170 4892 2360 4947; x_wconf 90' lang='lat' dir='ltr'><strong>corpus</strong></span> <span class='ocrx_word' id='word_1_853' title='bbox 2386 4877 2511 4946; x_wconf 85' lang='lat' dir='ltr'><strong>agit,</strong></span> <span class='ocrx_word' id='word_1_854' title='bbox 2538 4884 2592 4930; x_wconf 90' lang='lat' dir='ltr'><strong>et</strong></span> <span class='ocrx_word' id='word_1_855' title='bbox 2617 4874 2808 4945; x_wconf 92' lang='lat' dir='ltr'><strong>quibus</strong></span> <span class='ocrx_word' id='word_1_856' title='bbox 2832 4888 3027 4943; x_wconf 91' lang='lat' dir='ltr'><strong>corpus</strong></span> <span class='ocrx_word' id='word_1_857' title='bbox 3056 4880 3334 4935; x_wconf 85' lang='lat' dir='ltr'><strong>sustentat,</strong></span> <span class='ocrx_word' id='word_1_858' title='bbox 3368 4886 3599 4927; x_wconf 88' lang='lat' dir='ltr'><strong>consue-</strong></span> 
     </span>
    </p>
   </div>
   <div class='ocr_carea' id='block_1_111' title="bbox 2014 4962 3598 5033">
    <p class='ocr_par' dir='ltr' id='par_1_111' title="bbox 2014 4962 3598 5033">
     <span class='ocr_line' id='line_1_111' title="bbox 2014 4962 3598 5033; baseline -0.004 -8"><span class='ocrx_word' id='word_1_859' title='bbox 2014 4971 2195 5025; x_wconf 89' lang='lat' dir='ltr'><strong>tudine</strong></span> <span class='ocrx_word' id='word_1_860' title='bbox 2214 4984 2330 5023; x_wconf 86' lang='lat' dir='ltr'><strong>sese</strong></span> <span class='ocrx_word' id='word_1_861' title='bbox 2351 4968 2591 5033; x_wconf 90' lang='lat' dir='ltr'><strong>innectit,</strong></span> <span class='ocrx_word' id='word_1_862' title='bbox 2623 4966 2766 5021; x_wconf 91' lang='lat' dir='ltr'><strong>etab</strong></span> <span class='ocrx_word' id='word_1_863' title='bbox 2794 4966 2872 5020; x_wconf 89' lang='lat' dir='ltr'><strong>eis</strong></span> <span class='ocrx_word' id='word_1_864' title='bbox 2895 4964 3044 5033; x_wconf 92' lang='lat' dir='ltr'><strong>quasi</strong></span> <span class='ocrx_word' id='word_1_865' title='bbox 3067 4962 3319 5016; x_wconf 90' lang='lat' dir='ltr'><strong>membris</strong></span> <span class='ocrx_word' id='word_1_866' title='bbox 3348 4977 3488 5030; x_wconf 76' lang='lat' dir='ltr'><strong>:egre</strong></span> <span class='ocrx_word' id='word_1_867' title='bbox 3509 4977 3598 5018; x_wconf 87' lang='lat' dir='ltr'><strong>se-</strong></span> 
     </span>
    </p>
   </div>
   <div class='ocr_carea' id='block_1_112' title="bbox 2015 5055 3596 5132">
    <p class='ocr_par' dir='ltr' id='par_1_112' title="bbox 2015 5055 3596 5132">
     <span class='ocr_line' id='line_1_112' title="bbox 2015 5055 3596 5132; baseline -0.003 -16"><span class='ocrx_word' id='word_1_868' title='bbox 2015 5072 2237 5132; x_wconf 87' lang='lat' dir='ltr'><strong>paratur</strong></span> <span class='ocrx_word' id='word_1_869' title='bbox 2263 5080 2275 5115; x_wconf 90' lang='lat'>:</span> <span class='ocrx_word' id='word_1_870' title='bbox 2298 5076 2415 5130; x_wconf 83' lang='lat' dir='ltr'><strong>quae</strong></span> <span class='ocrx_word' id='word_1_871' title='bbox 2445 5059 2839 5114; x_wconf 89' lang='lat' dir='ltr'><strong>consuetudinis</strong></span> <span class='ocrx_word' id='word_1_872' title='bbox 2862 5057 2944 5110; x_wconf 90' lang='lat' dir='ltr'><strong>vis</strong></span> <span class='ocrx_word' id='word_1_873' title='bbox 2964 5056 3122 5109; x_wconf 90' lang='lat' dir='ltr'><strong>etiam</strong></span> <span class='ocrx_word' id='word_1_874' title='bbox 3148 5055 3477 5123; x_wconf 90' lang='lat' dir='ltr'><strong>sejunctione</strong></span> <span class='ocrx_word' id='word_1_875' title='bbox 3505 5071 3596 5112; x_wconf 87' lang='lat' dir='ltr'><strong>re-</strong></span> 
     </span>
    </p>
   </div>
   <div class='ocr_carea' id='block_1_113' title="bbox 2013 5147 3592 5222">
    <p class='ocr_par' dir='ltr' id='par_1_113' title="bbox 2013 5147 3592 5222">
     <span class='ocr_line' id='line_1_113' title="bbox 2013 5147 3592 5222; baseline -0.003 -14"><span class='ocrx_word' id='word_1_876' title='bbox 2013 5170 2133 5208; x_wconf 90' lang='lat' dir='ltr'><strong>rum</strong></span> <span class='ocrx_word' id='word_1_877' title='bbox 2161 5154 2394 5222; x_wconf 88' lang='lat' dir='ltr'><strong>ipsarum</strong></span> <span class='ocrx_word' id='word_1_878' title='bbox 2439 5160 2597 5221; x_wconf 90' lang='lat' dir='ltr'><strong>atque</strong></span> <span class='ocrx_word' id='word_1_879' title='bbox 2634 5148 2909 5204; x_wconf 90' lang='lat' dir='ltr'><strong>intervallo</strong></span> <span class='ocrx_word' id='word_1_880' title='bbox 2939 5147 3190 5215; x_wconf 89' lang='lat' dir='ltr'><strong>temporis</strong></span> <span class='ocrx_word' id='word_1_881' title='bbox 3219 5163 3327 5202; x_wconf 88' lang='lat' dir='ltr'><strong>non</strong></span> <span class='ocrx_word' id='word_1_882' title='bbox 3352 5147 3592 5216; x_wconf 89' lang='lat' dir='ltr'><strong>discissa,</strong></span> 
     </span>
    </p>
   </div>
   <div class='ocr_carea' id='block_1_114' title="bbox 2017 5242 3593 5311">
    <p class='ocr_par' dir='ltr' id='par_1_114' title="bbox 2017 5242 3593 5311">
     <span class='ocr_line' id='line_1_114' title="bbox 2017 5242 3593 5311; baseline -0.003 -9"><span class='ocrx_word' id='word_1_883' title='bbox 2017 5245 2274 5301; x_wconf 91' lang='lat' dir='ltr'><strong>memoria</strong></span> <span class='ocrx_word' id='word_1_884' title='bbox 2305 5252 2542 5298; x_wconf 88' lang='lat' dir='ltr'><strong>vocatur.</strong></span> <span class='ocrx_word' id='word_1_885' title='bbox 2569 5242 2673 5297; x_wconf 91' lang='lat' dir='ltr'><strong>Sed</strong></span> <span class='ocrx_word' id='word_1_886' title='bbox 2704 5243 2817 5296; x_wconf 86' lang='lat' dir='ltr'><strong>haec</strong></span> <span class='ocrx_word' id='word_1_887' title='bbox 2856 5254 3039 5297; x_wconf 84' lang='lat' dir='ltr'><strong>rursus</strong></span> <span class='ocrx_word' id='word_1_888' title='bbox 3076 5242 3254 5295; x_wconf 89' lang='lat' dir='ltr'><strong>omnia</strong></span> <span class='ocrx_word' id='word_1_889' title='bbox 3293 5258 3450 5311; x_wconf 90' lang='lat' dir='ltr'><strong>posse</strong></span> <span class='ocrx_word' id='word_1_890' title='bbox 3474 5244 3593 5298; x_wconf 90' lang='lat' dir='ltr'><strong>ani-</strong></span> 
     </span>
    </p>
   </div>
   <div class='ocr_carea' id='block_1_115' title="bbox 2017 5334 2992 5405">
    <p class='ocr_par' dir='ltr' id='par_1_115' title="bbox 2017 5334 2992 5405">
     <span class='ocr_line' id='line_1_115' title="bbox 2017 5334 2992 5405; baseline -0.004 -12"><span class='ocrx_word' id='word_1_891' title='bbox 2017 5353 2159 5393; x_wconf 88' lang='lat' dir='ltr'><strong>mam</strong></span> <span class='ocrx_word' id='word_1_892' title='bbox 2180 5336 2339 5390; x_wconf 89' lang='lat' dir='ltr'><strong>etiam</strong></span> <span class='ocrx_word' id='word_1_893' title='bbox 2362 5336 2415 5387; x_wconf 89' lang='lat' dir='ltr'><strong>in</strong></span> <span class='ocrx_word' id='word_1_894' title='bbox 2436 5334 2621 5388; x_wconf 86' lang='lat' dir='ltr'><strong>bestiis</strong></span> <span class='ocrx_word' id='word_1_895' title='bbox 2646 5349 2803 5388; x_wconf 91' lang='lat' dir='ltr'><strong>nemo</strong></span> <span class='ocrx_word' id='word_1_896' title='bbox 2819 5344 2992 5405; x_wconf 87' lang='lat' dir='ltr'><strong>negat.</strong></span> 
     </span>
    </p>
   </div>
   <div class='ocr_carea' id='block_1_116' title="bbox 2506 5424 3099 5489">
    <p class='ocr_par' dir='ltr' id='par_1_116' title="bbox 2506 5424 3099 5489">
     <span class='ocr_line' id='line_1_116' title="bbox 2506 5424 3099 5489; baseline 0.01 -16"><span class='ocrx_word' id='word_1_897' title='bbox 2506 5424 2696 5475; x_wconf 85' lang='lat' dir='ltr'><strong>Tertius</strong></span> <span class='ocrx_word' id='word_1_898' title='bbox 2714 5428 2891 5489; x_wconf 84' lang='lat' dir='ltr'><strong>gradus</strong></span> <span class='ocrx_word' id='word_1_899' title='bbox 2910 5430 3099 5479; x_wconf 62' lang='lat' dir='ltr'><strong>animm.</strong></span> 
     </span>
    </p>
   </div>
   <div class='ocr_carea' id='block_1_117' title="bbox 2086 5510 3597 5583">
    <p class='ocr_par' dir='ltr' id='par_1_117' title="bbox 2086 5510 3597 5583">
     <span class='ocr_line' id='line_1_117' title="bbox 2086 5510 3597 5583; baseline 0.002 -17"><span class='ocrx_word' id='word_1_900' title='bbox 2086 5512 2173 5566; x_wconf 69' lang='lat'><strong>72.</strong></span> <span class='ocrx_word' id='word_1_901' title='bbox 2199 5511 2339 5580; x_wconf 88' lang='lat' dir='ltr'><strong>Ergo</strong></span> <span class='ocrx_word' id='word_1_902' title='bbox 2385 5510 2627 5566; x_wconf 88' lang='lat' dir='ltr'><strong>attollere</strong></span> <span class='ocrx_word' id='word_1_903' title='bbox 2661 5512 2715 5566; x_wconf 88' lang='lat' dir='ltr'><strong>in</strong></span> <span class='ocrx_word' id='word_1_904' title='bbox 2750 5512 2962 5565; x_wconf 91' lang='lat' dir='ltr'><strong>tertium</strong></span> <span class='ocrx_word' id='word_1_905' title='bbox 2984 5512 3224 5581; x_wconf 88' lang='lat' dir='ltr'><strong>gradum,</strong></span> <span class='ocrx_word' id='word_1_906' title='bbox 3248 5512 3338 5582; x_wconf 92' lang='lat' dir='ltr'><strong>qui</strong></span> <span class='ocrx_word' id='word_1_907' title='bbox 3359 5512 3467 5583; x_wconf 88' lang='lat' dir='ltr'><strong>jam</strong></span> <span class='ocrx_word' id='word_1_908' title='bbox 3512 5520 3597 5569; x_wconf 86' lang='lat' dir='ltr'><strong>est</strong></span> 
     </span>
    </p>
   </div>
   <div class='ocr_carea' id='block_1_118' title="bbox 2017 5602 3585 5672">
    <p class='ocr_par' dir='ltr' id='par_1_118' title="bbox 2017 5602 3585 5672">
     <span class='ocr_line' id='line_1_118' title="bbox 2017 5602 3585 5672; baseline 0.002 -16"><span class='ocrx_word' id='word_1_909' title='bbox 2017 5603 2215 5656; x_wconf 89' lang='lat' dir='ltr'><strong>homini</strong></span> <span class='ocrx_word' id='word_1_910' title='bbox 2243 5603 2503 5670; x_wconf 86' lang='lat' dir='ltr'><strong>proprius,</strong></span> <span class='ocrx_word' id='word_1_911' title='bbox 2535 5608 2588 5656; x_wconf 85' lang='lat' dir='ltr'><strong>et</strong></span> <span class='ocrx_word' id='word_1_912' title='bbox 2616 5602 2785 5672; x_wconf 88' lang='lat' dir='ltr'><strong>cogita</strong></span> <span class='ocrx_word' id='word_1_913' title='bbox 2820 5604 3128 5658; x_wconf 89' lang='lat' dir='ltr'><strong>memoriam</strong></span> <span class='ocrx_word' id='word_1_914' title='bbox 3158 5620 3264 5660; x_wconf 92' lang='lat' dir='ltr'><strong>non</strong></span> <span class='ocrx_word' id='word_1_915' title='bbox 3299 5613 3585 5659; x_wconf 82' lang='lat' dir='ltr'><strong>consuetu-</strong></span> 
     </span>
    </p>
   </div>
   <div class='ocr_carea' id='block_1_119' title="bbox 2017 5693 3591 5767">
    <p class='ocr_par' dir='ltr' id='par_1_119' title="bbox 2017 5693 3591 5767">
     <span class='ocr_line' id='line_1_119' title="bbox 2017 5693 3591 5767; baseline 0.002 -17"><span class='ocrx_word' id='word_1_916' title='bbox 2017 5696 2139 5750; x_wconf 89' lang='lat' dir='ltr'><strong>dine</strong></span> <span class='ocrx_word' id='word_1_917' title='bbox 2191 5694 2534 5760; x_wconf 79' lang='lat' dir='ltr'><strong>inclitarum,</strong></span> <span class='ocrx_word' id='word_1_918' title='bbox 2582 5693 2677 5748; x_wconf 89' lang='lat' dir='ltr'><strong>sed</strong></span> <span class='ocrx_word' id='word_1_919' title='bbox 2719 5694 3175 5753; x_wconf 90' lang='lat' dir='ltr'><strong>animadversione</strong></span> <span class='ocrx_word' id='word_1_920' title='bbox 3220 5706 3378 5766; x_wconf 90' lang='lat' dir='ltr'><strong>atque</strong></span> <span class='ocrx_word' id='word_1_921' title='bbox 3425 5695 3591 5767; x_wconf 73' lang='lat' dir='ltr'><strong>signis</strong></span> 
     </span>
    </p>
   </div>
   <div class='ocr_carea' id='block_1_120' title="bbox 2078 5818 2716 5881">
    <p class='ocr_par' dir='ltr' id='par_1_120' title="bbox 2078 5818 2716 5881">
     <span class='ocr_line' id='line_1_120' title="bbox 2078 5818 2716 5881; baseline -0.002 -12"><span class='ocrx_word' id='word_1_922' title='bbox 2078 5820 2151 5881; x_wconf 88' lang='lat' dir='ltr'><strong>(a)</strong></span> <span class='ocrx_word' id='word_1_923' title='bbox 2175 5818 2539 5870; x_wconf 60' lang='lat' dir='ltr'><strong>Manichaeorum</strong></span> <span class='ocrx_word' id='word_1_924' title='bbox 2562 5828 2716 5869; x_wconf 83' lang='lat' dir='ltr'><strong>error.</strong></span> 
     </span>
    </p>
   </div>
  </div>
