  <div class='ocr_page' id='page_1' title='image "/cluster/home/n/w/nwhite01/storage/ocr_20150623/32/hvd.32044015706328/557.png"; bbox 0 0 4096 6368; ppageno 0'>
   <div class='ocr_carea' id='block_1_1' title="bbox 376 1404 394 1432">
    <p class='ocr_par' dir='ltr' id='par_1_1' title="bbox 376 1404 394 1432">
     <span class='ocr_line' id='line_1_1' title="bbox 376 1404 394 1432; baseline 0 0"><span class='ocrx_word' id='word_1_1' title='bbox 376 1404 394 1432; x_wconf 67' lang='grc' dir='ltr'><strong><em>ο</em></strong></span> 
     </span>
    </p>
   </div>
   <div class='ocr_carea' id='block_1_2' title="bbox 437 305 572 375">
    <p class='ocr_par' dir='ltr' id='par_1_2' title="bbox 437 305 572 375">
     <span class='ocr_line' id='line_1_2' title="bbox 437 305 572 375; baseline -0.037 -16"><span class='ocrx_word' id='word_1_2' title='bbox 437 305 572 375; x_wconf 61' lang='lat'><strong>1075</strong></span> 
     </span>
    </p>
   </div>
   <div class='ocr_carea' id='block_1_3' title="bbox 436 410 2017 475">
    <p class='ocr_par' dir='ltr' id='par_1_3' title="bbox 436 410 2017 475">
     <span class='ocr_line' id='line_1_3' title="bbox 436 410 2017 475; baseline -0.01 0"><span class='ocrx_word' id='word_1_3' title='bbox 436 416 929 475; x_wconf 78' lang='lat' dir='ltr'><strong>commendatartun</strong></span> <span class='ocrx_word' id='word_1_4' title='bbox 972 430 1032 468; x_wconf 87' lang='lat' dir='ltr'><strong>ac</strong></span> <span class='ocrx_word' id='word_1_5' title='bbox 1076 420 1397 467; x_wconf 84' lang='lat' dir='ltr'><strong>retentarum</strong></span> <span class='ocrx_word' id='word_1_6' title='bbox 1430 427 1611 464; x_wconf 82' lang='lat' dir='ltr'><strong>rerum</strong></span> <span class='ocrx_word' id='word_1_7' title='bbox 1654 410 2017 464; x_wconf 88' lang='lat' dir='ltr'><strong>innumerabi-</strong></span> 
     </span>
    </p>
   </div>
   <div class='ocr_carea' id='block_1_4' title="bbox 438 500 2018 576">
    <p class='ocr_par' dir='ltr' id='par_1_4' title="bbox 438 500 2018 576">
     <span class='ocr_line' id='line_1_4' title="bbox 438 500 2018 576; baseline -0.008 -10"><span class='ocrx_word' id='word_1_8' title='bbox 438 514 589 573; x_wconf 90' lang='lat' dir='ltr'><strong>lium,</strong></span> <span class='ocrx_word' id='word_1_9' title='bbox 616 518 695 565; x_wconf 90' lang='lat' dir='ltr'><strong>tot</strong></span> <span class='ocrx_word' id='word_1_10' title='bbox 723 517 865 562; x_wconf 87' lang='lat' dir='ltr'><strong>artes</strong></span> <span class='ocrx_word' id='word_1_11' title='bbox 897 507 1171 576; x_wconf 83' lang='lat' dir='ltr'><strong>opiﬁcum,</strong></span> <span class='ocrx_word' id='word_1_12' title='bbox 1199 520 1446 576; x_wconf 77' lang='lat' dir='ltr'><strong>agrorum</strong></span> <span class='ocrx_word' id='word_1_13' title='bbox 1484 504 1675 563; x_wconf 89' lang='lat' dir='ltr'><strong>cultus,</strong></span> <span class='ocrx_word' id='word_1_14' title='bbox 1698 500 2018 557; x_wconf 76' lang='lat' dir='ltr'><strong>eXstructio-</strong></span> 
     </span>
    </p>
   </div>
   <div class='ocr_carea' id='block_1_5' title="bbox 436 592 2017 675">
    <p class='ocr_par' dir='ltr' id='par_1_5' title="bbox 436 592 2017 675">
     <span class='ocr_line' id='line_1_5' title="bbox 436 592 2017 675; baseline -0.01 -17"><span class='ocrx_word' id='word_1_15' title='bbox 436 619 533 658; x_wconf 88' lang='lat' dir='ltr'><strong>nes</strong></span> <span class='ocrx_word' id='word_1_16' title='bbox 579 601 788 655; x_wconf 84' lang='lat' dir='ltr'><strong>urbium</strong></span> <span class='ocrx_word' id='word_1_17' title='bbox 814 640 827 660; x_wconf 95' lang='lat'><strong>,</strong></span> <span class='ocrx_word' id='word_1_18' title='bbox 874 598 1137 675; x_wconf 87' lang='lat' dir='ltr'><strong>variorum</strong></span> <span class='ocrx_word' id='word_1_19' title='bbox 1185 595 1549 649; x_wconf 84' lang='lat' dir='ltr'><strong>aedificiorum</strong></span> <span class='ocrx_word' id='word_1_20' title='bbox 1588 607 1650 647; x_wconf 89' lang='lat' dir='ltr'><strong>ac</strong></span> <span class='ocrx_word' id='word_1_21' title='bbox 1691 592 2017 675; x_wconf 83' lang='lat' dir='ltr'><strong>moliminum</strong></span> 
     </span>
    </p>
   </div>
   <div class='ocr_carea' id='block_1_6' title="bbox 438 662 2017 763">
    <p class='ocr_par' dir='ltr' id='par_1_6' title="bbox 438 662 2017 763">
     <span class='ocr_line' id='line_1_6' title="bbox 438 662 2017 763; baseline -0.009 -14"><span class='ocrx_word' id='word_1_22' title='bbox 438 692 751 763; x_wconf 85' lang='lat' dir='ltr'><strong>multimoda</strong></span> <span class='ocrx_word' id='word_1_23' title='bbox 797 670 1082 753; x_wconf 85' lang='lat' dir='ltr'><strong>miracula;</strong></span> <span class='ocrx_word' id='word_1_24' title='bbox 1130 687 1461 741; x_wconf 87' lang='lat' dir='ltr'><strong>inventiones</strong></span> <span class='ocrx_word' id='word_1_25' title='bbox 1516 692 1595 738; x_wconf 85' lang='lat' dir='ltr'><strong>tot</strong></span> <span class='ocrx_word' id='word_1_26' title='bbox 1645 662 1914 754; x_wconf 76' lang='lat' dir='ltr'><strong>signorum</strong></span> <span class='ocrx_word' id='word_1_27' title='bbox 1966 683 2017 734; x_wconf 93' lang='lat' dir='ltr'><strong>in</strong></span> 
     </span>
    </p>
   </div>
   <div class='ocr_carea' id='block_1_7' title="bbox 437 762 2020 855">
    <p class='ocr_par' dir='ltr' id='par_1_7' title="bbox 437 762 2020 855">
     <span class='ocr_line' id='line_1_7' title="bbox 437 762 2020 855; baseline -0.009 -16"><span class='ocrx_word' id='word_1_28' title='bbox 437 786 649 843; x_wconf 84' lang='lat' dir='ltr'><strong>litteris,</strong></span> <span class='ocrx_word' id='word_1_29' title='bbox 684 762 736 835; x_wconf 87' lang='lat' dir='ltr'><strong>in</strong></span> <span class='ocrx_word' id='word_1_30' title='bbox 763 779 970 844; x_wconf 84' lang='lat' dir='ltr'><strong>verbis,</strong></span> <span class='ocrx_word' id='word_1_31' title='bbox 997 778 1047 832; x_wconf 92' lang='lat' dir='ltr'><strong>in</strong></span> <span class='ocrx_word' id='word_1_32' title='bbox 1076 786 1226 855; x_wconf 78' lang='lat' dir='ltr'><strong>gestu</strong></span> <span class='ocrx_word' id='word_1_33' title='bbox 1247 817 1262 843; x_wconf 93' lang='lat'><strong>,</strong></span> <span class='ocrx_word' id='word_1_34' title='bbox 1296 776 1347 830; x_wconf 90' lang='lat' dir='ltr'><strong>in</strong></span> <span class='ocrx_word' id='word_1_35' title='bbox 1374 762 1732 853; x_wconf 86' lang='lat' dir='ltr'><strong>cujuscemodi</strong></span> <span class='ocrx_word' id='word_1_36' title='bbox 1782 787 1942 835; x_wconf 86' lang='lat' dir='ltr'><strong>sono,</strong></span> <span class='ocrx_word' id='word_1_37' title='bbox 1967 770 2020 825; x_wconf 92' lang='lat' dir='ltr'><strong>in</strong></span> 
     </span>
    </p>
   </div>
   <div class='ocr_carea' id='block_1_8' title="bbox 435 862 2020 947">
    <p class='ocr_par' dir='ltr' id='par_1_8' title="bbox 435 862 2020 947">
     <span class='ocr_line' id='line_1_8' title="bbox 435 862 2020 947; baseline -0.01 -17"><span class='ocrx_word' id='word_1_38' title='bbox 435 875 658 947; x_wconf 84' lang='lat' dir='ltr'><strong>picturis</strong></span> <span class='ocrx_word' id='word_1_39' title='bbox 684 882 840 945; x_wconf 90' lang='lat' dir='ltr'><strong>atque</strong></span> <span class='ocrx_word' id='word_1_40' title='bbox 866 869 1168 939; x_wconf 79' lang='lat' dir='ltr'><strong>ﬁgmentis;</strong></span> <span class='ocrx_word' id='word_1_41' title='bbox 1211 874 1287 947; x_wconf 79' lang='lat' dir='ltr'><strong>tot</strong></span> <span class='ocrx_word' id='word_1_42' title='bbox 1315 867 1547 936; x_wconf 88' lang='lat' dir='ltr'><strong>gentium</strong></span> <span class='ocrx_word' id='word_1_43' title='bbox 1580 864 1802 933; x_wconf 80' lang='lat' dir='ltr'><strong>linguas,</strong></span> <span class='ocrx_word' id='word_1_44' title='bbox 1831 871 1907 917; x_wconf 84' lang='lat' dir='ltr'><strong>tot</strong></span> <span class='ocrx_word' id='word_1_45' title='bbox 1936 862 2020 915; x_wconf 93' lang='lat' dir='ltr'><strong>in-</strong></span> 
     </span>
    </p>
   </div>
   <div class='ocr_carea' id='block_1_9' title="bbox 433 956 2027 1039">
    <p class='ocr_par' dir='ltr' id='par_1_9' title="bbox 433 956 2027 1039">
     <span class='ocr_line' id='line_1_9' title="bbox 433 956 2027 1039; baseline -0.009 -17"><span class='ocrx_word' id='word_1_46' title='bbox 433 969 642 1030; x_wconf 78' lang='lat' dir='ltr'><strong>stituta,</strong></span> <span class='ocrx_word' id='word_1_47' title='bbox 672 973 749 1020; x_wconf 87' lang='lat' dir='ltr'><strong>tot</strong></span> <span class='ocrx_word' id='word_1_48' title='bbox 775 976 933 1025; x_wconf 89' lang='lat' dir='ltr'><strong>nova,</strong></span> <span class='ocrx_word' id='word_1_49' title='bbox 962 970 1037 1039; x_wconf 85' lang='lat' dir='ltr'><strong>tot</strong></span> <span class='ocrx_word' id='word_1_50' title='bbox 1064 961 1385 1039; x_wconf 82' lang='lat' dir='ltr'><strong>instaurata;</strong></span> <span class='ocrx_word' id='word_1_51' title='bbox 1413 965 1612 1012; x_wconf 90' lang='lat' dir='ltr'><strong>tantum</strong></span> <span class='ocrx_word' id='word_1_52' title='bbox 1645 956 1897 1039; x_wconf 86' lang='lat' dir='ltr'><strong>librorum</strong></span> <span class='ocrx_word' id='word_1_53' title='bbox 1925 970 2027 1035; x_wconf 87' lang='lat' dir='ltr'><strong>nu-</strong></span> 
     </span>
    </p>
   </div>
   <div class='ocr_carea' id='block_1_10' title="bbox 435 1034 2019 1127">
    <p class='ocr_par' dir='ltr' id='par_1_10' title="bbox 435 1034 2019 1127">
     <span class='ocr_line' id='line_1_10' title="bbox 435 1034 2019 1127; baseline -0.011 -12"><span class='ocrx_word' id='word_1_54' title='bbox 435 1074 665 1124; x_wconf 91' lang='lat' dir='ltr'><strong>merum,</strong></span> <span class='ocrx_word' id='word_1_55' title='bbox 695 1065 747 1111; x_wconf 89' lang='lat' dir='ltr'><strong>ct</strong></span> <span class='ocrx_word' id='word_1_56' title='bbox 766 1051 1125 1124; x_wconf 80' lang='lat' dir='ltr'><strong>cujusccmodi</strong></span> <span class='ocrx_word' id='word_1_57' title='bbox 1143 1034 1603 1127; x_wconf 87' lang='lat' dir='ltr'><strong>monumentorum</strong></span> <span class='ocrx_word' id='word_1_58' title='bbox 1626 1048 1691 1123; x_wconf 86' lang='lat' dir='ltr'><strong>ad</strong></span> <span class='ocrx_word' id='word_1_59' title='bbox 1717 1034 2019 1103; x_wconf 89' lang='lat' dir='ltr'><strong>eustodien-</strong></span> 
     </span>
    </p>
   </div>
   <div class='ocr_carea' id='block_1_11' title="bbox 436 1120 2020 1225">
    <p class='ocr_par' dir='ltr' id='par_1_11' title="bbox 436 1120 2020 1225">
     <span class='ocr_line' id='line_1_11' title="bbox 436 1120 2020 1225; baseline -0.011 -19"><span class='ocrx_word' id='word_1_60' title='bbox 436 1150 558 1206; x_wconf 87' lang='lat' dir='ltr'><strong>dam</strong></span> <span class='ocrx_word' id='word_1_61' title='bbox 592 1148 936 1209; x_wconf 87' lang='lat' dir='ltr'><strong>memoriam,</strong></span> <span class='ocrx_word' id='word_1_62' title='bbox 967 1153 1273 1225; x_wconf 72' lang='lat' dir='ltr'><strong>tantamque</strong></span> <span class='ocrx_word' id='word_1_63' title='bbox 1298 1155 1481 1223; x_wconf 72' lang='lat' dir='ltr'><strong>ent-ain</strong></span> <span class='ocrx_word' id='word_1_64' title='bbox 1506 1120 1865 1215; x_wconf 79' lang='lat' dir='ltr'><strong>poSteritatis;</strong></span> <span class='ocrx_word' id='word_1_65' title='bbox 1900 1135 2020 1189; x_wconf 83' lang='lat' dir='ltr'><strong>ofﬁ-</strong></span> 
     </span>
    </p>
   </div>
   <div class='ocr_carea' id='block_1_12' title="bbox 433 1220 2017 1313">
    <p class='ocr_par' dir='ltr' id='par_1_12' title="bbox 433 1220 2017 1313">
     <span class='ocr_line' id='line_1_12' title="bbox 433 1220 2017 1313; baseline -0.011 -14"><span class='ocrx_word' id='word_1_66' title='bbox 433 1245 656 1308; x_wconf 86' lang='lat' dir='ltr'><strong>ciorum,</strong></span> <span class='ocrx_word' id='word_1_67' title='bbox 682 1247 1021 1313; x_wconf 91' lang='lat' dir='ltr'><strong>potestatum,</strong></span> <span class='ocrx_word' id='word_1_68' title='bbox 1047 1220 1309 1311; x_wconf 81' lang='lat' dir='ltr'><strong>honorum</strong></span> <span class='ocrx_word' id='word_1_69' title='bbox 1336 1220 1753 1304; x_wconf 77' lang='lat' dir='ltr'><strong>dignitatumque</strong></span> <span class='ocrx_word' id='word_1_70' title='bbox 1782 1230 2017 1298; x_wconf 75' lang='lat' dir='ltr'><strong>ordines,</strong></span> 
     </span>
    </p>
   </div>
   <div class='ocr_carea' id='block_1_13' title="bbox 435 1323 2016 1396">
    <p class='ocr_par' dir='ltr' id='par_1_13' title="bbox 435 1323 2016 1396">
     <span class='ocr_line' id='line_1_13' title="bbox 435 1323 2016 1396; baseline -0.013 -5"><span class='ocrx_word' id='word_1_71' title='bbox 435 1339 545 1391; x_wconf 83' lang='lat' dir='ltr'><strong>sive</strong></span> <span class='ocrx_word' id='word_1_72' title='bbox 577 1337 626 1389; x_wconf 91' lang='lat' dir='ltr'><strong>in</strong></span> <span class='ocrx_word' id='word_1_73' title='bbox 674 1333 915 1395; x_wconf 83' lang='lat' dir='ltr'><strong>familiis,</strong></span> <span class='ocrx_word' id='word_1_74' title='bbox 956 1331 1068 1386; x_wconf 91' lang='lat' dir='ltr'><strong>sive</strong></span> <span class='ocrx_word' id='word_1_75' title='bbox 1110 1329 1253 1384; x_wconf 90' lang='lat' dir='ltr'><strong>domi</strong></span> <span class='ocrx_word' id='word_1_76' title='bbox 1294 1327 1597 1396; x_wconf 68' lang='lat' dir='ltr'><strong>militiazque</strong></span> <span class='ocrx_word' id='word_1_77' title='bbox 1635 1325 1686 1378; x_wconf 93' lang='lat' dir='ltr'><strong>in</strong></span> <span class='ocrx_word' id='word_1_78' title='bbox 1717 1323 2016 1393; x_wconf 86' lang='lat' dir='ltr'><strong>republica,</strong></span> 
     </span>
    </p>
   </div>
   <div class='ocr_carea' id='block_1_14' title="bbox 432 1416 2023 1499">
    <p class='ocr_par' dir='ltr' id='par_1_14' title="bbox 432 1416 2023 1499">
     <span class='ocr_line' id='line_1_14' title="bbox 432 1416 2023 1499; baseline -0.011 -16"><span class='ocrx_word' id='word_1_79' title='bbox 432 1430 545 1484; x_wconf 91' lang='lat' dir='ltr'><strong>sive</strong></span> <span class='ocrx_word' id='word_1_80' title='bbox 573 1429 623 1482; x_wconf 92' lang='lat' dir='ltr'><strong>in</strong></span> <span class='ocrx_word' id='word_1_81' title='bbox 644 1425 901 1499; x_wconf 87' lang='lat' dir='ltr'><strong>profanis,</strong></span> <span class='ocrx_word' id='word_1_82' title='bbox 925 1424 1037 1478; x_wconf 82' lang='lat' dir='ltr'><strong>sive</strong></span> <span class='ocrx_word' id='word_1_83' title='bbox 1064 1424 1115 1476; x_wconf 91' lang='lat' dir='ltr'><strong>in</strong></span> <span class='ocrx_word' id='word_1_84' title='bbox 1143 1422 1307 1475; x_wconf 87' lang='lat' dir='ltr'><strong>sacris</strong></span> <span class='ocrx_word' id='word_1_85' title='bbox 1328 1418 1699 1489; x_wconf 75' lang='lat' dir='ltr'><strong>apparatibus;</strong></span> <span class='ocrx_word' id='word_1_86' title='bbox 1728 1416 1833 1469; x_wconf 90' lang='lat' dir='ltr'><strong>vim</strong></span> <span class='ocrx_word' id='word_1_87' title='bbox 1860 1416 2023 1468; x_wconf 89' lang='lat' dir='ltr'><strong>ratio-</strong></span> 
     </span>
    </p>
   </div>
   <div class='ocr_carea' id='block_1_15' title="bbox 408 1492 2017 1595">
    <p class='ocr_par' dir='ltr' id='par_1_15' title="bbox 408 1492 2017 1595">
     <span class='ocr_line' id='line_1_15' title="bbox 408 1492 2017 1595; baseline -0.009 -22"><span class='ocrx_word' id='word_1_88' title='bbox 408 1492 645 1595; x_wconf 49' lang='lat' dir='ltr'><strong>écinandi</strong></span> <span class='ocrx_word' id='word_1_89' title='bbox 674 1526 728 1572; x_wconf 88' lang='lat' dir='ltr'><strong>et</strong></span> <span class='ocrx_word' id='word_1_90' title='bbox 752 1514 1106 1584; x_wconf 80' lang='lat' dir='ltr'><strong>excogitandi,</strong></span> <span class='ocrx_word' id='word_1_91' title='bbox 1142 1512 1327 1566; x_wconf 86' lang='lat' dir='ltr'><strong>ﬂuvios</strong></span> <span class='ocrx_word' id='word_1_92' title='bbox 1358 1500 1693 1579; x_wconf 61' lang='lat' dir='ltr'><strong>eloquentia},</strong></span> <span class='ocrx_word' id='word_1_93' title='bbox 1726 1506 2017 1561; x_wconf 83' lang='lat' dir='ltr'><strong>carminum</strong></span> 
     </span>
    </p>
   </div>
   <div class='ocr_carea' id='block_1_16' title="bbox 405 1595 2019 1683">
    <p class='ocr_par' dir='ltr' id='par_1_16' title="bbox 405 1595 2019 1683">
     <span class='ocr_line' id='line_1_16' title="bbox 405 1595 2019 1683; baseline -0.011 -18"><span class='ocrx_word' id='word_1_94' title='bbox 405 1595 736 1683; x_wconf 49' lang='lat' dir='ltr'><strong>Ivarietates,</strong></span> <span class='ocrx_word' id='word_1_95' title='bbox 770 1605 988 1683; x_wconf 77' lang='lat' dir='ltr'><strong>ludendi</strong></span> <span class='ocrx_word' id='word_1_96' title='bbox 1010 1621 1073 1660; x_wconf 90' lang='lat' dir='ltr'><strong>ac</strong></span> <span class='ocrx_word' id='word_1_97' title='bbox 1108 1601 1320 1674; x_wconf 89' lang='lat' dir='ltr'><strong>joeandi</strong></span> <span class='ocrx_word' id='word_1_98' title='bbox 1363 1616 1519 1653; x_wconf 87' lang='lat' dir='ltr'><strong>causa</strong></span> <span class='ocrx_word' id='word_1_99' title='bbox 1558 1595 1901 1651; x_wconf 84' lang='lat' dir='ltr'><strong>milleformes</strong></span> <span class='ocrx_word' id='word_1_100' title='bbox 1944 1596 2019 1650; x_wconf 92' lang='lat' dir='ltr'><strong>si-</strong></span> 
     </span>
    </p>
   </div>
   <div class='ocr_carea' id='block_1_17' title="bbox 435 1690 2021 1773">
    <p class='ocr_par' dir='ltr' id='par_1_17' title="bbox 435 1690 2021 1773">
     <span class='ocr_line' id='line_1_17' title="bbox 435 1690 2021 1773; baseline -0.011 -15"><span class='ocrx_word' id='word_1_101' title='bbox 435 1703 771 1769; x_wconf 90' lang='lat' dir='ltr'><strong>mulationes,</strong></span> <span class='ocrx_word' id='word_1_102' title='bbox 803 1698 1109 1754; x_wconf 74' lang='lat' dir='ltr'><strong>modulandi</strong></span> <span class='ocrx_word' id='word_1_103' title='bbox 1141 1695 1405 1773; x_wconf 84' lang='lat' dir='ltr'><strong>peritiam,</strong></span> <span class='ocrx_word' id='word_1_104' title='bbox 1428 1690 1733 1747; x_wconf 86' lang='lat' dir='ltr'><strong>dimetiendi</strong></span> <span class='ocrx_word' id='word_1_105' title='bbox 1764 1690 2021 1744; x_wconf 89' lang='lat' dir='ltr'><strong>subtilita-</strong></span> 
     </span>
    </p>
   </div>
   <div class='ocr_carea' id='block_1_18' title="bbox 432 1768 2020 1863">
    <p class='ocr_par' dir='ltr' id='par_1_18' title="bbox 432 1768 2020 1863">
     <span class='ocr_line' id='line_1_18' title="bbox 432 1768 2020 1863; baseline -0.012 -11"><span class='ocrx_word' id='word_1_106' title='bbox 432 1803 564 1860; x_wconf 89' lang='lat' dir='ltr'><strong>tem,</strong></span> <span class='ocrx_word' id='word_1_107' title='bbox 597 1793 912 1849; x_wconf 87' lang='lat' dir='ltr'><strong>numerandi</strong></span> <span class='ocrx_word' id='word_1_108' title='bbox 940 1772 1295 1863; x_wconf 80' lang='lat' dir='ltr'><strong>disciplinam,</strong></span> <span class='ocrx_word' id='word_1_109' title='bbox 1323 1768 1713 1855; x_wconf 56' lang='lat' dir='ltr'><strong>praeteritorum</strong></span> <span class='ocrx_word' id='word_1_110' title='bbox 1738 1797 1798 1834; x_wconf 89' lang='lat' dir='ltr'><strong>ac</strong></span> <span class='ocrx_word' id='word_1_111' title='bbox 1817 1780 2020 1833; x_wconf 82' lang='lat' dir='ltr'><strong>futuro-</strong></span> 
     </span>
    </p>
   </div>
   <div class='ocr_carea' id='block_1_19' title="bbox 431 1872 2021 1958">
    <p class='ocr_par' dir='ltr' id='par_1_19' title="bbox 431 1872 2021 1958">
     <span class='ocr_line' id='line_1_19' title="bbox 431 1872 2021 1958; baseline -0.013 -12"><span class='ocrx_word' id='word_1_112' title='bbox 431 1905 551 1945; x_wconf 88' lang='lat' dir='ltr'><strong>rum</strong></span> <span class='ocrx_word' id='word_1_113' title='bbox 570 1905 634 1943; x_wconf 84' lang='lat' dir='ltr'><strong>ex</strong></span> <span class='ocrx_word' id='word_1_114' title='bbox 652 1885 999 1958; x_wconf 60' lang='lat' dir='ltr'><strong>praesentibus</strong></span> <span class='ocrx_word' id='word_1_115' title='bbox 1016 1882 1396 1951; x_wconf 80' lang='lat' dir='ltr'><strong>conjecturam.</strong></span> <span class='ocrx_word' id='word_1_116' title='bbox 1413 1878 1594 1946; x_wconf 88' lang='lat' dir='ltr'><strong>Magna</strong></span> <span class='ocrx_word' id='word_1_117' title='bbox 1615 1875 1727 1929; x_wconf 61' lang='lat' dir='ltr'><strong>haec</strong></span> <span class='ocrx_word' id='word_1_118' title='bbox 1740 1881 1792 1927; x_wconf 90' lang='lat' dir='ltr'><strong>et</strong></span> <span class='ocrx_word' id='word_1_119' title='bbox 1805 1872 2021 1926; x_wconf 89' lang='lat' dir='ltr'><strong>omnino</strong></span> 
     </span>
    </p>
   </div>
   <div class='ocr_carea' id='block_1_20' title="bbox 431 1962 2019 2043">
    <p class='ocr_par' dir='ltr' id='par_1_20' title="bbox 431 1962 2019 2043">
     <span class='ocr_line' id='line_1_20' title="bbox 431 1962 2019 2043; baseline -0.013 -10"><span class='ocrx_word' id='word_1_120' title='bbox 431 1980 687 2033; x_wconf 85' lang='lat' dir='ltr'><strong>humana.</strong></span> <span class='ocrx_word' id='word_1_121' title='bbox 710 1975 815 2033; x_wconf 89' lang='lat' dir='ltr'><strong>Sed</strong></span> <span class='ocrx_word' id='word_1_122' title='bbox 843 1983 923 2029; x_wconf 88' lang='lat' dir='ltr'><strong>est</strong></span> <span class='ocrx_word' id='word_1_123' title='bbox 947 1973 1121 2028; x_wconf 87' lang='lat' dir='ltr'><strong>adhuc</strong></span> <span class='ocrx_word' id='word_1_124' title='bbox 1146 1972 1243 2024; x_wconf 80' lang='lat' dir='ltr'><strong>ista</strong></span> <span class='ocrx_word' id='word_1_125' title='bbox 1276 1970 1461 2038; x_wconf 88' lang='lat' dir='ltr'><strong>partim</strong></span> <span class='ocrx_word' id='word_1_126' title='bbox 1488 1966 1656 2043; x_wconf 46' lang='lat' dir='ltr'><strong>dloetis</strong></span> <span class='ocrx_word' id='word_1_127' title='bbox 1686 1973 1842 2039; x_wconf 86' lang='lat' dir='ltr'><strong>atque</strong></span> <span class='ocrx_word' id='word_1_128' title='bbox 1866 1962 2019 2015; x_wconf 88' lang='lat' dir='ltr'><strong>indo—</strong></span> 
     </span>
    </p>
   </div>
   <div class='ocr_carea' id='block_1_21' title="bbox 433 2051 2017 2138">
    <p class='ocr_par' dir='ltr' id='par_1_21' title="bbox 433 2051 2017 2138">
     <span class='ocr_line' id='line_1_21' title="bbox 433 2051 2017 2138; baseline -0.012 -14"><span class='ocrx_word' id='word_1_129' title='bbox 433 2071 566 2136; x_wconf 91' lang='lat' dir='ltr'><strong>ctis,</strong></span> <span class='ocrx_word' id='word_1_130' title='bbox 596 2068 787 2138; x_wconf 87' lang='lat' dir='ltr'><strong>partim</strong></span> <span class='ocrx_word' id='word_1_131' title='bbox 827 2067 979 2120; x_wconf 89' lang='lat' dir='ltr'><strong>bonis</strong></span> <span class='ocrx_word' id='word_1_132' title='bbox 1006 2079 1067 2117; x_wconf 90' lang='lat' dir='ltr'><strong>ac</strong></span> <span class='ocrx_word' id='word_1_133' title='bbox 1093 2062 1243 2115; x_wconf 90' lang='lat' dir='ltr'><strong>malis</strong></span> <span class='ocrx_word' id='word_1_134' title='bbox 1280 2059 1474 2112; x_wconf 91' lang='lat' dir='ltr'><strong>animis</strong></span> <span class='ocrx_word' id='word_1_135' title='bbox 1515 2056 1660 2123; x_wconf 89' lang='lat' dir='ltr'><strong>copia</strong></span> <span class='ocrx_word' id='word_1_136' title='bbox 1702 2051 2017 2109; x_wconf 87' lang='lat' dir='ltr'><strong>communis.</strong></span> 
     </span>
    </p>
   </div>
   <div class='ocr_carea' id='block_1_22' title="bbox 929 2161 1529 2227">
    <p class='ocr_par' dir='ltr' id='par_1_22' title="bbox 929 2161 1529 2227">
     <span class='ocr_line' id='line_1_22' title="bbox 929 2161 1529 2227; baseline -0.013 -11"><span class='ocrx_word' id='word_1_137' title='bbox 929 2172 1130 2225; x_wconf 83' lang='lat' dir='ltr'><strong>Quartus</strong></span> <span class='ocrx_word' id='word_1_138' title='bbox 1146 2162 1325 2227; x_wconf 75' lang='lat' dir='ltr'><strong>gradus</strong></span> <span class='ocrx_word' id='word_1_139' title='bbox 1339 2161 1529 2210; x_wconf 55' lang='lat' dir='ltr'><strong>animm.</strong></span> 
     </span>
    </p>
   </div>
   <div class='ocr_carea' id='block_1_23' title="bbox 506 2240 2019 2321">
    <p class='ocr_par' dir='ltr' id='par_1_23' title="bbox 506 2240 2019 2321">
     <span class='ocr_line' id='line_1_23' title="bbox 506 2240 2019 2321; baseline -0.011 -13"><span class='ocrx_word' id='word_1_140' title='bbox 506 2253 597 2309; x_wconf 75' lang='lat'><strong>75.</strong></span> <span class='ocrx_word' id='word_1_141' title='bbox 625 2252 846 2321; x_wconf 87' lang='lat' dir='ltr'><strong>Suspice</strong></span> <span class='ocrx_word' id='word_1_142' title='bbox 893 2249 1051 2319; x_wconf 80' lang='lat' dir='ltr'><strong>igitur</strong></span> <span class='ocrx_word' id='word_1_143' title='bbox 1081 2256 1238 2316; x_wconf 87' lang='lat' dir='ltr'><strong>atque</strong></span> <span class='ocrx_word' id='word_1_144' title='bbox 1279 2244 1415 2299; x_wconf 90' lang='lat' dir='ltr'><strong>insili</strong></span> <span class='ocrx_word' id='word_1_145' title='bbox 1461 2250 1649 2313; x_wconf 87' lang='lat' dir='ltr'><strong>quarto</strong></span> <span class='ocrx_word' id='word_1_146' title='bbox 1699 2240 1905 2311; x_wconf 81' lang='lat' dir='ltr'><strong>gradui,</strong></span> <span class='ocrx_word' id='word_1_147' title='bbox 1956 2254 2019 2292; x_wconf 83' lang='lat' dir='ltr'><strong>ex</strong></span> 
     </span>
    </p>
   </div>
   <div class='ocr_carea' id='block_1_24' title="bbox 434 2330 2022 2417">
    <p class='ocr_par' dir='ltr' id='par_1_24' title="bbox 434 2330 2022 2417">
     <span class='ocr_line' id='line_1_24' title="bbox 434 2330 2022 2417; baseline -0.011 -16"><span class='ocrx_word' id='word_1_148' title='bbox 434 2361 540 2417; x_wconf 88' lang='lat' dir='ltr'><strong>quo</strong></span> <span class='ocrx_word' id='word_1_149' title='bbox 566 2344 771 2401; x_wconf 84' lang='lat' dir='ltr'><strong>bonitas</strong></span> <span class='ocrx_word' id='word_1_150' title='bbox 808 2339 1016 2408; x_wconf 88' lang='lat' dir='ltr'><strong>incipit,</strong></span> <span class='ocrx_word' id='word_1_151' title='bbox 1048 2346 1207 2409; x_wconf 86' lang='lat' dir='ltr'><strong>atque</strong></span> <span class='ocrx_word' id='word_1_152' title='bbox 1235 2336 1409 2390; x_wconf 90' lang='lat' dir='ltr'><strong>omnis</strong></span> <span class='ocrx_word' id='word_1_153' title='bbox 1436 2349 1563 2387; x_wconf 87' lang='lat' dir='ltr'><strong>vera</strong></span> <span class='ocrx_word' id='word_1_154' title='bbox 1596 2332 1843 2385; x_wconf 89' lang='lat' dir='ltr'><strong>laudatio.</strong></span> <span class='ocrx_word' id='word_1_155' title='bbox 1890 2330 2022 2383; x_wconf 84' lang='lat' dir='ltr'><strong>Hinc</strong></span> 
     </span>
    </p>
   </div>
   <div class='ocr_carea' id='block_1_25' title="bbox 434 2422 2019 2495">
    <p class='ocr_par' dir='ltr' id='par_1_25' title="bbox 434 2422 2019 2495">
     <span class='ocr_line' id='line_1_25' title="bbox 434 2422 2019 2495; baseline -0.014 -2"><span class='ocrx_word' id='word_1_156' title='bbox 434 2440 573 2493; x_wconf 90' lang='lat' dir='ltr'><strong>enim</strong></span> <span class='ocrx_word' id='word_1_157' title='bbox 606 2436 777 2489; x_wconf 86' lang='lat' dir='ltr'><strong>anima</strong></span> <span class='ocrx_word' id='word_1_158' title='bbox 804 2448 863 2488; x_wconf 89' lang='lat' dir='ltr'><strong>se</strong></span> <span class='ocrx_word' id='word_1_159' title='bbox 889 2446 994 2485; x_wconf 93' lang='lat' dir='ltr'><strong>non</strong></span> <span class='ocrx_word' id='word_1_160' title='bbox 1022 2431 1189 2485; x_wconf 83' lang='lat' dir='ltr'><strong>solum</strong></span> <span class='ocrx_word' id='word_1_161' title='bbox 1214 2443 1328 2491; x_wconf 90' lang='lat' dir='ltr'><strong>suo,</strong></span> <span class='ocrx_word' id='word_1_162' title='bbox 1357 2427 1401 2482; x_wconf 89' lang='lat' dir='ltr'><strong>si</strong></span> <span class='ocrx_word' id='word_1_163' title='bbox 1424 2440 1582 2495; x_wconf 91' lang='lat' dir='ltr'><strong>quam</strong></span> <span class='ocrx_word' id='word_1_164' title='bbox 1618 2422 1847 2476; x_wconf 72' lang='lat' dir='ltr'><strong>universi</strong></span> <span class='ocrx_word' id='word_1_165' title='bbox 1895 2436 2019 2490; x_wconf 90' lang='lat' dir='ltr'><strong>par-</strong></span> 
     </span>
    </p>
   </div>
   <div class='ocr_carea' id='block_1_26' title="bbox 434 2498 2021 2599">
    <p class='ocr_par' dir='ltr' id='par_1_26' title="bbox 434 2498 2021 2599">
     <span class='ocr_line' id='line_1_26' title="bbox 434 2498 2021 2599; baseline -0.016 -13"><span class='ocrx_word' id='word_1_166' title='bbox 434 2539 543 2585; x_wconf 84' lang='lat' dir='ltr'><strong>tem</strong></span> <span class='ocrx_word' id='word_1_167' title='bbox 571 2530 709 2599; x_wconf 82' lang='lat' dir='ltr'><strong>agit,</strong></span> <span class='ocrx_word' id='word_1_168' title='bbox 740 2526 834 2581; x_wconf 90' lang='lat' dir='ltr'><strong>sed</strong></span> <span class='ocrx_word' id='word_1_169' title='bbox 864 2524 961 2594; x_wconf 89' lang='lat' dir='ltr'><strong>ipsi</strong></span> <span class='ocrx_word' id='word_1_170' title='bbox 992 2523 1150 2579; x_wconf 85' lang='lat' dir='ltr'><strong>etiam</strong></span> <span class='ocrx_word' id='word_1_171' title='bbox 1172 2506 1431 2575; x_wconf 85' lang='lat' dir='ltr'><strong>universo</strong></span> <span class='ocrx_word' id='word_1_172' title='bbox 1462 2516 1669 2595; x_wconf 81' lang='lat' dir='ltr'><strong>corpori</strong></span> <span class='ocrx_word' id='word_1_173' title='bbox 1700 2514 1855 2595; x_wconf 81' lang='lat' dir='ltr'><strong>audet</strong></span> <span class='ocrx_word' id='word_1_174' title='bbox 1884 2498 2021 2581; x_wconf 27' lang='lat' dir='ltr'><strong>pra“-</strong></span> 
     </span>
    </p>
   </div>
   <div class='ocr_carea' id='block_1_27' title="bbox 432 2588 2021 2693">
    <p class='ocr_par' dir='ltr' id='par_1_27' title="bbox 432 2588 2021 2693">
     <span class='ocr_line' id='line_1_27' title="bbox 432 2588 2021 2693; baseline -0.014 -17"><span class='ocrx_word' id='word_1_175' title='bbox 432 2635 672 2693; x_wconf 88' lang='lat' dir='ltr'><strong>ponere,</strong></span> <span class='ocrx_word' id='word_1_176' title='bbox 706 2618 949 2684; x_wconf 89' lang='lat' dir='ltr'><strong>bonaque</strong></span> <span class='ocrx_word' id='word_1_177' title='bbox 987 2614 1102 2682; x_wconf 84' lang='lat' dir='ltr'><strong>ejus</strong></span> <span class='ocrx_word' id='word_1_178' title='bbox 1142 2611 1278 2665; x_wconf 90' lang='lat' dir='ltr'><strong>bona</strong></span> <span class='ocrx_word' id='word_1_179' title='bbox 1321 2624 1419 2662; x_wconf 89' lang='lat' dir='ltr'><strong>sua</strong></span> <span class='ocrx_word' id='word_1_180' title='bbox 1465 2623 1568 2659; x_wconf 92' lang='lat' dir='ltr'><strong>non</strong></span> <span class='ocrx_word' id='word_1_181' title='bbox 1608 2588 1826 2675; x_wconf 77' lang='lat' dir='ltr'><strong>putare,</strong></span> <span class='ocrx_word' id='word_1_182' title='bbox 1865 2610 2021 2671; x_wconf 88' lang='lat' dir='ltr'><strong>atque</strong></span> 
     </span>
    </p>
   </div>
   <div class='ocr_carea' id='block_1_28' title="bbox 433 2686 2019 2783">
    <p class='ocr_par' dir='ltr' id='par_1_28' title="bbox 433 2686 2019 2783">
     <span class='ocr_line' id='line_1_28' title="bbox 433 2686 2019 2783; baseline -0.014 -16"><span class='ocrx_word' id='word_1_183' title='bbox 433 2711 685 2783; x_wconf 65' lang='lat' dir='ltr'><strong>potentiae</strong></span> <span class='ocrx_word' id='word_1_184' title='bbox 718 2704 1201 2778; x_wconf 81' lang='lat' dir='ltr'><strong>pulchritudinique</strong></span> <span class='ocrx_word' id='word_1_185' title='bbox 1242 2715 1351 2754; x_wconf 75' lang='lat' dir='ltr'><strong>sua:</strong></span> <span class='ocrx_word' id='word_1_186' title='bbox 1389 2706 1690 2777; x_wconf 77' lang='lat' dir='ltr'><strong>comparata</strong></span> <span class='ocrx_word' id='word_1_187' title='bbox 1720 2686 2019 2777; x_wconf 62' lang='lat' dir='ltr'><strong>discernere</strong></span> 
     </span>
    </p>
   </div>
   <div class='ocr_carea' id='block_1_29' title="bbox 434 2785 2020 2871">
    <p class='ocr_par' dir='ltr' id='par_1_29' title="bbox 434 2785 2020 2871">
     <span class='ocr_line' id='line_1_29' title="bbox 434 2785 2020 2871; baseline -0.012 -15"><span class='ocrx_word' id='word_1_188' title='bbox 434 2813 592 2871; x_wconf 87' lang='lat' dir='ltr'><strong>atque</strong></span> <span class='ocrx_word' id='word_1_189' title='bbox 617 2807 960 2871; x_wconf 85' lang='lat' dir='ltr'><strong>contemnere</strong></span> <span class='ocrx_word' id='word_1_190' title='bbox 991 2812 1001 2846; x_wconf 87' lang='lat'>:</span> <span class='ocrx_word' id='word_1_191' title='bbox 1034 2802 1086 2847; x_wconf 87' lang='lat' dir='ltr'><strong>et</strong></span> <span class='ocrx_word' id='word_1_192' title='bbox 1122 2791 1243 2871; x_wconf 82' lang='lat' dir='ltr'><strong>inde</strong></span> <span class='ocrx_word' id='word_1_193' title='bbox 1270 2805 1374 2871; x_wconf 85' lang='lat' dir='ltr'><strong>quo</strong></span> <span class='ocrx_word' id='word_1_194' title='bbox 1402 2788 1567 2856; x_wconf 86' lang='lat' dir='ltr'><strong>magis</strong></span> <span class='ocrx_word' id='word_1_195' title='bbox 1590 2802 1647 2840; x_wconf 92' lang='lat' dir='ltr'><strong>se</strong></span> <span class='ocrx_word' id='word_1_196' title='bbox 1678 2785 1923 2849; x_wconf 82' lang='lat' dir='ltr'><strong>delectat,</strong></span> <span class='ocrx_word' id='word_1_197' title='bbox 1957 2799 2020 2837; x_wconf 84' lang='lat' dir='ltr'><strong>eo</strong></span> 
     </span>
    </p>
   </div>
   <div class='ocr_carea' id='block_1_30' title="bbox 433 2864 2019 2963">
    <p class='ocr_par' dir='ltr' id='par_1_30' title="bbox 433 2864 2019 2963">
     <span class='ocr_line' id='line_1_30' title="bbox 433 2864 2019 2963; baseline -0.013 -17"><span class='ocrx_word' id='word_1_198' title='bbox 433 2895 605 2963; x_wconf 81' lang='lat' dir='ltr'><strong>magis</strong></span> <span class='ocrx_word' id='word_1_199' title='bbox 634 2905 751 2944; x_wconf 89' lang='lat' dir='ltr'><strong>sese</strong></span> <span class='ocrx_word' id='word_1_200' title='bbox 780 2884 1095 2961; x_wconf 82' lang='lat' dir='ltr'><strong>abstrahere</strong></span> <span class='ocrx_word' id='word_1_201' title='bbox 1134 2866 1163 2934; x_wconf 88' lang='lat' dir='ltr'><strong>a</strong></span> <span class='ocrx_word' id='word_1_202' title='bbox 1190 2866 1470 2959; x_wconf 78' lang='lat' dir='ltr'><strong>sordibus,</strong></span> <span class='ocrx_word' id='word_1_203' title='bbox 1499 2864 1764 2957; x_wconf 79' lang='lat' dir='ltr'><strong>totamque</strong></span> <span class='ocrx_word' id='word_1_204' title='bbox 1804 2890 2019 2959; x_wconf 68' lang='lat' dir='ltr'><strong>emacit-</strong></span> 
     </span>
    </p>
   </div>
   <div class='ocr_carea' id='block_1_31' title="bbox 432 2968 2018 3043">
    <p class='ocr_par' dir='ltr' id='par_1_31' title="bbox 432 2968 2018 3043">
     <span class='ocr_line' id='line_1_31' title="bbox 432 2968 2018 3043; baseline -0.015 -4"><span class='ocrx_word' id='word_1_205' title='bbox 432 2984 545 3040; x_wconf 87' lang='lat' dir='ltr'><strong>lare</strong></span> <span class='ocrx_word' id='word_1_206' title='bbox 575 2996 636 3035; x_wconf 88' lang='lat' dir='ltr'><strong>ac</strong></span> <span class='ocrx_word' id='word_1_207' title='bbox 660 2976 1060 3035; x_wconf 86' lang='lat' dir='ltr'><strong>mundissimam</strong></span> <span class='ocrx_word' id='word_1_208' title='bbox 1090 2973 1312 3027; x_wconf 85' lang='lat' dir='ltr'><strong>reddere</strong></span> <span class='ocrx_word' id='word_1_209' title='bbox 1355 2978 1409 3023; x_wconf 89' lang='lat' dir='ltr'><strong>et</strong></span> <span class='ocrx_word' id='word_1_210' title='bbox 1449 2968 1863 3043; x_wconf 88' lang='lat' dir='ltr'><strong>comptissimam</strong></span> <span class='ocrx_word' id='word_1_211' title='bbox 1887 2981 1903 3043; x_wconf 85' lang='lat'><strong>;</strong></span> <span class='ocrx_word' id='word_1_212' title='bbox 1929 2981 2018 3017; x_wconf 89' lang='lat' dir='ltr'><strong>ro-</strong></span> 
     </span>
    </p>
   </div>
   <div class='ocr_carea' id='block_1_32' title="bbox 432 3048 2015 3131">
    <p class='ocr_par' dir='ltr' id='par_1_32' title="bbox 432 3048 2015 3131">
     <span class='ocr_line' id='line_1_32' title="bbox 432 3048 2015 3131; baseline -0.014 -2"><span class='ocrx_word' id='word_1_213' title='bbox 432 3074 625 3129; x_wconf 83' lang='lat' dir='ltr'><strong>borare</strong></span> <span class='ocrx_word' id='word_1_214' title='bbox 649 3086 708 3124; x_wconf 88' lang='lat' dir='ltr'><strong>se</strong></span> <span class='ocrx_word' id='word_1_215' title='bbox 738 3050 1195 3122; x_wconf 36' lang='lat' dir='ltr'><strong>adversus&#39;omnia</strong></span> <span class='ocrx_word' id='word_1_216' title='bbox 1218 3104 1233 3129; x_wconf 88' lang='lat'><strong>,</strong></span> <span class='ocrx_word' id='word_1_217' title='bbox 1262 3077 1380 3131; x_wconf 69' lang='lat' dir='ltr'><strong>qum</strong></span> <span class='ocrx_word' id='word_1_218' title='bbox 1404 3048 1478 3113; x_wconf 89' lang='lat' dir='ltr'><strong>de</strong></span> <span class='ocrx_word' id='word_1_219' title='bbox 1508 3050 1779 3128; x_wconf 87' lang='lat' dir='ltr'><strong>proposito</strong></span> <span class='ocrx_word' id='word_1_220' title='bbox 1809 3072 1870 3109; x_wconf 88' lang='lat' dir='ltr'><strong>ae</strong></span> <span class='ocrx_word' id='word_1_221' title='bbox 1895 3072 2015 3110; x_wconf 87' lang='lat' dir='ltr'><strong>sen-</strong></span> 
     </span>
    </p>
   </div>
   <div class='ocr_carea' id='block_1_33' title="bbox 434 3134 2017 3219">
    <p class='ocr_par' dir='ltr' id='par_1_33' title="bbox 434 3134 2017 3219">
     <span class='ocr_line' id='line_1_33' title="bbox 434 3134 2017 3219; baseline -0.013 -1"><span class='ocrx_word' id='word_1_222' title='bbox 434 3163 599 3219; x_wconf 88' lang='lat' dir='ltr'><strong>tentia</strong></span> <span class='ocrx_word' id='word_1_223' title='bbox 667 3161 940 3214; x_wconf 83' lang='lat' dir='ltr'><strong>dimovere</strong></span> <span class='ocrx_word' id='word_1_224' title='bbox 992 3134 1317 3217; x_wconf 84' lang='lat' dir='ltr'><strong>moliuntur;</strong></span> <span class='ocrx_word' id='word_1_225' title='bbox 1365 3151 1671 3207; x_wconf 85' lang='lat' dir='ltr'><strong>societatem</strong></span> <span class='ocrx_word' id='word_1_226' title='bbox 1733 3147 2017 3200; x_wconf 87' lang='lat' dir='ltr'><strong>humanam</strong></span> 
     </span>
    </p>
   </div>
   <div class='ocr_carea' id='block_1_34' title="bbox 434 3226 2023 3322">
    <p class='ocr_par' dir='ltr' id='par_1_34' title="bbox 434 3226 2023 3322">
     <span class='ocr_line' id='line_1_34' title="bbox 434 3226 2023 3322; baseline -0.013 -12"><span class='ocrx_word' id='word_1_227' title='bbox 434 3254 615 3322; x_wconf 80' lang='lat' dir='ltr'><strong>magni</strong></span> <span class='ocrx_word' id='word_1_228' title='bbox 643 3249 899 3322; x_wconf 89' lang='lat' dir='ltr'><strong>pendere,</strong></span> <span class='ocrx_word' id='word_1_229' title='bbox 925 3230 1157 3316; x_wconf 87' lang='lat' dir='ltr'><strong>nihilque</strong></span> <span class='ocrx_word' id='word_1_230' title='bbox 1199 3226 1336 3297; x_wconf 76' lang='lat' dir='ltr'><strong>velle</strong></span> <span class='ocrx_word' id='word_1_231' title='bbox 1381 3240 1531 3294; x_wconf 82' lang='lat' dir='ltr'><strong>alteri</strong></span> <span class='ocrx_word' id='word_1_232' title='bbox 1572 3226 1707 3309; x_wconf 87' lang='lat' dir='ltr'><strong>quod</strong></span> <span class='ocrx_word' id='word_1_233' title='bbox 1753 3237 1850 3290; x_wconf 85' lang='lat' dir='ltr'><strong>sibi</strong></span> <span class='ocrx_word' id='word_1_234' title='bbox 1895 3237 2023 3289; x_wconf 85' lang='lat' dir='ltr'><strong>nolit</strong></span> 
     </span>
    </p>
   </div>
   <div class='ocr_carea' id='block_1_35' title="bbox 435 3328 2018 3411">
    <p class='ocr_par' dir='ltr' id='par_1_35' title="bbox 435 3328 2018 3411">
     <span class='ocr_line' id='line_1_35' title="bbox 435 3328 2018 3411; baseline -0.013 -12"><span class='ocrx_word' id='word_1_235' title='bbox 435 3342 707 3404; x_wconf 76' lang='lat' dir='ltr'><strong>accidere;</strong></span> <span class='ocrx_word' id='word_1_236' title='bbox 736 3338 883 3408; x_wconf 88' lang='lat' dir='ltr'><strong>sequi</strong></span> <span class='ocrx_word' id='word_1_237' title='bbox 912 3333 1277 3411; x_wconf 80' lang='lat' dir='ltr'><strong>auctm-itatem</strong></span> <span class='ocrx_word' id='word_1_238' title='bbox 1308 3347 1367 3384; x_wconf 87' lang='lat' dir='ltr'><strong>ac</strong></span> <span class='ocrx_word' id='word_1_239' title='bbox 1390 3337 1651 3401; x_wconf 81' lang='lat' dir='ltr'><strong>praecepta</strong></span> <span class='ocrx_word' id='word_1_240' title='bbox 1680 3328 2018 3395; x_wconf 84' lang='lat' dir='ltr'><strong>sapientium,</strong></span> 
     </span>
    </p>
   </div>
   <div class='ocr_carea' id='block_1_36' title="bbox 437 3416 2023 3503">
    <p class='ocr_par' dir='ltr' id='par_1_36' title="bbox 437 3416 2023 3503">
     <span class='ocr_line' id='line_1_36' title="bbox 437 3416 2023 3503; baseline -0.011 -13"><span class='ocrx_word' id='word_1_241' title='bbox 437 3444 493 3490; x_wconf 88' lang='lat' dir='ltr'><strong>et</strong></span> <span class='ocrx_word' id='word_1_242' title='bbox 518 3450 613 3503; x_wconf 87' lang='lat' dir='ltr'><strong>per</strong></span> <span class='ocrx_word' id='word_1_243' title='bbox 640 3416 752 3486; x_wconf 80' lang='lat' dir='ltr'><strong>haec</strong></span> <span class='ocrx_word' id='word_1_244' title='bbox 773 3430 913 3499; x_wconf 85' lang='lat' dir='ltr'><strong>loqui</strong></span> <span class='ocrx_word' id='word_1_245' title='bbox 946 3429 1041 3481; x_wconf 86' lang='lat' dir='ltr'><strong>sibi</strong></span> <span class='ocrx_word' id='word_1_246' title='bbox 1076 3427 1238 3480; x_wconf 88' lang='lat' dir='ltr'><strong>Deum</strong></span> <span class='ocrx_word' id='word_1_247' title='bbox 1267 3424 1506 3503; x_wconf 80' lang='lat' dir='ltr'><strong>credere.</strong></span> <span class='ocrx_word' id='word_1_248' title='bbox 1541 3420 1595 3475; x_wconf 93' lang='lat' dir='ltr'><strong>In</strong></span> <span class='ocrx_word' id='word_1_249' title='bbox 1624 3421 1724 3474; x_wconf 91' lang='lat' dir='ltr'><strong>hoc</strong></span> <span class='ocrx_word' id='word_1_250' title='bbox 1753 3430 1858 3472; x_wconf 91' lang='lat' dir='ltr'><strong>tam</strong></span> <span class='ocrx_word' id='word_1_251' title='bbox 1890 3436 2023 3487; x_wconf 70' lang='lat' dir='ltr'><strong>pra:-</strong></span> 
     </span>
    </p>
   </div>
   <div class='ocr_carea' id='block_1_37' title="bbox 439 3496 2023 3591">
    <p class='ocr_par' dir='ltr' id='par_1_37' title="bbox 439 3496 2023 3591">
     <span class='ocr_line' id='line_1_37' title="bbox 439 3496 2023 3591; baseline -0.011 -12"><span class='ocrx_word' id='word_1_252' title='bbox 439 3527 584 3580; x_wconf 82' lang='lat' dir='ltr'><strong>claro</strong></span> <span class='ocrx_word' id='word_1_253' title='bbox 609 3531 729 3577; x_wconf 87' lang='lat' dir='ltr'><strong>actu</strong></span> <span class='ocrx_word' id='word_1_254' title='bbox 753 3502 943 3574; x_wconf 66' lang='lat' dir='ltr'><strong>animm</strong></span> <span class='ocrx_word' id='word_1_255' title='bbox 971 3519 1108 3573; x_wconf 84' lang='lat' dir='ltr'><strong>inest</strong></span> <span class='ocrx_word' id='word_1_256' title='bbox 1147 3496 1320 3591; x_wconf 75' lang='lat' dir='ltr'><strong>adhuc</strong></span> <span class='ocrx_word' id='word_1_257' title='bbox 1349 3510 1515 3579; x_wconf 89' lang='lat' dir='ltr'><strong>labor,</strong></span> <span class='ocrx_word' id='word_1_258' title='bbox 1547 3522 1599 3567; x_wconf 90' lang='lat' dir='ltr'><strong>et</strong></span> <span class='ocrx_word' id='word_1_259' title='bbox 1639 3522 1822 3566; x_wconf 88' lang='lat' dir='ltr'><strong>contra</strong></span> <span class='ocrx_word' id='word_1_260' title='bbox 1870 3510 2023 3579; x_wconf 77' lang='lat' dir='ltr'><strong>hujus</strong></span> 
     </span>
    </p>
   </div>
   <div class='ocr_carea' id='block_1_38' title="bbox 441 3592 2023 3681">
    <p class='ocr_par' dir='ltr' id='par_1_38' title="bbox 441 3592 2023 3681">
     <span class='ocr_line' id='line_1_38' title="bbox 441 3592 2023 3681; baseline -0.011 -9"><span class='ocrx_word' id='word_1_261' title='bbox 441 3616 626 3672; x_wconf 91' lang='lat' dir='ltr'><strong>mundi</strong></span> <span class='ocrx_word' id='word_1_262' title='bbox 648 3613 919 3670; x_wconf 90' lang='lat' dir='ltr'><strong>molestias</strong></span> <span class='ocrx_word' id='word_1_263' title='bbox 943 3621 1099 3681; x_wconf 92' lang='lat' dir='ltr'><strong>atque</strong></span> <span class='ocrx_word' id='word_1_264' title='bbox 1134 3592 1415 3662; x_wconf 83' lang='lat' dir='ltr'><strong>blanditias</strong></span> <span class='ocrx_word' id='word_1_265' title='bbox 1456 3620 1675 3673; x_wconf 85' lang='lat' dir='ltr'><strong>magnus</strong></span> <span class='ocrx_word' id='word_1_266' title='bbox 1702 3602 2023 3656; x_wconf 80' lang='lat' dir='ltr'><strong>acerrimus-</strong></span> 
     </span>
    </p>
   </div>
   <div class='ocr_carea' id='block_1_39' title="bbox 441 3695 2024 3781">
    <p class='ocr_par' dir='ltr' id='par_1_39' title="bbox 441 3695 2024 3781">
     <span class='ocr_line' id='line_1_39' title="bbox 441 3695 2024 3781; baseline -0.013 -17"><span class='ocrx_word' id='word_1_267' title='bbox 441 3724 545 3781; x_wconf 90' lang='lat' dir='ltr'><strong>que</strong></span> <span class='ocrx_word' id='word_1_268' title='bbox 575 3708 870 3762; x_wconf 85' lang='lat' dir='ltr'><strong>conﬂictus.</strong></span> <span class='ocrx_word' id='word_1_269' title='bbox 902 3702 956 3757; x_wconf 87' lang='lat' dir='ltr'><strong>In</strong></span> <span class='ocrx_word' id='word_1_270' title='bbox 987 3702 1102 3781; x_wconf 90' lang='lat' dir='ltr'><strong>ipso</strong></span> <span class='ocrx_word' id='word_1_271' title='bbox 1143 3702 1281 3755; x_wconf 93' lang='lat' dir='ltr'><strong>enim</strong></span> <span class='ocrx_word' id='word_1_272' title='bbox 1310 3697 1634 3781; x_wconf 76' lang='lat' dir='ltr'><strong>purgationis</strong></span> <span class='ocrx_word' id='word_1_273' title='bbox 1665 3698 1875 3765; x_wconf 84' lang='lat' dir='ltr'><strong>negotio</strong></span> <span class='ocrx_word' id='word_1_274' title='bbox 1902 3695 2024 3747; x_wconf 86' lang='lat' dir='ltr'><strong>sub-</strong></span> 
     </span>
    </p>
   </div>
   <div class='ocr_carea' id='block_1_40' title="bbox 440 3774 2023 3860">
    <p class='ocr_par' dir='ltr' id='par_1_40' title="bbox 440 3774 2023 3860">
     <span class='ocr_line' id='line_1_40' title="bbox 440 3774 2023 3860; baseline -0.009 -6"><span class='ocrx_word' id='word_1_275' title='bbox 440 3807 523 3855; x_wconf 88' lang='lat' dir='ltr'><strong>est</strong></span> <span class='ocrx_word' id='word_1_276' title='bbox 569 3808 741 3853; x_wconf 89' lang='lat' dir='ltr'><strong>metus</strong></span> <span class='ocrx_word' id='word_1_277' title='bbox 782 3795 969 3849; x_wconf 88' lang='lat' dir='ltr'><strong>mortis</strong></span> <span class='ocrx_word' id='word_1_278' title='bbox 1000 3776 1147 3860; x_wconf 71' lang='lat' dir='ltr'><strong>smpe</strong></span> <span class='ocrx_word' id='word_1_279' title='bbox 1184 3806 1286 3843; x_wconf 91' lang='lat' dir='ltr'><strong>non</strong></span> <span class='ocrx_word' id='word_1_280' title='bbox 1326 3774 1571 3857; x_wconf 72' lang='lat' dir='ltr'><strong>magnus,</strong></span> <span class='ocrx_word' id='word_1_281' title='bbox 1600 3800 1740 3857; x_wconf 76' lang='lat' dir='ltr'><strong>saepe</strong></span> <span class='ocrx_word' id='word_1_282' title='bbox 1768 3799 1898 3839; x_wconf 88' lang='lat' dir='ltr'><strong>vero</strong></span> <span class='ocrx_word' id='word_1_283' title='bbox 1936 3800 2023 3839; x_wconf 87' lang='lat' dir='ltr'><strong>ve-</strong></span> 
     </span>
    </p>
   </div>
   <div class='ocr_carea' id='block_1_41' title="bbox 440 3870 2028 3952">
    <p class='ocr_par' dir='ltr' id='par_1_41' title="bbox 440 3870 2028 3952">
     <span class='ocr_line' id='line_1_41' title="bbox 440 3870 2028 3952; baseline -0.008 -6"><span class='ocrx_word' id='word_1_284' title='bbox 440 3888 875 3947; x_wconf 86' lang='lat' dir='ltr'><strong>hementissimus</strong></span> <span class='ocrx_word' id='word_1_285' title='bbox 926 3902 941 3938; x_wconf 90' lang='lat'><strong>:</strong></span> <span class='ocrx_word' id='word_1_286' title='bbox 998 3870 1371 3952; x_wconf 14' lang='lat' dir='ltr'><strong>non‘niagnns</strong></span> <span class='ocrx_word' id='word_1_287' title='bbox 1427 3889 1536 3934; x_wconf 91' lang='lat' dir='ltr'><strong>tum</strong></span> <span class='ocrx_word' id='word_1_288' title='bbox 1601 3894 1723 3933; x_wconf 92' lang='lat' dir='ltr'><strong>cum</strong></span> <span class='ocrx_word' id='word_1_289' title='bbox 1774 3879 2028 3933; x_wconf 90' lang='lat' dir='ltr'><strong>robustis-</strong></span> 
     </span>
    </p>
   </div>
   <div class='ocr_carea' id='block_1_42' title="bbox 442 3958 2024 4059">
    <p class='ocr_par' dir='ltr' id='par_1_42' title="bbox 442 3958 2024 4059">
     <span class='ocr_line' id='line_1_42' title="bbox 442 3958 2024 4059; baseline -0.009 -21"><span class='ocrx_word' id='word_1_290' title='bbox 442 3984 577 4039; x_wconf 83' lang='lat' dir='ltr'><strong>sime</strong></span> <span class='ocrx_word' id='word_1_291' title='bbox 599 3981 834 4059; x_wconf 73' lang='lat' dir='ltr'><strong>creditur</strong></span> <span class='ocrx_word' id='word_1_292' title='bbox 868 3975 1011 4059; x_wconf 84' lang='lat' dir='ltr'><strong>(nam</strong></span> <span class='ocrx_word' id='word_1_293' title='bbox 1042 3958 1223 4028; x_wconf 84' lang='lat' dir='ltr'><strong>videre</strong></span> <span class='ocrx_word' id='word_1_294' title='bbox 1250 3974 1352 4025; x_wconf 91' lang='lat' dir='ltr'><strong>hoc</strong></span> <span class='ocrx_word' id='word_1_295' title='bbox 1383 3981 1556 4024; x_wconf 89' lang='lat' dir='ltr'><strong>utrum</strong></span> <span class='ocrx_word' id='word_1_296' title='bbox 1586 3970 1653 4023; x_wconf 91' lang='lat' dir='ltr'><strong>sit</strong></span> <span class='ocrx_word' id='word_1_297' title='bbox 1680 3983 1886 4036; x_wconf 85' lang='lat' dir='ltr'><strong>verum,</strong></span> <span class='ocrx_word' id='word_1_298' title='bbox 1920 3985 2024 4023; x_wconf 91' lang='lat' dir='ltr'><strong>non</strong></span> 
     </span>
    </p>
   </div>
   <div class='ocr_carea' id='block_1_43' title="bbox 443 4048 2026 4144">
    <p class='ocr_par' dir='ltr' id='par_1_43' title="bbox 443 4048 2026 4144">
     <span class='ocr_line' id='line_1_43' title="bbox 443 4048 2026 4144; baseline -0.009 -14"><span class='ocrx_word' id='word_1_299' title='bbox 443 4074 544 4130; x_wconf 89' lang='lat' dir='ltr'><strong>nisi</strong></span> <span class='ocrx_word' id='word_1_300' title='bbox 588 4048 919 4144; x_wconf 60' lang='lat' dir='ltr'><strong>perpurgatae</strong></span> <span class='ocrx_word' id='word_1_301' title='bbox 961 4048 1151 4120; x_wconf 82' lang='lat' dir='ltr'><strong>animae</strong></span> <span class='ocrx_word' id='word_1_302' title='bbox 1176 4062 1332 4134; x_wconf 90' lang='lat' dir='ltr'><strong>licet)</strong></span> <span class='ocrx_word' id='word_1_303' title='bbox 1380 4072 1520 4116; x_wconf 88' lang='lat' dir='ltr'><strong>tanta</strong></span> <span class='ocrx_word' id='word_1_304' title='bbox 1562 4061 1653 4116; x_wconf 91' lang='lat' dir='ltr'><strong>Dei</strong></span> <span class='ocrx_word' id='word_1_305' title='bbox 1702 4061 2026 4131; x_wconf 88' lang='lat' dir='ltr'><strong>providentia</strong></span> 
     </span>
    </p>
   </div>
   <div class='ocr_carea' id='block_1_44' title="bbox 440 4142 2028 4238">
    <p class='ocr_par' dir='ltr' id='par_1_44' title="bbox 440 4142 2028 4238">
     <span class='ocr_line' id='line_1_44' title="bbox 440 4142 2028 4238; baseline -0.008 -17"><span class='ocrx_word' id='word_1_306' title='bbox 440 4150 753 4238; x_wconf 74' lang='lat' dir='ltr'><strong>iustitiaque</strong></span> <span class='ocrx_word' id='word_1_307' title='bbox 778 4159 1061 4231; x_wconf 77' lang='lat' dir='ltr'><strong>gubernari</strong></span> <span class='ocrx_word' id='word_1_308' title='bbox 1083 4158 1261 4211; x_wconf 88' lang='lat' dir='ltr'><strong>omnia</strong></span> <span class='ocrx_word' id='word_1_309' title='bbox 1282 4198 1295 4221; x_wconf 94' lang='lat'><strong>,</strong></span> <span class='ocrx_word' id='word_1_310' title='bbox 1325 4142 1383 4209; x_wconf 79' lang='lat' dir='ltr'><strong>ut</strong></span> <span class='ocrx_word' id='word_1_311' title='bbox 1408 4155 1537 4210; x_wconf 92' lang='lat' dir='ltr'><strong>nulli</strong></span> <span class='ocrx_word' id='word_1_312' title='bbox 1565 4171 1708 4208; x_wconf 89' lang='lat' dir='ltr'><strong>mors</strong></span> <span class='ocrx_word' id='word_1_313' title='bbox 1739 4154 1914 4223; x_wconf 89' lang='lat' dir='ltr'><strong>inique</strong></span> <span class='ocrx_word' id='word_1_314' title='bbox 1939 4169 2028 4209; x_wconf 88' lang='lat' dir='ltr'><strong>ac-</strong></span> 
     </span>
    </p>
   </div>
   <div class='ocr_carea' id='block_1_45' title="bbox 446 4232 2029 4331">
    <p class='ocr_par' dir='ltr' id='par_1_45' title="bbox 446 4232 2029 4331">
     <span class='ocr_line' id='line_1_45' title="bbox 446 4232 2029 4331; baseline -0.006 -20"><span class='ocrx_word' id='word_1_315' title='bbox 446 4258 625 4312; x_wconf 85' lang='lat' dir='ltr'><strong>cidere</strong></span> <span class='ocrx_word' id='word_1_316' title='bbox 653 4254 836 4323; x_wconf 85' lang='lat' dir='ltr'><strong>possit,</strong></span> <span class='ocrx_word' id='word_1_317' title='bbox 868 4250 1074 4331; x_wconf 85' lang='lat' dir='ltr'><strong>etiamsi</strong></span> <span class='ocrx_word' id='word_1_318' title='bbox 1102 4264 1217 4302; x_wconf 89' lang='lat' dir='ltr'><strong>eam</strong></span> <span class='ocrx_word' id='word_1_319' title='bbox 1248 4236 1384 4301; x_wconf 76' lang='lat' dir='ltr'><strong>forte</strong></span> <span class='ocrx_word' id='word_1_320' title='bbox 1416 4246 1622 4315; x_wconf 84' lang='lat' dir='ltr'><strong>iniquus</strong></span> <span class='ocrx_word' id='word_1_321' title='bbox 1650 4232 1906 4300; x_wconf 88' lang='lat' dir='ltr'><strong>intulerit.</strong></span> <span class='ocrx_word' id='word_1_322' title='bbox 1931 4245 2029 4301; x_wconf 80' lang='lat' dir='ltr'><strong>Ve-</strong></span> 
     </span>
    </p>
   </div>
   <div class='ocr_carea' id='block_1_46' title="bbox 444 4336 2026 4421">
    <p class='ocr_par' dir='ltr' id='par_1_46' title="bbox 444 4336 2026 4421">
     <span class='ocr_line' id='line_1_46' title="bbox 444 4336 2026 4421; baseline -0.006 -19"><span class='ocrx_word' id='word_1_323' title='bbox 444 4349 725 4404; x_wconf 85' lang='lat' dir='ltr'><strong>hementer</strong></span> <span class='ocrx_word' id='word_1_324' title='bbox 766 4352 940 4398; x_wconf 89' lang='lat' dir='ltr'><strong>autem</strong></span> <span class='ocrx_word' id='word_1_325' title='bbox 970 4340 1281 4421; x_wconf 84' lang='lat' dir='ltr'><strong>formidatur</strong></span> <span class='ocrx_word' id='word_1_326' title='bbox 1309 4356 1451 4393; x_wconf 90' lang='lat' dir='ltr'><strong>mors</strong></span> <span class='ocrx_word' id='word_1_327' title='bbox 1478 4340 1529 4393; x_wconf 93' lang='lat' dir='ltr'><strong>in</strong></span> <span class='ocrx_word' id='word_1_328' title='bbox 1562 4340 1663 4394; x_wconf 91' lang='lat' dir='ltr'><strong>hoc</strong></span> <span class='ocrx_word' id='word_1_329' title='bbox 1688 4340 1795 4409; x_wconf 84' lang='lat' dir='ltr'><strong>jam</strong></span> <span class='ocrx_word' id='word_1_330' title='bbox 1841 4336 2026 4408; x_wconf 81' lang='lat' dir='ltr'><strong>gradu,</strong></span> 
     </span>
    </p>
   </div>
   <div class='ocr_carea' id='block_1_47' title="bbox 446 4418 2031 4503">
    <p class='ocr_par' dir='ltr' id='par_1_47' title="bbox 446 4418 2031 4503">
     <span class='ocr_line' id='line_1_47' title="bbox 446 4418 2031 4503; baseline -0.004 -7"><span class='ocrx_word' id='word_1_331' title='bbox 446 4456 566 4496; x_wconf 90' lang='lat' dir='ltr'><strong>cum</strong></span> <span class='ocrx_word' id='word_1_332' title='bbox 606 4446 659 4493; x_wconf 89' lang='lat' dir='ltr'><strong>et</strong></span> <span class='ocrx_word' id='word_1_333' title='bbox 707 4437 833 4491; x_wconf 91' lang='lat' dir='ltr'><strong>illud</strong></span> <span class='ocrx_word' id='word_1_334' title='bbox 880 4420 944 4489; x_wconf 83' lang='lat' dir='ltr'><strong>eo</strong></span> <span class='ocrx_word' id='word_1_335' title='bbox 982 4418 1235 4489; x_wconf 83' lang='lat' dir='ltr'><strong>creditur</strong></span> <span class='ocrx_word' id='word_1_336' title='bbox 1270 4434 1553 4499; x_wconf 81' lang='lat' dir='ltr'><strong>inﬁrmius,</strong></span> <span class='ocrx_word' id='word_1_337' title='bbox 1599 4449 1703 4503; x_wconf 88' lang='lat' dir='ltr'><strong>quo</strong></span> <span class='ocrx_word' id='word_1_338' title='bbox 1755 4434 2031 4489; x_wconf 89' lang='lat' dir='ltr'><strong>sollicitius</strong></span> 
     </span>
    </p>
   </div>
   <div class='ocr_carea' id='block_1_48' title="bbox 447 4514 2032 4602">
    <p class='ocr_par' dir='ltr' id='par_1_48' title="bbox 447 4514 2032 4602">
     <span class='ocr_line' id='line_1_48' title="bbox 447 4514 2032 4602; baseline -0.004 -17"><span class='ocrx_word' id='word_1_339' title='bbox 447 4530 732 4602; x_wconf 62' lang='lat' dir='ltr'><strong>qureritur;</strong></span> <span class='ocrx_word' id='word_1_340' title='bbox 764 4536 817 4582; x_wconf 90' lang='lat' dir='ltr'><strong>et</strong></span> <span class='ocrx_word' id='word_1_341' title='bbox 844 4542 909 4582; x_wconf 91' lang='lat' dir='ltr'><strong>eo</strong></span> <span class='ocrx_word' id='word_1_342' title='bbox 936 4514 1051 4596; x_wconf 85' lang='lat' dir='ltr'><strong>ipso</strong></span> <span class='ocrx_word' id='word_1_343' title='bbox 1077 4514 1252 4579; x_wconf 82' lang='lat' dir='ltr'><strong>minus</strong></span> <span class='ocrx_word' id='word_1_344' title='bbox 1278 4518 1638 4594; x_wconf 78' lang='lat' dir='ltr'><strong>videtur,an</strong></span> <span class='ocrx_word' id='word_1_345' title='bbox 1680 4526 2032 4595; x_wconf 78' lang='lat' dir='ltr'><strong>tranquillitas</strong></span> 
     </span>
    </p>
   </div>
   <div class='ocr_carea' id='block_1_49' title="bbox 445 4602 2031 4695">
    <p class='ocr_par' dir='ltr' id='par_1_49' title="bbox 445 4602 2031 4695">
     <span class='ocr_line' id='line_1_49' title="bbox 445 4602 2031 4695; baseline -0.004 -20"><span class='ocrx_word' id='word_1_346' title='bbox 445 4628 671 4693; x_wconf 88' lang='lat' dir='ltr'><strong>propter</strong></span> <span class='ocrx_word' id='word_1_347' title='bbox 712 4626 908 4695; x_wconf 89' lang='lat' dir='ltr'><strong>metum</strong></span> <span class='ocrx_word' id='word_1_348' title='bbox 956 4602 1130 4695; x_wconf 84' lang='lat' dir='ltr'><strong>minor</strong></span> <span class='ocrx_word' id='word_1_349' title='bbox 1158 4610 1260 4680; x_wconf 89' lang='lat' dir='ltr'><strong>est,</strong></span> <span class='ocrx_word' id='word_1_350' title='bbox 1296 4614 1675 4684; x_wconf 86' lang='lat' dir='ltr'><strong>investigandis</strong></span> <span class='ocrx_word' id='word_1_351' title='bbox 1712 4615 2031 4669; x_wconf 84' lang='lat' dir='ltr'><strong>obscurissi-</strong></span> 
     </span>
    </p>
   </div>
   <div class='ocr_carea' id='block_1_50' title="bbox 445 4692 2032 4783">
    <p class='ocr_par' dir='ltr' id='par_1_50' title="bbox 445 4692 2032 4783">
     <span class='ocr_line' id='line_1_50' title="bbox 445 4692 2032 4783; baseline -0.007 -11"><span class='ocrx_word' id='word_1_352' title='bbox 445 4716 549 4773; x_wconf 88' lang='lat' dir='ltr'><strong>mis</strong></span> <span class='ocrx_word' id='word_1_353' title='bbox 578 4714 737 4769; x_wconf 90' lang='lat' dir='ltr'><strong>rebus</strong></span> <span class='ocrx_word' id='word_1_354' title='bbox 760 4692 1177 4783; x_wconf 34' lang='lat' dir='ltr'><strong>IperneceSSaria.</strong></span> <span class='ocrx_word' id='word_1_355' title='bbox 1211 4706 1411 4761; x_wconf 85' lang='lat' dir='ltr'><strong>Deinde</strong></span> <span class='ocrx_word' id='word_1_356' title='bbox 1436 4716 1541 4778; x_wconf 85' lang='lat' dir='ltr'><strong>quo</strong></span> <span class='ocrx_word' id='word_1_357' title='bbox 1565 4693 1734 4777; x_wconf 81' lang='lat' dir='ltr'><strong>magis</strong></span> <span class='ocrx_word' id='word_1_358' title='bbox 1764 4707 2032 4776; x_wconf 85' lang='lat' dir='ltr'><strong>magisque</strong></span> 
     </span>
    </p>
   </div>
   <div class='ocr_carea' id='block_1_51' title="bbox 392 4788 2029 4871">
    <p class='ocr_par' dir='ltr' id='par_1_51' title="bbox 392 4788 2029 4871">
     <span class='ocr_line' id='line_1_51' title="bbox 392 4788 2029 4871; baseline -0.007 -7"><span class='ocrx_word' id='word_1_359' title='bbox 392 4812 398 4855; x_wconf 77' lang='grc' dir='ltr'>ἰ</span> <span class='ocrx_word' id='word_1_360' title='bbox 445 4806 607 4864; x_wconf 81' lang='lat' dir='ltr'><strong>sentit</strong></span> <span class='ocrx_word' id='word_1_361' title='bbox 631 4803 837 4867; x_wconf 90' lang='lat' dir='ltr'><strong>anima,</strong></span> <span class='ocrx_word' id='word_1_362' title='bbox 878 4817 944 4858; x_wconf 91' lang='lat' dir='ltr'><strong>eo</strong></span> <span class='ocrx_word' id='word_1_363' title='bbox 988 4802 1103 4871; x_wconf 88' lang='lat' dir='ltr'><strong>ipso</strong></span> <span class='ocrx_word' id='word_1_364' title='bbox 1142 4816 1246 4870; x_wconf 90' lang='lat' dir='ltr'><strong>quo</strong></span> <span class='ocrx_word' id='word_1_365' title='bbox 1276 4799 1501 4869; x_wconf 86' lang='lat' dir='ltr'><strong>prolicit,</strong></span> <span class='ocrx_word' id='word_1_366' title='bbox 1531 4788 1783 4869; x_wconf 87' lang='lat' dir='ltr'><strong>quantum</strong></span> <span class='ocrx_word' id='word_1_367' title='bbox 1828 4801 2029 4853; x_wconf 88' lang='lat' dir='ltr'><strong>intersit</strong></span> 
     </span>
    </p>
   </div>
   <div class='ocr_carea' id='block_1_52' title="bbox 390 4882 2029 4969">
    <p class='ocr_par' dir='ltr' id='par_1_52' title="bbox 390 4882 2029 4969">
     <span class='ocr_line' id='line_1_52' title="bbox 390 4882 2029 4969; baseline -0.007 -15"><span class='ocrx_word' id='word_1_368' title='bbox 390 4892 395 4965; x_wconf 62' lang='grc' dir='ltr'>ξ</span> <span class='ocrx_word' id='word_1_369' title='bbox 446 4882 587 4953; x_wconf 78' lang='lat' dir='ltr'><strong>inter</strong></span> <span class='ocrx_word' id='word_1_370' title='bbox 618 4910 805 4969; x_wconf 90' lang='lat' dir='ltr'><strong>puram</strong></span> <span class='ocrx_word' id='word_1_371' title='bbox 840 4902 894 4948; x_wconf 86' lang='lat' dir='ltr'><strong>et</strong></span> <span class='ocrx_word' id='word_1_372' title='bbox 929 4884 1374 4955; x_wconf 81' lang='lat' dir='ltr'><strong>contaminatam;</strong></span> <span class='ocrx_word' id='word_1_373' title='bbox 1404 4904 1469 4943; x_wconf 90' lang='lat' dir='ltr'><strong>eo</strong></span> <span class='ocrx_word' id='word_1_374' title='bbox 1514 4890 1680 4959; x_wconf 85' lang='lat' dir='ltr'><strong>magis</strong></span> <span class='ocrx_word' id='word_1_375' title='bbox 1722 4890 1897 4954; x_wconf 88' lang='lat' dir='ltr'><strong>timet,</strong></span> <span class='ocrx_word' id='word_1_376' title='bbox 1944 4906 2029 4954; x_wconf 89' lang='lat' dir='ltr'><strong>ne,</strong></span> 
     </span>
    </p>
   </div>
   <div class='ocr_carea' id='block_1_53' title="bbox 446 4974 2031 5061">
    <p class='ocr_par' dir='ltr' id='par_1_53' title="bbox 446 4974 2031 5061">
     <span class='ocr_line' id='line_1_53' title="bbox 446 4974 2031 5061; baseline -0.006 -16"><span class='ocrx_word' id='word_1_377' title='bbox 446 4989 690 5061; x_wconf 89' lang='lat' dir='ltr'><strong>deposito</strong></span> <span class='ocrx_word' id='word_1_378' title='bbox 720 4988 820 5041; x_wconf 89' lang='lat' dir='ltr'><strong>isto</strong></span> <span class='ocrx_word' id='word_1_379' title='bbox 848 4974 1090 5054; x_wconf 83' lang='lat' dir='ltr'><strong>corpore,</strong></span> <span class='ocrx_word' id='word_1_380' title='bbox 1116 4984 1291 5037; x_wconf 89' lang='lat' dir='ltr'><strong>minus</strong></span> <span class='ocrx_word' id='word_1_381' title='bbox 1332 4998 1449 5037; x_wconf 91' lang='lat' dir='ltr'><strong>eam</strong></span> <span class='ocrx_word' id='word_1_382' title='bbox 1497 4984 1661 5052; x_wconf 92' lang='lat' dir='ltr'><strong>possit</strong></span> <span class='ocrx_word' id='word_1_383' title='bbox 1699 4983 1837 5036; x_wconf 90' lang='lat' dir='ltr'><strong>Deus</strong></span> <span class='ocrx_word' id='word_1_384' title='bbox 1875 4998 2031 5053; x_wconf 89' lang='lat' dir='ltr'><strong>quam</strong></span> 
     </span>
    </p>
   </div>
   <div class='ocr_carea' id='block_1_54' title="bbox 445 5060 2036 5151">
    <p class='ocr_par' dir='ltr' id='par_1_54' title="bbox 445 5060 2036 5151">
     <span class='ocr_line' id='line_1_54' title="bbox 445 5060 2036 5151; baseline -0.005 -14"><span class='ocrx_word' id='word_1_385' title='bbox 445 5060 621 5151; x_wconf 86' lang='lat' dir='ltr'><strong>seipsa</strong></span> <span class='ocrx_word' id='word_1_386' title='bbox 649 5077 790 5135; x_wconf 87' lang='lat' dir='ltr'><strong>ferre</strong></span> <span class='ocrx_word' id='word_1_387' title='bbox 816 5077 1092 5149; x_wconf 87' lang='lat' dir='ltr'><strong>pollutam.</strong></span> <span class='ocrx_word' id='word_1_388' title='bbox 1120 5074 1259 5128; x_wconf 85' lang='lat' dir='ltr'><strong>Nihil</strong></span> <span class='ocrx_word' id='word_1_389' title='bbox 1288 5081 1461 5126; x_wconf 88' lang='lat' dir='ltr'><strong>autem</strong></span> <span class='ocrx_word' id='word_1_390' title='bbox 1492 5060 1756 5127; x_wconf 80' lang='lat' dir='ltr'><strong>difficilius</strong></span> <span class='ocrx_word' id='word_1_391' title='bbox 1801 5091 1955 5143; x_wconf 85' lang='lat' dir='ltr'><strong>quam</strong></span> <span class='ocrx_word' id='word_1_392' title='bbox 1983 5086 2036 5129; x_wconf 91' lang='lat' dir='ltr'><strong>et</strong></span> 
     </span>
    </p>
   </div>
   <div class='ocr_carea' id='block_1_55' title="bbox 444 5152 2033 5233">
    <p class='ocr_par' dir='ltr' id='par_1_55' title="bbox 444 5152 2033 5233">
     <span class='ocr_line' id='line_1_55' title="bbox 444 5152 2033 5233; baseline -0.006 -5"><span class='ocrx_word' id='word_1_393' title='bbox 444 5156 689 5229; x_wconf 89' lang='lat' dir='ltr'><strong>metuere</strong></span> <span class='ocrx_word' id='word_1_394' title='bbox 719 5152 1019 5233; x_wconf 44' lang='lat' dir='ltr'><strong>mortem”,</strong></span> <span class='ocrx_word' id='word_1_395' title='bbox 1049 5174 1102 5219; x_wconf 90' lang='lat' dir='ltr'><strong>et</strong></span> <span class='ocrx_word' id='word_1_396' title='bbox 1125 5165 1192 5219; x_wconf 90' lang='lat' dir='ltr'><strong>ab</strong></span> <span class='ocrx_word' id='word_1_397' title='bbox 1221 5164 1488 5219; x_wconf 82' lang='lat' dir='ltr'><strong>illecebris</strong></span> <span class='ocrx_word' id='word_1_398' title='bbox 1516 5162 1671 5232; x_wconf 80' lang='lat' dir='ltr'><strong>hujus</strong></span> <span class='ocrx_word' id='word_1_399' title='bbox 1702 5165 1902 5229; x_wconf 88' lang='lat' dir='ltr'><strong>mundi,</strong></span> <span class='ocrx_word' id='word_1_400' title='bbox 1934 5168 2033 5219; x_wconf 86' lang='lat' dir='ltr'><strong>sic-</strong></span> 
     </span>
    </p>
   </div>
   <div class='ocr_carea' id='block_1_56' title="bbox 446 5246 2035 5336">
    <p class='ocr_par' dir='ltr' id='par_1_56' title="bbox 446 5246 2035 5336">
     <span class='ocr_line' id='line_1_56' title="bbox 446 5246 2035 5336; baseline -0.004 -16"><span class='ocrx_word' id='word_1_401' title='bbox 446 5272 506 5320; x_wconf 85' lang='lat' dir='ltr'><strong>ut</strong></span> <span class='ocrx_word' id='word_1_402' title='bbox 526 5263 753 5334; x_wconf 88' lang='lat' dir='ltr'><strong>pericula</strong></span> <span class='ocrx_word' id='word_1_403' title='bbox 776 5264 887 5336; x_wconf 86' lang='lat' dir='ltr'><strong>ipsa</strong></span> <span class='ocrx_word' id='word_1_404' title='bbox 906 5246 1193 5330; x_wconf 86' lang='lat' dir='ltr'><strong>postulant,</strong></span> <span class='ocrx_word' id='word_1_405' title='bbox 1219 5267 1534 5326; x_wconf 85' lang='lat' dir='ltr'><strong>temperare.</strong></span> <span class='ocrx_word' id='word_1_406' title='bbox 1558 5256 1724 5312; x_wconf 85' lang='lat' dir='ltr'><strong>Tanta</strong></span> <span class='ocrx_word' id='word_1_407' title='bbox 1752 5269 1833 5313; x_wconf 84' lang='lat' dir='ltr'><strong>est</strong></span> <span class='ocrx_word' id='word_1_408' title='bbox 1862 5270 2035 5333; x_wconf 70' lang='lat' dir='ltr'><strong>tamen</strong></span> 
     </span>
    </p>
   </div>
   <div class='ocr_carea' id='block_1_57' title="bbox 450 5324 2034 5419">
    <p class='ocr_par' dir='ltr' id='par_1_57' title="bbox 450 5324 2034 5419">
     <span class='ocr_line' id='line_1_57' title="bbox 450 5324 2034 5419; baseline -0.001 -12"><span class='ocrx_word' id='word_1_409' title='bbox 450 5354 646 5418; x_wconf 90' lang='lat' dir='ltr'><strong>anima,</strong></span> <span class='ocrx_word' id='word_1_410' title='bbox 678 5361 737 5407; x_wconf 92' lang='lat' dir='ltr'><strong>ut</strong></span> <span class='ocrx_word' id='word_1_411' title='bbox 773 5324 933 5406; x_wconf 70' lang='lat' dir='ltr'><strong>etiam</strong></span> <span class='ocrx_word' id='word_1_412' title='bbox 987 5348 1091 5404; x_wconf 85' lang='lat' dir='ltr'><strong>hoc</strong></span> <span class='ocrx_word' id='word_1_413' title='bbox 1132 5348 1301 5418; x_wconf 89' lang='lat' dir='ltr'><strong>possit</strong></span> <span class='ocrx_word' id='word_1_414' title='bbox 1331 5324 1623 5415; x_wconf 77' lang='lat' dir='ltr'><strong>adjuvante</strong></span> <span class='ocrx_word' id='word_1_415' title='bbox 1667 5363 1794 5405; x_wconf 88' lang='lat' dir='ltr'><strong>sane</strong></span> <span class='ocrx_word' id='word_1_416' title='bbox 1836 5324 2034 5419; x_wconf 55' lang='lat' dir='ltr'><strong>justitia</strong></span> 
     </span>
    </p>
   </div>
   <div class='ocr_carea' id='block_1_58' title="bbox 454 5426 2036 5523">
    <p class='ocr_par' dir='ltr' id='par_1_58' title="bbox 454 5426 2036 5523">
     <span class='ocr_line' id='line_1_58' title="bbox 454 5426 2036 5523; baseline -0.002 -24"><span class='ocrx_word' id='word_1_417' title='bbox 454 5447 646 5499; x_wconf 87' lang='lat' dir='ltr'><strong>summi</strong></span> <span class='ocrx_word' id='word_1_418' title='bbox 672 5451 723 5523; x_wconf 90' lang='lat' dir='ltr'><strong>et</strong></span> <span class='ocrx_word' id='word_1_419' title='bbox 747 5442 861 5498; x_wconf 88' lang='lat' dir='ltr'><strong>veri</strong></span> <span class='ocrx_word' id='word_1_420' title='bbox 894 5440 1008 5507; x_wconf 92' lang='lat' dir='ltr'><strong>Dei,</strong></span> <span class='ocrx_word' id='word_1_421' title='bbox 1033 5456 1134 5511; x_wconf 89' lang='lat' dir='ltr'><strong>qua</strong></span> <span class='ocrx_word' id='word_1_422' title='bbox 1158 5440 1271 5493; x_wconf 68' lang='lat' dir='ltr'><strong>hcce</strong></span> <span class='ocrx_word' id='word_1_423' title='bbox 1290 5426 1609 5495; x_wconf 68' lang='lat' dir='ltr'><strong>universitas</strong></span> <span class='ocrx_word' id='word_1_424' title='bbox 1630 5450 1957 5496; x_wconf 80' lang='lat' dir='ltr'><strong>sustentatur</strong></span> <span class='ocrx_word' id='word_1_425' title='bbox 1983 5453 2036 5497; x_wconf 87' lang='lat' dir='ltr'><strong>et</strong></span> 
     </span>
    </p>
   </div>
   <div class='ocr_carea' id='block_1_59' title="bbox 455 5531 2032 5605">
    <p class='ocr_par' dir='ltr' id='par_1_59' title="bbox 455 5531 2032 5605">
     <span class='ocr_line' id='line_1_59' title="bbox 455 5531 2032 5605; baseline -0.002 -15"><span class='ocrx_word' id='word_1_426' title='bbox 455 5535 680 5605; x_wconf 85' lang='lat' dir='ltr'><strong>regitur;</strong></span> <span class='ocrx_word' id='word_1_427' title='bbox 698 5549 800 5605; x_wconf 87' lang='lat' dir='ltr'><strong>qua</strong></span> <span class='ocrx_word' id='word_1_428' title='bbox 818 5532 975 5589; x_wconf 87' lang='lat' dir='ltr'><strong>etiam</strong></span> <span class='ocrx_word' id='word_1_429' title='bbox 996 5533 1193 5589; x_wconf 88' lang='lat' dir='ltr'><strong>factum</strong></span> <span class='ocrx_word' id='word_1_430' title='bbox 1212 5540 1315 5598; x_wconf 88' lang='lat' dir='ltr'><strong>est,</strong></span> <span class='ocrx_word' id='word_1_431' title='bbox 1338 5540 1518 5586; x_wconf 83' lang='lat' dir='ltr'><strong>utnon</strong></span> <span class='ocrx_word' id='word_1_432' title='bbox 1538 5531 1696 5587; x_wconf 88' lang='lat' dir='ltr'><strong>modo</strong></span> <span class='ocrx_word' id='word_1_433' title='bbox 1709 5535 1813 5587; x_wconf 90' lang='lat' dir='ltr'><strong>sint</strong></span> <span class='ocrx_word' id='word_1_434' title='bbox 1833 5536 2032 5604; x_wconf 89' lang='lat' dir='ltr'><strong>omnia,</strong></span> 
     </span>
    </p>
   </div>
   <div class='ocr_carea' id='block_1_60' title="bbox 456 5624 2033 5707">
    <p class='ocr_par' dir='ltr' id='par_1_60' title="bbox 456 5624 2033 5707">
     <span class='ocr_line' id='line_1_60' title="bbox 456 5624 2033 5707; baseline 0 -28"><span class='ocrx_word' id='word_1_435' title='bbox 456 5628 557 5683; x_wconf 82' lang='lat' dir='ltr'><strong>sed</strong></span> <span class='ocrx_word' id='word_1_436' title='bbox 584 5629 650 5682; x_wconf 90' lang='lat' dir='ltr'><strong>ita</strong></span> <span class='ocrx_word' id='word_1_437' title='bbox 679 5629 812 5705; x_wconf 82' lang='lat' dir='ltr'><strong>sint,</strong></span> <span class='ocrx_word' id='word_1_438' title='bbox 847 5636 903 5681; x_wconf 92' lang='lat' dir='ltr'><strong>ut</strong></span> <span class='ocrx_word' id='word_1_439' title='bbox 932 5626 1148 5681; x_wconf 89' lang='lat' dir='ltr'><strong>Omnino</strong></span> <span class='ocrx_word' id='word_1_440' title='bbox 1178 5624 1367 5707; x_wconf 87' lang='lat' dir='ltr'><strong>melius</strong></span> <span class='ocrx_word' id='word_1_441' title='bbox 1405 5641 1521 5679; x_wconf 88' lang='lat' dir='ltr'><strong>esse</strong></span> <span class='ocrx_word' id='word_1_442' title='bbox 1563 5642 1665 5679; x_wconf 91' lang='lat' dir='ltr'><strong>non</strong></span> <span class='ocrx_word' id='word_1_443' title='bbox 1696 5628 1915 5695; x_wconf 84' lang='lat' dir='ltr'><strong>possint.</strong></span> <span class='ocrx_word' id='word_1_444' title='bbox 1941 5624 2033 5679; x_wconf 89' lang='lat' dir='ltr'><strong>Cui</strong></span> 
     </span>
    </p>
   </div>
   <div class='ocr_carea' id='block_1_61' title="bbox 428 5741 2036 5825">
    <p class='ocr_par' dir='ltr' id='par_1_61' title="bbox 428 5741 2036 5825">
     <span class='ocr_line' id='line_1_61' title="bbox 428 5741 2036 5825; baseline -0.002 -31"><span class='ocrx_word' id='word_1_445' title='bbox 428 5794 435 5825; x_wconf 31' lang='grc' dir='ltr'>ζ</span> <span class='ocrx_word' id='word_1_446' title='bbox 524 5741 545 5779; x_wconf 75' lang='grc' dir='ltr'>ί</span> <span class='ocrx_word' id='word_1_447' title='bbox 560 5750 619 5791; x_wconf 73' lang='lat' dir='ltr'><strong>Er</strong></span> <span class='ocrx_word' id='word_1_448' title='bbox 656 5754 707 5794; x_wconf 85' lang='lat' dir='ltr'><strong>et</strong></span> <span class='ocrx_word' id='word_1_449' title='bbox 721 5757 852 5797; x_wconf 83' lang='lat' dir='ltr'><strong>unus</strong></span> <span class='ocrx_word' id='word_1_450' title='bbox 868 5756 899 5795; x_wconf 81' lang='grc' dir='ltr'>θ</span> <span class='ocrx_word' id='word_1_451' title='bbox 916 5744 1095 5796; x_wconf 79' lang='lat' dir='ltr'><strong>nostris</strong></span> <span class='ocrx_word' id='word_1_452' title='bbox 1108 5748 1238 5802; x_wconf 66' lang='lat' dir='ltr'><strong>Mss,</strong></span> <span class='ocrx_word' id='word_1_453' title='bbox 1258 5754 1403 5806; x_wconf 84' lang='lat' dir='ltr'><strong>quam</strong></span> <span class='ocrx_word' id='word_1_454' title='bbox 1419 5746 1465 5791; x_wconf 80' lang='lat' dir='ltr'><strong>et</strong></span> <span class='ocrx_word' id='word_1_455' title='bbox 1484 5753 1577 5791; x_wconf 79' lang='lat' dir='ltr'><strong>non</strong></span> <span class='ocrx_word' id='word_1_456' title='bbox 1593 5748 1803 5791; x_wconf 64' lang='lat' dir='ltr'><strong>metewre</strong></span> <span class='ocrx_word' id='word_1_457' title='bbox 1818 5749 2036 5793; x_wconf 75' lang='lat' dir='ltr'><strong>mortem.</strong></span> 
     </span>
    </p>
   </div>
   <div class='ocr_carea' id='block_1_62' title="bbox 1432 251 2793 367">
    <p class='ocr_par' dir='ltr' id='par_1_62' title="bbox 1432 251 2793 367">
     <span class='ocr_line' id='line_1_62' title="bbox 1432 251 2793 367; baseline -0.006 -16"><span class='ocrx_word' id='word_1_458' title='bbox 1432 297 1516 353; x_wconf 88' lang='lat' dir='ltr'><strong>DE</strong></span> <span class='ocrx_word' id='word_1_459' title='bbox 1558 295 1996 363; x_wconf 75' lang='lat' dir='ltr'><strong>QUANTITATE</strong></span> <span class='ocrx_word' id='word_1_460' title='bbox 2039 251 2389 367; x_wconf 59' lang='lat' dir='ltr'><strong>summa.</strong></span> <span class='ocrx_word' id='word_1_461' title='bbox 2429 291 2793 353; x_wconf 81' lang='lat' dir='ltr'><strong>AUGUSTINI</strong></span> 
     </span>
    </p>
   </div>
   <div class='ocr_carea' id='block_1_63' title="bbox 3580 296 3719 379">
    <p class='ocr_par' dir='ltr' id='par_1_63' title="bbox 3580 296 3719 379">
     <span class='ocr_line' id='line_1_63' title="bbox 3580 296 3719 379; baseline -0.007 -20"><span class='ocrx_word' id='word_1_462' title='bbox 3580 296 3719 379; x_wconf 64' lang='lat'><strong>1076</strong></span> 
     </span>
    </p>
   </div>
   <div class='ocr_carea' id='block_1_64' title="bbox 2124 405 3717 485">
    <p class='ocr_par' dir='ltr' id='par_1_64' title="bbox 2124 405 3717 485">
     <span class='ocr_line' id='line_1_64' title="bbox 2124 405 3717 485; baseline -0.001 -22"><span class='ocrx_word' id='word_1_463' title='bbox 2124 425 2243 463; x_wconf 82' lang='lat' dir='ltr'><strong>sese</strong></span> <span class='ocrx_word' id='word_1_464' title='bbox 2288 411 2337 463; x_wconf 90' lang='lat' dir='ltr'><strong>in</strong></span> <span class='ocrx_word' id='word_1_465' title='bbox 2383 424 2545 480; x_wconf 85' lang='lat' dir='ltr'><strong>opere</strong></span> <span class='ocrx_word' id='word_1_466' title='bbox 2572 416 2681 485; x_wconf 78' lang='lat' dir='ltr'><strong>tam</strong></span> <span class='ocrx_word' id='word_1_467' title='bbox 2709 405 2909 459; x_wconf 77' lang='lat' dir='ltr'><strong>difﬁcili</strong></span> <span class='ocrx_word' id='word_1_468' title='bbox 2942 405 3296 485; x_wconf 83' lang='lat' dir='ltr'><strong>mundationis</strong></span> <span class='ocrx_word' id='word_1_469' title='bbox 3321 420 3431 461; x_wconf 75' lang='lat' dir='ltr'><strong>suae</strong></span> <span class='ocrx_word' id='word_1_470' title='bbox 3461 406 3717 477; x_wconf 66' lang='lat' dir='ltr'><strong>adjuvan~</strong></span> 
     </span>
    </p>
   </div>
   <div class='ocr_carea' id='block_1_65' title="bbox 2125 498 3709 571">
    <p class='ocr_par' dir='ltr' id='par_1_65' title="bbox 2125 498 3709 571">
     <span class='ocr_line' id='line_1_65' title="bbox 2125 498 3709 571; baseline 0.001 -17"><span class='ocrx_word' id='word_1_471' title='bbox 2125 501 2243 554; x_wconf 90' lang='lat' dir='ltr'><strong>dam</strong></span> <span class='ocrx_word' id='word_1_472' title='bbox 2267 510 2319 565; x_wconf 87' lang='lat' dir='ltr'><strong>et</strong></span> <span class='ocrx_word' id='word_1_473' title='bbox 2345 498 2719 571; x_wconf 78' lang='lat' dir='ltr'><strong>perficiendam</strong></span> <span class='ocrx_word' id='word_1_474' title='bbox 2752 498 2985 566; x_wconf 90' lang='lat' dir='ltr'><strong>piissime</strong></span> <span class='ocrx_word' id='word_1_475' title='bbox 3013 498 3376 569; x_wconf 88' lang='lat' dir='ltr'><strong>tutissimeque</strong></span> <span class='ocrx_word' id='word_1_476' title='bbox 3404 500 3709 556; x_wconf 89' lang='lat' dir='ltr'><strong>committit.</strong></span> 
     </span>
    </p>
   </div>
   <div class='ocr_carea' id='block_1_66' title="bbox 2618 588 3685 648">
    <p class='ocr_par' dir='ltr' id='par_1_66' title="bbox 2618 588 3685 648">
     <span class='ocr_line' id='line_1_66' title="bbox 2618 588 3685 648; baseline -0.001 -11"><span class='ocrx_word' id='word_1_477' title='bbox 2618 590 2817 647; x_wconf 88' lang='lat' dir='ltr'><strong>Quintus</strong></span> <span class='ocrx_word' id='word_1_478' title='bbox 2833 588 3013 648; x_wconf 85' lang='lat' dir='ltr'><strong>gradus</strong></span> <span class='ocrx_word' id='word_1_479' title='bbox 3030 588 3217 637; x_wconf 76' lang='lat' dir='ltr'><strong>animae.</strong></span> <span class='ocrx_word' id='word_1_480' title='bbox 3682 592 3685 595; x_wconf 83' lang='lat'>&#39;</span> 
     </span>
    </p>
   </div>
   <div class='ocr_carea' id='block_1_67' title="bbox 2195 674 3717 747">
    <p class='ocr_par' dir='ltr' id='par_1_67' title="bbox 2195 674 3717 747">
     <span class='ocr_line' id='line_1_67' title="bbox 2195 674 3717 747; baseline 0.003 -20"><span class='ocrx_word' id='word_1_481' title='bbox 2195 675 2281 728; x_wconf 65' lang='grc'><strong>74.</strong></span> <span class='ocrx_word' id='word_1_482' title='bbox 2324 674 2471 741; x_wconf 85' lang='lat' dir='ltr'><strong>Quod</strong></span> <span class='ocrx_word' id='word_1_483' title='bbox 2501 688 2620 727; x_wconf 91' lang='lat' dir='ltr'><strong>cum</strong></span> <span class='ocrx_word' id='word_1_484' title='bbox 2653 674 2898 747; x_wconf 74' lang='lat' dir='ltr'><strong>eliectum</strong></span> <span class='ocrx_word' id='word_1_485' title='bbox 2924 674 3045 737; x_wconf 90' lang='lat' dir='ltr'><strong>erit,</strong></span> <span class='ocrx_word' id='word_1_486' title='bbox 3078 674 3127 725; x_wconf 90' lang='lat' dir='ltr'><strong>id</strong></span> <span class='ocrx_word' id='word_1_487' title='bbox 3157 680 3272 737; x_wconf 79' lang='lat' dir='ltr'><strong>est,</strong></span> <span class='ocrx_word' id='word_1_488' title='bbox 3322 686 3435 728; x_wconf 77' lang='lat' dir='ltr'><strong>eum</strong></span> <span class='ocrx_word' id='word_1_489' title='bbox 3464 674 3621 730; x_wconf 87' lang='lat' dir='ltr'><strong>fuerit</strong></span> <span class='ocrx_word' id='word_1_490' title='bbox 3644 678 3717 733; x_wconf 85' lang='lat' dir='ltr'><strong>ab</strong></span> 
     </span>
    </p>
   </div>
   <div class='ocr_carea' id='block_1_68' title="bbox 2124 746 3718 843">
    <p class='ocr_par' dir='ltr' id='par_1_68' title="bbox 2124 746 3718 843">
     <span class='ocr_line' id='line_1_68' title="bbox 2124 746 3718 843; baseline 0.003 -24"><span class='ocrx_word' id='word_1_491' title='bbox 2124 766 2269 843; x_wconf 85' lang='lat' dir='ltr'><strong>omni</strong></span> <span class='ocrx_word' id='word_1_492' title='bbox 2300 768 2418 821; x_wconf 89' lang='lat' dir='ltr'><strong>tabe</strong></span> <span class='ocrx_word' id='word_1_493' title='bbox 2442 766 2614 819; x_wconf 89' lang='lat' dir='ltr'><strong>anima</strong></span> <span class='ocrx_word' id='word_1_494' title='bbox 2649 766 2813 819; x_wconf 87' lang='lat' dir='ltr'><strong>libera</strong></span> <span class='ocrx_word' id='word_1_495' title='bbox 2840 750 3167 834; x_wconf 81' lang='lat' dir='ltr'><strong>maculisque</strong></span> <span class='ocrx_word' id='word_1_496' title='bbox 3189 762 3371 833; x_wconf 79' lang='lat' dir='ltr'><strong>diluta,</strong></span> <span class='ocrx_word' id='word_1_497' title='bbox 3401 746 3517 820; x_wconf 87' lang='lat' dir='ltr'><strong>tum</strong></span> <span class='ocrx_word' id='word_1_498' title='bbox 3539 760 3596 823; x_wconf 82' lang='lat' dir='ltr'><strong>se</strong></span> <span class='ocrx_word' id='word_1_499' title='bbox 3622 770 3718 824; x_wconf 84' lang='lat' dir='ltr'><strong>de-</strong></span> 
     </span>
    </p>
   </div>
   <div class='ocr_carea' id='block_1_69' title="bbox 2125 838 3715 929">
    <p class='ocr_par' dir='ltr' id='par_1_69' title="bbox 2125 838 3715 929">
     <span class='ocr_line' id='line_1_69' title="bbox 2125 838 3715 929; baseline 0.003 -18"><span class='ocrx_word' id='word_1_500' title='bbox 2125 858 2283 929; x_wconf 88' lang='lat' dir='ltr'><strong>nique</strong></span> <span class='ocrx_word' id='word_1_501' title='bbox 2309 857 2359 910; x_wconf 91' lang='lat' dir='ltr'><strong>in</strong></span> <span class='ocrx_word' id='word_1_502' title='bbox 2392 859 2564 928; x_wconf 70' lang='lat' dir='ltr'><strong>scipsa</strong></span> <span class='ocrx_word' id='word_1_503' title='bbox 2593 842 2867 911; x_wconf 77' lang='lat' dir='ltr'><strong>la-tiSSime</strong></span> <span class='ocrx_word' id='word_1_504' title='bbox 2898 844 3039 909; x_wconf 78' lang='lat' dir='ltr'><strong>tenet</strong></span> <span class='ocrx_word' id='word_1_505' title='bbox 3059 852 3095 920; x_wconf 62' lang='lat'><strong>,&quot;</strong></span> <span class='ocrx_word' id='word_1_506' title='bbox 3120 872 3219 910; x_wconf 88' lang='lat' dir='ltr'><strong>nec</strong></span> <span class='ocrx_word' id='word_1_507' title='bbox 3261 838 3715 929; x_wconf 40' lang='lat' dir='ltr'><strong>omnino&#39;aliqnid</strong></span> 
     </span>
    </p>
   </div>
   <div class='ocr_carea' id='block_1_70' title="bbox 2124 938 3719 1033">
    <p class='ocr_par' dir='ltr' id='par_1_70' title="bbox 2124 938 3719 1033">
     <span class='ocr_line' id='line_1_70' title="bbox 2124 938 3719 1033; baseline 0.002 -29"><span class='ocrx_word' id='word_1_508' title='bbox 2124 951 2313 1033; x_wconf 79' lang='lat' dir='ltr'><strong>metuit</strong></span> <span class='ocrx_word' id='word_1_509' title='bbox 2340 951 2438 1004; x_wconf 89' lang='lat' dir='ltr'><strong>sibi</strong></span> <span class='ocrx_word' id='word_1_510' title='bbox 2468 959 2558 1003; x_wconf 85' lang='lat' dir='ltr'><strong>aut</strong></span> <span class='ocrx_word' id='word_1_511' title='bbox 2587 950 2692 1002; x_wconf 90' lang='lat' dir='ltr'><strong>ulla</strong></span> <span class='ocrx_word' id='word_1_512' title='bbox 2720 938 2817 1002; x_wconf 77' lang='lat' dir='ltr'><strong>Sua</strong></span> <span class='ocrx_word' id='word_1_513' title='bbox 2850 965 3007 1002; x_wconf 88' lang='lat' dir='ltr'><strong>causa</strong></span> <span class='ocrx_word' id='word_1_514' title='bbox 3036 938 3320 1019; x_wconf 73' lang='lat' dir='ltr'><strong>quidquam</strong></span> <span class='ocrx_word' id='word_1_515' title='bbox 3356 944 3583 1019; x_wconf 81' lang='lat' dir='ltr'><strong>angitur.</strong></span> <span class='ocrx_word' id='word_1_516' title='bbox 3620 954 3719 1007; x_wconf 77' lang='lat' dir='ltr'><strong>Est</strong></span> 
     </span>
    </p>
   </div>
   <div class='ocr_carea' id='block_1_71' title="bbox 2125 1032 3716 1125">
    <p class='ocr_par' dir='ltr' id='par_1_71' title="bbox 2125 1032 3716 1125">
     <span class='ocr_line' id='line_1_71' title="bbox 2125 1032 3716 1125; baseline 0.001 -31"><span class='ocrx_word' id='word_1_517' title='bbox 2125 1032 2251 1125; x_wconf 70' lang='lat' dir='ltr'><strong>ergo</strong></span> <span class='ocrx_word' id='word_1_518' title='bbox 2281 1044 2379 1097; x_wconf 92' lang='lat' dir='ltr'><strong>iste</strong></span> <span class='ocrx_word' id='word_1_519' title='bbox 2400 1042 2612 1112; x_wconf 86' lang='lat' dir='ltr'><strong>quintus</strong></span> <span class='ocrx_word' id='word_1_520' title='bbox 2632 1040 2825 1112; x_wconf 82' lang='lat' dir='ltr'><strong>gradus</strong></span> <span class='ocrx_word' id='word_1_521' title='bbox 2851 1058 2863 1093; x_wconf 88' lang='lat'><strong>:</strong></span> <span class='ocrx_word' id='word_1_522' title='bbox 2888 1032 3028 1094; x_wconf 90' lang='lat' dir='ltr'><strong>aliud</strong></span> <span class='ocrx_word' id='word_1_523' title='bbox 3052 1036 3132 1095; x_wconf 84' lang='lat' dir='ltr'><strong>est</strong></span> <span class='ocrx_word' id='word_1_524' title='bbox 3154 1032 3303 1095; x_wconf 45' lang='lat' dir='ltr'><strong>enim&#39;</strong></span> <span class='ocrx_word' id='word_1_525' title='bbox 3318 1036 3549 1109; x_wconf 77' lang='lat' dir='ltr'><strong>efﬁcere,</strong></span> <span class='ocrx_word' id='word_1_526' title='bbox 3570 1042 3716 1096; x_wconf 87' lang='lat' dir='ltr'><strong>aliud</strong></span> 
     </span>
    </p>
   </div>
   <div class='ocr_carea' id='block_1_72' title="bbox 2127 1118 3718 1204">
    <p class='ocr_par' dir='ltr' id='par_1_72' title="bbox 2127 1118 3718 1204">
     <span class='ocr_line' id='line_1_72' title="bbox 2127 1118 3718 1204; baseline -0.001 -17"><span class='ocrx_word' id='word_1_527' title='bbox 2127 1118 2308 1188; x_wconf 79' lang='lat' dir='ltr'><strong>tenere</strong></span> <span class='ocrx_word' id='word_1_528' title='bbox 2336 1130 2656 1204; x_wconf 79' lang='lat' dir='ltr'><strong>puritatem;</strong></span> <span class='ocrx_word' id='word_1_529' title='bbox 2688 1140 2738 1184; x_wconf 90' lang='lat' dir='ltr'><strong>et</strong></span> <span class='ocrx_word' id='word_1_530' title='bbox 2770 1130 2871 1183; x_wconf 90' lang='lat' dir='ltr'><strong>alia</strong></span> <span class='ocrx_word' id='word_1_531' title='bbox 2906 1145 3122 1199; x_wconf 88' lang='lat' dir='ltr'><strong>prorsus</strong></span> <span class='ocrx_word' id='word_1_532' title='bbox 3146 1129 3285 1183; x_wconf 90' lang='lat' dir='ltr'><strong>actio</strong></span> <span class='ocrx_word' id='word_1_533' title='bbox 3311 1118 3413 1199; x_wconf 61' lang='lat' dir='ltr'><strong>qn’a&#39;</strong></span> <span class='ocrx_word' id='word_1_534' title='bbox 3442 1146 3502 1185; x_wconf 88' lang='lat' dir='ltr'><strong>se</strong></span> <span class='ocrx_word' id='word_1_535' title='bbox 3541 1132 3718 1201; x_wconf 76' lang='lat' dir='ltr'><strong>inqui-</strong></span> 
     </span>
    </p>
   </div>
   <div class='ocr_carea' id='block_1_73' title="bbox 2127 1220 3720 1305">
    <p class='ocr_par' dir='ltr' id='par_1_73' title="bbox 2127 1220 3720 1305">
     <span class='ocr_line' id='line_1_73' title="bbox 2127 1220 3720 1305; baseline -0.003 -26"><span class='ocrx_word' id='word_1_536' title='bbox 2127 1236 2307 1305; x_wconf 78' lang='lat' dir='ltr'><strong>natam</strong></span> <span class='ocrx_word' id='word_1_537' title='bbox 2334 1224 2657 1292; x_wconf 87' lang='lat' dir='ltr'><strong>redintegrat</strong></span> <span class='ocrx_word' id='word_1_538' title='bbox 2676 1220 2701 1289; x_wconf 68' lang='grc'><strong>,’</strong></span> <span class='ocrx_word' id='word_1_539' title='bbox 2722 1221 2820 1275; x_wconf 87' lang='lat' dir='ltr'><strong>alia</strong></span> <span class='ocrx_word' id='word_1_540' title='bbox 2852 1220 2953 1290; x_wconf 82' lang='lat' dir='ltr'><strong>qua</strong></span> <span class='ocrx_word' id='word_1_541' title='bbox 2980 1226 3084 1274; x_wconf 89' lang='lat' dir='ltr'><strong>n0n</strong></span> <span class='ocrx_word' id='word_1_542' title='bbox 3120 1221 3315 1289; x_wconf 88' lang='lat' dir='ltr'><strong>patitur</strong></span> <span class='ocrx_word' id='word_1_543' title='bbox 3338 1220 3604 1275; x_wconf 83' lang='lat' dir='ltr'><strong>serursus</strong></span> <span class='ocrx_word' id='word_1_544' title='bbox 3628 1222 3720 1275; x_wconf 72' lang='grc' dir='ltr'><strong>’ἰὴ-</strong></span> 
     </span>
    </p>
   </div>
   <div class='ocr_carea' id='block_1_74' title="bbox 2125 1308 3714 1393">
    <p class='ocr_par' dir='ltr' id='par_1_74' title="bbox 2125 1308 3714 1393">
     <span class='ocr_line' id='line_1_74' title="bbox 2125 1308 3714 1393; baseline -0.003 -23"><span class='ocrx_word' id='word_1_545' title='bbox 2125 1310 2352 1393; x_wconf 86' lang='lat' dir='ltr'><strong>quinari.</strong></span> <span class='ocrx_word' id='word_1_546' title='bbox 2378 1318 2433 1370; x_wconf 89' lang='lat' dir='ltr'><strong>In</strong></span> <span class='ocrx_word' id='word_1_547' title='bbox 2461 1316 2561 1369; x_wconf 88' lang='lat' dir='ltr'><strong>hoc</strong></span> <span class='ocrx_word' id='word_1_548' title='bbox 2582 1315 2747 1385; x_wconf 87' lang='lat' dir='ltr'><strong>gradu</strong></span> <span class='ocrx_word' id='word_1_549' title='bbox 2773 1308 3106 1367; x_wconf 83' lang='lat' dir='ltr'><strong>omnifariam</strong></span> <span class='ocrx_word' id='word_1_550' title='bbox 3131 1310 3361 1382; x_wconf 79' lang='lat' dir='ltr'><strong>concipit</strong></span> <span class='ocrx_word' id='word_1_551' title='bbox 3386 1312 3582 1382; x_wconf 82' lang='lat' dir='ltr'><strong>quanta</strong></span> <span class='ocrx_word' id='word_1_552' title='bbox 3604 1313 3672 1367; x_wconf 90' lang='lat' dir='ltr'><strong>sit</strong></span> <span class='ocrx_word' id='word_1_553' title='bbox 3699 1330 3714 1366; x_wconf 92' lang='lat'><strong>:</strong></span> 
     </span>
    </p>
   </div>
   <div class='ocr_carea' id='block_1_75' title="bbox 2124 1396 3718 1503">
    <p class='ocr_par' dir='ltr' id='par_1_75' title="bbox 2124 1396 3718 1503">
     <span class='ocr_line' id='line_1_75' title="bbox 2124 1396 3718 1503; baseline -0.004 -37"><span class='ocrx_word' id='word_1_554' title='bbox 2124 1398 2264 1491; x_wconf 77' lang='lat' dir='ltr'><strong>quod</strong></span> <span class='ocrx_word' id='word_1_555' title='bbox 2296 1428 2413 1466; x_wconf 92' lang='lat' dir='ltr'><strong>cum</strong></span> <span class='ocrx_word' id='word_1_556' title='bbox 2446 1410 2779 1480; x_wconf 85' lang='lat' dir='ltr'><strong>conceperit,</strong></span> <span class='ocrx_word' id='word_1_557' title='bbox 2834 1420 2959 1462; x_wconf 88' lang='lat' dir='ltr'><strong>tunc</strong></span> <span class='ocrx_word' id='word_1_558' title='bbox 2999 1424 3125 1461; x_wconf 86' lang='lat' dir='ltr'><strong>vero</strong></span> <span class='ocrx_word' id='word_1_559' title='bbox 3167 1407 3364 1476; x_wconf 84' lang='lat' dir='ltr'><strong>ingenti</strong></span> <span class='ocrx_word' id='word_1_560' title='bbox 3397 1396 3629 1476; x_wconf 67' lang='lat' dir='ltr'><strong>quadam</strong></span> <span class='ocrx_word' id='word_1_561' title='bbox 3660 1410 3718 1461; x_wconf 83' lang='lat' dir='ltr'><strong>et</strong></span> 
     </span>
    </p>
   </div>
   <div class='ocr_carea' id='block_1_76' title="bbox 2124 1492 3718 1572">
    <p class='ocr_par' dir='ltr' id='par_1_76' title="bbox 2124 1492 3718 1572">
     <span class='ocr_line' id='line_1_76' title="bbox 2124 1492 3718 1572; baseline -0.005 -14"><span class='ocrx_word' id='word_1_562' title='bbox 2124 1492 2418 1558; x_wconf 85' lang='lat' dir='ltr'><strong>incredibili</strong></span> <span class='ocrx_word' id='word_1_563' title='bbox 2444 1492 2629 1555; x_wconf 83' lang='lat' dir='ltr'><strong>fiducia</strong></span> <span class='ocrx_word' id='word_1_564' title='bbox 2652 1500 2820 1572; x_wconf 89' lang='lat' dir='ltr'><strong>pergit</strong></span> <span class='ocrx_word' id='word_1_565' title='bbox 2845 1500 2897 1553; x_wconf 93' lang='lat' dir='ltr'><strong>in</strong></span> <span class='ocrx_word' id='word_1_566' title='bbox 2921 1498 3110 1561; x_wconf 89' lang='lat' dir='ltr'><strong>Deum,</strong></span> <span class='ocrx_word' id='word_1_567' title='bbox 3138 1492 3189 1551; x_wconf 89' lang='lat' dir='ltr'><strong>id</strong></span> <span class='ocrx_word' id='word_1_568' title='bbox 3212 1505 3313 1562; x_wconf 91' lang='lat' dir='ltr'><strong>est,</strong></span> <span class='ocrx_word' id='word_1_569' title='bbox 3335 1498 3386 1572; x_wconf 82' lang='lat' dir='ltr'><strong>in</strong></span> <span class='ocrx_word' id='word_1_570' title='bbox 3406 1496 3571 1565; x_wconf 83' lang='lat' dir='ltr'><strong>ipsam</strong></span> <span class='ocrx_word' id='word_1_571' title='bbox 3594 1512 3718 1550; x_wconf 92' lang='lat' dir='ltr'><strong>con-</strong></span> 
     </span>
    </p>
   </div>
   <div class='ocr_carea' id='block_1_77' title="bbox 2126 1568 3715 1665">
    <p class='ocr_par' dir='ltr' id='par_1_77' title="bbox 2126 1568 3715 1665">
     <span class='ocr_line' id='line_1_77' title="bbox 2126 1568 3715 1665; baseline -0.007 -14"><span class='ocrx_word' id='word_1_572' title='bbox 2126 1596 2523 1665; x_wconf 85' lang='lat' dir='ltr'><strong>templationem</strong></span> <span class='ocrx_word' id='word_1_573' title='bbox 2547 1568 2781 1648; x_wconf 31' lang='lat' dir='ltr'><strong>veri-tatis</strong></span> <span class='ocrx_word' id='word_1_574' title='bbox 2800 1635 2811 1657; x_wconf 91' lang='lat'><strong>,</strong></span> <span class='ocrx_word' id='word_1_575' title='bbox 2838 1599 2891 1646; x_wconf 79' lang='lat' dir='ltr'><strong>et</strong></span> <span class='ocrx_word' id='word_1_576' title='bbox 2922 1590 3071 1652; x_wconf 82' lang='lat' dir='ltr'><strong>illud,</strong></span> <span class='ocrx_word' id='word_1_577' title='bbox 3098 1594 3316 1659; x_wconf 74' lang='lat' dir='ltr'><strong>propter</strong></span> <span class='ocrx_word' id='word_1_578' title='bbox 3339 1568 3477 1657; x_wconf 64' lang='lat' dir='ltr'><strong>quod</strong></span> <span class='ocrx_word' id='word_1_579' title='bbox 3508 1596 3715 1641; x_wconf 84' lang='lat' dir='ltr'><strong>tantum</strong></span> 
     </span>
    </p>
   </div>
   <div class='ocr_carea' id='block_1_78' title="bbox 2124 1674 3715 1769">
    <p class='ocr_par' dir='ltr' id='par_1_78' title="bbox 2124 1674 3715 1769">
     <span class='ocr_line' id='line_1_78' title="bbox 2124 1674 3715 1769; baseline -0.006 -27"><span class='ocrx_word' id='word_1_580' title='bbox 2124 1686 2421 1769; x_wconf 83' lang='lat' dir='ltr'><strong>laboratum</strong></span> <span class='ocrx_word' id='word_1_581' title='bbox 2441 1694 2540 1749; x_wconf 90' lang='lat' dir='ltr'><strong>est,</strong></span> <span class='ocrx_word' id='word_1_582' title='bbox 2560 1674 2875 1737; x_wconf 88' lang='lat' dir='ltr'><strong>altissimum</strong></span> <span class='ocrx_word' id='word_1_583' title='bbox 2895 1689 2948 1735; x_wconf 89' lang='lat' dir='ltr'><strong>et</strong></span> <span class='ocrx_word' id='word_1_584' title='bbox 2974 1678 3392 1735; x_wconf 81' lang='lat' dir='ltr'><strong>secretissimum</strong></span> <span class='ocrx_word' id='word_1_585' title='bbox 3409 1679 3715 1748; x_wconf 62' lang='lat' dir='ltr'><strong>praemium.</strong></span> 
     </span>
    </p>
   </div>
   <div class='ocr_carea' id='block_1_79' title="bbox 2620 1771 3429 1835">
    <p class='ocr_par' dir='ltr' id='par_1_79' title="bbox 2620 1771 3429 1835">
     <span class='ocr_line' id='line_1_79' title="bbox 2620 1771 3429 1835; baseline -0.006 -13"><span class='ocrx_word' id='word_1_586' title='bbox 2620 1780 2795 1823; x_wconf 83' lang='lat' dir='ltr'><strong>Sextus</strong></span> <span class='ocrx_word' id='word_1_587' title='bbox 2816 1771 2994 1835; x_wconf 84' lang='lat' dir='ltr'><strong>gradus</strong></span> <span class='ocrx_word' id='word_1_588' title='bbox 3015 1771 3206 1819; x_wconf 61' lang='lat' dir='ltr'><strong>anima.</strong></span> <span class='ocrx_word' id='word_1_589' title='bbox 3420 1778 3429 1783; x_wconf 74' lang='lat'><strong><em>‘</em></strong></span> 
     </span>
    </p>
   </div>
   <div class='ocr_carea' id='block_1_80' title="bbox 2197 1850 3713 1922">
    <p class='ocr_par' dir='ltr' id='par_1_80' title="bbox 2197 1850 3713 1922">
     <span class='ocr_line' id='line_1_80' title="bbox 2197 1850 3713 1922; baseline -0.005 -9"><span class='ocrx_word' id='word_1_590' title='bbox 2197 1860 2283 1915; x_wconf 83' lang='grc'><strong>75.</strong></span> <span class='ocrx_word' id='word_1_591' title='bbox 2324 1858 2427 1913; x_wconf 82' lang='lat' dir='ltr'><strong>Sed</strong></span> <span class='ocrx_word' id='word_1_592' title='bbox 2458 1858 2572 1911; x_wconf 86' lang='lat' dir='ltr'><strong>haec</strong></span> <span class='ocrx_word' id='word_1_593' title='bbox 2598 1857 2757 1919; x_wconf 86' lang='lat' dir='ltr'><strong>actio,</strong></span> <span class='ocrx_word' id='word_1_594' title='bbox 2790 1856 2841 1909; x_wconf 93' lang='lat' dir='ltr'><strong>id</strong></span> <span class='ocrx_word' id='word_1_595' title='bbox 2872 1863 2974 1921; x_wconf 89' lang='lat' dir='ltr'><strong>est,</strong></span> <span class='ocrx_word' id='word_1_596' title='bbox 3006 1852 3261 1922; x_wconf 84' lang='lat' dir='ltr'><strong>appetitio</strong></span> <span class='ocrx_word' id='word_1_597' title='bbox 3291 1850 3618 1920; x_wconf 82' lang='lat' dir='ltr'><strong>intelligendi</strong></span> <span class='ocrx_word' id='word_1_598' title='bbox 3648 1866 3713 1905; x_wconf 84' lang='lat' dir='ltr'><strong>ea</strong></span> 
     </span>
    </p>
   </div>
   <div class='ocr_carea' id='block_1_81' title="bbox 2124 1942 3712 2023">
    <p class='ocr_par' dir='ltr' id='par_1_81' title="bbox 2124 1942 3712 2023">
     <span class='ocr_line' id='line_1_81' title="bbox 2124 1942 3712 2023; baseline -0.005 -21"><span class='ocrx_word' id='word_1_599' title='bbox 2124 1952 2242 2023; x_wconf 78' lang='lat' dir='ltr'><strong>quae</strong></span> <span class='ocrx_word' id='word_1_600' title='bbox 2270 1966 2393 2004; x_wconf 87' lang='lat' dir='ltr'><strong>vere</strong></span> <span class='ocrx_word' id='word_1_601' title='bbox 2420 1963 2730 2017; x_wconf 89' lang='lat' dir='ltr'><strong>summeque</strong></span> <span class='ocrx_word' id='word_1_602' title='bbox 2758 1954 2881 2000; x_wconf 91' lang='lat' dir='ltr'><strong>sunt</strong></span> <span class='ocrx_word' id='word_1_603' title='bbox 2904 1988 2917 2011; x_wconf 90' lang='lat'><strong>,</strong></span> <span class='ocrx_word' id='word_1_604' title='bbox 2950 1958 3187 1999; x_wconf 89' lang='lat' dir='ltr'><strong>summus</strong></span> <span class='ocrx_word' id='word_1_605' title='bbox 3214 1950 3459 2013; x_wconf 89' lang='lat' dir='ltr'><strong>aspectus</strong></span> <span class='ocrx_word' id='word_1_606' title='bbox 3487 1951 3569 1997; x_wconf 89' lang='lat' dir='ltr'><strong>est</strong></span> <span class='ocrx_word' id='word_1_607' title='bbox 3592 1942 3712 1995; x_wconf 86' lang='lat' dir='ltr'><strong>ani-</strong></span> 
     </span>
    </p>
   </div>
   <div class='ocr_carea' id='block_1_82' title="bbox 2123 2028 3713 2113">
    <p class='ocr_par' dir='ltr' id='par_1_82' title="bbox 2123 2028 3713 2113">
     <span class='ocr_line' id='line_1_82' title="bbox 2123 2028 3713 2113; baseline -0.009 -13"><span class='ocrx_word' id='word_1_608' title='bbox 2123 2028 2245 2111; x_wconf 76' lang='lat' dir='ltr'><strong>mae,</strong></span> <span class='ocrx_word' id='word_1_609' title='bbox 2278 2060 2380 2113; x_wconf 86' lang='lat' dir='ltr'><strong>quo</strong></span> <span class='ocrx_word' id='word_1_610' title='bbox 2406 2039 2812 2111; x_wconf 89' lang='lat' dir='ltr'><strong>perfectiorcm,</strong></span> <span class='ocrx_word' id='word_1_611' title='bbox 2861 2038 3136 2092; x_wconf 90' lang='lat' dir='ltr'><strong>meliorem</strong></span> <span class='ocrx_word' id='word_1_612' title='bbox 3176 2036 3564 2103; x_wconf 89' lang='lat' dir='ltr'><strong>rectioremque</strong></span> <span class='ocrx_word' id='word_1_613' title='bbox 3605 2048 3713 2087; x_wconf 94' lang='lat' dir='ltr'><strong>non</strong></span> 
     </span>
    </p>
   </div>
   <div class='ocr_carea' id='block_1_83' title="bbox 2124 2116 3716 2200">
    <p class='ocr_par' dir='ltr' id='par_1_83' title="bbox 2124 2116 3716 2200">
     <span class='ocr_line' id='line_1_83' title="bbox 2124 2116 3716 2200; baseline -0.008 -10"><span class='ocrx_word' id='word_1_614' title='bbox 2124 2116 2301 2190; x_wconf 70' lang='lat' dir='ltr'><strong>habet.</strong></span> <span class='ocrx_word' id='word_1_615' title='bbox 2336 2134 2527 2189; x_wconf 85' lang='lat' dir='ltr'><strong>Sextus</strong></span> <span class='ocrx_word' id='word_1_616' title='bbox 2548 2148 2673 2200; x_wconf 82' lang='lat' dir='ltr'><strong>ergo</strong></span> <span class='ocrx_word' id='word_1_617' title='bbox 2697 2131 2799 2185; x_wconf 88' lang='lat' dir='ltr'><strong>erit</strong></span> <span class='ocrx_word' id='word_1_618' title='bbox 2826 2132 2922 2183; x_wconf 89' lang='lat' dir='ltr'><strong>iste</strong></span> <span class='ocrx_word' id='word_1_619' title='bbox 2950 2129 3149 2198; x_wconf 86' lang='lat' dir='ltr'><strong>gradus</strong></span> <span class='ocrx_word' id='word_1_620' title='bbox 3174 2125 3436 2180; x_wconf 89' lang='lat' dir='ltr'><strong>actionis:</strong></span> <span class='ocrx_word' id='word_1_621' title='bbox 3463 2124 3605 2179; x_wconf 85' lang='lat' dir='ltr'><strong>aliud</strong></span> <span class='ocrx_word' id='word_1_622' title='bbox 3631 2134 3716 2179; x_wconf 88' lang='lat' dir='ltr'><strong>est</strong></span> 
     </span>
    </p>
   </div>
   <div class='ocr_carea' id='block_1_84' title="bbox 2124 2215 3716 2291">
    <p class='ocr_par' dir='ltr' id='par_1_84' title="bbox 2124 2215 3716 2291">
     <span class='ocr_line' id='line_1_84' title="bbox 2124 2215 3716 2291; baseline -0.008 -8"><span class='ocrx_word' id='word_1_623' title='bbox 2124 2230 2266 2283; x_wconf 88' lang='lat' dir='ltr'><strong>enim</strong></span> <span class='ocrx_word' id='word_1_624' title='bbox 2297 2226 2539 2280; x_wconf 90' lang='lat' dir='ltr'><strong>mundari</strong></span> <span class='ocrx_word' id='word_1_625' title='bbox 2568 2224 2778 2278; x_wconf 88' lang='lat' dir='ltr'><strong>oculum</strong></span> <span class='ocrx_word' id='word_1_626' title='bbox 2811 2224 2980 2291; x_wconf 86' lang='lat' dir='ltr'><strong>ipsum</strong></span> <span class='ocrx_word' id='word_1_627' title='bbox 3002 2222 3212 2276; x_wconf 71' lang='lat' dir='ltr'><strong>animm.</strong></span> <span class='ocrx_word' id='word_1_628' title='bbox 3243 2233 3310 2272; x_wconf 94' lang='lat' dir='ltr'><strong>ne</strong></span> <span class='ocrx_word' id='word_1_629' title='bbox 3335 2215 3526 2271; x_wconf 80' lang='lat' dir='ltr'><strong>frustra</strong></span> <span class='ocrx_word' id='word_1_630' title='bbox 3551 2225 3607 2270; x_wconf 86' lang='lat' dir='ltr'><strong>et</strong></span> <span class='ocrx_word' id='word_1_631' title='bbox 3634 2226 3716 2271; x_wconf 85' lang='lat' dir='ltr'><strong>te—</strong></span> 
     </span>
    </p>
   </div>
   <div class='ocr_carea' id='block_1_85' title="bbox 2125 2309 3716 2387">
    <p class='ocr_par' dir='ltr' id='par_1_85' title="bbox 2125 2309 3716 2387">
     <span class='ocr_line' id='line_1_85' title="bbox 2125 2309 3716 2387; baseline -0.006 -14"><span class='ocrx_word' id='word_1_632' title='bbox 2125 2310 2271 2374; x_wconf 87' lang='lat' dir='ltr'><strong>mere</strong></span> <span class='ocrx_word' id='word_1_633' title='bbox 2299 2318 2539 2387; x_wconf 88' lang='lat' dir='ltr'><strong>aspiciat,</strong></span> <span class='ocrx_word' id='word_1_634' title='bbox 2572 2324 2622 2370; x_wconf 92' lang='lat' dir='ltr'><strong>et</strong></span> <span class='ocrx_word' id='word_1_635' title='bbox 2656 2330 2817 2385; x_wconf 89' lang='lat' dir='ltr'><strong>prave</strong></span> <span class='ocrx_word' id='word_1_636' title='bbox 2844 2312 3055 2377; x_wconf 84' lang='lat' dir='ltr'><strong>videat;</strong></span> <span class='ocrx_word' id='word_1_637' title='bbox 3085 2312 3225 2364; x_wconf 90' lang='lat' dir='ltr'><strong>aliud</strong></span> <span class='ocrx_word' id='word_1_638' title='bbox 3254 2311 3419 2380; x_wconf 88' lang='lat' dir='ltr'><strong>ipsam</strong></span> <span class='ocrx_word' id='word_1_639' title='bbox 3442 2309 3716 2363; x_wconf 89' lang='lat' dir='ltr'><strong>custodire</strong></span> 
     </span>
    </p>
   </div>
   <div class='ocr_carea' id='block_1_86' title="bbox 2124 2403 3717 2479">
    <p class='ocr_par' dir='ltr' id='par_1_86' title="bbox 2124 2403 3717 2479">
     <span class='ocr_line' id='line_1_86' title="bbox 2124 2403 3717 2479; baseline -0.006 -16"><span class='ocrx_word' id='word_1_640' title='bbox 2124 2404 2282 2479; x_wconf 81' lang='lat' dir='ltr'><strong>atque</strong></span> <span class='ocrx_word' id='word_1_641' title='bbox 2326 2408 2537 2462; x_wconf 78' lang='lat' dir='ltr'><strong>firmare</strong></span> <span class='ocrx_word' id='word_1_642' title='bbox 2583 2407 2899 2469; x_wconf 84' lang='lat' dir='ltr'><strong>sanitatem;</strong></span> <span class='ocrx_word' id='word_1_643' title='bbox 2951 2403 3090 2457; x_wconf 86' lang='lat' dir='ltr'><strong>aliud</strong></span> <span class='ocrx_word' id='word_1_644' title='bbox 3130 2403 3239 2471; x_wconf 90' lang='lat' dir='ltr'><strong>jam</strong></span> <span class='ocrx_word' id='word_1_645' title='bbox 3280 2413 3524 2453; x_wconf 84' lang='lat' dir='ltr'><strong>serenum</strong></span> <span class='ocrx_word' id='word_1_646' title='bbox 3554 2408 3717 2468; x_wconf 88' lang='lat' dir='ltr'><strong>atque</strong></span> 
     </span>
    </p>
   </div>
   <div class='ocr_carea' id='block_1_87' title="bbox 2126 2484 3713 2569">
    <p class='ocr_par' dir='ltr' id='par_1_87' title="bbox 2126 2484 3713 2569">
     <span class='ocr_line' id='line_1_87' title="bbox 2126 2484 3713 2569; baseline -0.007 -14"><span class='ocrx_word' id='word_1_647' title='bbox 2126 2484 2328 2555; x_wconf 64' lang='lat' dir='ltr'><strong>rectum</strong></span> <span class='ocrx_word' id='word_1_648' title='bbox 2357 2508 2624 2569; x_wconf 85' lang='lat' dir='ltr'><strong>aspectum</strong></span> <span class='ocrx_word' id='word_1_649' title='bbox 2656 2498 2705 2550; x_wconf 89' lang='lat' dir='ltr'><strong>in</strong></span> <span class='ocrx_word' id='word_1_650' title='bbox 2742 2498 2790 2551; x_wconf 90' lang='lat' dir='ltr'><strong>id</strong></span> <span class='ocrx_word' id='word_1_651' title='bbox 2818 2496 2955 2566; x_wconf 89' lang='lat' dir='ltr'><strong>quod</strong></span> <span class='ocrx_word' id='word_1_652' title='bbox 2988 2494 3272 2548; x_wconf 90' lang='lat' dir='ltr'><strong>videndum</strong></span> <span class='ocrx_word' id='word_1_653' title='bbox 3310 2500 3423 2556; x_wconf 90' lang='lat' dir='ltr'><strong>est,</strong></span> <span class='ocrx_word' id='word_1_654' title='bbox 3460 2491 3713 2560; x_wconf 83' lang='lat' dir='ltr'><strong>dirigere.</strong></span> 
     </span>
    </p>
   </div>
   <div class='ocr_carea' id='block_1_88' title="bbox 2088 2581 3715 2661">
    <p class='ocr_par' dir='ltr' id='par_1_88' title="bbox 2088 2581 3715 2661">
     <span class='ocr_line' id='line_1_88' title="bbox 2088 2581 3715 2661; baseline -0.006 -17"><span class='ocrx_word' id='word_1_655' title='bbox 2088 2606 2091 2615; x_wconf 80' lang='lat'><em>‘</em></span> <span class='ocrx_word' id='word_1_656' title='bbox 2126 2592 2276 2659; x_wconf 86' lang='lat' dir='ltr'><strong>Quod</strong></span> <span class='ocrx_word' id='word_1_657' title='bbox 2308 2592 2397 2661; x_wconf 92' lang='lat' dir='ltr'><strong>qui</strong></span> <span class='ocrx_word' id='word_1_658' title='bbox 2431 2590 2574 2659; x_wconf 85' lang='lat' dir='ltr'><strong>prius</strong></span> <span class='ocrx_word' id='word_1_659' title='bbox 2601 2586 2783 2641; x_wconf 80' lang='lat' dir='ltr'><strong>volunt</strong></span> <span class='ocrx_word' id='word_1_660' title='bbox 2811 2586 2985 2639; x_wconf 82' lang='lat' dir='ltr'><strong>facere</strong></span> <span class='ocrx_word' id='word_1_661' title='bbox 3015 2600 3171 2654; x_wconf 88' lang='lat' dir='ltr'><strong>quam</strong></span> <span class='ocrx_word' id='word_1_662' title='bbox 3200 2581 3436 2636; x_wconf 87' lang='lat' dir='ltr'><strong>mundati</strong></span> <span class='ocrx_word' id='word_1_663' title='bbox 3464 2592 3519 2635; x_wconf 87' lang='lat' dir='ltr'><strong>et</strong></span> <span class='ocrx_word' id='word_1_664' title='bbox 3542 2582 3715 2634; x_wconf 88' lang='lat' dir='ltr'><strong>sanati</strong></span> 
     </span>
    </p>
   </div>
   <div class='ocr_carea' id='block_1_89' title="bbox 2125 2672 3716 2745">
    <p class='ocr_par' dir='ltr' id='par_1_89' title="bbox 2125 2672 3716 2745">
     <span class='ocr_line' id='line_1_89' title="bbox 2125 2672 3716 2745; baseline -0.008 -8"><span class='ocrx_word' id='word_1_665' title='bbox 2125 2672 2352 2745; x_wconf 53' lang='lat' dir='ltr'><strong>fuerint“,</strong></span> <span class='ocrx_word' id='word_1_666' title='bbox 2402 2683 2472 2735; x_wconf 89' lang='lat' dir='ltr'><strong>ita</strong></span> <span class='ocrx_word' id='word_1_667' title='bbox 2520 2674 2605 2735; x_wconf 92' lang='lat' dir='ltr'><strong>illa</strong></span> <span class='ocrx_word' id='word_1_668' title='bbox 2634 2681 2749 2734; x_wconf 87' lang='lat' dir='ltr'><strong>luce</strong></span> <span class='ocrx_word' id='word_1_669' title='bbox 2780 2678 3192 2731; x_wconf 89' lang='lat' dir='ltr'><strong>reverberantnr</strong></span> <span class='ocrx_word' id='word_1_670' title='bbox 3218 2672 3489 2735; x_wconf 88' lang='lat' dir='ltr'><strong>veritatis,</strong></span> <span class='ocrx_word' id='word_1_671' title='bbox 3524 2680 3581 2725; x_wconf 89' lang='lat' dir='ltr'><strong>ut</strong></span> <span class='ocrx_word' id='word_1_672' title='bbox 3609 2687 3716 2725; x_wconf 95' lang='lat' dir='ltr'><strong>non</strong></span> 
     </span>
    </p>
   </div>
   <div class='ocr_carea' id='block_1_90' title="bbox 2125 2762 3721 2837">
    <p class='ocr_par' dir='ltr' id='par_1_90' title="bbox 2125 2762 3721 2837">
     <span class='ocr_line' id='line_1_90' title="bbox 2125 2762 3721 2837; baseline -0.01 -9"><span class='ocrx_word' id='word_1_673' title='bbox 2125 2776 2295 2829; x_wconf 89' lang='lat' dir='ltr'><strong>solum</strong></span> <span class='ocrx_word' id='word_1_674' title='bbox 2320 2764 2447 2827; x_wconf 92' lang='lat' dir='ltr'><strong>nihil</strong></span> <span class='ocrx_word' id='word_1_675' title='bbox 2472 2771 2621 2837; x_wconf 90' lang='lat' dir='ltr'><strong>boni,</strong></span> <span class='ocrx_word' id='word_1_676' title='bbox 2653 2770 2746 2825; x_wconf 88' lang='lat' dir='ltr'><strong>sed</strong></span> <span class='ocrx_word' id='word_1_677' title='bbox 2778 2769 2936 2822; x_wconf 89' lang='lat' dir='ltr'><strong>etiam</strong></span> <span class='ocrx_word' id='word_1_678' title='bbox 2968 2766 3091 2820; x_wconf 90' lang='lat' dir='ltr'><strong>mali</strong></span> <span class='ocrx_word' id='word_1_679' title='bbox 3121 2765 3404 2834; x_wconf 89' lang='lat' dir='ltr'><strong>plurimum</strong></span> <span class='ocrx_word' id='word_1_680' title='bbox 3442 2762 3493 2815; x_wconf 91' lang='lat' dir='ltr'><strong>in</strong></span> <span class='ocrx_word' id='word_1_681' title='bbox 3524 2775 3583 2815; x_wconf 89' lang='lat' dir='ltr'><strong>ea</strong></span> <span class='ocrx_word' id='word_1_682' title='bbox 3616 2775 3721 2829; x_wconf 86' lang='lat' dir='ltr'><strong>pu-</strong></span> 
     </span>
    </p>
   </div>
   <div class='ocr_carea' id='block_1_91' title="bbox 2125 2851 3719 2930">
    <p class='ocr_par' dir='ltr' id='par_1_91' title="bbox 2125 2851 3719 2930">
     <span class='ocr_line' id='line_1_91' title="bbox 2125 2851 3719 2930; baseline -0.01 -11"><span class='ocrx_word' id='word_1_683' title='bbox 2125 2875 2236 2920; x_wconf 83' lang='lat' dir='ltr'><strong>tent</strong></span> <span class='ocrx_word' id='word_1_684' title='bbox 2260 2872 2406 2923; x_wconf 84' lang='lat' dir='ltr'><strong>esse,</strong></span> <span class='ocrx_word' id='word_1_685' title='bbox 2450 2871 2609 2930; x_wconf 84' lang='lat' dir='ltr'><strong>atque</strong></span> <span class='ocrx_word' id='word_1_686' title='bbox 2638 2861 2704 2914; x_wconf 89' lang='lat' dir='ltr'><strong>ab</strong></span> <span class='ocrx_word' id='word_1_687' title='bbox 2730 2870 2795 2913; x_wconf 88' lang='lat' dir='ltr'><strong>ea</strong></span> <span class='ocrx_word' id='word_1_688' title='bbox 2824 2872 3018 2912; x_wconf 92' lang='lat' dir='ltr'><strong>nomen</strong></span> <span class='ocrx_word' id='word_1_689' title='bbox 3049 2854 3286 2909; x_wconf 87' lang='lat' dir='ltr'><strong>veritatis</strong></span> <span class='ocrx_word' id='word_1_690' title='bbox 3310 2851 3630 2920; x_wconf 82' lang='lat' dir='ltr'><strong>abjudicent,</strong></span> <span class='ocrx_word' id='word_1_691' title='bbox 3661 2858 3719 2905; x_wconf 83' lang='lat' dir='ltr'><strong>et</strong></span> 
     </span>
    </p>
   </div>
   <div class='ocr_carea' id='block_1_92' title="bbox 2125 2942 3718 3024">
    <p class='ocr_par' dir='ltr' id='par_1_92' title="bbox 2125 2942 3718 3024">
     <span class='ocr_line' id='line_1_92' title="bbox 2125 2942 3718 3024; baseline -0.01 -13"><span class='ocrx_word' id='word_1_692' title='bbox 2125 2971 2245 3011; x_wconf 88' lang='lat' dir='ltr'><strong>cum</strong></span> <span class='ocrx_word' id='word_1_693' title='bbox 2289 2944 2514 3024; x_wconf 82' lang='lat' dir='ltr'><strong>quadam</strong></span> <span class='ocrx_word' id='word_1_694' title='bbox 2549 2950 2766 3005; x_wconf 89' lang='lat' dir='ltr'><strong>libidine</strong></span> <span class='ocrx_word' id='word_1_695' title='bbox 2798 2960 2849 3003; x_wconf 90' lang='lat' dir='ltr'><strong>et</strong></span> <span class='ocrx_word' id='word_1_696' title='bbox 2880 2942 3152 3015; x_wconf 87' lang='lat' dir='ltr'><strong>voluptate</strong></span> <span class='ocrx_word' id='word_1_697' title='bbox 3197 2942 3485 2997; x_wconf 89' lang='lat' dir='ltr'><strong>miserabili</strong></span> <span class='ocrx_word' id='word_1_698' title='bbox 3512 2942 3564 2994; x_wconf 90' lang='lat' dir='ltr'><strong>in</strong></span> <span class='ocrx_word' id='word_1_699' title='bbox 3591 2954 3718 2995; x_wconf 87' lang='lat' dir='ltr'><strong>suas</strong></span> 
     </span>
    </p>
   </div>
   <div class='ocr_carea' id='block_1_93' title="bbox 2127 3032 3719 3113">
    <p class='ocr_par' dir='ltr' id='par_1_93' title="bbox 2127 3032 3719 3113">
     <span class='ocr_line' id='line_1_93' title="bbox 2127 3032 3719 3113; baseline -0.009 -11"><span class='ocrx_word' id='word_1_700' title='bbox 2127 3046 2374 3102; x_wconf 84' lang='lat' dir='ltr'><strong>tenebras</strong></span> <span class='ocrx_word' id='word_1_701' title='bbox 2399 3087 2412 3110; x_wconf 91' lang='lat'><strong>,</strong></span> <span class='ocrx_word' id='word_1_702' title='bbox 2460 3058 2592 3113; x_wconf 90' lang='lat' dir='ltr'><strong>quas</strong></span> <span class='ocrx_word' id='word_1_703' title='bbox 2618 3056 2802 3096; x_wconf 89' lang='lat' dir='ltr'><strong>eorum</strong></span> <span class='ocrx_word' id='word_1_704' title='bbox 2831 3039 3047 3093; x_wconf 84' lang='lat' dir='ltr'><strong>morbus</strong></span> <span class='ocrx_word' id='word_1_705' title='bbox 3076 3036 3182 3106; x_wconf 87' lang='lat' dir='ltr'><strong>pati</strong></span> <span class='ocrx_word' id='word_1_706' title='bbox 3212 3042 3407 3105; x_wconf 90' lang='lat' dir='ltr'><strong>potest,</strong></span> <span class='ocrx_word' id='word_1_707' title='bbox 3438 3032 3719 3087; x_wconf 69' lang='lat' dir='ltr'><strong>medicina:</strong></span> 
     </span>
    </p>
   </div>
   <div class='ocr_carea' id='block_1_94' title="bbox 2126 3126 3720 3203">
    <p class='ocr_par' dir='ltr' id='par_1_94' title="bbox 2126 3126 3720 3203">
     <span class='ocr_line' id='line_1_94' title="bbox 2126 3126 3720 3203; baseline -0.011 -9"><span class='ocrx_word' id='word_1_708' title='bbox 2126 3136 2505 3194; x_wconf 83' lang='lat' dir='ltr'><strong>maledicentes</strong></span> <span class='ocrx_word' id='word_1_709' title='bbox 2533 3126 2816 3203; x_wconf 82' lang='lat' dir='ltr'><strong>refugiant.</strong></span> <span class='ocrx_word' id='word_1_710' title='bbox 2856 3131 3008 3186; x_wconf 89' lang='lat' dir='ltr'><strong>Unde</strong></span> <span class='ocrx_word' id='word_1_711' title='bbox 3033 3128 3211 3183; x_wconf 86' lang='lat' dir='ltr'><strong>divino</strong></span> <span class='ocrx_word' id='word_1_712' title='bbox 3235 3127 3444 3192; x_wconf 84' lang='lat' dir='ltr'><strong>aﬂlatu,</strong></span> <span class='ocrx_word' id='word_1_713' title='bbox 3480 3136 3532 3181; x_wconf 89' lang='lat' dir='ltr'><strong>et</strong></span> <span class='ocrx_word' id='word_1_714' title='bbox 3564 3140 3720 3195; x_wconf 85' lang='lat' dir='ltr'><strong>pror-</strong></span> 
     </span>
    </p>
   </div>
   <div class='ocr_carea' id='block_1_95' title="bbox 2126 3216 3718 3289">
    <p class='ocr_par' dir='ltr' id='par_1_95' title="bbox 2126 3216 3718 3289">
     <span class='ocr_line' id='line_1_95' title="bbox 2126 3216 3718 3289; baseline -0.012 -2"><span class='ocrx_word' id='word_1_715' title='bbox 2126 3246 2218 3287; x_wconf 86' lang='lat' dir='ltr'><strong>sus</strong></span> <span class='ocrx_word' id='word_1_716' title='bbox 2238 3227 2632 3283; x_wconf 76' lang='lat' dir='ltr'><strong>ordinatissime</strong></span> <span class='ocrx_word' id='word_1_717' title='bbox 2658 3216 2788 3278; x_wconf 88' lang='lat' dir='ltr'><strong>illud</strong></span> <span class='ocrx_word' id='word_1_718' title='bbox 2815 3239 2842 3275; x_wconf 92' lang='lat' dir='ltr'><strong>a</strong></span> <span class='ocrx_word' id='word_1_719' title='bbox 2880 3221 3142 3289; x_wconf 87' lang='lat' dir='ltr'><strong>Propheta</strong></span> <span class='ocrx_word' id='word_1_720' title='bbox 3176 3220 3370 3273; x_wconf 88' lang='lat' dir='ltr'><strong>dicitttr</strong></span> <span class='ocrx_word' id='word_1_721' title='bbox 3394 3235 3407 3270; x_wconf 89' lang='lat'><strong>:</strong></span> <span class='ocrx_word' id='word_1_722' title='bbox 3439 3216 3538 3270; x_wconf 81' lang='lat' dir='ltr'><strong>Cor</strong></span> <span class='ocrx_word' id='word_1_723' title='bbox 3564 3233 3718 3269; x_wconf 83' lang='lat' dir='ltr'><strong>mun-</strong></span> 
     </span>
    </p>
   </div>
   <div class='ocr_carea' id='block_1_96' title="bbox 2127 3308 3719 3381">
    <p class='ocr_par' dir='ltr' id='par_1_96' title="bbox 2127 3308 3719 3381">
     <span class='ocr_line' id='line_1_96' title="bbox 2127 3308 3719 3381; baseline -0.011 -5"><span class='ocrx_word' id='word_1_724' title='bbox 2127 3318 2248 3376; x_wconf 85' lang='lat' dir='ltr'><strong>dum</strong></span> <span class='ocrx_word' id='word_1_725' title='bbox 2291 3336 2403 3372; x_wconf 87' lang='lat' dir='ltr'><strong>crea</strong></span> <span class='ocrx_word' id='word_1_726' title='bbox 2446 3319 2499 3371; x_wconf 82' lang='lat' dir='ltr'><strong>in</strong></span> <span class='ocrx_word' id='word_1_727' title='bbox 2540 3326 2617 3370; x_wconf 84' lang='lat' dir='ltr'><strong>me</strong></span> <span class='ocrx_word' id='word_1_728' title='bbox 2636 3358 2651 3381; x_wconf 93' lang='lat'><strong>,</strong></span> <span class='ocrx_word' id='word_1_729' title='bbox 2693 3314 2829 3368; x_wconf 81' lang='lat' dir='ltr'><strong>Deus</strong></span> <span class='ocrx_word' id='word_1_730' title='bbox 2852 3355 2867 3380; x_wconf 97' lang='lat'><strong>,</strong></span> <span class='ocrx_word' id='word_1_731' title='bbox 2899 3323 2944 3366; x_wconf 84' lang='lat' dir='ltr'><strong>et</strong></span> <span class='ocrx_word' id='word_1_732' title='bbox 2972 3312 3206 3379; x_wconf 77' lang='lat' dir='ltr'><strong>spiritum</strong></span> <span class='ocrx_word' id='word_1_733' title='bbox 3232 3319 3419 3363; x_wconf 86' lang='lat' dir='ltr'><strong>rectum</strong></span> <span class='ocrx_word' id='word_1_734' title='bbox 3454 3308 3637 3361; x_wconf 81' lang='lat' dir='ltr'><strong>innova</strong></span> <span class='ocrx_word' id='word_1_735' title='bbox 3664 3308 3719 3361; x_wconf 79' lang='lat' dir='ltr'><strong>in</strong></span> 
     </span>
    </p>
   </div>
   <div class='ocr_carea' id='block_1_97' title="bbox 2126 3384 3717 3479">
    <p class='ocr_par' dir='ltr' id='par_1_97' title="bbox 2126 3384 3717 3479">
     <span class='ocr_line' id='line_1_97' title="bbox 2126 3384 3717 3479; baseline -0.006 -12"><span class='ocrx_word' id='word_1_736' title='bbox 2126 3410 2394 3467; x_wconf 78' lang='lat' dir='ltr'><strong>visceribus</strong></span> <span class='ocrx_word' id='word_1_737' title='bbox 2423 3409 2544 3462; x_wconf 85' lang='lat' dir='ltr'><strong>meis</strong></span> <span class='ocrx_word' id='word_1_738' title='bbox 2572 3406 2741 3479; x_wconf 79' lang='lat' dir='ltr'><strong>(Psnl.</strong></span> <span class='ocrx_word' id='word_1_739' title='bbox 2764 3420 2818 3470; x_wconf 83' lang='lat'><strong>1.,</strong></span> <span class='ocrx_word' id='word_1_740' title='bbox 2852 3402 2961 3475; x_wconf 67' lang='lat' dir='ltr'><strong>l2).</strong></span> <span class='ocrx_word' id='word_1_741' title='bbox 2986 3403 3219 3471; x_wconf 87' lang='lat' dir='ltr'><strong>Spiritus</strong></span> <span class='ocrx_word' id='word_1_742' title='bbox 3247 3384 3388 3454; x_wconf 88' lang='lat' dir='ltr'><strong>enim</strong></span> <span class='ocrx_word' id='word_1_743' title='bbox 3415 3408 3592 3454; x_wconf 88' lang='lat' dir='ltr'><strong>rectus</strong></span> <span class='ocrx_word' id='word_1_744' title='bbox 3613 3407 3717 3465; x_wconf 75' lang='lat' dir='ltr'><strong>est,</strong></span> 
     </span>
    </p>
   </div>
   <div class='ocr_carea' id='block_1_98' title="bbox 2129 3491 3721 3573">
    <p class='ocr_par' dir='ltr' id='par_1_98' title="bbox 2129 3491 3721 3573">
     <span class='ocr_line' id='line_1_98' title="bbox 2129 3491 3721 3573; baseline -0.011 -12"><span class='ocrx_word' id='word_1_745' title='bbox 2129 3504 2313 3571; x_wconf 90' lang='lat' dir='ltr'><strong>credo,</strong></span> <span class='ocrx_word' id='word_1_746' title='bbox 2343 3492 2459 3573; x_wconf 49' lang='lat' dir='ltr'><strong>quo&#39;</strong></span> <span class='ocrx_word' id='word_1_747' title='bbox 2486 3504 2542 3555; x_wconf 87' lang='lat' dir='ltr'><strong>tit</strong></span> <span class='ocrx_word' id='word_1_748' title='bbox 2570 3506 2629 3555; x_wconf 86' lang='lat' dir='ltr'><strong>ut</strong></span> <span class='ocrx_word' id='word_1_749' title='bbox 2652 3501 2825 3553; x_wconf 87' lang='lat' dir='ltr'><strong>anima</strong></span> <span class='ocrx_word' id='word_1_750' title='bbox 2854 3500 2905 3551; x_wconf 86' lang='lat' dir='ltr'><strong>in</strong></span> <span class='ocrx_word' id='word_1_751' title='bbox 2942 3496 3161 3551; x_wconf 88' lang='lat' dir='ltr'><strong>veritate</strong></span> <span class='ocrx_word' id='word_1_752' title='bbox 3192 3492 3475 3563; x_wconf 77' lang='lat' dir='ltr'><strong>quaerenda</strong></span> <span class='ocrx_word' id='word_1_753' title='bbox 3501 3491 3721 3547; x_wconf 87' lang='lat' dir='ltr'><strong>deviare</strong></span> 
     </span>
    </p>
   </div>
   <div class='ocr_carea' id='block_1_99' title="bbox 2129 3581 3720 3666">
    <p class='ocr_par' dir='ltr' id='par_1_99' title="bbox 2129 3581 3720 3666">
     <span class='ocr_line' id='line_1_99' title="bbox 2129 3581 3720 3666; baseline -0.01 -17"><span class='ocrx_word' id='word_1_754' title='bbox 2129 3604 2288 3666; x_wconf 89' lang='lat' dir='ltr'><strong>atque</strong></span> <span class='ocrx_word' id='word_1_755' title='bbox 2316 3608 2497 3649; x_wconf 87' lang='lat' dir='ltr'><strong>errare</strong></span> <span class='ocrx_word' id='word_1_756' title='bbox 2538 3598 2643 3646; x_wconf 87' lang='lat' dir='ltr'><strong>non</strong></span> <span class='ocrx_word' id='word_1_757' title='bbox 2688 3589 2874 3658; x_wconf 87' lang='lat' dir='ltr'><strong>possit.</strong></span> <span class='ocrx_word' id='word_1_758' title='bbox 2922 3588 3019 3654; x_wconf 82' lang='lat' dir='ltr'><strong>Qui</strong></span> <span class='ocrx_word' id='word_1_759' title='bbox 3062 3588 3298 3655; x_wconf 86' lang='lat' dir='ltr'><strong>profecto</strong></span> <span class='ocrx_word' id='word_1_760' title='bbox 3325 3585 3375 3637; x_wconf 94' lang='lat' dir='ltr'><strong>in</strong></span> <span class='ocrx_word' id='word_1_761' title='bbox 3406 3597 3467 3637; x_wconf 91' lang='lat' dir='ltr'><strong>ea</strong></span> <span class='ocrx_word' id='word_1_762' title='bbox 3495 3596 3603 3636; x_wconf 93' lang='lat' dir='ltr'><strong>non</strong></span> <span class='ocrx_word' id='word_1_763' title='bbox 3636 3581 3720 3634; x_wconf 83' lang='lat' dir='ltr'><strong>in~</strong></span> 
     </span>
    </p>
   </div>
   <div class='ocr_carea' id='block_1_100' title="bbox 2130 3673 3719 3753">
    <p class='ocr_par' dir='ltr' id='par_1_100' title="bbox 2130 3673 3719 3753">
     <span class='ocr_line' id='line_1_100' title="bbox 2130 3673 3719 3753; baseline -0.01 -11"><span class='ocrx_word' id='word_1_764' title='bbox 2130 3686 2419 3751; x_wconf 81' lang='lat' dir='ltr'><strong>stauratur,</strong></span> <span class='ocrx_word' id='word_1_765' title='bbox 2447 3684 2545 3738; x_wconf 89' lang='lat' dir='ltr'><strong>nisi</strong></span> <span class='ocrx_word' id='word_1_766' title='bbox 2575 3684 2718 3753; x_wconf 88' lang='lat' dir='ltr'><strong>prius</strong></span> <span class='ocrx_word' id='word_1_767' title='bbox 2746 3695 2839 3735; x_wconf 92' lang='lat' dir='ltr'><strong>cor</strong></span> <span class='ocrx_word' id='word_1_768' title='bbox 2865 3679 3121 3733; x_wconf 91' lang='lat' dir='ltr'><strong>mundum</strong></span> <span class='ocrx_word' id='word_1_769' title='bbox 3156 3677 3331 3743; x_wconf 83' lang='lat' dir='ltr'><strong>fuerit,</strong></span> <span class='ocrx_word' id='word_1_770' title='bbox 3357 3676 3458 3730; x_wconf 88' lang='lat' dir='ltr'><strong>hoc</strong></span> <span class='ocrx_word' id='word_1_771' title='bbox 3483 3682 3584 3739; x_wconf 88' lang='lat' dir='ltr'><strong>est,</strong></span> <span class='ocrx_word' id='word_1_772' title='bbox 3616 3673 3719 3727; x_wconf 89' lang='lat' dir='ltr'><strong>nisi</strong></span> 
     </span>
    </p>
   </div>
   <div class='ocr_carea' id='block_1_101' title="bbox 2130 3767 3721 3851">
    <p class='ocr_par' dir='ltr' id='par_1_101' title="bbox 2130 3767 3721 3851">
     <span class='ocr_line' id='line_1_101' title="bbox 2130 3767 3721 3851; baseline -0.009 -17"><span class='ocrx_word' id='word_1_773' title='bbox 2130 3781 2278 3851; x_wconf 88' lang='lat' dir='ltr'><strong>prius</strong></span> <span class='ocrx_word' id='word_1_774' title='bbox 2308 3780 2419 3848; x_wconf 84' lang='lat' dir='ltr'><strong>ipsa</strong></span> <span class='ocrx_word' id='word_1_775' title='bbox 2446 3775 2693 3846; x_wconf 84' lang='lat' dir='ltr'><strong>cogitatio</strong></span> <span class='ocrx_word' id='word_1_776' title='bbox 2723 3775 2790 3828; x_wconf 89' lang='lat' dir='ltr'><strong>ab</strong></span> <span class='ocrx_word' id='word_1_777' title='bbox 2817 3774 2959 3827; x_wconf 90' lang='lat' dir='ltr'><strong>omni</strong></span> <span class='ocrx_word' id='word_1_778' title='bbox 2992 3770 3276 3840; x_wconf 88' lang='lat' dir='ltr'><strong>cupiditate</strong></span> <span class='ocrx_word' id='word_1_779' title='bbox 3300 3784 3361 3824; x_wconf 85' lang='lat' dir='ltr'><strong>ac</strong></span> <span class='ocrx_word' id='word_1_780' title='bbox 3381 3767 3512 3823; x_wconf 75' lang='lat' dir='ltr'><strong>fzece</strong></span> <span class='ocrx_word' id='word_1_781' title='bbox 3538 3780 3721 3839; x_wconf 84' lang='lat' dir='ltr'><strong>rerum</strong></span> 
     </span>
    </p>
   </div>
   <div class='ocr_carea' id='block_1_102' title="bbox 2132 3860 3359 3933">
    <p class='ocr_par' dir='ltr' id='par_1_102' title="bbox 2132 3860 3359 3933">
     <span class='ocr_line' id='line_1_102' title="bbox 2132 3860 3359 3933; baseline -0.011 -5"><span class='ocrx_word' id='word_1_782' title='bbox 2132 3871 2438 3928; x_wconf 87' lang='lat' dir='ltr'><strong>mortalium</strong></span> <span class='ocrx_word' id='word_1_783' title='bbox 2467 3878 2585 3925; x_wconf 76' lang='lat' dir='ltr'><strong>sese</strong></span> <span class='ocrx_word' id='word_1_784' title='bbox 2616 3860 2917 3923; x_wconf 71' lang='lat' dir='ltr'><strong>echibuerit</strong></span> <span class='ocrx_word' id='word_1_785' title='bbox 2946 3876 2999 3921; x_wconf 87' lang='lat' dir='ltr'><strong>et</strong></span> <span class='ocrx_word' id='word_1_786' title='bbox 3027 3864 3359 3933; x_wconf 88' lang='lat' dir='ltr'><strong>eliquaverit.</strong></span> 
     </span>
    </p>
   </div>
   <div class='ocr_carea' id='block_1_103' title="bbox 2585 3957 3235 4023">
    <p class='ocr_par' dir='ltr' id='par_1_103' title="bbox 2585 3957 3235 4023">
     <span class='ocr_line' id='line_1_103' title="bbox 2585 3957 3235 4023; baseline -0.011 -13"><span class='ocrx_word' id='word_1_787' title='bbox 2585 3961 2828 4023; x_wconf 85' lang='lat' dir='ltr'><strong>septimus</strong></span> <span class='ocrx_word' id='word_1_788' title='bbox 2845 3958 3027 4021; x_wconf 82' lang='lat' dir='ltr'><strong>gradus</strong></span> <span class='ocrx_word' id='word_1_789' title='bbox 3045 3957 3235 4005; x_wconf 73' lang='lat' dir='ltr'><strong>animae.</strong></span> 
     </span>
    </p>
   </div>
   <div class='ocr_carea' id='block_1_104' title="bbox 2208 4035 3725 4113">
    <p class='ocr_par' dir='ltr' id='par_1_104' title="bbox 2208 4035 3725 4113">
     <span class='ocr_line' id='line_1_104' title="bbox 2208 4035 3725 4113; baseline -0.009 -10"><span class='ocrx_word' id='word_1_790' title='bbox 2208 4049 2296 4103; x_wconf 86' lang='lat'><strong>76.</strong></span> <span class='ocrx_word' id='word_1_791' title='bbox 2336 4047 2583 4102; x_wconf 82' lang='lat' dir='ltr'><strong>Jamvero</strong></span> <span class='ocrx_word' id='word_1_792' title='bbox 2614 4046 2665 4098; x_wconf 94' lang='lat' dir='ltr'><strong>in</strong></span> <span class='ocrx_word' id='word_1_793' title='bbox 2705 4045 2819 4113; x_wconf 88' lang='lat' dir='ltr'><strong>ipsa</strong></span> <span class='ocrx_word' id='word_1_794' title='bbox 2860 4043 3065 4096; x_wconf 84' lang='lat' dir='ltr'><strong>visione</strong></span> <span class='ocrx_word' id='word_1_795' title='bbox 3090 4049 3248 4108; x_wconf 88' lang='lat' dir='ltr'><strong>atque</strong></span> <span class='ocrx_word' id='word_1_796' title='bbox 3275 4035 3725 4106; x_wconf 86' lang='lat' dir='ltr'><strong>contemplatione</strong></span> 
     </span>
    </p>
   </div>
   <div class='ocr_carea' id='block_1_105' title="bbox 2135 4127 3725 4207">
    <p class='ocr_par' dir='ltr' id='par_1_105' title="bbox 2135 4127 3725 4207">
     <span class='ocr_line' id='line_1_105' title="bbox 2135 4127 3725 4207; baseline -0.011 -11"><span class='ocrx_word' id='word_1_797' title='bbox 2135 4138 2374 4195; x_wconf 74' lang='lat' dir='ltr'><strong>veritatis</strong></span> <span class='ocrx_word' id='word_1_798' title='bbox 2396 4180 2408 4202; x_wconf 88' lang='lat'><strong>,</strong></span> <span class='ocrx_word' id='word_1_799' title='bbox 2453 4136 2541 4207; x_wconf 90' lang='lat' dir='ltr'><strong>qui</strong></span> <span class='ocrx_word' id='word_1_800' title='bbox 2572 4135 2831 4205; x_wconf 84' lang='lat' dir='ltr'><strong>septimus</strong></span> <span class='ocrx_word' id='word_1_801' title='bbox 2856 4142 3015 4201; x_wconf 88' lang='lat' dir='ltr'><strong>atque</strong></span> <span class='ocrx_word' id='word_1_802' title='bbox 3046 4131 3262 4185; x_wconf 89' lang='lat' dir='ltr'><strong>ultimus</strong></span> <span class='ocrx_word' id='word_1_803' title='bbox 3300 4129 3489 4183; x_wconf 75' lang='lat' dir='ltr'><strong>anima:</strong></span> <span class='ocrx_word' id='word_1_804' title='bbox 3524 4127 3725 4196; x_wconf 83' lang='lat' dir='ltr'><strong>gradus</strong></span> 
     </span>
    </p>
   </div>
   <div class='ocr_carea' id='block_1_106' title="bbox 2137 4220 3724 4299">
    <p class='ocr_par' dir='ltr' id='par_1_106' title="bbox 2137 4220 3724 4299">
     <span class='ocr_line' id='line_1_106' title="bbox 2137 4220 3724 4299; baseline -0.008 -12"><span class='ocrx_word' id='word_1_805' title='bbox 2137 4243 2251 4297; x_wconf 88' lang='lat' dir='ltr'><strong>est;</strong></span> <span class='ocrx_word' id='word_1_806' title='bbox 2282 4246 2452 4299; x_wconf 84' lang='lat' dir='ltr'><strong>neque</strong></span> <span class='ocrx_word' id='word_1_807' title='bbox 2473 4230 2581 4298; x_wconf 87' lang='lat' dir='ltr'><strong>jam</strong></span> <span class='ocrx_word' id='word_1_808' title='bbox 2604 4229 2819 4298; x_wconf 84' lang='lat' dir='ltr'><strong>gradus,</strong></span> <span class='ocrx_word' id='word_1_809' title='bbox 2849 4225 2941 4280; x_wconf 90' lang='lat' dir='ltr'><strong>sed</strong></span> <span class='ocrx_word' id='word_1_810' title='bbox 2968 4224 3209 4294; x_wconf 67' lang='lat' dir='ltr'><strong>qum-dam</strong></span> <span class='ocrx_word' id='word_1_811' title='bbox 3237 4222 3467 4287; x_wconf 91' lang='lat' dir='ltr'><strong>mansio,</strong></span> <span class='ocrx_word' id='word_1_812' title='bbox 3490 4236 3595 4287; x_wconf 88' lang='lat' dir='ltr'><strong>quo</strong></span> <span class='ocrx_word' id='word_1_813' title='bbox 3618 4220 3724 4274; x_wconf 89' lang='lat' dir='ltr'><strong>illis</strong></span> 
     </span>
    </p>
   </div>
   <div class='ocr_carea' id='block_1_107' title="bbox 2136 4312 3726 4395">
    <p class='ocr_par' dir='ltr' id='par_1_107' title="bbox 2136 4312 3726 4395">
     <span class='ocr_line' id='line_1_107' title="bbox 2136 4312 3726 4395; baseline -0.006 -19"><span class='ocrx_word' id='word_1_814' title='bbox 2136 4323 2389 4395; x_wconf 80' lang='lat' dir='ltr'><strong>gradibus</strong></span> <span class='ocrx_word' id='word_1_815' title='bbox 2415 4319 2757 4391; x_wconf 86' lang='lat' dir='ltr'><strong>pervenitur;</strong></span> <span class='ocrx_word' id='word_1_816' title='bbox 2790 4333 2906 4386; x_wconf 69' lang='lat' dir='ltr'><strong>qum</strong></span> <span class='ocrx_word' id='word_1_817' title='bbox 2929 4316 3031 4369; x_wconf 90' lang='lat' dir='ltr'><strong>sint</strong></span> <span class='ocrx_word' id='word_1_818' title='bbox 3055 4315 3264 4385; x_wconf 80' lang='lat' dir='ltr'><strong>gaudia,</strong></span> <span class='ocrx_word' id='word_1_819' title='bbox 3290 4328 3406 4383; x_wconf 78' lang='lat' dir='ltr'><strong>qu;e</strong></span> <span class='ocrx_word' id='word_1_820' title='bbox 3436 4312 3726 4381; x_wconf 81' lang='lat' dir='ltr'><strong>perfructio</strong></span> 
     </span>
    </p>
   </div>
   <div class='ocr_carea' id='block_1_108' title="bbox 2137 4406 3727 4477">
    <p class='ocr_par' dir='ltr' id='par_1_108' title="bbox 2137 4406 3727 4477">
     <span class='ocr_line' id='line_1_108' title="bbox 2137 4406 3727 4477; baseline -0.008 -9"><span class='ocrx_word' id='word_1_821' title='bbox 2137 4415 2329 4469; x_wconf 80' lang='lat' dir='ltr'><strong>summi</strong></span> <span class='ocrx_word' id='word_1_822' title='bbox 2361 4422 2415 4468; x_wconf 91' lang='lat' dir='ltr'><strong>et</strong></span> <span class='ocrx_word' id='word_1_823' title='bbox 2444 4412 2554 4466; x_wconf 88' lang='lat' dir='ltr'><strong>veri</strong></span> <span class='ocrx_word' id='word_1_824' title='bbox 2583 4411 2726 4473; x_wconf 86' lang='lat' dir='ltr'><strong>boni,</strong></span> <span class='ocrx_word' id='word_1_825' title='bbox 2756 4409 2910 4477; x_wconf 88' lang='lat' dir='ltr'><strong>cujus</strong></span> <span class='ocrx_word' id='word_1_826' title='bbox 2936 4408 3237 4462; x_wconf 89' lang='lat' dir='ltr'><strong>serenitatis</strong></span> <span class='ocrx_word' id='word_1_827' title='bbox 3270 4415 3429 4474; x_wconf 89' lang='lat' dir='ltr'><strong>atque</strong></span> <span class='ocrx_word' id='word_1_828' title='bbox 3455 4406 3727 4459; x_wconf 62' lang='lat' dir='ltr'><strong>aeternita-</strong></span> 
     </span>
    </p>
   </div>
   <div class='ocr_carea' id='block_1_109' title="bbox 2137 4496 3723 4572">
    <p class='ocr_par' dir='ltr' id='par_1_109' title="bbox 2137 4496 3723 4572">
     <span class='ocr_line' id='line_1_109' title="bbox 2137 4496 3723 4572; baseline -0.009 -12"><span class='ocrx_word' id='word_1_829' title='bbox 2137 4505 2206 4560; x_wconf 82' lang='lat' dir='ltr'><strong>tis</strong></span> <span class='ocrx_word' id='word_1_830' title='bbox 2233 4504 2460 4568; x_wconf 79' lang='lat' dir='ltr'><strong>afﬂatus,</strong></span> <span class='ocrx_word' id='word_1_831' title='bbox 2489 4501 2613 4572; x_wconf 91' lang='lat' dir='ltr'><strong>quid</strong></span> <span class='ocrx_word' id='word_1_832' title='bbox 2640 4514 2737 4569; x_wconf 84' lang='lat' dir='ltr'><strong>ego</strong></span> <span class='ocrx_word' id='word_1_833' title='bbox 2764 4498 2976 4553; x_wconf 82' lang='lat' dir='ltr'><strong>dicam?</strong></span> <span class='ocrx_word' id='word_1_834' title='bbox 3025 4498 3275 4551; x_wconf 79' lang='lat' dir='ltr'><strong>Dixerunt</strong></span> <span class='ocrx_word' id='word_1_835' title='bbox 3314 4496 3427 4549; x_wconf 71' lang='lat' dir='ltr'><strong>haec</strong></span> <span class='ocrx_word' id='word_1_836' title='bbox 3468 4503 3723 4565; x_wconf 88' lang='lat' dir='ltr'><strong>quantum</strong></span> 
     </span>
    </p>
   </div>
   <div class='ocr_carea' id='block_1_110' title="bbox 2140 4588 3728 4665">
    <p class='ocr_par' dir='ltr' id='par_1_110' title="bbox 2140 4588 3728 4665">
     <span class='ocr_line' id='line_1_110' title="bbox 2140 4588 3728 4665; baseline -0.011 -11"><span class='ocrx_word' id='word_1_837' title='bbox 2140 4599 2360 4654; x_wconf 89' lang='lat' dir='ltr'><strong>dicenda</strong></span> <span class='ocrx_word' id='word_1_838' title='bbox 2387 4611 2506 4650; x_wconf 89' lang='lat' dir='ltr'><strong>esse</strong></span> <span class='ocrx_word' id='word_1_839' title='bbox 2528 4595 2917 4665; x_wconf 75' lang='lat' dir='ltr'><strong>indicaverunt,</strong></span> <span class='ocrx_word' id='word_1_840' title='bbox 2952 4605 3156 4660; x_wconf 67' lang='lat' dir='ltr'><strong>magum,</strong></span> <span class='ocrx_word' id='word_1_841' title='bbox 3183 4589 3419 4658; x_wconf 59' lang='lat' dir='ltr'><strong>quaedam</strong></span> <span class='ocrx_word' id='word_1_842' title='bbox 3451 4601 3501 4641; x_wconf 91' lang='lat' dir='ltr'><strong>et</strong></span> <span class='ocrx_word' id='word_1_843' title='bbox 3522 4588 3728 4641; x_wconf 88' lang='lat' dir='ltr'><strong>incom-</strong></span> 
     </span>
    </p>
   </div>
   <div class='ocr_carea' id='block_1_111' title="bbox 2137 4679 3724 4762">
    <p class='ocr_par' dir='ltr' id='par_1_111' title="bbox 2137 4679 3724 4762">
     <span class='ocr_line' id='line_1_111' title="bbox 2137 4679 3724 4762; baseline -0.009 -18"><span class='ocrx_word' id='word_1_844' title='bbox 2137 4690 2401 4762; x_wconf 86' lang='lat' dir='ltr'><strong>parabiles</strong></span> <span class='ocrx_word' id='word_1_845' title='bbox 2446 4688 2638 4741; x_wconf 74' lang='lat' dir='ltr'><strong>animae</strong></span> <span class='ocrx_word' id='word_1_846' title='bbox 2662 4728 2676 4751; x_wconf 93' lang='lat'><strong>,</strong></span> <span class='ocrx_word' id='word_1_847' title='bbox 2704 4699 2862 4755; x_wconf 85' lang='lat' dir='ltr'><strong>quas</strong></span> <span class='ocrx_word' id='word_1_848' title='bbox 2896 4685 3058 4737; x_wconf 81' lang='lat' dir='ltr'><strong>etiam</strong></span> <span class='ocrx_word' id='word_1_849' title='bbox 3102 4683 3297 4736; x_wconf 85' lang='lat' dir='ltr'><strong>vidisse</strong></span> <span class='ocrx_word' id='word_1_850' title='bbox 3323 4696 3385 4734; x_wconf 90' lang='lat' dir='ltr'><strong>ac</strong></span> <span class='ocrx_word' id='word_1_851' title='bbox 3419 4680 3601 4732; x_wconf 84' lang='lat' dir='ltr'><strong>videre</strong></span> <span class='ocrx_word' id='word_1_852' title='bbox 3626 4679 3724 4731; x_wconf 74' lang='lat' dir='ltr'><strong>ista</strong></span> 
     </span>
    </p>
   </div>
   <div class='ocr_carea' id='block_1_112' title="bbox 2139 4770 3725 4845">
    <p class='ocr_par' dir='ltr' id='par_1_112' title="bbox 2139 4770 3725 4845">
     <span class='ocr_line' id='line_1_112' title="bbox 2139 4770 3725 4845; baseline -0.009 -10"><span class='ocrx_word' id='word_1_853' title='bbox 2139 4780 2425 4835; x_wconf 86' lang='lat' dir='ltr'><strong>credimus.</strong></span> <span class='ocrx_word' id='word_1_854' title='bbox 2457 4777 2769 4845; x_wconf 72' lang='lat' dir='ltr'><strong>lllud&#39;plane</strong></span> <span class='ocrx_word' id='word_1_855' title='bbox 2795 4790 2894 4844; x_wconf 84' lang='lat' dir='ltr'><strong>ego</strong></span> <span class='ocrx_word' id='word_1_856' title='bbox 2915 4788 3057 4827; x_wconf 87' lang='lat' dir='ltr'><strong>nunc</strong></span> <span class='ocrx_word' id='word_1_857' title='bbox 3086 4773 3256 4827; x_wconf 88' lang='lat' dir='ltr'><strong>audeo</strong></span> <span class='ocrx_word' id='word_1_858' title='bbox 3280 4771 3371 4825; x_wconf 91' lang='lat' dir='ltr'><strong>tibi</strong></span> <span class='ocrx_word' id='word_1_859' title='bbox 3399 4770 3597 4832; x_wconf 85' lang='lat' dir='ltr'><strong>dicere,</strong></span> <span class='ocrx_word' id='word_1_860' title='bbox 3627 4784 3725 4821; x_wconf 91' lang='lat' dir='ltr'><strong>nos</strong></span> 
     </span>
    </p>
   </div>
   <div class='ocr_carea' id='block_1_113' title="bbox 2140 4866 3728 4939">
    <p class='ocr_par' dir='ltr' id='par_1_113' title="bbox 2140 4866 3728 4939">
     <span class='ocr_line' id='line_1_113' title="bbox 2140 4866 3728 4939; baseline -0.011 -10"><span class='ocrx_word' id='word_1_861' title='bbox 2140 4872 2187 4929; x_wconf 83' lang='lat' dir='ltr'><strong>si</strong></span> <span class='ocrx_word' id='word_1_862' title='bbox 2222 4887 2435 4925; x_wconf 86' lang='lat' dir='ltr'><strong>cursum</strong></span> <span class='ocrx_word' id='word_1_863' title='bbox 2464 4885 2617 4939; x_wconf 89' lang='lat' dir='ltr'><strong>quem</strong></span> <span class='ocrx_word' id='word_1_864' title='bbox 2644 4868 2797 4923; x_wconf 90' lang='lat' dir='ltr'><strong>nobis</strong></span> <span class='ocrx_word' id='word_1_865' title='bbox 2826 4867 2967 4921; x_wconf 88' lang='lat' dir='ltr'><strong>Deus</strong></span> <span class='ocrx_word' id='word_1_866' title='bbox 2998 4866 3241 4939; x_wconf 89' lang='lat' dir='ltr'><strong>imperat,</strong></span> <span class='ocrx_word' id='word_1_867' title='bbox 3274 4872 3326 4939; x_wconf 80' lang='lat' dir='ltr'><strong>et</strong></span> <span class='ocrx_word' id='word_1_868' title='bbox 3354 4877 3510 4933; x_wconf 85' lang='lat' dir='ltr'><strong>quem</strong></span> <span class='ocrx_word' id='word_1_869' title='bbox 3542 4872 3728 4931; x_wconf 86' lang='lat' dir='ltr'><strong>tenen-</strong></span> 
     </span>
    </p>
   </div>
   <div class='ocr_carea' id='block_1_114' title="bbox 2140 4936 3731 5031">
    <p class='ocr_par' dir='ltr' id='par_1_114' title="bbox 2140 4942 3731 5031">
     <span class='ocr_line' id='line_1_114' title="bbox 2140 4942 3731 5031; baseline -0.009 -11"><span class='ocrx_word' id='word_1_870' title='bbox 2140 4965 2264 5020; x_wconf 89' lang='lat' dir='ltr'><strong>dum</strong></span> <span class='ocrx_word' id='word_1_871' title='bbox 2298 4964 2647 5031; x_wconf 83' lang='lat' dir='ltr'><strong>suscepimus,</strong></span> <span class='ocrx_word' id='word_1_872' title='bbox 2676 4960 3105 5015; x_wconf 86' lang='lat' dir='ltr'><strong>constantissime</strong></span> <span class='ocrx_word' id='word_1_873' title='bbox 3129 4942 3475 5018; x_wconf 86' lang='lat' dir='ltr'><strong>tenuerimus,</strong></span> <span class='ocrx_word' id='word_1_874' title='bbox 3504 4942 3731 5024; x_wconf 77' lang='lat' dir='ltr'><strong>perven-</strong></span> 
     </span>
    </p>
   </div>
   <div class='ocr_carea' id='block_1_115' title="bbox 2140 5038 3725 5124">
    <p class='ocr_par' dir='ltr' id='par_1_115' title="bbox 2140 5038 3725 5124">
     <span class='ocr_line' id='line_1_115' title="bbox 2140 5038 3725 5124; baseline -0.008 -14"><span class='ocrx_word' id='word_1_875' title='bbox 2140 5063 2295 5111; x_wconf 87' lang='lat' dir='ltr'><strong>turos</strong></span> <span class='ocrx_word' id='word_1_876' title='bbox 2320 5070 2412 5124; x_wconf 89' lang='lat' dir='ltr'><strong>per</strong></span> <span class='ocrx_word' id='word_1_877' title='bbox 2434 5054 2694 5107; x_wconf 71' lang='lat' dir='ltr'><strong>Virtutem</strong></span> <span class='ocrx_word' id='word_1_878' title='bbox 2720 5044 2810 5104; x_wconf 84' lang='lat' dir='ltr'><strong>Dei</strong></span> <span class='ocrx_word' id='word_1_879' title='bbox 2837 5059 2995 5119; x_wconf 87' lang='lat' dir='ltr'><strong>atque</strong></span> <span class='ocrx_word' id='word_1_880' title='bbox 3022 5038 3344 5117; x_wconf 87' lang='lat' dir='ltr'><strong>Sapientiam</strong></span> <span class='ocrx_word' id='word_1_881' title='bbox 3375 5045 3438 5098; x_wconf 89' lang='lat' dir='ltr'><strong>ad</strong></span> <span class='ocrx_word' id='word_1_882' title='bbox 3464 5060 3725 5098; x_wconf 80' lang='lat' dir='ltr'><strong>summam</strong></span> 
     </span>
    </p>
   </div>
   <div class='ocr_carea' id='block_1_116' title="bbox 2141 5136 3727 5207">
    <p class='ocr_par' dir='ltr' id='par_1_116' title="bbox 2141 5136 3727 5207">
     <span class='ocr_line' id='line_1_116' title="bbox 2141 5136 3727 5207; baseline -0.008 -8"><span class='ocrx_word' id='word_1_883' title='bbox 2141 5144 2281 5199; x_wconf 91' lang='lat' dir='ltr'><strong>illam</strong></span> <span class='ocrx_word' id='word_1_884' title='bbox 2308 5158 2519 5197; x_wconf 89' lang='lat' dir='ltr'><strong>causam</strong></span> <span class='ocrx_word' id='word_1_885' title='bbox 2542 5184 2556 5207; x_wconf 91' lang='lat'><strong>,</strong></span> <span class='ocrx_word' id='word_1_886' title='bbox 2589 5141 2670 5195; x_wconf 89' lang='lat' dir='ltr'><strong>vel</strong></span> <span class='ocrx_word' id='word_1_887' title='bbox 2713 5155 2978 5193; x_wconf 89' lang='lat' dir='ltr'><strong>summum</strong></span> <span class='ocrx_word' id='word_1_888' title='bbox 3006 5148 3273 5192; x_wconf 87' lang='lat' dir='ltr'><strong>auctorem</strong></span> <span class='ocrx_word' id='word_1_889' title='bbox 3300 5177 3314 5200; x_wconf 94' lang='lat'><strong>,</strong></span> <span class='ocrx_word' id='word_1_890' title='bbox 3346 5136 3426 5190; x_wconf 88' lang='lat' dir='ltr'><strong>vel</strong></span> <span class='ocrx_word' id='word_1_891' title='bbox 3459 5149 3727 5188; x_wconf 88' lang='lat' dir='ltr'><strong>summum</strong></span> 
     </span>
    </p>
   </div>
   <div class='ocr_carea' id='block_1_117' title="bbox 2142 5226 3730 5304">
    <p class='ocr_par' dir='ltr' id='par_1_117' title="bbox 2142 5226 3730 5304">
     <span class='ocr_line' id='line_1_117' title="bbox 2142 5226 3730 5304; baseline -0.006 -16"><span class='ocrx_word' id='word_1_892' title='bbox 2142 5234 2455 5304; x_wconf 91' lang='lat' dir='ltr'><strong>principium</strong></span> <span class='ocrx_word' id='word_1_893' title='bbox 2488 5246 2665 5285; x_wconf 83' lang='lat' dir='ltr'><strong>rerum</strong></span> <span class='ocrx_word' id='word_1_894' title='bbox 2695 5230 2953 5292; x_wconf 92' lang='lat' dir='ltr'><strong>omnium,</strong></span> <span class='ocrx_word' id='word_1_895' title='bbox 2987 5230 3070 5282; x_wconf 89' lang='lat' dir='ltr'><strong>vel</strong></span> <span class='ocrx_word' id='word_1_896' title='bbox 3098 5230 3141 5283; x_wconf 91' lang='lat' dir='ltr'><strong>si</strong></span> <span class='ocrx_word' id='word_1_897' title='bbox 3173 5242 3277 5297; x_wconf 86' lang='lat' dir='ltr'><strong>quo</strong></span> <span class='ocrx_word' id='word_1_898' title='bbox 3304 5227 3411 5303; x_wconf 79' lang='lat' dir='ltr'><strong>alio</strong></span> <span class='ocrx_word' id='word_1_899' title='bbox 3454 5226 3612 5281; x_wconf 86' lang='lat' dir='ltr'><strong>modo</strong></span> <span class='ocrx_word' id='word_1_900' title='bbox 3644 5240 3730 5278; x_wconf 87' lang='lat' dir='ltr'><strong>res</strong></span> 
     </span>
    </p>
   </div>
   <div class='ocr_carea' id='block_1_118' title="bbox 2144 5317 3727 5393">
    <p class='ocr_par' dir='ltr' id='par_1_118' title="bbox 2144 5317 3727 5393">
     <span class='ocr_line' id='line_1_118' title="bbox 2144 5317 3727 5393; baseline -0.008 -13"><span class='ocrx_word' id='word_1_901' title='bbox 2144 5335 2287 5381; x_wconf 81' lang='lat' dir='ltr'><strong>tanta</strong></span> <span class='ocrx_word' id='word_1_902' title='bbox 2322 5322 2698 5393; x_wconf 83' lang='lat' dir='ltr'><strong>congruentius</strong></span> <span class='ocrx_word' id='word_1_903' title='bbox 2741 5321 2994 5393; x_wconf 87' lang='lat' dir='ltr'><strong>appellari</strong></span> <span class='ocrx_word' id='word_1_904' title='bbox 3044 5329 3217 5393; x_wconf 88' lang='lat' dir='ltr'><strong>potest</strong></span> <span class='ocrx_word' id='word_1_905' title='bbox 3245 5336 3258 5374; x_wconf 85' lang='lat'><strong>:</strong></span> <span class='ocrx_word' id='word_1_906' title='bbox 3287 5333 3394 5389; x_wconf 85' lang='lat' dir='ltr'><strong>quo</strong></span> <span class='ocrx_word' id='word_1_907' title='bbox 3426 5317 3727 5393; x_wconf 85' lang='lat' dir='ltr'><strong>intellecto,</strong></span> 
     </span>
    </p>
   </div>
   <div class='ocr_carea' id='block_1_119' title="bbox 2141 5394 3731 5483">
    <p class='ocr_par' dir='ltr' id='par_1_119' title="bbox 2141 5394 3731 5483">
     <span class='ocr_line' id='line_1_119' title="bbox 2141 5394 3731 5483; baseline -0.006 -12"><span class='ocrx_word' id='word_1_908' title='bbox 2141 5433 2266 5471; x_wconf 88' lang='lat' dir='ltr'><strong>vere</strong></span> <span class='ocrx_word' id='word_1_909' title='bbox 2296 5416 2591 5471; x_wconf 84' lang='lat' dir='ltr'><strong>videbimus</strong></span> <span class='ocrx_word' id='word_1_910' title='bbox 2616 5430 2772 5483; x_wconf 89' lang='lat' dir='ltr'><strong>quam</strong></span> <span class='ocrx_word' id='word_1_911' title='bbox 2804 5414 2907 5466; x_wconf 89' lang='lat' dir='ltr'><strong>sint</strong></span> <span class='ocrx_word' id='word_1_912' title='bbox 2929 5414 3105 5466; x_wconf 90' lang='lat' dir='ltr'><strong>omnia</strong></span> <span class='ocrx_word' id='word_1_913' title='bbox 3135 5404 3233 5464; x_wconf 83' lang='lat' dir='ltr'><strong>sub</strong></span> <span class='ocrx_word' id='word_1_914' title='bbox 3262 5410 3375 5464; x_wconf 88' lang='lat' dir='ltr'><strong>sole</strong></span> <span class='ocrx_word' id='word_1_915' title='bbox 3404 5394 3610 5462; x_wconf 79' lang='lat' dir='ltr'><strong>vanitas</strong></span> <span class='ocrx_word' id='word_1_916' title='bbox 3641 5421 3731 5461; x_wconf 85' lang='lat' dir='ltr'><strong>va-</strong></span> 
     </span>
    </p>
   </div>
   <div class='ocr_carea' id='block_1_120' title="bbox 2142 5497 3727 5579">
    <p class='ocr_par' dir='ltr' id='par_1_120' title="bbox 2142 5497 3727 5579">
     <span class='ocr_line' id='line_1_120' title="bbox 2142 5497 3727 5579; baseline -0.007 -17"><span class='ocrx_word' id='word_1_917' title='bbox 2142 5508 2421 5562; x_wconf 89' lang='lat' dir='ltr'><strong>nitantinm</strong></span> <span class='ocrx_word' id='word_1_918' title='bbox 2450 5503 2645 5578; x_wconf 85' lang='lat' dir='ltr'><strong>(Eccle.</strong></span> <span class='ocrx_word' id='word_1_919' title='bbox 2677 5520 2715 5568; x_wconf 89' lang='grc' dir='ltr'><strong>ι,</strong></span> <span class='ocrx_word' id='word_1_920' title='bbox 2750 5504 2786 5558; x_wconf 72' lang='lat'><strong>2</strong></span> <span class='ocrx_word' id='word_1_921' title='bbox 2816 5501 2947 5575; x_wconf 85' lang='lat' dir='ltr'><strong>[a]).</strong></span> <span class='ocrx_word' id='word_1_922' title='bbox 2979 5502 3197 5556; x_wconf 84' lang='lat' dir='ltr'><strong>Vanitas</strong></span> <span class='ocrx_word' id='word_1_923' title='bbox 3228 5501 3366 5555; x_wconf 89' lang='lat' dir='ltr'><strong>enim</strong></span> <span class='ocrx_word' id='word_1_924' title='bbox 3393 5508 3473 5577; x_wconf 85' lang='lat' dir='ltr'><strong>est</strong></span> <span class='ocrx_word' id='word_1_925' title='bbox 3500 5497 3727 5579; x_wconf 69' lang='lat' dir='ltr'><strong>fallacia,</strong></span> 
     </span>
    </p>
   </div>
   <div class='ocr_carea' id='block_1_121' title="bbox 2143 5574 3729 5669">
    <p class='ocr_par' dir='ltr' id='par_1_121' title="bbox 2143 5574 3729 5669">
     <span class='ocr_line' id='line_1_121' title="bbox 2143 5574 3729 5669; baseline -0.004 -18"><span class='ocrx_word' id='word_1_926' title='bbox 2143 5599 2439 5653; x_wconf 90' lang='lat' dir='ltr'><strong>vanitantes</strong></span> <span class='ocrx_word' id='word_1_927' title='bbox 2461 5574 2641 5650; x_wconf 77' lang='lat' dir='ltr'><strong>autem</strong></span> <span class='ocrx_word' id='word_1_928' title='bbox 2669 5595 2751 5650; x_wconf 87' lang='lat' dir='ltr'><strong>vel</strong></span> <span class='ocrx_word' id='word_1_929' title='bbox 2781 5574 2917 5658; x_wconf 85' lang='lat' dir='ltr'><strong>falsi,</strong></span> <span class='ocrx_word' id='word_1_930' title='bbox 2952 5593 3035 5646; x_wconf 91' lang='lat' dir='ltr'><strong>vcl</strong></span> <span class='ocrx_word' id='word_1_931' title='bbox 3068 5592 3343 5669; x_wconf 79' lang='lat' dir='ltr'><strong>fallentes,</strong></span> <span class='ocrx_word' id='word_1_932' title='bbox 3396 5574 3478 5645; x_wconf 72' lang='lat' dir='ltr'><strong>vel</strong></span> <span class='ocrx_word' id='word_1_933' title='bbox 3510 5574 3729 5660; x_wconf 76' lang='lat' dir='ltr'><strong>utrique</strong></span> 
     </span>
    </p>
   </div>
   <div class='ocr_carea' id='block_1_122' title="bbox 2207 5732 3604 5804">
    <p class='ocr_par' dir='ltr' id='par_1_122' title="bbox 2207 5732 3604 5804">
     <span class='ocr_line' id='line_1_122' title="bbox 2207 5732 3604 5804; baseline -0.007 -14"><span class='ocrx_word' id='word_1_934' title='bbox 2207 5742 2278 5804; x_wconf 76' lang='grc' dir='ltr'><strong>(α)</strong></span> <span class='ocrx_word' id='word_1_935' title='bbox 2303 5748 2367 5789; x_wconf 86' lang='lat' dir='ltr'><strong>tta</strong></span> <span class='ocrx_word' id='word_1_936' title='bbox 2390 5739 2675 5803; x_wconf 70' lang='lat' dir='ltr'><strong>t‘reguenter</strong></span> <span class='ocrx_word' id='word_1_937' title='bbox 2698 5738 2826 5788; x_wconf 83' lang='lat' dir='ltr'><strong>citat.</strong></span> <span class='ocrx_word' id='word_1_938' title='bbox 2853 5736 2968 5785; x_wconf 75' lang='lat' dir='ltr'><strong>Vide</strong></span> <span class='ocrx_word' id='word_1_939' title='bbox 2992 5737 3013 5785; x_wconf 82' lang='grc'><strong>1</strong></span> <span class='ocrx_word' id='word_1_940' title='bbox 3042 5742 3265 5796; x_wconf 57' lang='grc' dir='ltr'><strong>ιιθιιυροιη</strong></span> <span class='ocrx_word' id='word_1_941' title='bbox 3289 5734 3459 5797; x_wconf 85' lang='lat' dir='ltr'><strong>cap.7,</strong></span> <span class='ocrx_word' id='word_1_942' title='bbox 3484 5746 3532 5781; x_wconf 86' lang='lat' dir='ltr'><strong>n.</strong></span> <span class='ocrx_word' id='word_1_943' title='bbox 3557 5732 3604 5781; x_wconf 82' lang='lat'><strong>5.</strong></span> 
     </span>
    </p>
   </div>
   <div class='ocr_carea' id='block_1_123' title="bbox 2526 5816 3605 5855">
    <p class='ocr_par' dir='ltr' id='par_1_123' title="bbox 2526 5816 3605 5855">
     <span class='ocr_line' id='line_1_123' title="bbox 2526 5816 3605 5855; baseline -0.002 -6"><span class='ocrx_word' id='word_1_944' title='bbox 2526 5820 2665 5849; x_wconf 69' lang='lat'><strong>7“:</strong></span> <span class='ocrx_word' id='word_1_945' title='bbox 2762 5824 2803 5847; x_wconf 55' lang='grc' dir='ltr'><strong>ην</strong></span> <span class='ocrx_word' id='word_1_946' title='bbox 2898 5818 2902 5824; x_wconf 85' lang='grc'><em>“</em></span> <span class='ocrx_word' id='word_1_947' title='bbox 3006 5820 3011 5829; x_wconf 94' lang='grc'><em>’</em></span> <span class='ocrx_word' id='word_1_948' title='bbox 3298 5816 3361 5853; x_wconf 68' lang='grc' dir='ltr'><strong>ς’,</strong></span> <span class='ocrx_word' id='word_1_949' title='bbox 3424 5816 3515 5855; x_wconf 76' lang='lat' dir='ltr'><strong>.,i.</strong></span> <span class='ocrx_word' id='word_1_950' title='bbox 3576 5830 3605 5847; x_wconf 77' lang='grc' dir='ltr'><strong>ι-.</strong></span> 
     </span>
    </p>
   </div>
  </div>
