4096 6368
478 371 619 430 1079

592 484 818 546 CAPUT
856 487 1072 545 XXXV.
1094 520 1165 530 —
1184 490 1339 544 Actus
1373 490 1555 543 anima
1566 489 1723 559 juxta
1752 496 1939 558 septem

784 585 1026 653 praefatos
1044 581 1234 654 gradus
1255 583 1392 636 varie
1412 581 1750 652 appellantur.

545 671 635 731 79.
675 673 973 741 Quaerimus
1005 675 1199 746 quippe
1234 673 1304 730 de
1339 674 1529 729 animae
1566 672 1821 745 potentia,
1858 679 1915 727 et
1945 672 2057 727 fieri

475 772 652 834 potest
682 774 738 820 ut
766 765 881 821 haec
918 766 1096 821 omnia
1139 765 1298 820 simul
1338 773 1492 836 agat,
1525 764 1618 820 sed
1664 764 1715 818 id
1759 764 1929 819 solum
1957 762 2057 817 sibi

472 872 633 929 agere
669 857 908 913 videatur
944 857 1085 929 quod
1120 858 1227 928 agit
1252 872 1375 914 cum
1414 856 1753 924 difﬁcultate,
1793 865 1885 909 aut
1913 863 2058 911 certe

475 963 596 1003 cum
642 949 830 1004 timore
852 948 894 1005 ί.
924 949 1047 1019 Agit
1074 949 1217 1004 enim
1248 948 1351 1005 hoc
1374 949 1539 1004 multo
1566 964 1724 1019 quam
1762 956 1951 1002 caetera
1980 956 2060 1002 at-

473 1040 688 1094 tentior.
716 1038 1137 1094 Ascendentibus
1164 1039 1323 1110 igitur
1354 1054 1565 1094 sursum
1599 1054 1785 1094 versus
1810 1079 1824 1102 ,
1856 1038 2057 1108 primus

473 1138 622 1185 actus
642 1172 657 1196 ,
700 1129 922 1185 docendi
952 1145 1111 1185 causa
1135 1172 1149 1195 ,
1182 1130 1389 1186 dicatur
1429 1131 1712 1196 animatio;
1753 1129 2015 1185 secundus
2037 1171 2053 1197 ,

475 1235 700 1285 sensus;
743 1221 951 1288 tertius,
980 1236 1101 1285 ars;
1129 1229 1378 1292 quartus,
1406 1221 1606 1287 virtus;
1638 1221 1871 1291 quintus,
1914 1230 2057 1274 tran-

473 1310 705 1379 quillitas
732 1326 747 1375 ;
783 1320 985 1377 sextus,
1030 1312 1328 1382 ingressio;
1361 1312 1636 1382 septimus,
1659 1310 2053 1380 contemplatio.

478 1400 710 1455 Possunt
738 1410 793 1456 et
820 1401 923 1456 hoc
947 1402 1107 1457 modo
1130 1402 1384 1473 appellari
1408 1419 1421 1456 :
1451 1402 1517 1457 de
1537 1416 1788 1471 corpore;
1818 1416 1913 1472 per
1940 1416 2059 1456 cor-

471 1505 602 1561 pus;
626 1492 767 1547 circa
791 1508 1022 1563 corpus;
1056 1493 1122 1548 ad
1152 1495 1415 1567 seipsam;
1445 1496 1499 1547 in
1528 1494 1737 1563 scipsa;
1768 1493 1832 1546 ad
1856 1493 2052 1558 Deum;

473 1582 611 1651 apud
635 1582 822 1637 Deum.
850 1583 1082 1639 Possunt
1104 1593 1160 1639 et
1188 1584 1265 1639 sic
1282 1602 1304 1639 ⁴ε
1329 1583 1549 1655 pulchre
1571 1584 1636 1638 de
1666 1584 1805 1649 alio;
1837 1582 2057 1653 pulchre

474 1690 569 1743 per
594 1675 768 1741 aliud;
798 1676 1019 1745 pulchre
1046 1677 1183 1731 circa
1214 1676 1383 1743 aliud;
1412 1676 1632 1747 pulchre
1657 1675 1722 1729 ad
1746 1675 2053 1745 pulchrum;

472 1766 691 1837 pulchre
710 1769 762 1822 in
775 1769 1015 1837 pulchro;
1031 1768 1250 1838 pulchre
1262 1768 1329 1823 ad
1348 1767 1794 1837 pulchritudinem
1810 1783 1823 1831 ;
1837 1766 2057 1836 pulchre

472 1857 611 1928 apud
637 1858 1104 1927 pulchritudinem.
1142 1860 1218 1915 De
1239 1859 1428 1930 quibus
1453 1859 1701 1913 omnibus
1733 1866 1852 1927 post
1878 1858 2057 1927 requi-

440 1956 451 1966 '
471 1964 579 2016 res,
604 1949 648 2003 si
671 1950 796 2020 quid
817 1951 1079 2005 videbitur
1103 1950 1445 2021 aperiendum
1472 1965 1644 2004 :nunc
1669 1949 1790 2003 ideo
1812 1949 1951 2003 volui
1981 1958 2061 2002 to-

471 2040 571 2095 ties
592 2040 688 2095 ista
719 2042 929 2111 signare
952 2042 1241 2106 vocabulis,
1270 2057 1337 2096 ne
1366 2050 1415 2097 te
1440 2049 1649 2096 moveat
1673 2056 1793 2094 cum
1828 2040 1918 2093 alii
1943 2039 2059 2093 aliis

470 2131 773 2186 nominibus
797 2132 984 2187 eadem
1013 2140 1224 2200 vocant,
1252 2139 1343 2187 aut
1369 2132 1522 2186 aliter
1550 2134 1707 2186 etiam
1731 2131 2055 2200 partiuntur;

472 2229 527 2276 et
556 2222 625 2277 ob
662 2222 763 2277 hoc
803 2231 896 2277 aut
921 2225 1019 2278 ista
1044 2232 1138 2278 aut
1159 2224 1250 2280 illa
1271 2223 1559 2293 improbes.
1582 2222 2061 2277 lnnumerabilibus

471 2311 614 2365 enim
648 2312 819 2368 modis
842 2313 1041 2369 eaedem
1076 2329 1162 2370 res
1190 2323 1245 2369 et
1270 2314 1547 2385 appellari,
1576 2322 1629 2368 et
1658 2312 1819 2367 dividi
1842 2320 2063 2382 possunt

473 2404 768 2460 rectissime
794 2420 858 2461 ac
886 2407 1273 2474 subtilissime;
1305 2406 1400 2462 sed
1428 2408 1481 2461 in
1521 2413 1664 2461 tanta
1692 2406 1842 2475 copia
1872 2405 2060 2459 modo-

472 2512 589 2555 rum
620 2498 785 2555 utitur
809 2498 1056 2571 quisque,
1089 2514 1194 2571 quo
1211 2514 1271 2555 se
1298 2506 1651 2569 congruenter
1677 2499 1751 2552 uti
1774 2498 2058 2553 existimat.

542 2592 767 2647 CAPUT
804 2591 1044 2647 XXXVI.
1066 2623 1138 2632 —
1163 2592 1491 2663 Attinguntur
1512 2589 1717 2660 reliquae
1742 2591 1805 2644 de
1826 2592 1994 2644 anima

809 2684 1125 2753 quwstiones.
1154 2682 1281 2747 Qua:
1303 2684 1369 2738 sit
1394 2683 1573 2755 religio
1591 2698 1725 2736 vera.

541 2774 633 2831 80.
695 2775 836 2829 Deus
886 2775 1044 2844 igitur
1086 2789 1323 2829 summus
1376 2782 1429 2829 et
1476 2788 1634 2829 verus
1678 2773 1795 2843 lege
1838 2772 2063 2829 inviola-

472 2865 563 2919 bili
608 2873 662 2920 et
707 2868 1043 2935 incorrupta,
1095 2880 1199 2935 qua
1241 2880 1401 2921 omne
1437 2864 1580 2935 quod
1622 2864 1855 2919 condidit
1897 2865 2061 2935 regit,

475 2955 688 3024 subjicit
707 2954 898 3010 animae
919 2970 1134 3025 corpus,
1158 2955 1387 3010 animam
1414 2956 1534 3019 sibi,
1556 2963 1609 3011 et
1627 2956 1703 3010 sic
1727 2954 1902 3010 omnia
1924 2954 2022 3009 sibi
2046 2976 2059 3009 :

476 3061 653 3117 neque
683 3047 735 3101 in
758 3048 867 3102 ullo
893 3056 1012 3102 actu
1039 3062 1157 3103 eam
1187 3047 1408 3113 deserit,
1446 3048 1562 3103 sive
1584 3063 1758 3117 poena,
1784 3047 1894 3102 sive
1922 3062 2065 3118 prac-

473 3138 603 3193 mio.
647 3138 703 3193 Id
732 3138 873 3193 enim
915 3138 1169 3207 judicavit
1204 3153 1325 3195 esse
1361 3139 1797 3209 pulcherrimum,
1838 3147 1895 3192 ut
1922 3147 2064 3193 esset

473 3229 725 3300 quidquid
746 3238 848 3297 est,
876 3231 1143 3300 quomodo
1170 3239 1281 3297 cst;
1310 3241 1365 3287 et
1390 3233 1461 3286 ita
1482 3240 1684 3287 naturae
1710 3230 1957 3301 gradibus
1976 3246 2058 3284 or-

474 3320 766 3387 dinaretur,
794 3331 852 3377 ut
874 3323 1274 3379 considerantes
1298 3324 1695 3380 universitatem
1718 3324 1859 3377 nulla
1890 3322 2062 3378 offen-

475 3412 627 3469 deret
650 3429 717 3470 ει
741 3415 844 3469 ulla
873 3423 1024 3485 parte
1049 3413 1393 3481 deformitas;
1426 3415 1703 3484 omnisque
1731 3414 1921 3470 animae
1950 3428 2065 3485 poe-

474 3519 541 3558 na
584 3512 639 3559 et
665 3520 824 3561 omne
865 3507 1139 3576 praemium
1164 3506 1433 3563 conferret
1460 3522 1671 3577 semper
1700 3507 1894 3578 aliquid
1935 3522 2060 3577 pro—

474 3594 718 3665 portione
740 3596 897 3666 justae
934 3597 1311 3667 pulchritudini
1344 3600 1365 3630 ²
1404 3598 1844 3669 dispositionique
1884 3614 2061 3654 rerum

474 3687 731 3742 omnium.
773 3688 961 3741 Datum
993 3695 1077 3744 est
1111 3688 1253 3744 enim
1283 3688 1472 3743 animae
1509 3689 1734 3744 liberum
1761 3688 2055 3754 arbitrium,

476 3777 619 3848 quod
644 3778 736 3848 qui
773 3779 1067 3850 nugatoriis
1099 3779 1595 3835 ratiocinationibus
1622 3779 1940 3836 labefactare
1964 3794 2058 3834 co-

475 3878 687 3934 nantur,
716 3884 884 3940 usque
913 3869 1047 3925 adeo
1072 3871 1199 3926 caeci
1223 3879 1367 3936 sunt,
1391 3880 1448 3925 ut
1484 3886 1549 3925 ne
1572 3871 1674 3925 ista
1701 3870 1814 3940 ipsa
1842 3870 2059 3940 quidem

477 3974 613 4014 vana
642 3968 801 4030 atque
843 3960 1100 4031 sacrilega
1131 3961 1343 4031 propria
1370 3961 1641 4016 voluntate
1681 3975 1739 4015 se
1764 3960 1942 4016 dicere
1980 3960 2061 4015 in-

474 4050 735 4122 telligant.
758 4048 869 4106 Nec
896 4057 1071 4105 tamen
1098 4051 1171 4106 ita
1198 4050 1422 4107 liberum
1453 4052 1727 4107 arbitrium
1749 4050 1942 4106 animat
1960 4050 2056 4105 da-

476 4150 584 4197 tum
609 4151 711 4208 est,
734 4151 793 4197 ut
817 4142 1091 4212 quodlibet
1117 4159 1181 4199 eo
1206 4144 1454 4213 moliens,
1479 4145 1639 4199 ullam
1666 4153 1869 4214 partem
1895 4143 2058 4199 divini

536 4258 557 4328 Ῐ
589 4263 649 4328 [η.
663 4264 992 4328 Ψεδκίλυθμέοτ
1006 4259 1385 4328 mammam.
1409 4272 1518 4328 0"”!
1538 4270 1717 4328 ξε

536 4319 556 4349 ³
739 4317 923 4383 aliquid
946 4319 1239 4388 proportlteru'
1256 4317 1806 4388 ittsttupulchritgulinis.
1823 4327 1905 4388 __At_
1930 4326 2057 4380 ΜΒ,

474 4379 774 4442 proportione
787 4394 806 4442 ;
819 4379 1113 4444 'tumque'ex
1134 4382 1230 4434 illis
1248 4389 1370 4443 tres,
1385 4379 1536 4445 jttsuv
1557 4379 1921 4446 pulchritudini.

1179 365 1545 427 ADMONITIO
1583 370 1671 426 DE
1708 367 2179 440 SEQUENTIBUS
2218 366 2351 424 SEX
2388 369 2606 426 LIBRIS
2645 371 2731 427 DE
2769 370 3037 429 MUSICA.

2107 4545 2480 4552 .———.————777

3604 380 3742 438 roso

2166 487 2366 542 ordinis
2387 486 2623 557 legisque
2656 489 2946 558 perturbet.
2971 490 3161 545 Datum
3188 499 3269 547 est
3292 492 3434 547 enim
3462 508 3492 549 a
3526 497 3742 566 sapien-

2168 578 2371 632 tissimo
2411 587 2567 648 atque
2610 578 2955 634 invictissimo
2997 580 3158 635 totius
3192 591 3449 638 creaturae
3498 584 3744 643 Domino.

2164 668 2267 724 Sed
2293 670 2389 724 ista
2420 680 2477 724 ut
2504 671 2726 725 videnda
2750 682 2873 725 sunt
2895 671 3096 738 videre,
3122 688 3408 743 paucorum
3433 685 3546 742 est;
3572 694 3749 748 neque

2165 760 2231 814 ad
2258 762 2360 815 hoc
2395 762 2670 832 quisquam
2703 763 2801 817 nisi
2841 778 2964 817 vera
2997 764 3252 833 religione
3281 764 3339 819 fit
3376 766 3616 823 idoneus.
3651 770 3752 825 Est

2164 851 2307 906 enim
2327 852 2512 923 religio
2538 868 2682 920 vera,
2710 869 2815 924 qua
2835 868 2892 908 se
2913 855 3002 908 uni
3031 855 3138 908 Deo
3155 856 3349 922 anima,
3377 857 3517 912 unde
3537 872 3596 913 se
3621 875 3751 929 pec-

2162 953 2282 999 cato
2304 945 2450 1001 velut
2474 946 2779 1016 abruperat,
2825 947 3252 1003 reconciliatione
3286 950 3492 1019 religat.
3523 951 3751 1007 lnnectit

2163 1051 2288 1107 ergo
2312 1038 2541 1093 animam
2572 1038 2624 1091 in
2655 1037 2744 1091 illo
2772 1046 2892 1092 actu
2926 1039 3098 1103 tertio,
3123 1048 3280 1108 atque
3306 1039 3489 1109 incipit
3512 1041 3746 1107 ducere;

2161 1139 2351 1200 purgat
2392 1130 2443 1183 in
2464 1129 2695 1199 quarto;
2738 1130 2992 1184 reformat
3026 1129 3078 1183 in
3117 1131 3334 1200 quinto;
3366 1130 3653 1186 introducit
3697 1134 3751 1187 in

2162 1229 2344 1285 sexto;
2374 1221 2543 1290 pascit
2586 1221 2638 1273 in
2667 1221 2914 1289 septimo.
2958 1220 3130 1289 Atque
3158 1220 3259 1275 hoc
3288 1220 3348 1274 fit
3386 1221 3517 1276 alias
3560 1222 3743 1286 citius,

2158 1313 2289 1368 alias
2324 1313 2557 1380 tardius,
2589 1322 2647 1367 ut
2685 1327 2911 1383 quaeque
2964 1326 3146 1366 amore
3187 1326 3251 1366 ac
3288 1313 3491 1367 meritis
3528 1313 3750 1368 valent:

2161 1404 2338 1459 omnia
2388 1413 2563 1459 tamen
2606 1404 2747 1459 Deus
2777 1402 3095 1473 iustissime,
3133 1401 3587 1468 moderatissime,
3635 1404 3754 1472 pul-

2162 1496 2426 1551 cherrime
2449 1494 2596 1563 facit,
2624 1510 2836 1565 quoquo
2856 1494 3015 1548 modo
3041 1508 3161 1547 sese
3183 1492 3378 1547 habere
3396 1492 3661 1546 voluerint
3684 1493 3753 1547 de

2161 1589 2352 1659 quibus
2380 1588 2800 1643 facit.-Janivero
2824 1586 2981 1640 etiam
3004 1598 3291 1655 puerorum
3320 1582 3594 1636 infantium
3624 1598 3755 1638 con—

2163 1680 2486 1735 secrationes
2530 1686 2784 1748 quantum
2824 1676 3063 1747 prosint,
3106 1673 3481 1729 obscurissima
3527 1674 3755 1742 quaestio

2161 1782 2261 1837 est,
2293 1772 2532 1827 nonnihil
2558 1781 2734 1826 tamen
2760 1770 3011 1840 prodesse
3036 1766 3360 1823 credendum
3387 1773 3487 1820 est.
3514 1764 3754 1820 Inveniet

2163 1864 2267 1919 hoc
2304 1864 2458 1928 ratio,
2500 1878 2621 1917 cum
2655 1862 2821 1932 quaeri
2852 1860 3148 1930 oportuerit
3180 1876 3193 1912 :
3227 1872 3524 1928 quanquam
3561 1866 3616 1911 et
3649 1857 3752 1911 alia

2164 1960 2330 2013 multa
2359 1958 2565 2028 jamdiu
2590 1956 2875 2028 quaerenda
2905 1954 2997 2008 tibi
3035 1953 3213 2024 potius
3256 1950 3555 2021 aliquando,
3592 1964 3752 2020 quam

2167 2055 2537 2127 cognoscenda
2562 2053 2893 2124 protulerim.
2928 2048 3080 2118 Quod
3100 2049 3190 2103 liet
3217 2046 3519 2111 utilissime,
3541 2044 3589 2100 si
3614 2042 3756 2099 duce

2164 2151 2357 2221 pietate
2380 2148 2734 2218 requirantur.

2236 2252 2324 2307 81.
2347 2252 2476 2319 Quae
2503 2264 2625 2303 cum
2654 2248 2725 2302 ita
2754 2245 2878 2311 sint,
2911 2243 3031 2314 quis
3058 2248 3142 2297 est
3164 2240 3256 2311 qui
3283 2238 3425 2309 juste
3446 2236 3757 2292 stomache-

2168 2353 2273 2409 tur,
2303 2341 2443 2413 quod
2470 2338 2675 2410 agendo
2704 2347 2863 2407 atque
2888 2330 3305 2389 administrando
3330 2328 3540 2400 corpori
3578 2328 3759 2380 anima

2167 2436 2288 2490 data
2313 2436 2401 2500 sit,
2432 2435 2562 2487 'cum
2592 2438 2769 2486 tantus
2794 2437 2848 2485 et
2870 2436 2977 2482 tam
3008 2426 3218 2480 divinus
3246 2437 3427 2477 rerum
3458 2422 3592 2475 ordo
3628 2434 3761 2473 con-

2169 2530 2309 2584 necti
2331 2527 2521 2581 melius
2550 2541 2656 2581 non
2682 2523 2877 2594 possit;
2909 2529 2999 2575 aut
3025 2516 3368 2589 quaerendum
3390 2522 3557 2585 putet,
3587 2512 3761 2583 qualis

2170 2623 2223 2677 in
2257 2621 2359 2674 hoc
2387 2616 2598 2673 mortali
2635 2623 2689 2671 et
2714 2614 2885 2684 fragili
2912 2624 3137 2680 corpore
3157 2607 3437 2668 efﬁciatur,
3478 2619 3602 2659 cum
3626 2613 3681 2657 et
3706 2603 3760 2657 in

2170 2723 2396 2769 mortem
2425 2719 2640 2781 propter
2667 2715 2939 2779 peccatum
2964 2707 3082 2774 jure
3104 2710 3355 2757 contrusa
3376 2699 3464 2763 sit,
3487 2706 3541 2752 et
3564 2697 3761 2750 virtute

2170 2808 2258 2862 hic
2286 2806 2445 2860 etiam
2476 2802 2644 2873 possit
2665 2800 2961 2863 excellere;
2987 2804 3077 2850 aut
3095 2794 3265 2865 qualis
3291 2800 3408 2863 post
3437 2790 3542 2845 hoc
3563 2802 3761 2858 corpus

2170 2896 2347 2953 futura
2377 2896 2465 2961 sit,
2495 2909 2614 2948 cum
2640 2900 2695 2947 et
2714 2906 2870 2961 poena
2897 2888 3085 2943 mortis
3110 2883 3414 2941 necessario
3437 2894 3655 2936 manere
3673 2878 3761 2934 de

2168 2990 2292 3047 beat
2320 2996 2567 3042 manente
2611 2992 2865 3054 peccato,
2896 2990 2949 3036 et
2984 2977 3167 3033 virtuti
3195 2975 3482 3046 pietatique
3522 2975 3590 3028 sit
3618 2972 3761 3027 Deus

2168 3085 2305 3155 ipse,
2334 3081 2386 3136 id
2416 3088 2498 3136 est
2514 3079 2711 3134 veritas
2741 3076 2876 3146 ipsa,
2910 3071 3223 3144 praemium?
3247 3069 3422 3136 Quare
3445 3068 3488 3122 si
3510 3066 3620 3136 jam
3647 3067 3762 3136 pla-

2169 3185 2275 3243 cet,
2304 3183 2411 3229 tam
2433 3173 2647 3241 longum
2674 3182 2975 3238 sermonem
3002 3164 3349 3220 terminemus
3373 3157 3679 3229 aliquando,
3707 3166 3761 3212 et

2168 3266 2453 3338 implendis
2481 3264 2583 3331 Dei
2624 3259 2906 3332 praeceptis
2941 3253 3344 3326 vigilantissime
3384 3260 3437 3305 et
3470 3248 3761 3318 religiosis-

2168 3362 2302 3417 sime
2321 3373 2539 3429 operam
2564 3356 2753 3412 demus
2779 3372 2790 3406 :
2822 3367 2928 3407 non
2958 3360 3040 3406 est
3068 3350 3210 3404 enim
3231 3347 3333 3400 alia
3364 3344 3483 3415 fuga
3508 3342 3576 3398 de
3599 3338 3760 3399 tantis

2168 3455 2340 3509 malis.
2371 3453 2425 3509 Si
2452 3449 2578 3522 quid
2605 3455 2782 3503 autem
2807 3443 3082 3500 obscurius
3105 3456 3134 3494 a
3164 3454 3251 3494 me
3273 3438 3471 3493 dictum
3494 3444 3575 3490 est
3597 3447 3759 3505 quam

2170 3548 2358 3612 velles,
2381 3544 2541 3598 facito
2562 3550 2618 3596 ut
2638 3536 2908 3594 memoriae
2928 3532 3234 3589 mandatum
3255 3529 3387 3584 alias
3406 3524 3759 3597 opportunius

2170 3638 2428 3707 requiras.
2455 3634 2635 3703 Neque
2661 3631 2803 3686 enim
2823 3627 2993 3684 deerit
3011 3625 3163 3680 nobis
3183 3620 3543 3693 quaerentibus
3564 3633 3641 3681 se,
3664 3618 3754 3687 qui

2166 3729 2397 3798 desuper
2438 3734 2521 3780 cst
2561 3720 2810 3793 Magister
2854 3717 3109 3774 omnium.
3143 3713 3209 3768 E.
3243 3713 3356 3783 Ego
3397 3725 3525 3765 vero
3562 3718 3616 3764 et
3656 3707 3759 3763 hac

2167 3820 2408 3876 oratione
2447 3817 2518 3871 ita
2559 3829 2678 3871 sum
2716 3812 2960 3877 allectus,
2992 3816 3051 3863 ut
3074 3821 3191 3864 eam
3230 3802 3569 3874 interpellare
3607 3799 3759 3855 nefas

2167 3909 2466 3984 putaverim
2498 3925 2512 3962 :
2544 3915 2600 3962 et
2640 3906 2685 3960 si
2734 3904 2828 3959 tibi
2873 3901 3064 3958 modus
3106 3896 3369 3954 sermonis
3410 3894 3498 3949 hic
3542 3892 3755 3984 placet,

2168 3981 2383 4073 tresque
2409 4000 2511 4054 illae
2537 3996 2858 4068 quaestiones
2883 4008 3001 4064 quae
3026 3988 3391 4053 remanebant,
3424 3993 3531 4039 tam
3577 3981 3757 4036 brevi-

2169 4105 2249 4151 ter
2276 4091 2692 4164 perstringendae
2726 4088 2778 4143 in
2808 4084 3089 4157 prmsentia
3115 4082 3242 4136 vism
3270 4088 3424 4143 sunt;
3456 4075 3641 4131 cedam
3664 4074 3757 4164 iju—

2164 4163 2305 4242 dicio
2330 4192 2440 4246 tuo,
2464 4196 2527 4237 ac
2546 4180 2797 4248 deinceps
2819 4185 2927 4231 tam
2946 4173 3151 4244 magnis
3169 4170 3329 4226 rebus
3350 4163 3751 4236 investigandis,

2168 4292 2275 4331 non
2324 4273 2483 4328 modo
2532 4281 2739 4340 tempus
2774 4276 2993 4339 prapter
3045 4276 3160 4319 tuas
3208 4259 3615 4330 occupationes,
3658 4254 3755 4310 sed

2170 4370 2331 4424 etiam
2354 4366 2614 4435 meipsum
2636 4359 3070 4433 opportuniorem
3098 4353 3409 4411 observabo.

3615 4499 3726 4507 ΠΣ

3446 4528 3718 4537 ψ

1605 4640 2653 4779 ADMONITIO

1264 4855 1370 4916 DE
1412 4854 1946 4933 SEQUENTIBUS
1982 4812 2146 4916 ISEX
2184 4851 2439 4915 LIBRIS
2485 4849 2592 4912 DE
2633 4846 2928 4911 MUSICA

1934 5001 2303 5059 «me»

537 5124 621 5183 Ex
647 5124 1043 5195 disciplinarum
1070 5121 1219 5179 libris
1240 5135 1374 5192 quos
1400 5119 1723 5191 Augustinus
1744 5118 2042 5185 Mediolani,
2080 5132 2201 5173 cum
2230 5125 2372 5172 esset
2403 5114 2730 5185 Baptismum
2760 5118 3106 5183 percepturus
3129 5121 3268 5163 anno
3291 5106 3491 5162 Christi
3525 5113 3739 5161 trecen-

466 5217 661 5273 tesimo
680 5215 1005 5286 octogesimo
1033 5214 1259 5283 septimo
1282 5212 1532 5267 delibavit
1560 5215 1575 5281 (
1601 5210 1727 5265 Vide
1755 5212 1979 5266 Retract.
2010 5208 2096 5263 lib.
2125 5209 2180 5273 l,
2207 5226 2319 5278 cap.
2344 5206 2432 5279 6),
2456 5220 2755 5276 quanquam
2781 5203 2959 5258 caeteri
2987 5202 3243 5272 perierint
3268 5200 3425 5270 (nam
3452 5198 3518 5253 de
3547 5198 3744 5254 Gram-

470 5310 683 5375 tnatica,
716 5308 979 5377 Principia
1009 5306 1326 5372 Dialecticrc,
1358 5304 1665 5375 Categoriaa,
1712 5312 1765 5359 et
1808 5302 2072 5374 Principia
2118 5300 2437 5366 Rhetorictc,
2486 5298 2576 5367 qui
2616 5297 2737 5352 libri
2779 5297 2917 5350 inter
2957 5295 3070 5365 ejus
3108 5308 3269 5363 opera
3322 5300 3445 5346 sunt
3488 5291 3750 5347 hactenus

467 5399 686 5468 vulgati,
713 5398 1072 5468 supposititios
1098 5410 1218 5452 esse
1246 5396 1298 5449 in
1326 5394 1618 5464 appendice
1643 5390 2041 5462 ostendemus),
2070 5406 2160 5447 sex
2188 5390 2272 5444 isti
2294 5388 2361 5444 de
2399 5388 2614 5451 Musica,
2638 5389 2776 5456 iique
2795 5385 3117 5455 integerrimi
3146 5384 3210 5437 ad
3233 5398 3331 5438 nos
3358 5398 3522 5452 usque
3549 5396 3744 5453 perve-

470 5499 701 5555 nerunt;
724 5490 1011 5545 studiosius
1041 5488 1290 5544 nimirum
1311 5504 1340 5541 a
1360 5487 1589 5543 librariis
1613 5485 1886 5555 descripti,
1916 5498 2039 5539 cum
2056 5484 2166 5538 suis
2191 5482 2437 5537 omnibus
2458 5480 2695 5535 numeris
2718 5478 2947 5532 absoluti
2969 5477 3289 5548 prodiissent
3311 5475 3522 5530 circiter
3540 5490 3741 5530 annum

468 5583 688 5651 Christi,
723 5594 781 5638 ut
812 5583 1045 5647 videtur,
1076 5582 1506 5638 trecentesimum
1530 5570 1907 5651 octogesimum
1940 5594 2158 5643 nonum,
2189 5594 2292 5649 quo
2320 5587 2557 5646 tempore
2580 5584 2700 5645 post
2726 5574 2896 5630 editos
2921 5574 3084 5628 libros
3111 5572 3175 5626 de
3200 5572 3391 5627 Genesi
3413 5580 3597 5626 contra
3626 5569 3740 5623 Ma-

476 5676 711 5733 nichaeos
759 5676 825 5731 iis
872 5675 1207 5747 perficiendis
1257 5675 1310 5728 in
1362 5673 1537 5728 Africa
1591 5688 1649 5728 se
1690 5672 1960 5727 vacavisse
2010 5671 2180 5726 innuit
2234 5669 2555 5740 Augustinus
2600 5667 2736 5721 libro
2797 5666 2969 5735 primo
3015 5664 3466 5719 Retractationum
3499 5704 3512 5729 ,
3568 5662 3743 5731 capite

468 5769 767 5827 undecimo.
826 5769 962 5825 Eum
1013 5782 1175 5839 porro
1226 5767 1465 5837 dialogos
1519 5766 1679 5821 hosce
1724 5780 1844 5820 cum
1894 5763 2134 5820 Licentio
2178 5762 2425 5818 habuisse
2468 5760 2647 5816 ferunt
2697 5759 3041 5827 manuscripti
3091 5759 3330 5829 plerique
3375 5757 3534 5811 etiam
3586 5764 3741 5812 vetu-
