4096 6368
360 318 485 377 1081
1280 311 1368 369 DE
1415 310 1691 380 MUSICA,
1742 312 1800 368 S.
1860 311 2223 372 AUGUSTlNl
2280 311 2487 370 LIBER
2524 312 2789 371 PRIMUS.
3473 319 3614 375 ωδε

358 433 590 495 stiorcs;
629 425 770 499 quod
809 427 1076 486 nescimus
1125 442 1193 483 an
1230 425 1450 498 intelligi
1491 426 1657 497 possit
1694 442 1760 482 ex
1798 427 1900 482 illis
1938 428 2158 483 Licentii
2213 428 2279 483 ad
2317 428 2667 500 Augustinum
2704 429 2945 488 versibus
2995 430 3050 487 in
3094 432 3316 504 epistola
3364 434 3615 506 vigesrma

356 531 505 579 “ex”
548 563 561 576 ⁸
1116 596 1409 641 Prmsentem
1424 589 1527 698 ipsa
1543 589 1658 638 mihi
1674 595 1726 638 te
1747 589 1974 649 reddent,
2009 590 2052 638 si
2073 590 2191 639 mihi
2211 601 2398 639 morem

1113 652 1346 698 Cesaris.
1373 659 1429 698 et
1468 652 1616 698 ibros.
1641 652 1817 698 quibus
1838 653 1886 698 in
1910 658 1960 698 te
1984 651 2116 698 lenta
2136 652 2379 698 recumbit

1113 652 1346 710 Gesseris,
1373 659 1430 714 et
1448 651 1616 714 libros,
1641 652 1817 714 quibus
1838 653 1886 699 in
1910 658 1960 700 te
1984 651 2116 701 lenta
2136 652 2379 714 recumbit

1118 717 1307 774 musica,
1332 713 1619 773 tradideris;
1646 712 1755 762 nam
1778 712 1946 763 ferveo
1969 720 2098 764 totus
2120 715 2169 762 in
2191 713 2316 763 illos.

421 822 474 876 In
514 820 685 890 primo
722 818 856 874 libro
898 816 1138 873 definitio
1175 818 1406 883 Musicze,
1454 826 1507 872 et
1544 820 1633 888 qui
1672 819 1736 872 ad
1777 819 1995 889 hujusce
2032 819 2325 889 disciplinas
2359 818 2838 875 considerationem
2878 821 3164 890 pertinent,
3204 836 3614 882 numerosorum

350 922 582 968 motuum
612 912 818 983 species
846 910 1193 981 explicantur.
1234 910 1291 964 ln
1331 910 1564 965 secundo
1589 910 1886 981 disputatur
1912 912 1978 967 de
2014 914 2232 986 syllabis
2257 912 2582 983 pedibusque
2615 914 2871 968 metricis.
2901 913 2955 967 ln
2984 915 3140 969 tertio
3169 918 3475 985 proponitur
3510 928 3617 974 tra-

350 1004 591 1058 ctandum
615 1003 914 1073 singillatim
936 1002 1001 1056 de
1025 1001 1291 1073 rhythmo,
1319 1002 1386 1057 de
1413 1010 1584 1057 metro
1612 1003 1751 1058 etde
1785 1020 1977 1071 versu;
2003 1016 2159 1077 atque
2202 1006 2288 1060 hic
2318 1007 2543 1075 primum
2576 1006 2807 1076 rhythmi
2847 1006 2982 1060 ratio
3012 1016 3064 1059 et
3103 1009 3453 1076 praprietates
3496 1018 3607 1065 tra-

352 1095 543 1151 duntur
573 1113 588 1150 :
620 1104 835 1165 tumque
864 1094 1049 1163 incipit
1075 1094 1319 1148 tractatio
1363 1094 1429 1150 de
1468 1104 1669 1161 metro;
1698 1111 1815 1166 quze
1845 1097 1897 1150 in
1924 1108 2113 1167 quarto
2153 1097 2287 1151 libro
2326 1099 2679 1153 continuatur.
2718 1098 2773 1152 In
2815 1100 2997 1167 quinto
3023 1099 3299 1154 disseritur
3329 1101 3395 1155 de
3430 1117 3609 1157 versu.

350 1190 472 1257 Qua:
504 1204 662 1257 porro
684 1187 940 1242 hactenus
968 1187 1129 1241 multa
1158 1202 1277 1241 cum
1308 1187 1601 1242 eruditione
1624 1189 1864 1242 tractavit
1888 1190 2234 1260 Augustinus,
2260 1199 2411 1244 vocat
2434 1191 2545 1260 ipse
2571 1191 2942 1261 nugacitatem,
2976 1206 3130 1260 quam
3156 1192 3293 1261 apud
3323 1193 3613 1252 benevolos

356 1280 564 1334 )fliciosi
597 1280 791 1334 laboris
830 1279 1047 1333 nomine
1085 1278 1400 1349 deprecatur
1424 1278 1574 1333 initio
1600 1278 1718 1334 libri
1747 1279 1901 1345 sexti,
1931 1281 2019 1335 ubi
2056 1280 2308 1351 deinceps
2334 1281 2689 1336 studiosorum
2725 1292 2931 1337 mentes
2958 1298 3022 1337 ex
3060 1299 3403 1341 numerorum
3438 1284 3616 1341 consi-

346 1374 615 1427 deratione
638 1372 705 1426 ad
735 1373 899 1427 Deum
920 1372 1182 1442 provehit.

1295 1456 1340 1497 s.
1367 1457 1703 1509 AUGUSTINUS,
1733 1458 1902 1498 EPIST.
1935 1444 2059 1511 101,
2091 1459 2327 1499 κειοιιιο
2353 1459 2618 1499 EPISCOPO.

418 1555 438 1588 ι
485 1535 678 1591 Verum
717 1536 839 1606 quia
866 1536 923 1591 in
949 1535 1198 1590 omnibus
1216 1551 1393 1591 rerum
1423 1536 1651 1591 motibus
1670 1536 1791 1605 quid
1814 1537 2019 1590 numeri
2041 1537 2269 1603 valeant,
2301 1538 2500 1592 facilius
2528 1536 2896 1592 consideratur
2926 1537 2980 1593 in
3020 1539 3258 1604 vocibus,
3291 1555 3459 1611 eaque
3485 1557 3612 1598 con-

342 1628 592 1685 sideratio
612 1628 926 1698 quibusdam
954 1626 1103 1697 quasi
1130 1626 1363 1697 gradatis
1385 1627 1659 1681 itineribus
1682 1627 1866 1680 nititur
1898 1626 1966 1680 ad
1991 1642 2218 1696 superna
2250 1628 2431 1681 intima
2462 1628 2721 1695 veritatis,
2762 1628 2817 1682 in
2844 1629 3033 1699 quibus
3062 1631 3162 1684 viis
3187 1632 3413 1685 ostendit
3440 1648 3498 1687 se
3522 1647 3611 1686 sa-

314 1718 319 1731 ³
345 1720 535 1791 pientia
566 1719 825 1783 hilariter,
859 1728 912 1774 et
937 1720 989 1773 in
1020 1719 1163 1773 omni
1187 1720 1518 1789 providentia
1547 1720 1777 1774 occurrit
1800 1718 2099 1773 amantibus
2126 1738 2137 1773 :
2164 1720 2314 1774 initio
2338 1721 2501 1773 nostri
2524 1721 2617 1774 otii
2652 1736 2772 1774 cum
2797 1737 2828 1775 a
2854 1722 2997 1776 euris
3024 1722 3313 1791 majoribus
3341 1726 3612 1795 magisque

343 1813 652 1869 necessariis
680 1813 901 1867 vacabat
921 1814 1147 1877 animus,
1191 1813 1332 1867 volui
1351 1829 1445 1883 per
1472 1813 1572 1867 ista
1594 1830 1711 1882 qua:
1733 1828 1761 1866 a
1795 1813 1946 1867 nobis
1975 1812 2289 1867 desiderasti
2316 1813 2508 1882 scripta
2536 1813 2835 1883 proludere,
2863 1814 3074 1884 quando
3104 1817 3391 1885 conscripsi
3413 1817 3479 1871 de
3496 1819 3613 1873 solo

342 1908 590 1979 rhythmo
616 1923 707 1961 sex
734 1907 918 1971 libros,
946 1916 997 1961 et
1022 1906 1090 1961 de
1113 1907 1253 1961 melo
1268 1906 1501 1961 scribere
1520 1907 1653 1960 alios
1674 1905 1895 1960 forsitan
1937 1922 2050 1969 sex,
2079 1905 2265 1969 fateor,
2291 1906 2654 1975 disponebam,
2680 1922 2799 1962 cum
2826 1908 2952 1961 mihi
2984 1909 3146 1962 otium
3170 1908 3398 1963 futurum
3427 1925 3612 1979 spera-

340 2002 479 2055 bam.
509 2000 614 2056 Sed
642 2009 982 2069 posteaquam
1005 2000 1133 2053 mihi
1159 2014 1404 2053 curarum
1433 2000 1909 2054 ecclesiasticarum
1942 2000 2147 2053 sarcina
2176 1999 2419 2067 imposita
2449 2006 2551 2064 est,
2575 2014 2759 2054 omnes
2786 2000 2889 2054 illae
2916 2000 3117 2054 deliciae
3138 1999 3315 2069 fugere
3341 2001 3407 2055 de
3438 2002 3613 2056 mani-

341 2094 459 2158 bus,
494 2094 563 2146 ita
586 2092 745 2146 utvix
767 2107 908 2146 nunc
936 2091 1107 2161 ipsum
1135 2091 1372 2145 codicem
1410 2090 1693 2157 inveniam,
1718 2091 1964 2161 quoniam
1988 2099 2129 2144 tuam
2161 2090 2506 2158 voluntatem,
2539 2106 2637 2145 nec
2660 2090 2988 2161 petitionem,
3021 2090 3114 2145 sed
3136 2090 3449 2160 iussionem,
3481 2109 3613 2147 con-

339 2198 577 2243 temnere
602 2206 826 2260 nequeo.
850 2190 1002 2257 Quod
1028 2204 1155 2243 sane
1177 2188 1487 2258 0pusculum
1516 2189 1559 2241 si
1588 2196 1808 2258 potuero
1838 2188 2067 2254 mittere,
2105 2201 2210 2241 non
2234 2186 2445 2255 quidem
2475 2200 2559 2239 me
2602 2185 2692 2239 tibi
2719 2185 3136 2254 obtemperasse,
3165 2194 3529 2240 verumtamen
3563 2196 3617 2243 te

340 2283 440 2336 hoc
460 2298 488 2334 a
517 2300 600 2337 me
632 2292 909 2353 tantopere
938 2284 1201 2353 ﬂagitasse
1230 2282 1524 2352 pmnitebit.
1555 2280 1872 2335 Difﬁcillime
1896 2281 2089 2351 quippe
2121 2280 2483 2357 intelliguntur
2508 2278 2559 2331 in
2591 2292 2655 2332 eo
2695 2279 2925 2347 quinque
2955 2277 3096 2342 libri,
3144 2278 3187 2331 si
3218 2294 3322 2331 non
3362 2278 3498 2332 adsit
3521 2281 3613 2349 qui

340 2391 445 2429 nou
478 2376 648 2429 solum
670 2376 1049 2445 disputantium
1079 2376 1242 2445 possit
1267 2390 1517 2444 separare
1549 2388 1820 2443 personas,
1846 2388 2027 2428 verum
2054 2372 2211 2426 etiam
2260 2370 2649 2441 pronuntiando
2677 2371 2745 2423 ita
2773 2384 2961 2423 sonare
3006 2370 3237 2423 morulas
3266 2370 3610 2440 syllabarum,

339 2476 397 2521 ut
420 2468 497 2521 eis
522 2469 885 2537 exprimantur
902 2482 1221 2536 sensumque
1243 2466 1446 2520 aurium
1470 2465 1661 2520 feriant
1680 2479 1873 2534 genera
1904 2479 2244 2518 numerorum
2268 2481 2280 2517 :
2309 2462 2536 2516 maxime
2553 2462 2671 2531 quia
2690 2462 2743 2514 in
2764 2460 3073 2529 quibusdam
3096 2460 3255 2515 etiam
3278 2461 3610 2517 silentiorum

340 2561 584 2615 dimensa
610 2562 882 2615 intervalla
903 2561 1211 2624 miscentur,
1242 2574 1360 2628 qum
1388 2560 1609 2613 omnino
1638 2558 1825 2613 sentiri
1855 2564 2142 2627 nequeunt,
2194 2555 2294 2608 nisi
2338 2554 2634 2608 auditorem
2664 2552 3032 2623 pronuntiator
3075 2550 3343 2607 informet.
3394 2552 3612 2608 Sextum

338 2668 469 2708 sane
493 2654 684 2708 librum
707 2670 864 2724 quem
887 2653 1228 2708 emendatum
1261 2653 1456 2721 reperi,
1483 2651 1571 2706 ubi
1600 2659 1682 2705 est
1704 2651 1877 2705 omnis
1896 2648 2098 2705 fructus
2119 2655 2454 2713 cancrorum,
2498 2660 2602 2700 non
2622 2644 2800 2700 distuli
2827 2645 3035 2700 mittere
3058 2644 3312 2699 Charitati
3341 2654 3441 2699 tua:
3466 2663 3477 2697 :
3504 2646 3614 2700 for-

340 2746 498 2799 tassis
527 2746 638 2814 ipse
668 2755 811 2799 tuam
848 2760 953 2800 non
986 2745 1210 2799 multum
1236 2744 1462 2813 refugiet
1487 2743 1821 2813 gravitatem.
1856 2761 1874 2793 ι
2280 2742 2300 2769 ³
2361 2777 2377 2792 .

432 2838 585 2900 Vide
602 2846 907 2917 praetcrea
933 2837 1160 2900 librum
1189 2838 1247 2909 1,
1279 2853 1413 2915 cap.
1448 2836 1545 2907 11,
1572 2832 2122 2896 Retractationum
2140 2877 2156 2908 ,
2185 2831 2303 2894 cal.
2337 2828 2636 2905 600-602,
2662 2848 2701 2893 a
2728 2827 2955 2905 verbis,
2982 2828 3249 2904 Deinde,
3282 2832 3355 2891 ut
3384 2845 3606 2908 supra,

337 2955 408 2996 η.
443 2938 501 3012 1,
532 2957 722 3020 usque
747 2938 827 2999 ad
850 2936 1037 3000 verba
1060 2956 1124 2999 η.
1157 2935 1219 3010 It»,
1252 2936 1416 2998 Satis
1446 2936 1557 2996 diu
1590 2952 1777 3013 pene.
1971 2933 2057 2993 M.

832 3070 976 3080 ς--ο

351 3070 535 3081 ,ρ--ι

544 3070 817 3080 ~——-—.——

350 3063 3603 3119 Ἢ

350 3108 385 3118 α
2012 3104 2571 3113 ____.____.

2012 3104 2357 3113 _-___.———«

350 3108 385 3118 .-

870 3177 1029 3323 S.
1143 3176 1963 3319 AURELII
2012 3106 3129 3320 meum

1330 3394 2097 3470 HIPPONENSIS
2152 3395 2657 3469 EPISCOPI

1286 3550 1632 3705 DE
1734 3542 2723 3706 ΜυδίοΑ

1450 3810 1965 3924 LIBRI
2026 3808 2364 3921 SEX
2426 3840 2567 3938 (α).

1732 3978 2230 4058 «nam

1367 4103 1846 4209 LIBER
1926 4104 2583 4213 PRIMUS.

417 4266 639 4319 Traditur
659 4269 859 4320 musice
879 4268 1119 4331 definitio;
1145 4275 1198 4319 et
1217 4268 1302 4332 qui
1324 4267 1383 4317 ad
1404 4266 1607 4333 hujusce
1628 4266 2348 4396 dils’crgggtgocgﬁiﬂgﬁmnem
2370 4274 2635 4335 pertinent,
2659 4275 2876 4321 motuum
2898 4282 3262 4320 numerosorum
3282 4269 3475 4333 species
3493 4280 3550 4319 ac

1784 4436 2152 4495 «ψῃ

347 4540 573 4598 CAPUT
590 4538 950 4596 PRIMUM.—
961 4539 1215 4595 Sonorum
1229 4546 1388 4593 certas
1409 4538 1739 4594 dimensiones
1759 4539 1929 4594 obser-
1998 4494 2005 4495 ὲ
2036 4540 2113 4595 Μ.
2138 4539 2324 4603 Bonus,
2350 4540 2439 4609 qui
2468 4553 2561 4609 pes
2587 4546 2669 4593 est
2689 4538 2712 4592 ?
2735 4537 2804 4591 D.
2833 4537 2979 4593 Idem
3000 4538 3091 4608 qui
3111 4548 3163 4593 et
3182 4539 3379 4593 modus.
3405 4538 3481 4592 Μ.
3510 4538 3621 4595 Hoc
3652 4494 3658 4503 ‘

401 4650 516 4687 vare
541 4650 640 4686 non
669 4632 736 4686 ad
763 4633 1142 4703 grammaticam
1171 4640 1382 4702 spectat,
1410 4630 1499 4685 sed
1522 4630 1590 4684 ad
1617 4632 1879 4685 musicam.
2036 4643 2119 4689 est
2158 4649 2285 4704 ergo
2327 4633 2525 4699 modus,
2578 4631 2718 4701 quod
2760 4631 2936 4685 bonus.
2972 4630 3040 4685 υ.
3073 4631 3207 4685 Νοη.
3242 4630 3316 4684 Μ.
3361 4632 3469 4684 Cur
3496 4645 3623 4699 ergo
3661 4620 3665 4640 ⁵

422 4728 473 4781 1.
502 4726 779 4781 Μλσιετειι
809 4744 822 4780 :
854 4724 1067 4790 Modus,
1118 4724 1207 4793 qui
1255 4739 1351 4793 pes
1388 4724 1506 4778 est?
1532 4724 1839 4779 DlSClPULUS
1868 4724 1883 4754 ¹
1916 4741 1929 4777 :
2038 4723 2217 4777 idem?
2246 4723 2314 4775 D.
2350 4724 2480 4790 Quia
2510 4721 2650 4777 idem
2680 4722 2735 4776 in
2761 4737 2914 4789 sono,
2945 4723 2996 4776 in
3026 4722 3410 4791 signiﬁcatione
3452 4720 3616 4773 aliud.

353 4818 712 4891 Pyrrhichius.
766 4815 845 4872 Μ.
903 4817 1041 4884 Quot
1096 4823 1392 4884 temporum
1445 4815 1561 4869 est?
1615 4814 1682 4867 D.
1737 4815 1927 4869 Dunm.
2039 4816 2114 4869 Μ.
2143 4816 2401 4871 Concedis
2436 4832 2565 4886 ergo
2586 4815 2833 4871 eumdem
2862 4831 3049 4871 sonum
3080 4829 3197 4869 esse
3219 4828 3340 4868 cum
3369 4811 3624 4879 dicimus,

1541 4919 1795 4955 ADHONITIO
1818 4922 1889 4954 pr.
1917 4921 2337 4957 annnmown.
3655 4919 3663 4950 ι

410 4993 642 5042 Amendis
664 5004 816 5053 prope
839 4989 1104 5039 innumeris
1127 4990 1381 5053 expurgati
1402 4994 1512 5053 sunt
1528 4988 1669 5047 (Lihri
1687 4989 1749 5053 de
1764 4990 1958 5053 Musiea)
1976 4990 2032 5037 ad
2058 4998 2159 5039 Mss.
2177 4991 2520 5053 Corbeiensem
2537 4991 2730 5053 optima:
2752 4997 2897 5047 notae,
2915 4986 3267 5053 arnulfensem,
3288 4985 3626 5047 Albinensem,

349 5049 889 5115 Victorinum,'neg'ium,
911 5054 1180 5115 Vaticanum
1200 5064 1213 5108 ;
1233 5049 1554 5115 atl’lectiones
1573 5062 1633 5097 ex
1655 5049 1859 5115 _Belgicis
1879 5049 2082 5115 quatuor
2099 5066 2185 5113 per
2204 5052 2524 5115 Lovanienses
2544 5049 2796 5115 collectas;
2816 5057 2868 5099 et
2889 5049 2949 5098 ad
2972 5050 3212 5115 editiones
3346 5054 3420 5097 Er.
3433 5054 3499 5115 _et
3512 5055 3625 5115 μη.

349 5124 587 5167 Ρι-ωιειιρδ
621 5108 981 5175 Ιὶὺτίἲιυὶηίμιο
1017 5114 1203 5175 priores
1225 5112 1282 5159 ad
1328 5112 1473 5159 alium
1497 5108 1780 5159 Victorinum
1810 5120 1858 5160 et
1882 5108 1939 5160 ad
1962 5108 2261 5161 Navarricum
2286 5122 2388 5161 MSS.
2413 5112 2570 5161 collati
2594 5120 2737 5175 sunt;
2778 5108 2951 5160 Sextus
2993 5110 3189 5159 demum
3226 5108 3352 5159 iiber
3388 5110 3449 5158 ad
3482 5108 3626 5158 alium
3722 5131 3735 5142 ι

347 5184 511 5227 havar.
540 5184 592 5226 et
614 5176 760 5224 alium
784 5173 954 5223 Victor.
983 5173 1040 5222 ad
1065 5186 1212 5220 unum
1236 5175 1431 5235 majoris
1452 5182 1719 5221 conventus
1742 5175 2193 5234 Augustiniauorum
2212 5176 2354 5223 Paris.
2383 5182 2433 5222 et
2450 5175 2506 5221 ad
2531 5174 2888 5233 Benignianum.

405 5254 793 5321 comparavimus
808 5262 1042 5321 prwtcrea
1056 5266 1137 5303 eas
1148 5252 1558 5321 ο-ιῃζιςξςεαὶιὶοῃςξ
1568 5250 1701 5321 natio
1719 5255 2117 5321 _ltetraetationum
2152 5312 2162 5321 _
2196 5255 2249 5297 et
2312 5248 2673 5321 confessionum
2737 5256 3033 5321 _memmjatas
3055 5286 3069 5311 ,
3128 5264 3307 5321 necnon
3334 5252 3454 5321 duos
3475 5251 3628 5321 (tegit:

349 5312 657 5384 Bibliotheca
692 5312 819 5384 Mss,
849 5315 1062 5384 numeris
1085 5324 1135 5371 A,
1163 5314 1298 5371 7900,
1319 5321 1362 5364 et
1386 5321 1436 5373 Β,
1470 5314 1585 5384 τᾷόί
1625 5314 1911 5384 designatos,
1938 5328 1994 5364 ac
2027 5312 2184 5384 operis
2212 5313 2827 5384 ftagustinjauiguamaam
2858 5312 3089 5376 epitomen
3110 5326 3172 5384 ea:
3196 5312 3628 5384 ipsispotissinium

347 5379 597 5445 Δειραδιῂῄ
616 5377 772 5445 verbis
794 5371 1165 5445 concinnatan
1198 5389 1365 5445 quam_
1385 5371 1567 5445 mytilus
1606 5371 1765 5445 Maius
1880 5371 2157 5445 pervett'tsta
2179 5371 2350 5425 radice
2384 5371 2956 5445 Bibliotliecmﬁt’qticaﬁw‘
2978 5374 3155 5445 reperit
3187 5371 3431 5438 edidit'que
3452 5383 3623 5436 Rm,

343 5436 468 5493 απῆο
488 5442 623 5503 1828,
646 5443 697 5490 in
719 5448 849 5490 tomo
887 5440 934 5498 5,
958 5447 1093 5500 parte
1136 5439 1184 5497 5,
1211 5436 1319 5500 pag.
1348 5436 1561 5496 Ηϋῖίὸι,
1589 5450 1725 5487 nova:
1746 5436 2049 5489 Collectionis
2069 5440 2355 5500 scriptorum
2377 5445 2601 5485 veterum
2625 5449 2654 5485 e
2679 5437 2912 5485 Vaticanis
2934 5436 3045 5485 cdd;
3074 5436 3361 5500 expressae.‘
3391 5445 3443 5484 M.

412 5552 428 5582 ι
470 5557 520 5598 tu
542 5548 701 5610 capite
717 5546 887 5609 Operis
906 5581 919 5605 ,
943 5544 1068 5610 apud
1086 5543 1394 5610 Albinensem
1420 5552 1522 5610 Mss.
1543 5544 1750 5610 habetur
1772 5544 1938 5610 :_mci-
2043 5553 2240 5593 cutores
2255 5542 2546 5610 Augustinus
2568 5550 2620 5592 et
2640 5538 2879 5610 Licentius
2900 5555 2964 5610 _ex
2986 5544 3180 5610 nomine
3203 5544 3627 5610 designanturper

344 5610 415 5677 pit
438 5600 739 5677 dialogorum
1026 5613 1071 5677 et
1095 5604 1289 5677 Licentii
1312 5607 1371 5677 de
1391 5606 1571 5677 Nasica
1594 5600 1934 5677 liberiprinup,
2044 5613 2197 5677 totum
2226 5600 2353 5677 opus
2370 5637 2385 5663 ,
2418 5604 2712 5667 ubicumque
2729 5605 2779 5653 in
2797 5604 2941 5655 editis
2960 5612 3087 5656 notae
3107 5606 3261 5657 afﬁxa:
3284 5600 3397 5656 sint
3419 5600 3625 5669 magistri

345 5665 557 5723 ’l‘itulum
569 5665 887 5735 "persimde'in
922 5667 1200 5735 praeferunt
1222 5670 1398 5735 Regius
1429 5670 1584 5735 codex
1625 5674 1677 5716 et
1714 5665 1938 5735 \fictorini
2042 5682 2098 5719 ac
2115 5665 2355 5735 Discipuli.

344 5735 460 5786 duo.
487 5742 541 5787 tn
560 5727 667 5786 Mss.
687 5740 852 5786 autem
869 5727 1006 5784 corb.
1031 5730 1212 5784 Arnulf.
1238 5727 1419 5783 et'aliis
1439 5730 1707 5794 plerisque,
1731 5730 1929 5781 interlo-
2104 5730 2179 5792 (a)
2203 5727 2410 5781 Inchoati
2430 5740 2510 5780 an.
2527 5727 2698 5782 diristi
2717 5728 2829 5793 387,
2852 5729 3057 5792 perfecti
3079 5731 3271 5783 circiter
3293 5742 3372 5781 an.
3397 5728 3500 5783 389.
