4096 6368
283 336 420 410 1085

277 468 373 524 per
393 466 451 506 se
477 449 589 520 ipsc
615 448 874 516 delectat;
905 447 1038 506 anin
1056 446 1218 516 coqui
1240 445 1400 502 servit
1423 442 1810 514 quodammodo
1839 457 1855 497 ε

281 561 400 602 nam
429 544 578 615 quasi
609 541 845 598 serviunt
869 541 1044 602 omnia
1075 555 1192 610 quae
1219 554 1321 593 non
1351 540 1446 594 sibi
1477 546 1634 602 sunt,
1661 537 1756 598 sed
1793 535 1859 594 ad

277 621 474 706 aliquid
498 635 636 712 aliud
667 632 986 712 referuntur.
1019 630 1086 684 D.
1120 631 1174 686 Ιιι
1202 645 1267 686 eo
1293 630 1495 684 scilicet
1523 628 1611 698 qui
1640 635 1858 697 propter

283 746 341 784 se
367 703 650 798 appetitur.
683 723 760 796 Μ.
793 703 937 796 Ειεό
960 723 1231 776 scientiam
1265 719 1568 774 modulandi
1590 717 1698 787 jam
1730 731 1856 786 pro—

278 819 456 875 bubile
485 827 566 872 est
587 833 702 871 esse
726 814 1000 890 scientiam
1030 813 1164 882 bene
1187 811 1466 874 movendi;
1499 811 1564 864 ita
1600 817 1656 864 ut
1685 818 1858 862 motus

281 929 376 983 per
404 927 461 967 se
491 912 602 980 ipse
640 917 936 980 appetatur,
971 916 1128 976 atque
1157 906 1224 960 ob
1255 905 1355 958 hoc
1384 919 1476 973 per
1505 919 1562 957 se
1607 903 1718 972 ipse
1767 901 1858 956 de-

281 1007 460 1060 lectet.
495 1005 556 1056 Ι).
584 1001 860 1080 Probabile
890 1015 1035 1054 sane.

279 1097 505 1154 CAPUT
545 1094 630 1152 Ill.
659 1124 728 1134 —
757 1093 892 1147 Bene
920 1091 1172 1145 modulari
1201 1089 1323 1159 quid
1349 1089 1432 1154 sit,
1471 1097 1519 1142 et
1546 1103 1634 1140 cur
1662 1086 1714 1140 in
1742 1102 1858 1139 mu-

723 1186 841 1237 sicw
867 1183 1155 1250 definitione
1176 1181 1412 1250 positum.

349 1287 404 1342 4.
437 1284 515 1348 Μ.
547 1283 653 1339 Cur
681 1299 806 1351 ergo
845 1280 1081 1358 additum
1109 1284 1222 1342 est,
1254 1276 1416 1339 bene;
1456 1288 1575 1328 cum
1612 1272 1718 1340 jam
1746 1271 1858 1339 ipsa

280 1377 574 1433 modulatio
619 1375 717 1429 nisi
758 1374 892 1428 bene
923 1378 1228 1432 moveatur,
1263 1381 1379 1420 esse
1421 1380 1524 1420 non
1559 1363 1759 1433 possit?
1790 1361 1856 1414 D.

281 1468 505 1532 Nescio,
533 1476 586 1519 et
615 1461 1058 1534 quemadmodum
1103 1458 1228 1512 mihi
1259 1466 1498 1525 ereptum
1539 1457 1605 1517 sit
1631 1455 1812 1522 ignoro
1844 1471 1856 1506 :

283 1574 416 1621 nam.
459 1560 560 1611 hoc
606 1553 982 1624 requirendum
1027 1551 1206 1604 animo
1246 1549 1494 1604 licescrat.
1540 1545 1616 1599 Μ.
1649 1546 1862 1600 Poterat

232 1673 254 1722 ξ
283 1651 498 1704 omnino
527 1648 665 1702 nulla
697 1645 763 1700 de
789 1647 888 1699 hoc
917 1645 1079 1698 verbo
1108 1641 1469 1696 controversia
1496 1640 1605 1692 ﬁeri
1625 1679 1639 1703 ,
1673 1647 1728 1692 ut
1750 1637 1858 1705 jam

221 1723 254 1802 ὖ
284 1743 538 1796 musicam
567 1740 771 1795 sublato
801 1751 865 1791 eo
896 1735 1034 1806 quod
1067 1735 1293 1803 positum
1325 1742 1424 1796 est,
1459 1731 1624 1795 bene,
1658 1737 1858 1784 tantum

281 1833 555 1888 scientiam
579 1829 880 1893 modulandi
908 1827 1269 1889 deliniren'ms.
1293 1824 1360 1884 Β.
1385 1823 1512 1890 Quis
1537 1822 1676 1882 enim
1706 1820 1857 1885 ferat,

282 1925 326 1978 si
373 1922 604 1976 enodare
649 1930 813 1972 totum
847 1921 913 1972 ita
960 1918 1130 1971 velis?
1165 1903 1241 1968 Μ.
1277 1915 1470 1978 Mnsica
1515 1923 1596 1968 est
1641 1912 1859 1970 scientia

280 2011 418 2066 bene
444 2009 712 2078 movendi.
740 2008 844 2062 Sed
872 2008 993 2078 quia
1020 2007 1158 2062 bene
1189 2004 1385 2059 moveri
1405 2005 1510 2072 jam
1539 2002 1640 2065 dici
1663 2009 1856 2070 potest,

279 2102 536 2172 quidquid
563 2116 845 2155 nmnerose
884 2099 1105 2153 servatis
1137 2109 1434 2166 temporum
1470 2097 1484 2126 ¹
1514 2105 1668 2164 atque
1701 2096 1862 2148 inter-

281 2193 538 2246 vallorum
568 2190 984 2245 dimensionibus
1006 2199 1247 2242 movetur
1273 2189 1412 2256 (jam
1445 2187 1583 2240 enim
1610 2186 1858 2251 delectat,

280 2295 339 2340 et
357 2287 424 2338 ob
446 2284 855 2356 hoc-modulatio
879 2300 980 2337 non
1006 2283 1290 2352 incongrue
1308 2283 1415 2351 jam
1436 2277 1720 2351 vocatur);
1749 2279 1863 2332 fieri

278 2387 457 2432 autem
491 2385 681 2448 potest,
714 2386 767 2430 ut
795 2376 895 2430 ista
927 2376 1278 2430 numerositas
1303 2383 1459 2442 atque
1484 2372 1744 2426 dimensio
1766 2371 1860 2425 de-

281 2473 462 2538 lectet,
491 2471 700 2540 quando
725 2486 828 2524 non
851 2485 986 2538 Opus
1004 2477 1113 2532 est;
1140 2478 1196 2520 ut
1215 2468 1258 2522 si
1291 2467 1408 2536 quis
1433 2465 1743 2518 suavissime
1772 2479 1862 2517 ca-

281 2583 440 2632 nens,
473 2575 526 2620 et
549 2564 765 2634 pulchre
792 2565 1020 2629 saltans,
1044 2563 1171 2618 velit
1199 2576 1264 2616 eo
1302 2561 1417 2630 ipso
1441 2559 1716 2622 lascivire,
1743 2573 1861 2610 cum

279 2676 372 2714 res
403 2660 736 2714 severitatem
766 2657 1030 2712 desiderat
1055 2671 1070 2709 :
1094 2672 1197 2708 non
1221 2655 1355 2709 bene
1379 2655 1558 2722 utique
1584 2665 1863 2705 numerosa

279 2754 642 2809 modulatione
671 2754 862 2818 utitur;
892 2753 942 2806 id
969 2762 1052 2807 est
1075 2767 1138 2805 ea
1167 2750 1402 2804 motione
1430 2765 1546 2818 qua:
1568 2749 1675 2817 jam
1702 2748 1861 2806 bona,

281 2860 350 2899 ex
374 2860 439 2899 eo
464 2845 584 2914 quia
612 2858 891 2898 numerosa
924 2853 1025 2905 est,
1053 2842 1154 2896 dici
1184 2843 1384 2911 potest,
1409 2842 1544 2896 male
1567 2838 1679 2905 ille,
1704 2840 1754 2895 id
1786 2847 1867 2892 est

282 2939 700 3008 incongruenter
744 2938 921 2990 utitur.
955 2935 1108 2991 Unde
1134 2934 1272 2989 aliud
1308 2945 1386 2990 est
1417 2934 1697 2998 modulari,
1726 2933 1866 2987 aliud

285 3029 424 3083 bene
442 3029 720 3082 modulari.
739 3027 870 3082 Nam
901 3028 1186 3081 modulatio
1215 3027 1278 3080 ad
1303 3027 1546 3096 quemvis
1571 3035 1864 3090 cautorem,

290 3128 495 3173 tantum
523 3120 610 3188 qui
639 3136 742 3172 non
772 3129 913 3173 erret
943 3119 992 3172 in
1020 3118 1124 3172 illis
1149 3118 1564 3171 din'tensionibus
1590 3132 1774 3169 vocum
1808 3129 1869 3169 ac

285 3227 538 3266 sonorum
564 3231 577 3276 ;
601 3213 734 3265 bona
757 3227 884 3265 vero
904 3211 1192 3265 modulatio
1213 3211 1276 3264 ad
1303 3209 1436 3263 hanc
1464 3209 1732 3264 liberalem
1757 3209 1870 3262 dis-

291 3302 566 3370 ciplinam,
606 3303 657 3356 id
677 3311 760 3357 est
775 3302 839 3354 ad
861 3302 1136 3365 musicam,
1157 3302 1422 3370 pertinere
1442 3299 1741 3354 arbitranda
1767 3307 1866 3352 est.

288 3391 442 3457 Quod
474 3393 518 3446 si
558 3407 655 3446 nec
685 3391 770 3445 illa
797 3391 932 3445 bona
979 3390 1070 3443 tibi
1107 3391 1271 3442 motio
1297 3390 1505 3444 videtur
1525 3431 1540 3456 ,
1567 3388 1638 3443 cx'
1653 3404 1717 3444 eo
1750 3389 1869 3457 quia

288 3484 467 3554 inepta
485 3491 584 3544 est.
603 3483 840 3553 quamvis
856 3482 1143 3537 artiliciose
1160 3495 1493 3536 numerosam
1509 3495 1627 3535 esse
1644 3481 1868 3545 fateare;

291 3585 566 3631 teneamtts
588 3577 712 3632 illud
744 3587 1007 3641 nostrum,
1038 3575 1176 3643 quod
1209 3575 1401 3644 ubique
1425 3575 1740 3628 servandum
1769 3580 1869 3636 est,

290 3685 360 3724 ne
399 3678 665 3725 certamen
698 3669 876 3732 verbi,
906 3684 966 3724 re
993 3668 1121 3722 satis
1150 3667 1388 3722 elucente
1409 3708 1424 3734 ,
1470 3667 1564 3720 nos
1597 3671 1869 3734 torqueat;

289 3759 527 3830 nihilque
551 3774 818 3824 curemus,
849 3766 1027 3812 utrum
1057 3758 1255 3812 musica
1286 3756 1616 3821 modulandi,
1645 3771 1711 3809 an
1740 3754 1874 3806 bene

290 3855 597 3910 modulandi
619 3851 836 3908 scientia
863 3851 1211 3906 describatur.
1237 3849 1307 3903 D.
1332 3851 1466 3905 Amo
1489 3849 1702 3918 quidem
1732 3847 1875 3902 rixas

292 3949 573 4002 verborum
623 3947 896 4017 prteterire
941 3953 1097 4012 atque
1137 3949 1510 4010 contemnere,
1553 3956 1657 3996 non
1697 3949 1872 3994 tamen

293 4038 423 4094 mihi
453 4039 696 4106 displicet
726 4038 822 4091 ista
854 4033 1144 4088 distinctio.

293 4149 519 4206 CAPUT
550 4147 937 4203 lV.—Scientin
951 4163 1041 4198 cur
1056 4145 1108 4198 in
1131 4145 1332 4197 musij
1347 4145 1634 4212 definitione
1654 4145 1874 4212 ponitur.

366 4244 420 4297 5.
464 4241 539 4294 Μ.
570 4242 754 4294 Restat
797 4247 854 4293 ut
892 4245 1191 4307 quaeramus
1234 4223 1327 4291 cur
1361 4237 1428 4289 sit
1475 4237 1526 4288 in
1571 4223 1879 4304 deﬁnitione

296 4332 540 4389 scientia.
565 4331 630 4384 D.
664 4330 735 4384 ita
767 4329 855 4384 ﬁat
888 4349 899 4383 :
935 4345 1055 4382 nam
1091 4330 1190 4382 hoc
1229 4327 1466 4396 ﬂagitare
1495 4327 1733 4379 ordinem
1772 4315 1880 4378 me-

297 4424 448 4479 mini.
485 4423 561 4476 Μ.
599 4422 878 4490 Responde
918 4413 1110 4487 igitur,
1139 4407 1312 4474 utrum
1345 4420 1437 4473 tibi
1478 4407 1716 4472 videatur
1746 4405 1880 4488 bene

298 4514 557 4570 modulari
586 4507 1032 4567 votiem‘luscinia
1067 4501 1228 4566 verna
1269 4519 1418 4580 parte
1460 4497 1583 4564 anni
1611 4491 1782 4563 tinam

300 4619 618 4661 numerosus
644 4615 724 4658 est
748 4615 800 4660 et
826 4599 1169 4660 Suavissimus
1199 4601 1286 4657 ille
1314 4592 1521 4669 cantus,
1551 4609 1624 4665 et,
1651 4590 1770 4654 nisi=
1788 4573 1884 4654 fall!

305 4695 403 4764 lor,
437 4697 662 4765 tempori
690 4683 955 4765 congruit.
986 4693 1051 4746 D.
1081 4685 1310 4748 'Videtur
1339 4685 1575 4747 omnino.
1607 4681 1681 4746 Μ’.
1702 4681 1880 4745 ’Νιιιιι-

301 4791 549 4860 quidnam
577 4779 978 4856 liberalishujus
999 4783 1484 4856 disciplinte‘perita
1516 4783 1632 4841 est?
1653 4785 1720 4838 Β.
1741 4785 1878 4840 Νοιι.

304 4879 381 4936 Η.
411 4879 572 4935 Vides
598 4882 754 4952 igitur
791 4896 982 4933 nomen
1018 4871 1252 4934 scientia:
1282 4867 1882 4948 deﬁnitioniperneees—

301 4973 520 5026 sarium.
543 4969 614 5024 'D.
641 4961 1080 5038 ‘Video'prors‘u's‘.
1109 4965 1187 5024 Μ.
1224 4957 1474 5024 ῐὶιὲἰιιίιιί
1510 4956 1884 5040 ρἰςόζιιιιωὲο

302 5072 383 5129 te;
419 5061 595 5118 nonne
621 5064 756 5118 tales
785 5057 878 5117 tibi
893 5055 1089 5116 'omne's
1114 5049 1378 5126 videntur,
1410 5051 1695 5131 qualisilla
1728 5049 1884 5116 lusci-

303 5156 387 5210 nia
418 5149 630 5222 eseam
664 5152 826 5208 sensu
854 5146 1080 5221 quodam
1109 5151 1252 5220 ducti
1271 5141 1407 5206 bene
1430 5136 1778 5213 (ειιιιίιιιίξΊίόο
1796 5147 1886 5205 Μ

304 5241 586 5300 numerose
614 5236 999 5299 id‘l‘aciutit"ad
1025 5232 1278 5310 Suaviter,
1315 5239 1554 5314 quamvis
1580 5224 1895 5311 interrogati

303 5333 365 5394 de
390 5333 518 5408 ipsis
539 5331 794 5402 numeris,
814 5331 894 5393 vel
919 5337 983 5390 de
1010 5325 1302 5391 intervallis
1328 5325 1600 5391 acutarum
1623 5319 1887 5404 gravium;-

305 5427 404 5502 que
427 5427 638 5492 vacum,
688 5428 1012 5496 respondere
1044 5419 1161 5483 non
1200 5418 1441 5498 possint?
1468 5415 1551 5480 Β.
1580 5415 1886 5482 Simillimos

305 5537 398 5576 eos
427 5527 572 5589 pu‘to'.
603 5519 679 5575 Μ.
699 5513 928 5588 Quid‘lii
951 5521 1039 5590 qui
1068 5517 1186 5576 illos
1212 5511 1326 5574 sine
1354 5522 1450 5575 ista
1477 5522 1696 5575 scientia
1725 5507 1887 5576 liben-

369 5634 384 5665 ί
421 5633 559 5683 sicin
585 5642 717 5692 mss;
742 5638 792 5682 at
814 5603 950 5696 l.ov_.l,
976 5630 1212 5696 quidquid
1226 5627 1583 5696 'nnmerositalis
1603 5615 1885 5696 temporum.

281 5703 406 5766 ,Anr.
433 5703 485 5744 ct
507 5703 580 5766 Er.
593 5692 1061 5766 _baben_t,ggnirlqnid
1084 5692 1447 5766 munerositatis,
1475 5708 1583 5758 quo:
1603 5692 1882 5760 temporum.

306 5757 1035 5819 «Benedictinisadstipulauw
1061 5757 1311 5807 raueod.
1377 5766 1434 5806 M.
1490 5783 1495 5790 -
1570 5770 1628 5790 ·ν
1697 5757 1716 5796 '.
1771 5778 1786 5782 -η

1670 322 1872 398 “BER
1913 322 2184 396 ERIHUS-

3401 339 3546 406 1086

1972 449 2052 498 ter
2078 441 2328 511 audiunt;
2355 458 2474 498 eum
2498 444 2770 504 videamus
2785 445 3118 518 elephantos,
3136 463 3312 520 ursos,
3337 453 3547 524 aliaque

1966 535 2214 588 nonnulla
2238 551 2430 605 genera
2457 537 2748 598 bestiarum
2769 538 2836 608 ad
2863 547 3050 596 cantus
3072 556 3293 616 moveri,
3315 521 3546 616 ﬁesdue

1966 627 2107 694 ipsas
2143 629 2396 694 delectari
2440 631 2550 684 suis
2590 631 2810 686 vocibus
2854 631 2988 704 (non
3031 613 3173 696 enim
3213 635 3358 688 nullo
3397 613 3547 692 extra

1966 724 2237 792 proposito
2279 723 2295 755 ¹
2335 722 2618 778 commodo
2661 732 2768 780 tam
2808 724 3044 794 impense
3086 723 3138 786 id
3177 735 3391 794 agerent
3431 728 3548 783 sine

1963 815 2189 886 quadam
2214 813 2464 886 libidine)
2488 831 2504 882 ;
2535 830 2710 890 nonne
2739 817 3016 886 pecoribus
3036 819 3374 886 comparandi
3392 821 3548 876 sunt?

1964 906 2034 966 Π.
2063 907 2269 964 Censeo
2298 908 2426 966 :sed
2452 925 2588 980 pene
2613 910 2666 964 in
2689 925 2847 966 omne
2871 925 3039 981 genus
3065 912 3352 966 humanum
3381 912 3549 968 tendit

1964 999 2081 1057 lure
2112 1003 2451 1058 contumelia.
2485 1001 2562 1061 Μ.
2590 1001 2706 1058 Non
2737 1011 2819 1058 est
2846 1002 2987 1072 quod
3015 1012 3186 1072 putas.
3211 1003 3341 1058 Nam
3368 1004 3544 1072 magni

1965 1093 2100 1158 viri,
2132 1095 2232 1149 etsi
2263 1095 2514 1150 musicam
2546 1095 2816 1158 nesciunt,
2846 1102 2936 1148 aut
2962 1110 3257 1164 congruere
3285 1094 3420 1163 plebi
3449 1110 3543 1148 vo-

1963 1185 2099 1253 lunt,
2128 1203 2245 1255 qua:
2279 1203 2383 1241 non
2428 1188 2648 1241 multum
2680 1202 2708 1240 a
2741 1187 3021 1255 pecoribus
3059 1186 3254 1249 distat,
3301 1195 3354 1239 et
3393 1184 3545 1253 cujus

1966 1279 2151 1349 ingens
2172 1287 2252 1332 est
2281 1294 2554 1344 numerus,
2582 1279 2720 1347 quod
2747 1279 3134 1332 modestissime
3161 1293 3221 1331 ac
3245 1278 3544 1346 prudentis-

1964 1371 2098 1423 sime
2125 1369 2318 1423 faciunt
2354 1371 2484 1436 (sed
2514 1370 2580 1424 de
2621 1370 2721 1424 hoc
2767 1385 2905 1424 nunc
2941 1369 3232 1428 disserendi
3264 1370 3412 1422 locus
3439 1385 3544 1423 non

1965 1473 2047 1518 est
2067 1463 2118 1533 );
2160 1471 2250 1516 aut
2278 1474 2394 1532 post
2437 1479 2650 1532 magnas
2679 1477 2832 1516 curas
2872 1461 3146 1516 relaxandi
3174 1477 3234 1515 ac
3264 1462 3545 1531 reparandi

1965 1556 2128 1609 animi
2167 1555 2333 1624 gratia
2377 1555 2796 1609 moderatissimo
2839 1556 2905 1609 ab
2941 1555 3004 1608 iis
3035 1554 3228 1624 aliquid
3264 1555 3547 1622 voluptatis

1965 1647 2270 1702 assumitur.
2303 1646 2469 1710 Quam
2495 1645 2753 1698 interdum
2783 1646 2857 1699 sic
2879 1659 3068 1713 capere
3095 1644 3544 1698 modestissimum

1965 1746 2048 1792 est
2072 1753 2088 1802 ;
2116 1737 2184 1790 ab
2213 1751 2273 1790 ea
2304 1751 2432 1789 vero
2457 1735 2573 1804 capi
2605 1734 2688 1790 vel
2709 1733 3007 1799 interdum,
3036 1741 3188 1806 turpe
3213 1743 3370 1802 atque
3400 1733 3547 1788 inde-

1967 1845 2152 1884 corum
2183 1835 2284 1882 εει.

2038 1921 2090 1976 6.
2119 1919 2225 1975 Sed
2250 1917 2377 1989 quid
2416 1917 2508 1976 tibi
2536 1916 2783 1972 videtur?
2808 1915 2897 1985 qui
2939 1913 3023 1973 vel
3060 1913 3200 1976 tibiis
3238 1921 3436 1969 canunt
3463 1913 3549 1969 vel

1966 2011 2190 2074 cithara,
2221 2017 2379 2078 atque
2401 2005 2704 2076 huiusmodi
2735 2004 3100 2060 instrmuentis
3121 2044 3135 2069 ,
3169 2001 3550 2071 numquidnam

1967 2112 2189 2174 possunt
2220 2100 2453 2154 lusciniae
2480 2096 2821 2165 comparari?
2855 2095 2922 2150 D.
2957 2095 3090 2149 Non.
3124 2092 3202 2150 Μ.
3233 2092 3368 2159 Quid
3396 2092 3552 2162 igitur

1967 2193 2200 2250 distant?
2224 2192 2290 2245 ι).
2320 2190 2472 2258 Quod
2497 2191 2550 2246 in
2579 2188 2693 2242 istis
2721 2195 2887 2240 artem
2924 2185 3204 2256 quamdam
3233 2199 3352 2238 esse
3371 2183 3548 2247 video,

1968 2289 2020 2342 in
2047 2287 2132 2342 illa
2158 2301 2286 2339 vero
2312 2283 2480 2338 solam
2513 2290 2777 2336 naturam.
2805 2277 2882 2341 Μ.
2917 2276 3219 2342 Verisimile
3247 2273 3418 2338 dicis;
3457 2270 3552 2332 sed

1966 2396 2055 2435 ars
2083 2379 2172 2434 tibi
2196 2378 2401 2432 videtur
2426 2377 2522 2430 ista
2546 2388 2665 2428 esse
2685 2369 2931 2436 dicenda,
2954 2363 3160 2450 etiamsi
3181 2366 3408 2436 quadatn
3438 2363 3556 2424 imi-

1967 2473 2165 2527 talione
2206 2469 2258 2523 id
2295 2466 2530 2524 faciunt?
2566 2463 2636 2517 D.
2668 2462 2777 2518 Cur
2819 2461 2959 2517 non?
2987 2459 3120 2526 Nam
3158 2458 3313 2524 video
3351 2461 3552 2530 tanturn

1967 2566 2146 2617 valere
2175 2562 2226 2614 in
2255 2560 2454 2614 artibus
2486 2556 2835 2610 imitationem
2853 2595 2866 2618 ,
2896 2561 2988 2620 ut,
3015 2566 3077 2606 ea
3107 2549 3336 2613 sublata,
3367 2560 3554 2600 omnes

1971 2669 2106 2723 pene
2133 2650 2482 2723 perimantur.
2524 2644 2773 2704 Praebent
2811 2641 2951 2698 enim
2989 2655 3046 2693 se
3073 2638 3306 2710 magistri
3338 2635 3403 2712 ad
3434 2635 3554 2708 imi-

1973 2746 2211 2809 tamlum,
2241 2751 2294 2795 et
2315 2739 2416 2794 hoc
2442 2737 2616 2808 ipsum
2633 2744 2716 2800 est
2739 2733 2879 2804 quod
2902 2740 3092 2786 vocant
3120 2729 3334 2801 docere.
3358 2725 3434 2778 M.
3466 2723 3558 2798 γῆ-

1972 2840 2129 2893 detur
2157 2836 2246 2890 tibi
2277 2849 2366 2889 ars
2390 2833 2526 2896 ratio
2555 2844 2676 2884 esse
2709 2826 2973 2896 quaedam,
3002 2833 3052 2906 et
3083 2822 3117 2878 ii
3144 2823 3231 2894 qui
3259 2830 3371 2895 arte
3394 2826 3554 2895 utun—

1974 2927 2344 2996 tur,'ratione
2387 2925 2505 2978 uti:
2551 2938 2616 2976 an
2667 2920 2819 2973 aliter
2862 2905 3047 2986 putas?
3091 2912 3156 2966 ι).
3194 2911 3436 2986 Yidetur.

1973 3020 2225 3090 Quisquis
2246 3018 2406 3088 igitur
2429 3017 2633 3071 ratione
2660 3013 2732 3066 uti
2759 3025 2862 3064 non
2883 3017 3081 3079 potest,
3101 3015 3215 3076 arte
3240 3020 3343 3076 non
3375 3002 3556 3078 utitur.

1973 3113 2044 3168 D.
2075 3116 2137 3167 Et
2170 3112 2272 3166 hoc
2293 3109 2548 3165 concedo.
2576 3105 2654 3160 M.
2687 3106 2957 3159 Censesne
2981 3108 3124 3154 muta
3146 3096 3410 3182 animalitt,
3442 3107 3561 3172 qua:

1975 3207 2134 3260 etiam
2158 3203 2478 3258 irrationalia
2498 3200 2764 3262 dicuntur,
2783 3196 2856 3250 uti
2876 3209 3033 3264 posse
3053 3193 3259 3246 ratione
3275 3191 3297 3242 ?
3313 3188 3382 3258 Β.
3402 3185 3562 3254 Nullo

1975 3297 2154 3352 modo.
2188 3294 2266 3348 Μ.
2301 3295 2406 3348 Αιιι
2443 3292 2602 3361 igitur
2631 3290 2773 3358 picas
2811 3296 2864 3340 et
2894 3285 3146 3354 psittacos
3171 3290 3224 3362 et
3258 3294 3448 3350 corvos
3478 3292 3564 3332 ra-

1976 3388 2190 3445 tionalia
2225 3399 2345 3440 esse
2387 3385 2620 3439 dicturus
2650 3395 2708 3434 es
2747 3377 3020 3439 animalia,
3067 3382 3158 3430 aut
3209 3371 3560 3448 imitationem

1975 3479 2191 3542 nomine
2218 3476 2350 3530 artis
2380 3483 2583 3530 temere
2611 3469 2831 3526 vocasti.
2859 3466 3114 3524 Videmus
3140 3464 3279 3518 enim
3318 3460 3413 3515 has
3435 3474 3562 3530 aves

1976 3579 2029 3625 et
2069 3568 2230 3622 multa
2258 3581 2450 3622 canere
2476 3579 2538 3620 ac
2561 3576 2752 3618 sonare
2787 3558 3014 3630 quodam
3058 3555 3288 3630 humano
3331 3567 3460 3626 usu,
3509 3559 3563 3622 et

1977 3663 2186 3720 nonnisi
2219 3659 2477 3718 imitando
2507 3657 2683 3712 facere
2708 3673 2720 3708 :
2747 3654 2847 3708 nisi
2878 3661 2929 3716 tu
2953 3651 3106 3711 aliter
3123 3647 3314 3704 credis.
3334 3645 3401 3708 ι).
3420 3644 3564 3714 Quo-

1977 3755 2138 3812 modo
2153 3754 2258 3807 ltoc
2277 3750 2591 3811 confeceris,
2616 3755 2669 3802 et
2685 3753 2936 3816 quantum
2959 3752 3142 3798 contra
3164 3737 3564 3808 responsionem

1979 3865 2152 3905 meam
2190 3847 2393 3911 valeat,
2422 3842 2657 3898 nondum
2690 3839 2846 3910 plane
2890 3836 3143 3904 intelligo.
3176 3831 3253 3898 Μ.
3287 3829 3564 3899 Qumsive-

1978 3956 2091 3997 ram
2118 3955 2182 3995 ex
2206 3949 2276 4004 te,
2306 3947 2478 3991 utrum
2501 3932 2803 3998 citharistas
2825 3940 2875 3983 ct
2903 3928 3165 3992 tibicines,
3188 3934 3240 3979 et
3263 3919 3565 3992 huiusmodi

1981 4032 2124 4087 aliud
2151 4041 2318 4101 genus
2348 4027 2644 4088 hominum,
2677 4033 2845 4077 artem
2878 4020 3082 4082 diceres
3109 4015 3328 4082 habere,
3357 4012 3566 4080 etiamsi

1982 4123 2034 4177 id
2065 4122 2205 4191 quod
2238 4121 2289 4174 in
2315 4117 2554 4174 canendo
2586 4115 2815 4176 faciunt,
2848 4109 3141 4173 imitatione
3170 4106 3394 4171 assecuti
3419 4111 3564 4172 sunt.

1983 4211 2174 4268 Dixisti
2199 4226 2317 4266 esse
2343 4219 2513 4264 artem
2535 4247 2552 4274 ,
2578 4215 2884 4274 tantumque
2910 4201 2960 4256 id
2983 4201 3161 4262 valere
3182 4196 3479 4264 altit'masti,
3512 4201 3570 4265 ut

1984 4318 2170 4358 omnes
2195 4316 2331 4371 pene
2358 4301 2449 4354 tibi
2474 4308 2616 4354 artes
2638 4295 2926 4365 periclitari
2949 4293 3251 4360 viderentur
3277 4286 3568 4364 imitatione

1983 4396 2210 4451 sublata.
2243 4394 2317 4446 Ex
2349 4406 2456 4460 quo
2489 4390 2595 4458 jam
2643 4388 2816 4455 colligi
2863 4391 3056 4453 potest,
3085 4396 3295 4436 omnem
3325 4379 3413 4448 qui
3454 4377 3572 4430 imi-
3629 4433 3639 4460 τ

1988 4485 2147 4540 tando
2177 4458 2476 4552 assequitur
2501 4479 2702 4547 aliquid
2723 4518 2737 4542 ,
2768 4485 2879 4531 arte
2916 4477 3019 4538 uti;
3053 4472 3258 4526 etiamsi
3288 4470 3424 4535 forte
3461 4484 3571 4542 non
3630 4458 3638 4522 ῗ

1983 4579 2162 4633 omnis
2195 4575 2285 4644 qui
2325 4556 2439 4627 art-le
2459 4573 2652 4633 utitur,
2686 4565 2942 4622 imitando
2967 4581 3082 4620 eam
3113 4562 3428 4633 perceperit.
3457 4560 3573 4628 At!
3629 4577 3641 4619 τ’

1985 4670 2030 4726 si
2071 4668 2245 4722 omnis
2276 4663 2500 4719 imitatio
2526 4676 2612 4715 ars
2655 4669 2773 4724 est,
2805 4669 2857 4712 et
2883 4672 2967 4711 ars
2999 4655 3171 4709 omnis
3205 4655 3372 4718 ratio;
3399 4649 3574 4719 omnis,
3637 4648 3647 4674 ’-

1987 4760 2210 4816 imitatio
2255 4757 2388 4810 ratio
2418 4772 2434 4814 :
2475 4755 2682 4809 ratione
2719 4760 2896 4804 autem
2941 4763 3041 4802 non
3072 4749 3237 4801 utitur
3267 4739 3565 4798 irrationale

1987 4852 2178 4906 animal
2204 4866 2220 4916 ;
2253 4863 2356 4903 non
2385 4847 2539 4916 igitur
2567 4845 2727 4908 habet
2761 4851 2928 4897 artem
2956 4858 2968 4894 :
2998 4837 3156 4908 habet
3183 4841 3358 4888 autem
3393 4831 3564 4903 imita-
3629 4848 3635 4854 ·

1988 4945 2218 5008 tionem;
2263 4955 2369 4994 non
2410 4946 2491 4992 est
2528 4936 2684 5006 igitur
2721 4949 2808 4987 ars
2842 4929 3082 4994 imitatio.
3113 4925 3180 4992 Di.
3224 4923 3336 4992 Ego
3379 4920 3573 4993 multas

1987 5045 2132 5090 artes
2153 5019 2448 5087 imitatione
2475 5040 2721 5083 constare
2747 5025 2876 5088 dixi,
2895 5037 2997 5075 non
3028 5020 3197 5088 ipsam
3227 5014 3570 5086 irinitationem

1989 5136 2158 5180 artem
2173 5124 2377 5179 vocavi.
2404 5120 2481 5174 Μ.
2500 5119 2629 5185 Quae
2657 5117 2812 5185 igitur
2832 5121 2972 5165 artes
2994 5108 3284 5174 imitatione
3303 5110 3572 5185 constant,

1989 5234 2094 5272 non
2147 5232 2236 5270 eas
2286 5217 2489 5270 censes'
2522 5209 2729 5265 ratione
2769 5202 3051 5259 constare?
3095 5200 3163 5254 D.
3197 5198 3308 5253 lmo
3351 5207 3575 5265 utroque

1989 5315 2114 5378 puto
2143 5321 2233 5359 cas
2260 5307 2526 5357 constare.
2559 5298 2637 5353 Μ.
2660 5296 2804 5361 Nihil
2824 5301 3076 5362 repugno,
3105 5289 3202 5344 sed
3225 5288 3498 5342 scientiam
3520 5296 3576 5340 tn‘

1995 5377 2098 5470 quo
2125 5397 2310 5468 ponis;
2336 5395 2386 5448 in
2417 5393 2644 5454 ratione;
2675 5403 2740 5441 an
2772 5389 2821 5441 in
2850 5384 3142 5439 imitatione
3156 5382 3184 5437 ?_
3207 5379 3275 5436 Β.
3300 5380 3366 5454 ﬁt
3393 5377 3495 5432 hoc
3521 5377 3572 5431 in

1992 5499 2234 5558 utroque.
2269 5485 2344 5539 M.
2377 5485 2516 5554 Ergo
2548 5482 2817 5536 scientiam
2849 5479 2951 5531 illis
2976 5473 3353 5539 avibus‘dabis,
3386 5471 3576 5541 quibus

1994 5581 2338 5636 imitatitmcm
2368 5591 2471 5630 non
2509 5573 2716 5628 adimis.
2747 5569 2816 5626 D.
2853 5568 2966 5624 Non
2994 5567 3133 5622 dabo
3157 5579 3171 5621 :
3195 5565 3264 5619 ita
3296 5563 3435 5619 enim
3464 5559 3580 5620 dixi.

2058 5694 2075 5725 ι
2111 5698 2161 5739 tu
2177 5696 2248 5749 8.,
2272 5686 2438 5752 posito.
2466 5696 2542 5736 Ms.
2573 5695 2623 5744 Α,
2650 5687 2794 5734 \atic.
2819 5673 2923 5743 cd.,
2947 5679 3205 5747 proposito.
3269 5681 3328 5728 lt.

2058 5757 2079 5786 ⁸
2113 5760 2162 5802 ιιι
2185 5759 2255 5812 Β.,
2276 5757 2375 5802 aut.
2394 5757 2500 5800 Mss.
2523 5756 2560 5799 Δ
2577 5755 2629 5800 et
2650 5754 2700 5808 Β,
2723 5752 2789 5824 ιιι.
2855 5753 2911 5794 Μ.

2560 5833 2598 5848 .-'
2707 5823 2783 5848 ,Ιζ
2869 5827 2916 5846 ε,
