4096 6368
510 332 647 393 108⁸1

506 453 563 510 in
592 459 819 520 utroque
842 460 963 505 esse
990 447 1263 504 scientiam
1283 487 1298 516 ,
1324 445 1457 502 utin
1486 442 1598 499 sola
1638 442 1929 497 imitatione
1970 458 2091 499 esse

505 561 613 602 non
637 544 824 614 possit.
856 541 934 597 Μ.
967 541 1139 609 Quid?
1163 542 1216 595 in
1244 540 1357 595 sola
1384 538 1590 594 ratione
1618 535 1826 591 videtur
1848 536 1941 590 tibi
1971 550 2090 592 esse

505 636 698 708 posse?
720 634 791 688 D.
827 633 1060 689 Videtur.
1096 632 1174 687 Μ.
1197 631 1353 687 Aliud
1381 631 1541 701 igitur
1568 636 1720 699 putas
1744 643 1862 683 esse
1896 638 2085 694 artem,

506 728 651 783 aliud
680 726 975 781 scientiam.
1006 724 1273 794 Siquidem
1305 722 1523 776 scientia
1560 729 1611 776 et
1645 721 1699 774 in
1743 720 1855 774 sola
1884 720 2089 775 ratione

508 834 628 874 esse
672 825 885 885 potest,
923 831 1011 870 ars
1058 824 1232 868 autem
1285 812 1479 867 rationi
1519 812 1690 881 jungit
1717 812 2084 865 imitationem.

504 908 574 964 D.
606 909 721 964 Non
746 908 901 963 video
925 922 1044 962 esse
1072 920 1422 975 consequens.
1452 904 1568 959 Non
1596 903 1739 958 enim
1769 918 1973 967 omnes,
1995 902 2087 957 sed

504 1002 699 1057 multas
728 1009 869 1054 artes
895 999 1155 1061 dixeram,
1188 997 1342 1051 simul
1372 997 1576 1050 ratione
1603 1004 1759 1065 atque
1794 995 2087 1050 imitatione

504 1100 769 1147 constare.
800 1087 877 1141 Μ.
911 1087 1080 1156 Quid?
1109 1088 1384 1142 scientiam
1414 1086 1698 1140 vocabisne
1730 1086 1888 1140 etiam
1918 1085 2084 1152 illam,

503 1199 623 1251 quae
669 1181 751 1235 his
782 1180 988 1234 duobus
1022 1179 1179 1233 simul
1220 1186 1461 1243 constat;
1493 1193 1559 1231 an
1600 1177 1649 1231 ei
1685 1177 1849 1231 solam
1883 1184 2085 1246 partem

503 1272 725 1328 rationis
752 1271 1049 1325 attribues?
1075 1270 1142 1323 D.
1174 1270 1309 1336 Quid
1349 1270 1488 1323 enim
1516 1285 1602 1324 me
1622 1269 1868 1339 prohibet
1896 1282 2087 1324 vocare

502 1364 799 1426 scientiam,
832 1377 950 1415 eum
977 1361 1169 1415 rationi
1198 1360 1499 1431 adjungitur
1528 1359 1785 1413 imitatio?

574 1459 623 1509 7.
658 1456 735 1510 M.
777 1454 1037 1521 Quoniam
1076 1469 1216 1507 nunc
1252 1453 1455 1523 agimus
1489 1452 1555 1506 de
1584 1452 1855 1506 citharista
1884 1459 1937 1507 et
1964 1452 2087 1507 tibi-

500 1548 638 1611 eine,
665 1546 713 1599 id
737 1555 815 1599 est
841 1545 907 1599 de
934 1544 1148 1598 musicis
1174 1544 1367 1607 rebus;
1399 1543 1518 1597 volo
1548 1542 1677 1596 mihi
1705 1541 1880 1608 dicas,
1908 1551 2083 1597 utrum

501 1639 711 1707 corpori
744 1636 1081 1691 tribuendum
1103 1637 1190 1701 sit,
1223 1634 1274 1689 id
1297 1642 1377 1689 est
1405 1634 1845 1703 obtemperationi
1875 1634 2083 1689 cuidam

500 1730 778 1796 corporis,
835 1728 879 1781 si
928 1727 1052 1796 quid
1107 1726 1192 1779 isti
1244 1725 1485 1779 homines
1532 1724 1822 1777 imitatione
1866 1725 2079 1778 faciunt.

499 1820 569 1877 Β.
603 1821 711 1889 Ego
740 1821 895 1873 istam
932 1828 984 1873 et
1013 1818 1193 1872 animo
1232 1818 1387 1871 simul
1425 1825 1478 1872 et
1503 1816 1709 1886 corpori
1744 1817 2082 1871 tribuendam

504 1922 629 1980 puto
654 1929 667 1965 :
700 1924 998 1980 quanquam
1026 1910 1253 1980 idipsum
1279 1910 1497 1964 verbum
1528 1909 1654 1963 satis
1680 1910 1890 1981 proprie
1917 1910 2010 1964 abs
2032 1919 2084 1966 te

499 2004 729 2073 positum
758 2012 870 2067 est,
915 2002 1055 2073 quod
1088 2002 1595 2072 obtemperationem
1631 2003 1870 2070 corporis
1902 2001 2082 2071 appel-

498 2095 619 2148 lasti
670 2113 681 2148 :
730 2110 835 2148 non
886 2095 1025 2149 enim
1080 2093 1451 2161 obtemperare
1507 2092 1611 2146 nisi
1659 2092 1837 2147 animo
1885 2102 2079 2162 potest.

498 2184 579 2239 Μ.
612 2184 780 2238 Video
810 2193 862 2238 te
887 2183 1190 2239 cautissime
1218 2184 1565 2237 imitationem
1591 2198 1696 2237 non
1738 2184 1833 2237 soli
1866 2184 2080 2253 corpori

499 2277 731 2331 voluisse
759 2276 1072 2332 concedere.
1119 2275 1222 2330 Sed
1252 2275 1506 2346 numquid
1551 2276 1827 2330 scientiam
1866 2277 2082 2347 negabis

496 2370 563 2424 ad
590 2370 762 2423 solum
792 2370 1026 2423 animum
1052 2369 1356 2438 pertinere?
1379 2367 1445 2420 ι).
1482 2368 1611 2435 Quis
1641 2368 1742 2422 hoc
1770 2369 2083 2439 negaverit?

498 2459 580 2517 Μ.
602 2461 758 2516 Nullo
777 2461 937 2515 modo
959 2461 1116 2531 igitur
1136 2461 1413 2515 scientiam
1435 2461 1486 2514 in
1509 2460 1655 2515 sonis
1681 2476 1967 2516 nervorum
1991 2462 2008 2493 ί
2030 2470 2083 2518 et

498 2554 768 2621 tibiarum,
798 2554 952 2608 simul
982 2563 1035 2607 et
1063 2554 1253 2607 rationi
1289 2561 1341 2607 et
1366 2553 1646 2607 imitationi
1683 2555 1913 2608 tribuere
1942 2555 2083 2609 sine-

496 2646 592 2699 ris.
626 2645 718 2699 illa
748 2644 888 2699 enim
922 2645 1146 2698 imitatio
1170 2659 1275 2698 non
1313 2653 1424 2708 est,
1455 2653 1511 2698 ut
1544 2643 1821 2699 confessus
1848 2659 1935 2712 es,
1965 2646 2081 2701 sine

496 2753 758 2806 corpore;
811 2736 1088 2791 scientiam
1131 2751 1260 2790 vero
1302 2735 1468 2790 solius
1515 2736 1678 2790 animi
1716 2751 1834 2791 esse
1879 2736 2077 2791 dixisti.

496 2827 567 2881 D.
599 2829 677 2882 Ex
704 2827 768 2882 iis
800 2826 1013 2897 quidem
1054 2842 1171 2895 quae
1200 2826 1296 2880 tibi
1327 2827 1601 2893 concessi,
1631 2825 1801 2881 fateor
1828 2826 1930 2880 hoc
1960 2841 2080 2881 esse

497 2920 797 2974 confectum
821 2935 834 2970 :
864 2916 955 2972 sed
986 2916 1111 2987 quid
1128 2916 1193 2970 ad
1223 2918 1375 2971 rem?
1398 2917 1624 2972 Habebit
1644 2917 1784 2971 enim
1807 2925 1860 2971 et
1886 2916 2077 2972 tibicen

496 3010 772 3065 scientiam
792 3007 847 3062 in
877 3008 1075 3062 animo.
1108 3008 1289 3077 Neque
1323 3008 1464 3062 enim
1505 3022 1624 3062 cum
1651 3008 1702 3062 ei
1727 3007 1933 3062 accedit
1958 3008 2079 3062 imi-

496 3102 644 3167 tatio,
674 3115 833 3171 quam
859 3100 974 3153 sine
995 3114 1218 3168 corpore
1242 3098 1363 3153 dedi
1389 3113 1507 3154 esse
1546 3113 1651 3153 non
1681 3115 1858 3168 posse,
1883 3098 2080 3155 adimet

494 3192 624 3246 illud
654 3192 792 3263 quod
832 3191 1011 3245 animo
1051 3191 1407 3261 amplectitur.
1456 3190 1532 3244 Ill.
1573 3191 1688 3247 Non
1724 3191 1922 3245 adimet
1959 3192 2077 3262 qui-

493 3284 614 3339 dem
644 3304 655 3337 :
688 3299 787 3339 nec
814 3298 912 3354 ego
934 3282 1142 3338 afﬁrmo
1178 3298 1292 3351 eos,
1323 3298 1353 3336 a
1381 3284 1567 3353 quibus
1598 3298 1798 3354 organa
1835 3283 1933 3338 ista
1966 3292 2075 3338 tra-

491 3384 717 3441 ctantur,
744 3389 929 3430 omnes
956 3389 1139 3430 carere
1167 3374 1408 3440 scientia,
1432 3374 1526 3430 sed
1548 3390 1653 3429 non
1674 3375 1871 3430 habere
1892 3389 2078 3431 omnes

490 3466 631 3521 dico.
682 3467 838 3521 Istam
870 3466 1013 3520 enim
1052 3465 1119 3520 ad
1148 3464 1247 3519 hoc
1285 3465 1547 3520 volvimus
1588 3466 1977 3536 quaestionem,
2020 3474 2079 3520 ut

490 3558 873 3628 intelligamus,
906 3556 949 3611 si
980 3571 1290 3625 possumus,
1321 3570 1477 3626 quam
1508 3564 1653 3612 recte
1680 3557 1748 3610 sit
1775 3557 1993 3613 scientia
2023 3557 2074 3612 in

488 3648 580 3703 illa
606 3647 911 3701 deﬁnitione
936 3647 1150 3701 musica:
1178 3646 1382 3716 posita;
1416 3661 1574 3716 quam
1612 3647 1655 3702 si
1694 3662 1878 3702 omnes
1906 3646 2076 3701 tibici-

486 3754 586 3793 nes
607 3747 658 3792 et
687 3737 923 3792 ﬁdicines
946 3780 960 3804 ,
994 3745 1050 3791 et
1076 3737 1129 3791 id
1154 3753 1320 3807 genus
1346 3737 1434 3791 alii
1457 3738 1680 3808 quilibet
1705 3738 1917 3806 habent,
1947 3738 2075 3793 nihil

486 3832 590 3889 ista
620 3832 893 3901 disciplina
917 3838 1044 3901 puto
1068 3845 1188 3886 esse
1215 3832 1393 3899 vilius,
1424 3832 1553 3886 nihil
1580 3832 1856 3902 abjectius.

562 3923 616 3979 8.
646 3923 753 3979 Sed
788 3922 1004 3977 attende
1045 3937 1204 3992 quam
1246 3923 1683 3993 diligentissime,
1714 3936 1774 3981 ut
1810 3927 1951 3997 quod
1982 3928 2072 3984 diu

484 4017 595 4088 jam
624 4016 874 4071 molimur
899 4024 1168 4086 appareat.
1201 4015 1360 4072 Certe
1402 4018 1543 4072 enim
1567 4019 1676 4087 jam
1722 4021 1851 4074 mihi
1879 4021 2071 4077 dedisti

488 4108 544 4163 in
566 4109 679 4163 solo
698 4108 874 4162 animo
901 4106 1143 4163 habitare
1173 4109 1471 4164 scientiam.
1488 4109 1558 4163 Ι).
1584 4111 1774 4178 Quidni
1796 4114 2072 4169 dederim?

488 4200 567 4254 Μ.
599 4199 777 4265 Quid?
810 4215 1026 4254 sensum
1057 4200 1261 4255 aurium
1305 4202 1583 4267 animone,
1628 4218 1695 4257 an
1737 4207 1962 4275 corpori,
2002 4222 2069 4261 an

487 4291 698 4359 utrique
722 4290 1004 4345 concedis?
1043 4292 1109 4345 D.
1148 4291 1390 4361 Utrique.
1429 4292 1506 4345 Μ.
1546 4294 1679 4360 Quid
1718 4297 2070 4352 memoriam?

488 4380 559 4434 D.
580 4381 771 4434 Animo
792 4390 917 4450 puto
941 4397 1058 4437 esse
1082 4383 1433 4438 tribuendam.
1458 4384 1573 4439 Non
1600 4386 1741 4441 enim
1764 4388 1808 4443 si
1836 4403 1931 4457 per
1949 4404 2069 4446 sen-

488 4489 581 4528 sus
625 4474 946 4543 percipimus
979 4476 1177 4545 aliquid
1222 4477 1362 4547 quod
1406 4481 1680 4535 memoria:
1727 4484 2071 4540 commenda-

485 4580 642 4631 mus,
689 4566 807 4619 idco
853 4567 905 4620 in
963 4583 1185 4637 corpore
1235 4572 1487 4626 memoria
1526 4588 1646 4629 esse
1691 4577 1919 4644 putanda
1966 4588 2065 4634 est.

488 4654 566 4708 Μ.
590 4654 775 4725 Magna
800 4656 1023 4711 fortasse
1044 4658 1140 4712 ista
1168 4662 1389 4726 quzcstio
1412 4672 1514 4729 est,
1538 4680 1709 4734 neque
1736 4665 1857 4721 huic
1878 4684 2067 4739 oppor-

488 4756 614 4800 tuna
642 4749 895 4801 sermoni.
935 4748 1040 4803 Sed
1086 4749 1228 4817 quod
1276 4754 1545 4820 preposito
1585 4764 1667 4809 sat
1700 4768 1811 4823 est,
1845 4769 1971 4827 puto
2017 4768 2069 4816 te

484 4853 680 4907 negare
706 4853 813 4893 non
837 4854 1015 4909 posse,
1046 4840 1246 4895 bestias
1267 4840 1464 4897 habere
1493 4847 1822 4901 memoriam.
1854 4848 1986 4904 Nam
2014 4861 2069 4907 et

483 4926 637 4983 nidos
667 4938 788 4999 post
815 4945 1010 4985 annum
1033 4932 1270 4986 revisunt
1301 4932 1610 4991 hirundines
1629 4976 1644 5003 ,
1676 4945 1731 4993 et
1759 4938 1827 4995 de
1851 4943 2068 5012 capellis

482 5022 762 5077 verissime
791 5023 989 5077 dictum
1025 5034 1109 5079 est
1131 5043 1142 5077 :

576 5119 732 5177 Atque
754 5114 872 5176 ipsa:
892 5127 1138 5167 memores
1158 5116 1371 5167 redeunt
1392 5118 1442 5166 in
1466 5125 1593 5169 tecta
1613 5120 1830 5177 capellae.

1194 5177 1381 5245 (Georg.
1409 5177 1493 5230 lib.
1516 5181 1565 5242 5,
1590 5194 1633 5231 υ.
1657 5177 1790 5247 316.)

482 5279 551 5335 Et
577 5280 724 5334 canis
759 5280 977 5336 heroem
1010 5282 1317 5351 dominum,
1341 5284 1451 5354 jam
1468 5286 1892 5346 suishominibus
1925 5294 2064 5349 obli-

484 5381 596 5425 tum
621 5377 996 5443 recognovisse
1016 5375 1605 5448 prredicatur(0dyssew
1620 5405 1667 5452 ρ,
1689 5398 1736 5435 υ.
1762 5382 1859 5437 291
1882 5390 2063 5457 seqq.).

483 5462 554 5519 Et
584 5464 1019 5534 innumerabilia,
1058 5469 1103 5523 si
1142 5469 1397 5537 velimus,
1430 5471 1853 5531 animadvertere
1880 5493 2068 5547 possu-

485 5570 627 5623 mus,
657 5555 849 5626 quibus
878 5559 927 5612 id
954 5560 1094 5629 quod
1120 5561 1239 5616 dico
1266 5564 1599 5619 manifestum
1620 5575 1721 5623 est.
1739 5566 1809 5620 D.
1832 5568 1942 5626 Nec
1968 5586 2067 5641 ego

488 5647 631 5704 istud
657 5662 814 5719 nego,
836 5658 889 5705 et
908 5650 1035 5722 quid
1064 5660 1117 5707 te
1150 5652 1394 5723 adjuvet,
1423 5656 1768 5716 vehementer
1794 5673 2062 5733 exspecto.

550 5781 570 5815 ⁸
610 5781 883 5849 Verborum,
906 5784 1045 5847 juxta
1066 5790 1175 5838 I85.
1199 5793 1235 5837 Α
1258 5792 1311 5840 et
1330 5792 1378 5839 Β.
1465 5794 1520 5840 ll.

1686 326 1775 383 DE
1811 324 2091 398 MUSICA,
2133 326 2191 384 S.
2232 326 2602 387 AUGUSTINI

3646 351 3787 412 1088

2195 442 2274 499 Μ.
2314 445 2449 513 Quid
2474 453 2661 515 putas,
2695 446 2797 501 nisi
2823 448 2961 517 quod
3009 451 3281 509 scientiam
3326 460 3415 528 qui
3459 461 3560 517 soli
3605 469 3786 525 animo

2194 536 2396 601 tribuit,
2439 552 2661 608 eamque
2706 540 2952 597 omnibus
2993 544 3386 606 irrationalibus
3423 555 3784 619 animantibus

2191 627 2394 695 adimit,
2433 645 2603 700 neque
2628 630 2681 685 in
2708 646 2868 688 sensu
2892 650 3031 701 eam,
3058 654 3231 710 neque
3259 641 3311 696 in
3336 650 3590 703 memoria
3621 650 3782 723 (nam

2191 720 2319 775 illud
2367 737 2472 776 non
2513 732 2594 779 est
2644 725 2759 780 sine
2804 741 3061 797 corpore,
3091 740 3146 786 et
3195 741 3477 806 utrumque
3520 720 3677 798 etiam
3730 746 3787 802 in

2190 813 2358 868 bestia
2389 814 2533 887 est),
2562 815 2655 870 sed
2700 816 2752 871 in
2800 819 2914 872 solo
2959 820 3227 878 intellectu
3258 827 3574 885 collocavit?
3604 833 3672 886 D.
3718 836 3787 891 Et

2192 903 2293 957 hoc
2337 915 2586 974 exspecto
2630 908 2756 976 quid
2794 917 2846 963 te
2889 912 3121 981 adjuvet.
3151 914 3228 967 Μ.
3278 917 3417 972 Nihil
3471 923 3646 987 aliud,
3681 927 3784 981 nisi

2191 1008 2377 1049 omnes
2429 998 2515 1066 qui
2542 1013 2755 1053 sensum
2782 1013 3094 1071 sequuntur,
3118 1014 3170 1061 et
3189 1009 3331 1078 quod
3356 1011 3408 1064 in
3434 1028 3500 1067 eo
3528 1015 3782 1084 delectat,

2193 1086 2465 1140 memoria:
2511 1090 2917 1157 commendant,
2964 1103 3121 1162 atque
3160 1100 3450 1154 secundum
3489 1104 3539 1157 id
3585 1122 3787 1175 corpus

2193 1184 2487 1239 moventes,
2518 1178 2623 1231 vim
2659 1181 2940 1248 quamdam
2980 1183 3288 1241 imitationis
3316 1190 3643 1261 adjungunt;
3677 1211 3783 1250 non

2190 1280 2283 1319 eos
2310 1267 2507 1323 habere
2531 1270 2829 1338 scientiam,
2860 1276 3099 1341 quamvis
3129 1278 3299 1346 perite
3326 1296 3387 1334 ac
3417 1283 3572 1338 docte
3613 1288 3783 1342 multa

2189 1356 2364 1413 facere
2394 1361 2688 1427 videantur,
2737 1365 2780 1417 si
2815 1381 2927 1419 rem
2963 1367 3130 1436 ipsam
3160 1386 3317 1439 quam
3352 1375 3670 1444 proﬁtentur
3693 1389 3787 1435 aut

2189 1449 2459 1516 exhibent,
2484 1453 2788 1509 intellectus
2817 1458 3043 1526 puritate
3068 1476 3128 1515 ac
3156 1464 3381 1520 veritate
3409 1484 3510 1523 non
3540 1478 3781 1526 teneant.

2188 1540 2257 1595 At
2291 1543 2333 1595 si
2375 1544 2507 1599 tales
2548 1561 2667 1603 esse
2706 1547 2835 1602 istos
2872 1549 3156 1606 theatricos
3194 1560 3466 1625 operarios
3511 1564 3648 1616 ratio
3683 1564 3783 1618 de-

2191 1636 2605 1701 monstraverit;
2644 1637 2774 1691 nihil
2810 1640 2930 1707 erit,
2965 1652 3020 1695 ut
3067 1645 3286 1713 opinor,
3331 1664 3427 1703 cur
3454 1650 3665 1707 dubites
3702 1655 3785 1709 eis

2189 1740 2383 1794 negare
2424 1726 2732 1796 scientiam,
2773 1739 2829 1784 et
2871 1731 2938 1785 ob
2978 1733 3078 1787 hoc
3102 1737 3529 1809 mnsiram,.quae
3559 1743 3784 1798 scientia

2188 1818 2492 1872 modulandi
2544 1830 2655 1885 est,
2710 1836 3043 1894 nequaquam
3089 1828 3406 1885 concedere.
3449 1831 3519 1884 D.
3564 1834 3785 1902 Explica

2187 1907 2289 1963 hoc
2312 1927 2325 1974 ;
2362 1910 2632 1966 videamus
2660 1914 2818 1983 quale
2846 1916 2933 1970 sit.

2258 1998 2310 2053 9.
2342 1999 2416 2053 Μ.
2451 2000 2790 2058 Mobilitatem
2817 2005 3098 2076 digitorum
3115 2011 3425 2067 celeriorem
3453 2015 3536 2069 vel
3567 2016 3785 2085 pigrio-

2187 2106 2299 2145 rem
2329 2092 2489 2147 credo
2528 2102 2580 2149 te
2610 2111 2715 2150 non
2746 2098 3002 2166 scientiae,
3033 2102 3125 2156 sed
3154 2105 3269 2158 usui
3300 2105 3447 2161 dare.
3480 2108 3546 2161 ο.
3574 2109 3683 2163 Cur
3709 2111 3783 2164 ita

2187 2181 2360 2235 credis
2392 2182 2478 2236 id?
2511 2184 2586 2243 Μ.
2611 2184 2742 2251 Quia
2774 2191 3017 2257 superius
3041 2193 3137 2247 soli
3168 2195 3347 2249 animo
3376 2197 3651 2252 scientiam
3680 2200 3785 2254 tri-

2186 2269 2386 2325 bncbas
2410 2313 2425 2338 ,
2458 2272 2559 2328 hoc
2588 2284 2767 2330 autem
2813 2294 3115 2351 quanquam
3156 2285 3449 2353 imperante
3491 2289 3671 2343 animo
3702 2299 3786 2343 ta-

2187 2375 2305 2414 men
2343 2377 2461 2417 esse
2500 2367 2739 2433 corporis
2768 2368 2937 2424 vides.
2970 2370 3040 2424 D.
3079 2372 3184 2428 Sed
3214 2390 3333 2429 cum
3362 2378 3538 2432 sciens
3568 2381 3783 2434 animus

2186 2447 2288 2503 hoc
2322 2451 2548 2520 imperat
2574 2456 2808 2523 corpori,
2842 2460 3009 2528 magis
3040 2460 3141 2516 hoc
3172 2465 3360 2519 scienti
3388 2468 3587 2534 animo,
3620 2484 3783 2537 quam

2186 2544 2535 2599 servientibus
2575 2550 2831 2604 membris
2870 2552 3208 2609 tribuendum
3256 2565 3401 2626 puto.
3457 2558 3533 2611 Μ.
3588 2560 3783 2616 Nonne

2186 2650 2370 2691 censes
2402 2654 2557 2707 posse
2602 2642 2715 2696 fieri
2760 2653 2817 2697 ut
2865 2661 2998 2699 unus
3042 2650 3200 2702 alium
3239 2651 3457 2705 scientia
3488 2654 3779 2722 praecedat,

2188 2744 2307 2781 cum
2348 2729 2435 2783 ille
2465 2731 2761 2800 imperitior
2787 2738 2956 2791 multo
2996 2738 3203 2796 facilius
3238 2752 3294 2797 et
3318 2745 3614 2814 expeditius
3645 2747 3786 2817 digi-

2186 2825 2268 2871 tos
2299 2822 2546 2875 moveat?
2572 2821 2643 2874 D.
2668 2822 2891 2880 Censeo.
2923 2826 3000 2881 M.
3034 2830 3101 2883 At
3130 2832 3173 2886 si
3217 2840 3392 2888 motus
3431 2836 3574 2890 celer
3603 2845 3657 2891 et
3681 2853 3781 2891 ex-

2186 2909 2414 2978 peditior
2438 2911 2721 2982 digitorum
2755 2917 2993 2972 scientiae
3020 2921 3333 2977 tribuendus
3356 2936 3518 2993 esset,
3544 2934 3692 2981 tanto
3726 2928 3783 2982 in

2186 3015 2251 3054 eo
2277 3002 2500 3072 quisque
2525 3007 2831 3073 excelleret,
2862 3021 3059 3079 quanto
3080 3024 3222 3069 esset
3241 3015 3511 3071 scientio’r.
3538 3012 3617 3071 Β.
3635 3018 3783 3074 Con-

2183 3091 2334 3146 cedo.
2360 3092 2438 3145 .il.
2464 3095 2695 3151 Attende
2722 3100 2879 3153 etiam
2909 3102 3067 3156 istud.
3115 3104 3245 3159 Nam
3293 3109 3481 3175 Opinor
3527 3124 3784 3165 nonnun-

2183 3199 2339 3253 quam
2360 3193 2411 3239 te
2432 3187 2870 3246 animadvertisse
2894 3193 3091 3261 fabros,
3111 3198 3193 3250 vel
3212 3197 3509 3267 hujusmodi
3530 3201 3778 3270 opiﬁces,

2182 3276 2324 3328 ascia
2363 3277 2473 3332 sive
2517 3281 2689 3333 securi
2738 3284 2982 3338 eumdem
3014 3286 3187 3341 locum
3236 3288 3473 3345 feriendo
3505 3302 3778 3361 repetere,

2182 3375 2234 3421 et
2262 3382 2367 3421 non
2406 3370 2512 3423 alio
2541 3386 2700 3440 quam
2739 3389 2803 3428 eo
2842 3391 2947 3444 quo
2974 3363 3201 3433 intendit
3227 3382 3436 3437 animus
3467 3385 3626 3437 ictum
3655 3402 3781 3455 per—

2182 3460 2406 3528 ducere;
2434 3466 2574 3533 quod
2621 3482 2718 3521 nos
2757 3477 3021 3525 tentantes
3065 3488 3186 3527 cum
3225 3477 3437 3545 assequi
3468 3479 3775 3546 nequimus,

2181 3552 2249 3606 ab
2294 3555 2373 3609 eis
2413 3570 2556 3625 saepe
2597 3558 2904 3615 irridemur.
2944 3561 3013 3615 D.
3056 3563 3130 3617 lta
3160 3573 3242 3619 est
3266 3574 3323 3619 ut
3350 3566 3499 3621 dicis.
3524 3567 3605 3621 Μ.
3634 3569 3777 3638 Ergo

2181 3659 2300 3700 cum
2342 3646 2394 3700 id
2438 3662 2537 3702 nos
2564 3648 2740 3706 facere
2768 3668 2872 3707 non
2898 3654 3157 3724 valemus,
3181 3660 3437 3729 numquid
3466 3661 3777 3729 ignoramus

2180 3736 2306 3805 quid
2337 3736 2480 3792 feriri
2511 3739 2723 3809 debeat,
2754 3745 2837 3798 vel
2867 3755 3117 3815 quantum
3154 3749 3344 3805 debeat
3382 3754 3677 3821 amputari?
3702 3754 3774 3807 ο.

2180 3825 2333 3896 Saepe
2359 3829 2680 3899 ignoramus,
2713 3847 2855 3903 saepe
2892 3838 3108 3892 scimus.
3148 3839 3225 3893 Μ.
3256 3840 3362 3895 Fac
3388 3857 3513 3911 ergo
3539 3843 3776 3913 aliquem

2180 3932 2337 3973 nosse
2366 3922 2565 3987 omnia,
2607 3939 2725 3993 quae
2764 3924 2901 3980 fabri
2941 3929 3116 3985 facere
3158 3930 3405 3998 debeant,
3450 3943 3504 3987 et
3532 3934 3777 4004 perfecte

2181 4024 2360 4076 nosse,
2418 4012 2592 4068 minus
2642 4024 2821 4071 tamen
2865 4019 3041 4074 valere
3088 4022 3139 4075 in
3190 4038 3386 4091 opere;
3430 4025 3524 4079 sed
3568 4026 3776 4081 eisdem

2182 4098 2310 4168 ipsis
2353 4101 2440 4169 qni
2490 4102 2734 4158 facillime
2761 4120 3067 4176 operantur,
3097 4113 3263 4166 multa
3292 4113 3493 4169 dictare
3520 4116 3777 4172 solertius

2175 4204 2331 4258 quam
2362 4191 2435 4244 illi
2464 4208 2561 4261 per
2587 4209 2644 4249 se
2674 4197 2917 4265 judicare
2947 4202 2963 4232 ¹
2982 4211 3231 4271 possent;
3260 4219 3327 4257 an
3352 4205 3405 4259 id
3436 4221 3530 4260 usu
3556 4208 3776 4263 evenire

2176 4281 2370 4350 negas?
2402 4281 2468 4336 ι).
2501 4283 2614 4338 Νοη
2644 4302 2799 4357 nego.
2833 4290 2885 4342 Μ
2896 4330 2908 4344 .
2938 4290 3053 4346 Νοη
3100 4293 3259 4362 igitur
3302 4295 3476 4349 solum
3522 4297 3777 4351 movendi

2174 4372 2427 4427 celeritas
2466 4383 2625 4444 atque
2668 4376 2924 4444 facilitas,
2957 4382 3049 4437 sed
3088 4385 3248 4438 etiam
3287 4385 3536 4440 motionis
3584 4388 3779 4442 modus

2174 4464 2288 4533 ipse
2317 4465 2371 4519 in
2403 4468 2677 4536 membris,
2708 4472 2823 4525 usui
2853 4474 3028 4542 potius
3054 4490 3211 4545 quam
3252 4478 3489 4531 scientiae
3537 4479 3779 4534 tribuen-

2175 4556 2278 4612 dus
2307 4567 2407 4612 est.
2441 4558 2571 4613 Nam
2597 4561 2642 4615 si
2670 4563 2823 4618 aliter
2847 4575 3007 4630 esset,
3040 4583 3103 4622 eo
3128 4570 3352 4638 quisque
3380 4570 3628 4626 manibus
3654 4588 3773 4627 me-

2174 4647 2275 4702 lius
2312 4657 2550 4704 uteretur
2582 4668 2685 4720 quo
2711 4664 2852 4709 esset
2876 4658 3128 4726 peritior:
3154 4660 3299 4729 quod
3342 4661 3468 4715 licet
3507 4661 3574 4715 ad
3616 4662 3775 4719 tibias

2174 4738 2475 4794 citharasve
2500 4740 2813 4807 referamus,
2843 4762 2910 4801 ne
2930 4748 3069 4817 quod
3102 4750 3169 4804 ibi
3198 4750 3346 4819 digiti
3372 4762 3531 4821 atque
3558 4753 3772 4808 articuli

2174 4829 2395 4896 faciunt,
2424 4832 2546 4901 quia
2574 4832 2791 4890 difﬁcile
2833 4838 2985 4892 nobis
3014 4850 3119 4905 est,
3152 4841 3371 4895 scientia
3397 4843 3576 4912 potius
3611 4859 3772 4913 quam

2172 4936 2273 4975 usu
2295 4929 2349 4975 et
2369 4920 2553 4977 sedula
2582 4923 2881 4983 imitatione
2902 4944 2966 4983 ac
2989 4930 3335 4987 meditatione
3356 4932 3473 4988 ﬁeri
3498 4942 3768 5004 putemus.

2172 5010 2242 5065 D.
2274 5011 2390 5066 Non
2422 5028 2559 5082 queo
2587 5016 2839 5073 resistere
2863 5035 2878 5085 ;
2907 5035 3031 5074 nam
3058 5030 3110 5076 et
3142 5024 3378 5078 medicos
3405 5023 3591 5079 audire
3622 5028 3773 5081 soleo

2172 5101 2510 5158 doctissimos
2530 5105 2695 5175 viros,
2727 5123 2872 5179 saepe
2897 5111 2951 5165 in
2978 5115 3245 5181 secandis,
3265 5116 3349 5171 vel
3370 5132 3583 5187 quoquo
3609 5118 3771 5174 modo

2171 5194 2586 5263 comprimendis
2613 5199 2889 5266 membris,
2932 5202 2986 5256 in
3029 5219 3095 5259 eo
3132 5206 3277 5275 quod
3322 5222 3483 5261 manu
3524 5222 3588 5262 ac
3625 5208 3771 5264 ferro

2173 5282 2285 5349 ﬁat,
2312 5285 2380 5339 ab
2418 5286 2830 5355 imperitioribus
2858 5295 3101 5349 antecedi
3126 5313 3140 5349 :
3167 5298 3308 5367 quod
3346 5314 3517 5369 genus
3544 5302 3769 5357 curandi

2172 5374 2494 5447 chirurgiam
2523 5382 2820 5450 nominant,
2850 5400 2957 5454 quo
2979 5390 3241 5444 vocabulo
3270 5392 3396 5447 satis
3440 5393 3770 5463 signiﬁcatur

2172 5467 2413 5535 operaria
2453 5470 2695 5539 quaedam
2736 5474 2787 5527 in
2835 5478 3079 5533 manibus
3119 5482 3366 5537 medendi
3409 5486 3761 5542 consuetudo.

2172 5556 2340 5627 Perge
2360 5559 2535 5629 itaque
2555 5561 2621 5616 ad
2646 5573 2858 5634 caetera,
2889 5578 2943 5624 ει
2959 5570 3067 5639 jam
3097 5572 3250 5627 istam
3282 5575 3484 5632 conﬁce
3510 5578 3766 5648 quaestio-

2172 5663 2317 5703 nem.

2235 5740 2339 5822 1.1.9
2359 5739 2780 5822 EzbngareLsic
2801 5751 2950 5801 etiam
2995 5759 3137 5819 Lov.;
3163 5762 3215 5807 at
3244 5762 3317 5808 Er.
3336 5759 3481 5822 Lugd.
3505 5768 3623 5811 ven.
3652 5768 3758 5814 Im

2174 5805 2207 5847 Δ
2227 5805 2278 5850 et
2293 5802 2341 5861 Β,
2356 5798 2599 5860 judicare.
2673 5798 2727 5856 iu.
