4096 6368
302 370 437 429 1089

402 510 630 570 CAPUT
646 508 711 565 V.
739 537 810 549 —-
834 474 1026 563 Sensus
1045 504 1254 559 musices
1273 519 1340 557 an
1354 502 1471 557 insit
1495 517 1526 556 a
1553 510 1756 556 natura.

367 671 456 727 lO.
486 668 564 723 Μ.
598 665 733 723 Illud
774 672 960 731 restat,
992 672 1049 718 ut
1089 663 1298 733 opinor,
1342 668 1399 715 ut
1440 659 1796 724 inveniamus,
1827 658 1873 713 si

294 775 595 835 possumus,
626 758 723 812 has
753 758 892 827 ipsas
914 764 1054 810 artes
1079 770 1196 824 qua:
1225 753 1378 807 nobis
1406 767 1501 823 per
1530 766 1716 806 manus
1759 750 1873 819 pla-

292 856 523 912 eent‘ut
564 852 704 906 illius
743 864 871 904 usus
915 855 1159 917 potentes
1202 854 1413 912 essent,
1464 858 1568 899 non
1622 843 1872 897 continuo

292 946 590 1009 scientiam,
637 942 731 999 sed
777 957 993 997 sensum
1046 955 1107 994 ac
1153 938 1466 993 memoriam
1514 945 1768 992 secutas:
1804 949 1872 989 ne

289 1039 427 1094 forte
458 1037 585 1093 mihi
615 1036 760 1091 dicas
799 1034 914 1088 ﬁeri
951 1032 1160 1103 quidem
1197 1045 1371 1101 posse,
1412 1037 1470 1084 ut
1504 1028 1723 1083 scientia
1753 1026 1870 1081 sine

290 1145 391 1185 usu
418 1130 509 1195 sit,
537 1136 591 1183 et
629 1126 799 1196 major
844 1124 1153 1194 plerumque
1179 1136 1338 1192 quam
1365 1128 1446 1176 est
1476 1119 1529 1173 in
1555 1118 1632 1173 eis
1656 1118 1742 1187 qui
1770 1131 1871 1171 usu

288 1221 587 1285 excellunt;
620 1218 715 1273 sed
747 1226 920 1271 tamen
948 1217 1108 1269 etiam
1131 1214 1250 1268 illos
1274 1213 1341 1267 ad
1361 1226 1514 1266 usum
1543 1218 1742 1264 tantum
1764 1223 1869 1263 non

286 1314 526 1385 potuisse
556 1312 671 1367 sine
702 1310 806 1364 ulla
838 1307 1057 1363 scientia
1087 1305 1384 1375 pervenire.
1413 1302 1483 1356 D.
1516 1300 1818 1372 Aggredere
1851 1315 1865 1351 :

284 1420 408 1459 nam
453 1405 521 1457 ita
560 1401 745 1457 deberi
785 1399 1121 1454 manifestum
1161 1404 1259 1451 est.
1289 1394 1368 1449 Μ.
1398 1394 1745 1464 Nunquamne
1770 1390 1870 1445 hu-

282 1495 514 1568 jusmodi
542 1494 830 1549 histriones
855 1491 1045 1547 audisti
1073 1487 1393 1545 studiosius?
1414 1486 1481 1540 D.
1501 1486 1625 1541 Plus
1646 1485 1868 1539 fortasse

283 1607 441 1661 quam
461 1590 670 1644 vellem.
688 1588 763 1642 M.
786 1587 931 1643 Unde
950 1585 1062 1640 fieri
1078 1594 1248 1653 putas,
1263 1579 1571 1650 utimperita
1587 1576 1866 1633 multitudo

283 1682 533 1752 cxplodat
560 1695 701 1751 sazpe
720 1679 988 1733 tibicinem
1018 1674 1322 1745 nugatorios
1348 1686 1508 1725 sonos
1535 1668 1862 1732 efferentem;

282 1789 599 1842 rursumque
643 1770 854 1840 plaudat
892 1769 1026 1823 bene
1068 1764 1298 1829 canenti,
1330 1772 1383 1817 et
1408 1775 1625 1831 prorsus
1668 1767 1866 1829 quanto

281 1865 498 1919 suavius
517 1863 741 1926 canitur,
764 1868 909 1915 tanto
926 1859 1150 1928 amplius
1170 1865 1222 1911 et
1242 1853 1532 1909 studiosius
1546 1849 1864 1905 moveatur?

280 1954 674 2024 Numquidnam
704 1952 752 2006 id
783 1967 812 2003 a
837 1951 991 2021 vulgo
1014 1965 1108 2020 per
1129 1956 1298 2001 artem
1332 1944 1587 1998 musicam
1613 1941 1727 1996 fieri
1746 1956 1865 1995 cre-

279 2046 514 2101 dendum
544 2042 658 2099 est?
681 2042 753 2097 D.
799 2042 932 2095 Non.
975 2040 1051 2092 Μ.
1098 2038 1234 2106 Quid
1276 2036 1464 2106 igitur?
1489 2034 1558 2087 D.
1591 2033 1787 2087 Natura
1814 2031 1865 2086 id

280 2137 397 2193 fieri
441 2145 587 2207 puto,
613 2152 729 2205 qua}
756 2134 1001 2189 omnibus
1039 2131 1185 2185 dedit
1218 2144 1437 2184 sensum
1463 2126 1731 2191 audiendi,
1761 2139 1866 2195 quo

278 2230 381 2285 ista
404 2229 727 2299 judicantur.
758 2226 835 2279 Μ.
876 2226 1039 2280 Recte
1068 2233 1242 2294 putas.
1274 2222 1379 2277 Sed
1412 2222 1520 2291 jam
1550 2220 1707 2274 etiam
1739 2218 1866 2273 illud

278 2320 430 2387 vide,
457 2330 630 2374 utrum
657 2329 709 2373 et
732 2318 922 2371 tibicen
965 2316 1079 2385 ipse
1123 2316 1225 2369 hoc
1271 2328 1432 2368 sensu
1475 2311 1726 2381 praeditus
1775 2310 1862 2364 sit.

278 2413 431 2480 Quod
463 2414 507 2467 si
536 2413 607 2466 ita
637 2421 737 2478 est,
766 2418 941 2479 potest
967 2410 1081 2478 ejus
1112 2423 1340 2478 sequens
1364 2406 1619 2476 judicium
1651 2420 1866 2458 movere

279 2504 475 2574 digitos
514 2518 633 2558 cum
672 2502 828 2555 tibias
873 2500 1153 2563 inﬂaverit,
1187 2507 1241 2553 et
1268 2497 1409 2568 quod
1435 2497 1562 2551 satis
1589 2495 1866 2549 commode

281 2612 379 2666 pro
401 2594 619 2650 arbitrio
641 2594 899 2659 sonuerit,
928 2592 979 2646 id
1006 2600 1188 2645 notare
1215 2605 1279 2645 ac
1298 2589 1550 2642 mandare
1572 2587 1862 2651 memoriae,

278 2698 437 2757 atque
468 2686 518 2740 id
549 2684 839 2755 repetendo
868 2684 1240 2738 consuefacere
1270 2682 1459 2750 digitos
1494 2696 1557 2735 eo
1593 2681 1712 2734 ferri
1753 2680 1866 2732 sine

282 2779 393 2832 ulla
437 2778 790 2847 trepidatione
835 2785 890 2831 et
928 2791 1131 2841 errore,
1161 2776 1273 2830 sive
1312 2774 1378 2828 ab
1416 2772 1519 2827 alio
1558 2773 1781 2842 accipiat
1815 2770 1866 2825 id

278 2873 422 2941 quod
443 2880 643 2937 cantet,
667 2870 781 2925 sive
818 2870 934 2940 ipse
962 2870 1213 2932 inveniat,
1244 2869 1330 2922 illa
1350 2867 1416 2921 de
1445 2882 1547 2936 qua
1574 2866 1769 2920 dictutn
1788 2873 1869 2919 est

278 2962 511 3017 ducente
538 2972 698 3031 atque
719 2961 1043 3029 approbante
1070 2970 1272 3013 natura.
1302 2958 1482 3028 Itaque
1503 2973 1623 3011 cum
1651 2972 1867 3012 sensum

276 3056 559 3121 memoria,
597 3062 651 3108 et
689 3052 896 3107 articuli
939 3052 1248 3106 memoriam
1284 3059 1594 3120 sequuntur,
1630 3065 1727 3103 usu
1758 3049 1865 3117 jam

277 3146 497 3203 edomiti
518 3154 680 3215 atque
709 3144 1024 3213 prteparati;
1054 3143 1195 3196 canit
1220 3157 1340 3195 cum
1368 3141 1479 3195 vult
1509 3149 1653 3194 tanto
1678 3141 1868 3194 melius

278 3248 442 3309 atque
486 3236 792 3306 jucundius,
826 3244 1022 3305 quanto
1061 3234 1166 3288 illis
1209 3232 1455 3288 omnibus
1494 3240 1710 3302 prastat
1751 3246 1869 3301 qua:

278 3332 529 3402 superius
556 3330 691 3384 ratio
716 3328 898 3383 docuit
927 3342 1049 3381 cum
1074 3325 1258 3380 bestiis
1284 3340 1381 3379 nos
1406 3323 1602 3379 habere
1626 3338 1868 3377 commu-

276 3423 390 3487 nia,
416 3420 707 3491 appetitum
735 3418 942 3473 scilicet
965 3417 1227 3481 imitandi,
1256 3430 1467 3471 sensum
1490 3424 1649 3484 atque
1669 3429 1872 3468 memo-

278 3515 439 3568 riam.
480 3512 745 3582 Numquid
775 3511 939 3566 babes
980 3510 1265 3565 adversum
1296 3510 1394 3563 ista
1419 3508 1559 3579 quod
1589 3508 1772 3562 dicas?
1797 3505 1867 3567 D.

281 3605 399 3674 Ego
423 3618 552 3658 vero
573 3604 704 3658 nihil
727 3603 915 3659 habeo.
942 3602 1057 3657 Jam
1086 3602 1269 3657 audire
1298 3603 1451 3671 cupio
1480 3603 1775 3672 cujusmodi
1803 3602 1873 3657 sit

280 3697 371 3752 illa
394 3697 689 3766 disciplina,
720 3712 875 3766 quam
908 3694 1142 3766 profecto
1183 3710 1211 3748 a
1254 3693 1554 3764 cognitione
1586 3695 1869 3749 vilissimo—

276 3804 397 3843 rum
427 3789 727 3843 animorum
761 3787 914 3842 video
936 3787 1281 3842 subtilissime
1302 3786 1637 3841 vindicatam.

314 3880 540 3937 CAPUT
566 3880 651 3934 Vl.
679 3909 752 3920 -—
775 3879 1014 3933 Cantores
1054 3879 1321 3932 theatricos
1358 3879 1547 3932 nescire
1569 3878 1830 3931 musicam.

352 3972 439 4027 ll.
468 3971 545 4025 Μ.
559 3971 802 4027 Nondum
821 3981 904 4026 est
924 3971 1054 4025 satis
1069 3970 1208 4040 quod
1222 3970 1416 4025 factum
1434 3980 1533 4036 est,
1549 3986 1648 4024 nec
1663 3970 1729 4023 ad
1753 3968 1870 4037 ejus

278 4065 687 4134 erplicationem
709 4065 935 4118 transire
956 4078 1053 4118 nos
1078 4064 1269 4129 sinam,
1295 4063 1393 4116 nisi
1424 4063 1868 4132 quemadmodum

278 4157 519 4211 constitit
556 4157 697 4210 inter
742 4171 838 4209 nos
877 4169 1033 4223 posse
1074 4155 1357 4209 histriones
1391 4156 1505 4209 sine
1530 4156 1629 4210 ista
1651 4156 1869 4210 scientia

280 4248 591 4302 satisfacere
634 4246 891 4315 voluptati
940 4246 1145 4299 aurium
1188 4245 1549 4314 popularium;
1589 4246 1660 4299 ita
1710 4248 1868 4301 etiam

279 4340 429 4393 nullo
474 4337 631 4391 modo
673 4352 793 4392 esse
835 4352 991 4407 posse
1034 4336 1318 4391 histriones
1360 4338 1576 4392 musicae
1603 4340 1868 4397 studiosos

281 4432 587 4500 peritosque
621 4429 936 4483 constiterit.
979 4427 1047 4481 D.
1084 4428 1269 4482 Mirum
1298 4430 1343 4484 si
1370 4431 1471 4485 hoc
1496 4430 1754 4486 effeceris.
1786 4430 1865 4485 Μ.

282 4524 461 4579 Facile
486 4523 538 4577 id
568 4522 802 4592 quidem,
834 4523 927 4577 sed
966 4522 1246 4577 attentiore
1274 4532 1323 4577 te
1348 4524 1477 4577 mihi
1508 4540 1639 4593 opus
1668 4537 1766 4579 est.
1795 4524 1865 4577 D.

281 4612 562 4683 Nunquam
601 4613 867 4682 equidem,
894 4613 1035 4682 quod
1066 4613 1251 4679 sciam,
1282 4615 1554 4668 remissior
1577 4615 1629 4668 in
1654 4616 1868 4669 audien-

283 4706 350 4759 du
393 4706 487 4772 fui,
519 4706 586 4760 ab
631 4721 795 4775 usque
839 4720 1016 4761 sermo
1046 4707 1145 4760 iste
1187 4707 1412 4776 sumpsit
1439 4708 1867 4765 exordiumzsed

286 4813 426 4853 nunc
449 4814 550 4864 me,
579 4797 765 4863 fateor,
790 4799 957 4852 multo
976 4799 1288 4852 erectiorem
1316 4799 1612 4854 reddidisti.
1639 4799 1714 4853 Μ.
1732 4801 1867 4856 Gra-

290 4900 395 4944 tum
427 4888 619 4956 habeo,
642 4905 943 4959 quanquam
961 4890 1053 4943 tibi
1076 4900 1126 4942 te
1148 4890 1454 4945 commodes
1469 4891 1654 4962 magis.
1689 4893 1869 4963 Itaque

289 4980 565 5050 responde,
623 4981 667 5033 si
696 4980 902 5049 ,placet,
945 4989 1121 5034 utrum
1167 4981 1260 5035 tibi
1289 4981 1529 5037 videatur
1571 4984 1707 5039 scire
1744 4984 1869 5055 quid

290 5077 355 5126 sit
398 5087 592 5127 aureus
626 5073 847 5137 solidus,
875 5074 965 5143 qui
994 5089 1113 5128 eum
1144 5089 1296 5143 aequo
1327 5077 1495 5146 pretio
1519 5078 1749 5133 vendere
1774 5094 1869 5133 cu-

294 5159 465 5229 piens,
499 5161 685 5217 decem
717 5179 961 5217 nummos
987 5179 1107 5217 eum
1128 5152 1316 5219 valere
1346 5167 1641 5235 putaverit?
1672 5167 1743 5222 D.
1776 5169 1871 5224 Cui

236 5268 237 5271 ‘
295 5252 391 5307 hoc
418 5254 694 5308 videatur?
722 5253 799 5307 Μ.
841 5255 991 5309 Nunc
1030 5271 1147 5326 age,
1186 5256 1272 5311 dic
1309 5258 1457 5325 mihi,
1492 5260 1614 5328 quid
1660 5260 1871 5319 charius

292 5344 592 5401 habendum
636 5350 736 5415 sit;
772 5348 915 5418 quod
962 5356 1143 5404 nostra
1176 5351 1518 5421 intelligentia
1549 5355 1869 5423 continetur,

292 5452 358 5493 an
386 5440 527 5509 quod
554 5441 708 5496 nobis
748 5442 962 5496 fortuito
990 5442 1353 5512 imperitorum
1378 5445 1575 5514 judicio
1603 5447 1869 5505 tribuitur.

294 5527 361 5583 D.
392 5530 530 5585 Nulli
578 5533 790 5588 dubium
833 5541 933 5601 est,
975 5533 1130 5604 longe
1172 5534 1297 5591 illud
1346 5537 1569 5606 primum
1619 5550 1873 5608 praestare

295 5624 501 5679 ueteris
521 5626 788 5693 omnibus,
811 5642 929 5697 quae
950 5642 1017 5682 ne
1043 5635 1222 5683 nostra
1241 5628 1457 5698 quidem
1484 5630 1713 5699 putanda
1730 5640 1870 5687 sunt.

292 5850 297 5856 _
358 5782 376 5815 ι
416 5780 1620 5851 ω.Α,Ιιαδὶρεαεᾳυιεηοὺὶιςρενριαεεηιηιαηυε.
1688 5800 1743 5842 Μ.

242 5881 267 5898 Γ

1674 367 1877 422 LIBER
1914 366 2186 423 PRIMUS.

1982 480 2059 534 M.
2098 480 2234 536 Num
2270 498 2397 554 ergo
2440 498 2601 555 negas
2647 500 2860 543 omnem
2902 491 3176 548 scientiam
3216 497 3563 570 intelligentia

1978 575 2279 630 contineri?
2302 575 2373 630 D.
2405 577 2534 644 Quis
2558 592 2715 651 negat
2734 581 2849 635 ?M.
2876 583 2943 638 Et
2969 586 3165 640 musica
3188 587 3343 658 igitur
3364 592 3434 645 ibi
3458 602 3559 650 est.

1978 666 2047 722 D.
2079 668 2243 724 Video
2277 676 2357 725 ex’
2381 671 2496 741 ejus
2532 672 2840 731 definitione
2876 676 2927 731 id
2956 692 3075 733 esse
3103 694 3452 751 consequens.
3480 682 3558 740 Μ.

1977 758 2149 826 Quid?
2179 761 2395 830 plausus
2426 764 2602 833 populi
2631 773 2684 819 et
2713 766 2886 820 omnia
2919 768 3009 823 illa
3039 770 3291 826 theatrica
3325 776 3559 843 praemia,

1977 866 2153 907 nonne
2196 853 2287 907 tibi
2333 870 2397 909 ex
2442 870 2507 910 eo
2536 871 2733 925 genere
2763 858 3026 925 videntur,
3051 863 3191 931 quod
3220 864 3269 917 in
3301 873 3562 932 potestate

1975 939 2201 996 fortuna:
2229 952 2281 997 et
2307 944 2669 1014 imperitorum
2694 948 2894 1017 judicio
2923 953 3150 1020 positum
3178 956 3297 1008 est?
3323 954 3391 1008 D.
3422 955 3562 1012 Nihil

1977 1032 2146 1101 magis
2175 1034 2403 1088 arbitror
2429 1050 2545 1091 esse
2567 1038 2839 1093 fortuitum
2866 1041 3257 1114 obnoxiumque
3282 1047 3489 1102 casibus
3511 1058 3562 1104 et

1976 1122 2196 1191 plebeia:
2222 1124 2566 1181 dominationi
2595 1129 2914 1199 nutibusque
2934 1131 3252 1201 subjectum,
3288 1152 3441 1205 quam
3473 1139 3561 1194 illa

1976 1216 2313 1269 suntomnia.
2340 1216 2416 1269 Μ.
2437 1218 2668 1274 Hoccine
2694 1220 2852 1290 igitur
2880 1224 3052 1291 pretio
3075 1236 3260 1280 cantus
3286 1244 3412 1283 suos
3434 1246 3560 1285 ven-

1973 1300 2160 1359 derent
2189 1306 2492 1373 histriones,
2518 1310 2561 1364 si
2590 1312 2847 1366 musicam
2876 1300 3109 1369 scirent?
3136 1315 3205 1369 ο.
3230 1318 3343 1373 Νοη
3376 1337 3559 1390 parum

1973 1397 2184 1467 quidem
2236 1398 2333 1453 hac
2395 1402 2733 1459 conclusione
2772 1420 3130 1473 commoveor,
3177 1410 3270 1463 sed
3320 1414 3558 1468 nonnihil

1974 1486 2145 1542 habeo
2168 1489 2305 1557 quod
2332 1492 2710 1547 contradicam.
2735 1494 2865 1548 Nam
2893 1496 2979 1551 ille
2996 1498 3238 1553 venditor
3265 1502 3415 1555 solidi
3438 1518 3559 1557 cum

1972 1578 2074 1633 isto
2121 1582 2510 1649 comparandus
2556 1600 2662 1638 non
2704 1586 2912 1641 videtur
2955 1606 2967 1642 :
3003 1606 3107 1643 non
3157 1592 3298 1646 enim
3341 1604 3559 1662 accepto

1972 1672 2157 1741 plausu
2203 1683 2294 1728 aut
2331 1676 2569 1744 qualibet
2607 1678 2705 1731 sibi
2735 1679 2921 1748 largita
2945 1684 3164 1750 pecunia
3192 1684 3486 1753 scientiam,
3513 1686 3559 1741 si

1971 1778 2128 1833 quam
2155 1764 2289 1819 forte
2318 1764 2476 1821 habet
2497 1783 2596 1837 qua
2618 1770 2869 1839 populum
2896 1771 3194 1840 delectavit,
3216 1778 3439 1841 amittit;
3465 1775 3558 1832 sed

1970 1858 2213 1911 onustior
2240 1874 2479 1926 nummo,
2515 1870 2568 1914 et
2612 1860 2768 1915 laude
2807 1861 3079 1918 hominum
3111 1866 3298 1934 laetior,
3325 1884 3443 1923 cum
3471 1885 3561 1924 ea-

1971 1946 2092 2003 dem
2125 1948 2403 2019 disciplina
2431 1951 2682 2007 incolumi
2721 1962 2880 2023 atque
2908 1956 3108 2027 integra
3133 1957 3350 2014 domum
3388 1962 3561 2016 disce-

1970 2037 2048 2093 dit
2073 2057 2084 2093 :
2105 2041 2302 2095 stultus
2327 2050 2505 2097 autem
2536 2051 2697 2111 esset,
2728 2046 2772 2098 si
2803 2048 3081 2101 commoda
3120 2049 3210 2103 illa
3254 2060 3561 2107 contemne-

1969 2138 2071 2195 ret,
2101 2148 2218 2200 quae
2258 2149 2362 2187 non
2407 2134 2632 2204 adeptus
2669 2135 2836 2190 multo
2889 2146 3030 2192 esset
3076 2140 3355 2210 ignobilior
3401 2151 3560 2213 atque

1969 2223 2280 2291 pauperior;
2310 2223 2530 2293 adeptus
2553 2235 2727 2281 autem
2750 2227 2916 2282 nihilo
2938 2239 3079 2283 esset
3098 2230 3378 2286 indoctior.

2043 2314 2129 2366 l2.
2160 2313 2238 2366 M.
2276 2314 2404 2369 Vide
2433 2331 2559 2385 ergo
2596 2326 2774 2371 utrum
2802 2318 2886 2373 vel
2913 2320 3015 2373 isto
3046 2321 3390 2377 conficiamus
3413 2325 3555 2393 quod

1968 2403 2235 2458 volumus.
2266 2404 2397 2458 Nam
2429 2406 2591 2461 credo
2618 2408 2783 2462 videri
2824 2410 2918 2463 tibi
2957 2411 3123 2466 multo
3152 2428 3269 2467 esse
3294 2426 3557 2485 praestan-

1972 2494 2094 2560 tius,
2125 2494 2174 2547 id
2206 2504 2420 2564 pr0pter
2447 2498 2585 2565 quod
2625 2498 2821 2567 aliquid
2866 2498 3109 2567 facimus,
3140 2520 3297 2572 quam
3328 2506 3555 2576 idipsum

1970 2583 2110 2653 quod
2135 2583 2376 2639 facimus.
2414 2586 2477 2637 D.
2508 2586 2840 2643 Manifestum
2867 2599 2971 2646 est.
2998 2590 3075 2646 M.
3108 2593 3206 2660 Qui
3255 2611 3381 2667 ergo
3422 2613 3555 2652 can-

1973 2683 2050 2728 tat
2079 2676 2162 2729 vel
2194 2686 2410 2732 cantare
2435 2678 2610 2745 discit,
2642 2695 2744 2733 non
2776 2682 2844 2734 ob
2873 2682 3012 2737 aliud
3040 2685 3139 2737 nisi
3171 2696 3226 2739 ut
3256 2687 3498 2744 laudetur
3524 2707 3553 2745 a

1971 2769 2185 2837 populo,
2214 2770 2295 2824 vel
2340 2771 2557 2825 omnino
2603 2772 2698 2826 abs
2741 2774 2926 2842 quovis
2952 2774 3187 2843 homine,
3212 2795 3388 2836 nonne
3409 2782 3555 2854 judi-

1971 2868 2057 2913 cat
2100 2862 2375 2917 meliorem
2424 2863 2631 2918 laudem
2681 2866 2828 2920 illam
2874 2883 2995 2923 esse
3024 2886 3180 2939 quam
3208 2876 3554 2929 cantum?D.

1972 2951 2175 3023 Negare
2197 2968 2303 3008 non
2330 2970 2568 3025 possum.
2598 2955 2675 3009 Μ.
2705 2956 2878 3024 Quid?
2906 2959 2995 3014 ille
3022 2963 3110 3030 qui
3131 2965 3268 3018 male
3292 2966 3359 3020 de
3385 2968 3557 3036 aliqua

1970 3059 2031 3100 re
2062 3045 2286 3115 judicat,
2335 3048 2541 3101 videtur
2590 3049 2686 3103 tibi
2729 3065 2845 3104 eam
2887 3053 3063 3108 scire?
3089 3054 3158 3110 Β.
3189 3056 3346 3113 Nullo
3375 3060 3555 3129 modo,

1972 3136 2073 3189 nisi
2104 3136 2237 3191 forte
2281 3152 2492 3207 quoquo
2522 3140 2682 3195 modo
2712 3151 3013 3212 corruptus.
3043 3144 3118 3197 Μ.
3151 3147 3290 3218 Ergo
3315 3152 3405 3219 qui
3436 3168 3559 3207 vere

1972 3235 2121 3297 putat
2146 3228 2334 3282 melius
2363 3244 2483 3283 esse
2511 3230 2706 3299 aliquid
2727 3232 2869 3300 quod
2895 3233 3129 3290 deterius
3158 3248 3259 3305 est,
3288 3242 3434 3297 nullo
3460 3243 3560 3298 du-

1971 3317 2172 3373 bitante
2204 3319 2424 3373 scientia
2454 3322 2569 3389 ejus
2592 3331 2755 3375 caret.
2782 3321 2852 3375 D.
2883 3324 2959 3378 Ita
2984 3333 3081 3379 est.
3112 3326 3188 3380 Μ.
3212 3329 3433 3396 Quando
3458 3334 3558 3403 igi-

1972 3419 2058 3466 tur
2095 3411 2224 3465 mihi
2250 3413 2332 3466 vel
2363 3414 2691 3483 persuaseris
2722 3416 2802 3469 vel
2838 3417 3135 3473 ostenderis
3155 3422 3443 3489 quemlibet
3479 3425 3561 3480 hi-

1973 3504 2230 3559 strionum
2272 3520 2377 3559 non
2417 3505 2535 3560 ideo
2576 3506 2742 3574 illam,
2783 3508 2830 3562 si
2864 3524 3019 3578 quam
3047 3509 3207 3566 habet
3231 3512 3555 3586 facultatem,

1972 3595 2059 3650 vel
2087 3605 2387 3651 assecutum
2435 3612 2553 3652 esse
2596 3599 2677 3652 vel
2718 3598 2971 3655 exhibere
3016 3610 3076 3656 ut
3119 3605 3313 3673 populo
3356 3606 3559 3675 placeat

1973 3695 2192 3756 propter
2212 3696 2473 3757 quaestum
2501 3696 2594 3741 aut
2616 3688 2844 3756 famam;
2877 3692 3167 3747 concedam
3192 3710 3349 3764 posse
3374 3713 3557 3767 quem-

1974 3792 2131 3848 quam
2154 3787 2208 3833 et
2228 3780 2445 3833 musicae
2466 3780 2662 3835 habere
2686 3781 2985 3851 scientiam,
3008 3792 3062 3838 et
3085 3799 3203 3840 esse
3223 3785 3554 3845 histrionem.

1974 3867 2030 3923 Si
2057 3875 2235 3923 autem
2261 3870 2629 3939 perprobabile
2658 3880 2761 3938 est,
2793 3874 3057 3929 neminem
3087 3890 3205 3931 esse
3242 3875 3557 3935 histrionum

1973 3959 2063 4028 qui
2097 3974 2203 4013 non
2242 3960 2342 4014 sibi
2382 3960 2729 4030 professionis
2750 3962 2909 4018 finem
2936 3965 2989 4019 in
3018 3969 3241 4036 pecunia
3269 3986 3363 4026 seu
3386 3973 3556 4042 gloria

1974 4052 2262 4104 constituat
2288 4066 2352 4105 ac
2379 4061 2669 4121 proponat;
2695 4052 2894 4109 fateare
2921 4071 3140 4113 necesse
3170 4068 3252 4115 est
3277 4071 3368 4116 aut
3393 4066 3558 4119 musi-

1973 4155 2089 4195 cam
2116 4143 2322 4196 nescire
2348 4142 2653 4211 histriones,
2677 4153 2765 4198 aut
2786 4147 2951 4216 magis
2972 4151 3319 4218 expetendam
3346 4169 3463 4210 esse
3490 4158 3556 4211 ab

1974 4230 2089 4284 aliis
2114 4230 2343 4296 laudem,
2365 4232 2448 4285 vel
2469 4248 2690 4301 qumque
2711 4234 2813 4287 alia
2840 4235 3054 4290 fortuita
3081 4242 3377 4308 commoda,
3396 4259 3553 4313 quam

1972 4334 2002 4373 a
2029 4322 2422 4392 nobismetipsis
2449 4323 2851 4393 intelligentiam
2868 4327 2906 4380 ⁸.
2927 4327 2993 4380 ι).
3028 4329 3196 4386 Video
3222 4349 3327 4398 me,
3350 4336 3437 4404 qni
3464 4353 3557 4390 su-

1972 4410 2180 4479 periora
2200 4412 2577 4478 concesserim,
2609 4415 2767 4467 etiam
2811 4416 2927 4471 istis
2968 4419 3159 4475 cedere
3198 4422 3413 4479 debere.
3439 4426 3554 4481 Non

1972 4500 2114 4554 enim
2154 4501 2281 4555 mihi
2324 4502 2432 4555 ullo
2478 4503 2636 4557 modo
2670 4504 2836 4559 videri
2863 4516 3039 4575 potest
3057 4510 3123 4566 de
3146 4527 3304 4567 scena
3333 4516 3556 4572 inveniri

1973 4604 2130 4660 posse
2158 4589 2317 4645 talem
2344 4593 2536 4655 virum,
2569 4594 2659 4662 qui
2685 4603 2853 4650 artem
2884 4612 3033 4653 suam
3064 4614 3279 4673 pr0pter
3303 4609 3552 4678 seipsam,

1973 4694 2081 4733 non
2124 4692 2341 4749 propter
2377 4690 2526 4735 extra
2573 4685 2746 4754 posita
2788 4690 3066 4746 commoda
3094 4694 3306 4766 diligat;
3338 4713 3458 4753 cum
3488 4700 3555 4755 de

1971 4772 2245 4840 gymnasio
2266 4772 2353 4825 vix
2380 4772 2499 4827 talis
2522 4774 2823 4831 inveniatur
2847 4796 2859 4831 :
2883 4796 3181 4854 quanquam
3220 4788 3263 4841 si
3294 4790 3412 4857 quis
3437 4790 3555 4847 exi-

1972 4864 2084 4929 stit,
2113 4863 2198 4918 vel
2225 4866 2503 4932 exstiterit,
2553 4883 2660 4923 non
2703 4884 2769 4925 eo
2807 4878 3182 4932 contemnendi
3214 4882 3420 4949 musici,
3458 4883 3553 4938 sed

1973 4953 2272 5010 honorandi
2297 4958 2582 5028 aliquando
2609 4959 2893 5018 histriones
2920 4968 3123 5035 possint
3145 4970 3328 5026 videri.
3354 4974 3553 5040 Quam-

1974 5047 2159 5139 obrem
2189 5050 2393 5139 explica
2415 5051 2547 5121 jam,
2579 5053 2623 5108 si
2646 5054 2837 5123 placet,
2868 5066 3070 5115 tantam
3098 5063 3273 5131 istam,
3304 5083 3423 5138 quae
3440 5068 3555 5139 jam

1974 5137 2095 5192 vilis
2118 5138 2249 5192 mihi
2277 5139 2442 5194 videri
2472 5157 2575 5196 non
2607 5152 2800 5211 potest,
2831 5146 3185 5219 disciplinam.

2174 5229 2400 5287 CAPUT
2440 5233 2552 5288 VII.
2580 5265 2652 5275 —-
2674 5236 2779 5289 Diu
2807 5249 2971 5295 etnon
2999 5243 3086 5298 diu
3111 5247 3165 5300 in
3192 5259 3348 5305 motu.

1978 5406 1981 5410 γ
2048 5322 2135 5377 l3.
2164 5320 2242 5374 Μ.
2273 5321 2515 5393 Faciam,
2544 5326 2652 5381 imo
2679 5337 2734 5382 tu
2767 5328 2947 5386 facies.
2975 5334 3107 5390 Nam
3137 5353 3236 5408 ego
3255 5341 3386 5396 nihil
3412 5344 3555 5401 aliud

1976 5428 2131 5484 quam
2179 5415 2376 5484 rogabo
2419 5424 2472 5471 te
2510 5433 2572 5473 ac
2610 5424 3002 5489 percontabor:
3028 5436 3082 5482 tu
3109 5446 3235 5485 vero
3260 5442 3423 5489 totum
3449 5436 3555 5493 hoc

1976 5505 2227 5573 quidquid
2257 5515 2365 5573 est,
2395 5516 2448 5562 et
2476 5510 2616 5578 quod
2646 5528 2786 5567 nunc
2808 5517 3051 5573 nesciens
3075 5536 3311 5590 quzerere
3336 5525 3552 5595 videris,

2042 5636 2420 5714 ῗλέίεκβέΐὲςὶξιέ
2447 5642 2637 5714 ita!!!“
2657 5644 2719 5714 αξξ
2749 5644 2859 5698 aliis
2889 5656 3115 5714 expetunt
3145 5653 3337 5708 lwdem
3357 5662 3403 5710 et
3433 5673 3556 5711 com-

1976 5696 3558 5785 institi-ueijireﬁaeelﬁgm.MWMWWW;

1979 5759 2803 5847 είέξίεὲεέέξιεξιέένὲἔέιέίςξξνῘςςξςίηοά
2824 5759 2891 5823 εει
2908 5759 3444 5847 εᾰίῐιῑέξ
3451 5759 3555 5847 Eia?

1982 5823 2226 5871 semitam
2246 5834 2338 5873 non
2354 5823 2525 5877 habent
2537 5823 2568 5890 ;'
2579 5823 2736 5884 addita
2749 5846 2867 5885 sane
2883 5823 3276 5900 perperamfmﬂ:
