4096 6368
531 406 665 465 1091

529 494 902 595 respondendo
924 498 1227 593 explicabis.
1248 518 1426 595 Itaque
1441 518 1549 588 jam
1568 498 1630 571 ei
1653 524 1701 570 te
1717 529 1916 585 quaero,
1940 508 2111 565 utrum

531 621 808 693 quisquam
835 616 1020 685 possit,
1051 602 1105 693 et
1150 588 1236 667 diu
1276 625 1329 666 et
1372 592 1622 664 velociter
1654 621 1887 693 currere.
1914 603 1981 665 D.
2008 602 2111 656 Po-

532 686 760 766 testaM.
791 686 947 775 Quid,
977 686 1127 781 tarde
1153 715 1205 759 et
1231 701 1523 781 velociter?
1547 699 1616 753 D.
1647 697 1800 753 Nullo
1826 686 2001 781 modo.

531 764 843 873 Aiiudergb
865 764 946 856 est
972 774 1083 865 diu,
1116 776 1459 871 aliud‘tarde.
1488 792 1556 846 D.
1587 786 1743 845 Aliud
1766 778 2001 871 munitio.
2033 764 2109 839 Μ.

532 890 661 951 Item
690 911 891 967 qumro,
920 891 1045 963 quid
1072 900 1222 967 putes
1251 884 1579 943 diuturnitati
1606 900 1723 939 esse
1764 876 2109 967 contrarium,

529 989 682 1044 sicuti
708 996 789 1040 est
816 983 1050 1039 tarditati
1076 968 1347 1037 velocitas.
1371 978 1438 1031 D.
1460 977 1573 1032 Non
1602 975 1729 1029 mihi
1757 970 1984 1028 occurrit
2006 966 2113 1024 usi-

532 1060 694 1135 tatum
724 1094 937 1132 nomen.
966 1060 1148 1144 Itaque
1185 1060 1435 1126 diuturno
1480 1068 1609 1122 nihil
1648 1065 1802 1121 video
1848 1061 1987 1133 quod
2018 1076 2112 1130 0p-

528 1187 741 1241 ponam,
772 1169 872 1223 nisi
908 1156 1011 1222 non
1049 1167 1377 1231 diuturnum,
1406 1172 1463 1215 ut
1501 1162 1550 1216 ei
1589 1158 1729 1230 quod
1757 1157 1968 1220 dicitur,
2000 1154 2108 1218 diu,

527 1260 852 1316 contrarium
896 1252 966 1314 sit
1012 1274 1117 1312 non
1162 1255 1274 1321 diu,
1309 1252 1431 1330 quia
1472 1262 1525 1331 et
1564 1249 1818 1305 velociter
1846 1248 1888 1300 si
1917 1246 2111 1327 nollem

526 1330 725 1417 dicere,
751 1361 806 1408 et
834 1366 929 1422 pro
958 1366 1021 1405 eo
1050 1364 1155 1403 non
1184 1346 1329 1401 tarde
1356 1346 1608 1421 dicerem,
1636 1341 1763 1394 nihil
1785 1338 1925 1392 aliud
1943 1336 2109 1407 signi-

527 1432 793 1501 ﬁcaretur.
826 1442 901 1495 Μ.
930 1442 1125 1497 Verum
1166 1439 1316 1494 dicis.
1364 1434 1503 1491 Nihil
1542 1422 1682 1490 enim
1721 1431 1945 1500 deperit,
1991 1444 2111 1483 cum

527 1508 596 1589 ita
625 1534 910 1604 loquimur,
934 1531 1160 1586 veritati.
1189 1529 1320 1615 Nam
1347 1537 1399 1582 et
1426 1525 1555 1579 mihi
1581 1524 1623 1577 si
1652 1531 1735 1578 est
1766 1522 1863 1575 hoc
1894 1535 2107 1586 nomen,

526 1628 666 1701 quod
694 1626 785 1681 tibi
813 1641 918 1678 non
946 1623 1242 1677 occurrisse
1259 1619 1415 1683 dicis,
1435 1626 1521 1671 aut
1550 1617 1817 1687 ignoratur
1842 1628 1871 1665 a
1896 1628 1999 1675 me,
2022 1618 2111 1663 aut

526 1710 578 1771 in
615 1718 894 1787 praesentia
938 1730 1042 1768 non
1083 1706 1243 1787 venit
1271 1711 1325 1763 in
1372 1718 1621 1762 mentem.
1652 1702 2006 1773 Quamobrem
2035 1701 2112 1756 sic

525 1802 762 1878 agamus,
785 1800 841 1859 ut
865 1788 981 1861 haec
1007 1794 1129 1857 bina
1153 1788 1414 1857 contraria
1441 1799 1768 1869 appellemus
1799 1795 1899 1849 hoc
1928 1794 2106 1859 modo,

525 1897 613 1951 diu
636 1908 687 1952 et
714 1914 819 1951 non
850 1894 961 1961 diu,
990 1884 1139 1947 tarde
1160 1900 1214 1946 et
1246 1889 1514 1944 velociter.
1544 1890 1620 1941 Ac
1642 1886 1869 1954 primum
1896 1883 1959 1961 de
1990 1882 2109 1961 diu-

527 1974 681 2044 turno
704 2000 756 2043 et
774 1978 876 2043 non
896 1987 1144 2042 diuturno
1162 1985 1507 2040 disseramus.
1526 1980 1568 2035 si
1588 1979 1776 2049 placet.
1799 1976 1867 2030 ι).
1891 1972 1968 2030 Ita
1998 1975 2106 2029 iiat.

564 2102 787 2158 CAPUT
822 2074 951 2156 Vlll.
977 2130 1046 2140 —
1067 2097 1351 2169 PrOpositio
1380 2095 1431 2148 in
1462 2104 1599 2148 motu
1628 2094 1865 2146 diuturno
1892 2100 2057 2144 etnon

1196 2190 1450 2242 diuturno.

597 2308 682 2360 Η.
714 2305 789 2358 Μ.
823 2303 1228 2357 Manifestumne
1255 2301 1351 2355 tibi
1375 2308 1475 2366 est,
1506 2299 1556 2353 id
1583 2299 1684 2353 dici
1714 2296 1803 2352 diu
1830 2297 1942 2352 ﬁeri
1968 2297 2111 2367 quod

526 2414 620 2468 per
643 2399 876 2466 longum,
903 2398 953 2451 id
975 2406 1150 2449 autem
1169 2412 1274 2448 non
1303 2392 1391 2448 diu
1419 2393 1561 2463 quod
1590 2408 1684 2461 per
1710 2393 1873 2447 breve
1901 2401 2111 2459 tempus

524 2489 620 2542 ﬁt?
648 2490 714 2541 D.
743 2488 1096 2543 Manifestum.
1130 2485 1203 2538 Μ.
1232 2483 1402 2538 Motus
1432 2484 1589 2553 igitur
1606 2484 1693 2552 qui
1724 2482 1801 2545 ﬁt,
1826 2482 1970 2535 verbi
1993 2496 2113 2550 gra-

524 2583 614 2646 tia,
643 2582 845 2636 duabus
871 2578 1037 2647 horis,
1068 2594 1243 2633 nonne
1273 2578 1336 2630 ad
1367 2592 1487 2632 eum
1518 2570 1607 2644 qui
1632 2590 1736 2629 una
1762 2575 1890 2628 hora
1919 2574 1993 2637 iit,
2021 2575 2112 2627 du-

524 2673 666 2742 plum
698 2673 855 2726 habet
883 2670 1170 2739 temporis?
1203 2668 1273 2722 D.
1318 2669 1446 2735 Quis
1489 2667 1612 2720 hinc
1652 2666 2007 2720 dubitaverit?
2032 2664 2107 2717 Μ.

430 2802 433 2803 ν
523 2764 731 2833 Ιίθρὶρίι
757 2778 887 2833 ergo
918 2762 969 2815 id
1001 2758 1141 2831 quod
1168 2757 1259 2814 diu
1287 2760 1368 2813 vel
1398 2774 1502 2811 non
1525 2758 1613 2811 diu
1645 2756 1868 2810 dicimus
1903 2755 2111 2809 dimen-

523 2856 700 2910 siones
719 2853 1016 2922 hujusmodi
1037 2860 1091 2907 et
1111 2864 1377 2914 numeros,
1401 2859 1457 2903 ut
1480 2849 1610 2902 alius
1639 2856 1813 2901 motus
1838 2847 1904 2901 ad
1924 2846 2107 2912 alium,

526 2957 771 3017 tanquam
798 2947 902 3001 duo
928 2944 993 2999 ad
1017 2961 1177 2999 unum
1198 2944 1301 3008 sit;
1329 2941 1380 2998 id
1406 2951 1485 2997 est
1508 2950 1564 2996 ut
1584 2942 1665 2996 bis
1694 2950 1899 2995 tantum
1922 2934 2114 2995 habeat

524 3038 661 3093 alius
689 3048 941 3108 quantum
973 3033 1201 3091 semel‘:
1225 3034 1360 3088 alius
1392 3036 1514 3087 item
1551 3033 1616 3086 ad
1660 3033 1818 3087 alium
1863 3042 2111 3102 tanquam

530 3132 630 3187 tria
663 3131 728 3185 ad
755 3130 881 3196 duo,
911 3129 961 3183 id
1016 3138 1099 3183 est
1127 3135 1184 3181 ut
1212 3134 1383 3181 tantas
1406 3135 1514 3179 tres
1542 3133 1715 3193 partes
1743 3122 1995 3193 temporis
2020 3122 2111 3176 ha-

523 3223 664 3289 beat,
687 3232 910 3292 quantas
933 3221 1065 3275 alius
1087 3219 1248 3273 duas:
1273 3227 1431 3287 atque
1458 3217 1527 3271 ita
1555 3228 1650 3286 per
1675 3225 1896 3270 caeteros
1926 3231 2111 3271 nume-

523 3328 612 3369 ros
636 3314 759 3369 licet
778 3327 1014 3379 currere,
1038 3321 1095 3364 ut
1118 3326 1221 3365 non
1252 3309 1358 3364 sint
1382 3309 1549 3378 spatia
1583 3307 1854 3363 indeﬁnita
1884 3316 1936 3361 et
1962 3307 2111 3362 inde-

523 3406 826 3472 lerminata,
858 3404 949 3459 sed
979 3400 1207 3457 habeant
1229 3400 1293 3454 ad
1339 3415 1396 3455 se
1427 3399 1533 3454 duo
1564 3406 1736 3454 motus
1763 3399 1992 3468 aliquem
2014 3413 2113 3450 nu-

522 3510 758 3561 merum;
786 3505 876 3552 aut
908 3494 1173 3559 eumdem,
1196 3492 1342 3547 velut
1378 3507 1541 3546 unum
1580 3491 1644 3544 ad
1691 3506 1871 3551 unum,
1896 3490 1959 3543 ad
2006 3488 2110 3543 duo

524 3587 653 3656 duo,
675 3588 742 3643 ad
785 3590 883 3642 tria
918 3586 1040 3653 tria,
1066 3594 1290 3655 quatuor
1312 3581 1379 3637 ad
1405 3583 1695 3652 quatuor':
1716 3588 1808 3635 aut
1836 3595 1938 3634 non
1962 3596 2112 3635 eum—

522 3680 666 3743 dem,
696 3688 751 3734 ut
776 3693 937 3734 unum
977 3676 1044 3731 ad
1079 3676 1202 3742 duo,
1233 3675 1337 3730 duo
1375 3674 1440 3728 ad
1471 3674 1592 3739 tria,
1620 3673 1718 3727 tria
1762 3673 1828 3727 ad
1850 3681 2106 3742 quatuor;

521 3781 612 3827 aut
637 3786 799 3825 unum
827 3770 892 3824 ad
921 3770 1040 3835 tria,
1067 3768 1171 3822 duo
1195 3767 1260 3821 ad
1288 3783 1398 3830 sex,
1433 3776 1485 3819 et
1500 3764 1755 3835 quidquid
1785 3765 1988 3833 potest'
2008 3766 2108 3818 ali-

521 3863 645 3933 quid
687 3860 753 3916 ad
791 3862 909 3915 sese
957 3858 1306 3913 dimensionis
1352 3854 1614 3911 obtinere.
1646 3855 1715 3907 1).
1745 3855 1958 3909 Planius
2010 3855 2109 3909 ista

521 3956 725 4024 quaso.
768 3952 847 4018 Μ..
890 3953 1178 4005 Revertere
1228 3963 1355 4016 ergo
1393 3946 1458 3999 ad
1500 3947 1617 4000 illas
1662 3946 1918 4012 homs,et
1968 3946 2108 4015 quod

521 4046 649 4099 satis
679 4044 925 4112 putabam
951 4042 1308 4105 dictum,cum
1357 4036 1424 4091 de
1455 4053 1555 4090 una
1602 4037 1729 4092 hora
1769 4046 1819 4089 et
1866 4037 1932 4091 de
1974 4037 2108 4091 dua-

520 4135 620 4189 bus
639 4134 913 4197 dixissem,
945 4146 1041 4200 per
1079 4132 1253 4183 omnia
1299 4128 1596 4181 considera.
1625 4128 1780 4181 Certe
1819 4128 1959 4181 enim
2002 4142 2107 4182 non

521 4239 683 4293 negas
708 4237 863 4291 posse
917 4221 1031 4276 ﬁeri
1066 4220 1292 4289 aliquem
1334 4228 1532 4272 motum
1567 4226 1801 4288 tempore
1831 4216 1985 4273 nnius
2013 4219 2110 4273 ho-

519 4331 633 4381 rae,
692 4320 747 4368 et
791 4313 950 4366 alium
1000 4311 1242 4365 duarum.
1296 4310 1357 4363 Ι).
1418 4310 1610 4363 Verum
1662 4320 1761 4364 est.
1797 4310 1873 4362 M.
1934 4310 2109 4377 Quid?

520 4408 678 4460 alium
706 4405 948 4469 duarum,
976 4404 1140 4458 alium
1190 4403 1347 4457 trium
1395 4418 1502 4455 non
1546 4402 1763 4457 fateris?
1803 4402 1867 4455 ι).
1894 4402 2103 4457 Fateor.

521 4497 599 4551 Μ.
633 4497 700 4551 Et
728 4496 888 4550 alium
918 4495 1083 4549 tribus
1111 4494 1261 4549 horis
1294 4493 1422 4557 ﬁeri,
1454 4492 1615 4547 alium
1642 4501 1900 4562 quatuor;
1928 4509 2109 4548 rursus

521 4591 680 4643 alium
712 4605 831 4652 una,
861 4590 1021 4643 alium
1045 4588 1246 4651 tribus;
1273 4594 1361 4640 aut
1385 4585 1541 4639 alium
1568 4586 1789 4651 duabus,
1812 4586 1971 4639 alium
1990 4602 2108 4656 sex,

521 4696 696 4735 nonne
732 4678 1064 4735 manifestum
1107 4679 1224 4732 est?
1258 4676 1328 4730 Β.
1367 4676 1722 4731 Manifestum.
1753 4676 1829 4729 Μ.
1851 4676 1956 4731 Cur
1981 4684 2108 4747 ergo

522 4779 573 4827 et
603 4770 730 4825 illud
761 4787 867 4825 non
898 4771 1230 4825 manil‘eStum
1260 4770 1370 4823 sit?
1404 4768 1535 4823 Nam
1576 4770 1677 4825 hoc
1714 4768 1952 4823 dicebam
1986 4786 2108 4825 cum

525 4865 659 4919 duos
683 4874 861 4919 motus
888 4862 1083 4916 habere
1108 4861 1172 4915 ad
1201 4876 1257 4915 se
1285 4874 1439 4930 posse
1464 4861 1691 4930 aliquem
1720 4876 1996 4913 numerum
2022 4860 2108 4914 di-

523 4958 723 5023 cerem,
751 4960 893 5013 velut
917 4972 1079 5013 unum
1119 4957 1185 5011 ad
1224 4956 1348 5021 duo,
1379 4955 1485 5009 duo
1511 4948 1574 5008 ad
1611 4956 1728 5020 tria,
1764 4952 1861 5008 tria
1886 4953 1950 5007 ad
1979 4966 2110 5024 qua-

519 5050 673 5115 tuor;
699 5065 860 5105 unum
888 5050 953 5103 ad
982 5050 1100 5114 tria,
1129 5049 1235 5103 duo
1262 5047 1328 5101 ad
1371 5054 1484 5111 Sex,
1517 5050 1571 5102 et
1608 5048 1649 5101 si
1693 5061 1824 5115 quos
1861 5046 1990 5101 alios
2018 5044 2105 5102 re-

518 5158 737 5197 censere
773 5142 1021 5197 volueris.
1052 5139 1144 5195 His
1169 5140 1311 5195 enim
1342 5138 1585 5208 cognitis,
1619 5144 1702 5193 est
1730 5137 1815 5192 et‘
1834 5136 2107 5207 potestatis

520 5232 767 5301 persequi
796 5240 1011 5295 caetera,
1040 5230 1151 5284 Sive
1180 5238 1382 5298 septem
1409 5228 1475 5282 ad
1505 5228 1712 5295 decem,
1736 5229 1848 5284 sive
1876 5222 2107 5301 quinque

580 5367 597 5399 ι
634 5342 801 5429 uss];
822 5371 877 5429 et
898 5370 931 5429 Β
951 5376 1007 5413 ac
1026 5362 1138 5429 Edd.
1164 5374 1335 5429 omnes
1371 5342 1464 5429 non
1499 5348 1679 5423 habent
1697 5396 1712 5422 ,
1737 5361 1860 5429 alias
1878 5369 2108 5429 Quantum

516 5426 678 5477 saltet.
718 5427 793 5491 sic
822 5425 1120 5491 legit__vaticr
1153 5424 1231 5472 cd.
1264 5438 1278 5491 _:
1311 5429 1368 5474 (Et
1408 5420 1483 5491 ῥὶς
1513 5420 1707 5474 tantum
1734 5420 1903 5476 habeai
1945 5420 2101 5491 spatii,

517 5494 751 5553 quantum
773 5484 914 5539 habet
929 5485 1011 5539 ille
1034 5484 1119 5549 qui
1139 5486 1375 5553 ima/tera
1394 5484 1467 5549 ﬁt.
1532 5494 1585 5537 M.
1764 5550 1772 5553 _
1970 5484 1978 5487 “
2078 5528 2083 5547 ι

581 5553 602 5582 ³
636 5550 709 5599 sic
726 5558 928 5613 veteres
947 5548 1070 5609 Mss;
1090 5558 1139 5599 at
1160 5548 1271 5597 Edd.
1296 5548 1505 5613 habent:
1521 5555 1609 5597 aut
1631 5550 1866 5607 emndcm,
1884 5556 1938 5613 ut
1961 5562 2106 5613 quan-

516 5617 621 5683 tum
868 5623 1016 5683 firmus,
1031 5616 1383 5683 ωηξιέτηᾼζεῃεαι
1398 5609 1536 5683 aliter,
1551 5617 1633 5661 aut
1648 5624 1739 5660 non
1751 5609 1985 5672 eumdem;
2008 5621 2102 5663 etc.

515 5698 574 5710 -—
600 5672 674 5723 sic
699 5672 847 5725 etiam
866 5682 946 5723 Ms.
970 5681 1080 5723 aet
1100 5672 1180 5722 Cd.
1208 5674 1352 5722 \‘atic.
1420 5681 1472 5722 Μ.

583 5736 603 5800 _'
636 5733 717 5800 Od.
741 5738 910 5800 Vatia,
932 5736 1081 5800 potest
1103 5732 1309 5800 οημιὴιο,
1332 5734 1488 5783 addita
1514 5734 1854 5800 voceomnigto.
1923 5742 1975 5784 Μ.

517 5865 565 5913 α
580 5797 603 5829 ⁸
632 5796 714 5911 (ἒ.
732 5801 876 5849 vatio.
899 5795 1021 5862 legit
1036 5795 1335 5859 simpliciter,
1352 5802 1421 5846 est
1437 5796 1673 5858 potestatis
1688 5832 1702 5857 ,
1720 5797 1908 5849 sublata
1936 5796 2105 5849 vocula

1804 5990 1809 5993 -
1874 5973 2082 6007 ,τδοκιη

1716 399 1802 455 or;
1844 368 2112 463 musica,
2155 393 2212 448 s.
2256 388 2623 448 aususnon

3668 374 3812 443 1092

2222 506 2288 559 ad
2314 514 2451 571 octo,
2479 513 2531 559 et
2551 501 2802 573 quidquid
2830 502 3048 557 omnino
3073 501 3229 555 estin
3256 500 3463 555 duobus
3486 496 3718 556 motibus
3739 512 3812 555 ita

2221 609 2395 670 partes
2440 598 2705 651 dimensas
2751 595 3063 649 habentibus
3113 594 3180 648 ad
3224 594 3481 659 invicem,
3512 604 3573 667 ut
3604 595 3814 663 possint

2219 691 2320 765 dici
2363 699 2438 745 tot
2474 676 2542 769 ad
2589 682 2693 754 tot;
2740 686 2851 742 sive
2898 674 3128 769 aequales
3159 688 3363 740 numeri
3393 670 3649 749 sin't,sive
3672 684 3813 741 alius

2217 762 2407 851 major,
2439 762 2573 835 alius
2600 770 2791 835 minor.
2839 774 2910 832 D.
2942 762 3061 834 1am
3102 777 3360 848 intelligo,
3398 786 3451 833 et
3491 776 3607 833 ﬁeri
3650 764 3813 848 posse

2218 864 2471 926 concedo.

2217 983 2444 1042 CAPUT
2482 983 2574 1040 ιχ.
2613 1014 2684 1025 --
2722 982 2894 1059 Motus
2932 966 3270 1057 rationabiles
3317 993 3364 1038 et
3408 984 3807 1053 irrationabiles,

2456 1130 2470 1145 ι,
2568 1138 2569 1141 η
2619 1074 2966 1127 connumerati
3001 1083 3049 1127 et
3086 1072 3407 1127 dinumerati.

2288 1165 2377 1221 15.
2416 1165 2493 1219 Μ.
2539 1164 2675 1239 lllud
2711 1167 2901 1233 etiam,
2943 1175 2999 1219 ut
3028 1167 3236 1237 opinor,
3278 1166 3549 1238 intelligis,
3590 1154 3807 1222 omnem

2220 1274 2523 1333 mensuram
2572 1267 2628 1313 et
2679 1258 2892 1335 modum
2922 1258 3370 1335 gimmoderationi
3418 1268 3471 1315 et
3517 1260 3805 1314 intinitati‘

2214 1360 2361 1405 recte
2389 1349 2656 1420 anteponi.
2675 1349 2739 1402 D.
2764 1332 3243 1407 Manilesiissimum
3268 1362 3370 1427 est.
3396 1350 3471 1405 Μ.
3496 1353 3611 1406 Duo
3639 1353 3802 1421 igitur

2216 1451 2392 1494 motus
2413 1442 2501 1511 qui
2526 1442 2591 1496 ad
2614 1457 2753 1508 sese,
2778 1450 2835 1515 ut
2862 1442 3061 1496 dictum
3087 1451 3190 1509 est,
3224 1442 3419 1498 habent
3443 1444 3675 1523 aliquam
3702 1460 3808 1498 nu—

2217 1547 2480 1587 merosam
2512 1533 2921 1599 dimensionem,
2952 1534 3015 1587 iis
3039 1535 3126 1605 qui
3154 1550 3269 1588 eam
3300 1550 3403 1588 non
3438 1536 3809 1591 habentante-

2216 1622 2447 1692 ponendi
2477 1631 2620 1679 sunt.
2653 1622 2722 1675 D.
2751 1624 2817 1677 Et
2843 1622 2942 1678 hoc
2963 1612 3300 1679 manifestum
3327 1635 3407 1679 est
3433 1636 3590 1697 atque
3616 1642 3809 1683 conse-

2214 1728 2383 1783 quens
2408 1733 2419 1767 :
2455 1714 2573 1769 illos
2603 1715 2745 1768 enim
2775 1723 2953 1769 certus
2980 1716 3193 1789 quidam
3224 1716 3434 1787 modus,
3464 1727 3624 1787 atque
3649 1734 3807 1772 men—

2221 1820 2345 1860 sura
2381 1822 2498 1875 qua:
2540 1807 2592 1860 in
2632 1807 2869 1862 numeris
2907 1815 3008 1872 est,
3046 1792 3261 1862 sibimet
3298 1809 3539 1878 cepulat;
3576 1824 3681 1878 qua
3715 1809 3809 1878 qui

2214 1907 2428 1961 carent,
2484 1915 2588 1953 non
2632 1900 2813 1970 utique
2859 1900 2959 1954 sibi
3004 1898 3177 1970 aliqua
3233 1902 3440 1957 ratione
3481 1902 3796 1972 junguntur.

2226 1988 2303 2041 Μ.
2339 1990 2685 2060 Appellemus
2714 2006 2841 2063 ergo
2860 2032 2874 2055 ,
2905 1992 2949 2044 si
2978 1992 3180 2059 placet,
3212 1991 3331 2045 illos
3357 1992 3447 2061 qui
3473 1994 3612 2047 inter
3638 2009 3695 2046 se
3722 1993 3807 2046 di-

2215 2081 2384 2134 mensi
2428 2089 2582 2147 sunt,
2617 2081 2992 2146 rationabiles;
3021 2081 3141 2135 illos
3176 2093 3351 2136 autem
3390 2084 3477 2152 qui
3507 2098 3569 2136 ea
3597 2084 3810 2137 dimen-

2216 2171 2364 2225 sione
2406 2182 2621 2237 carent,
2654 2172 3065 2227 irrationabiles.
3099 2172 3168 2225 D.
3202 2172 3383 2227 Placet
3412 2189 3556 2227 vero.
3589 2172 3808 2228 MJam

2216 2261 2345 2315 illud
2372 2262 2605 2327 attende,
2634 2273 2807 2317 utrum
2842 2264 2933 2317 tibi
2965 2244 3205 2317 videatur
3240 2264 3410 2333 major
3437 2265 3721 2320 eooeordia
3754 2266 3811 2320 in

2216 2352 2445 2407 motibus
2484 2354 2884 2409 rationabilibus
2917 2370 3104 2409 eorum
3141 2356 3228 2427 qui
3259 2356 3487 2424 asquales
3517 2366 3641 2411 sunt
3669 2344 3812 2411 inter

2216 2458 2295 2510 se,
2324 2458 2479 2512 quam
2510 2460 2693 2497 eorum
2724 2446 2810 2513 qui
2841 2453 2963 2498 sunt
2992 2446 3307 2515 inte-quales.
3340 2444 3410 2498 ι).
3442 2448 3535 2501 Cui
3567 2450 3667 2502 hoc
3698 2430 3809 2503 non

2216 2536 2494 2589 videatur?
2534 2535 2608 2588 Μ.
2655 2537 2819 2590 l’orro
2855 2524 3193 2606 imequalium
3217 2580 3231 2604 ,
3274 2555 3449 2593 nonne
3477 2540 3566 2593 alii
3597 2552 3720 2594 sunt
3750 2541 3803 2594 in

2223 2628 2413 2695 quibus
2453 2643 2730 2697 possumus
2776 2629 2952 2684 dicere
2974 2671 2990 2696 ,
3020 2640 3181 2702 quota
3211 2614 3359 2699 parte
3387 2648 3477 2685 sua
3508 2632 3677 2703 major
3713 2642 3808 2689 aut

2216 2728 2520 2787 ceteqnetur
2540 2721 2752 2786 minori,
2772 2730 2862 2774 aut
2879 2738 2997 2774 cum
3020 2706 3262 2785 excedat,
3286 2734 3341 2775 ut
3361 2723 3463 2776 duo
3487 2732 3538 2777 et
3556 2735 3806 2795 quatuor,

2218 2811 2301 2865 vel
2332 2827 2424 2867 sex
2452 2822 2505 2865 et
2534 2823 2690 2877 octo;
2722 2813 2812 2866 alii
2847 2821 3024 2867 autem
3067 2815 3120 2868 in
3157 2816 3346 2883 quibus
3383 2832 3486 2885 non
3527 2817 3666 2871 idem
3702 2818 3807 2871 dici

2218 2884 2392 2972 potest
2416 2945 2430 2967 ,
2464 2903 2599 2956 sicut
2626 2902 2679 2956 in
2710 2903 2790 2956 his
2818 2905 3078 2968 numeris,
3106 2905 3202 2957 tria
3236 2886 3287 2958 et
3313 2894 3531 2972 decem,
3565 2908 3649 2961 vel
3678 2924 3811 2977 qua-

2219 3000 2338 3045 tuor
2363 3001 2415 3046 et
2446 2992 2691 3047 undecim
2712 2996 2730 3024 ²
2748 2993 2770 3045 ?
2791 2993 2977 3047 Cernis
3006 2995 3243 3063 profecto
3267 2996 3317 3049 iu
3348 2998 3450 3050 illis
3476 2980 3683 3052 duobus
3711 3016 3811 3053 nu-

2217 3083 2379 3136 meris
2425 3076 2786 3152 superioribus
2838 3084 3052 3138 dimidia
3108 3094 3255 3154 parte
3300 3078 3556 3155 majorem
3611 3078 3813 3147 minori

2219 3162 2485 3243 coaequari
2511 3192 2523 3239 ;
2550 3175 2599 3228 in
2625 3174 2688 3228 iis
2714 3190 2926 3228 rursum
2949 3191 3078 3243 quos
3106 3178 3367 3244 posterius
3387 3176 3517 3245 dixi,
3542 3160 3811 3236 minorem

2215 3278 2247 3317 a
2278 3264 2476 3333 majore
2509 3273 2695 3334 quarta
2733 3252 2880 3334 parte
2910 3258 3123 3334 majoris
3152 3262 3337 3335 excudi
3373 3285 3385 3320 :
3417 3262 3470 3325 in
3506 3256 3589 3321 his
3626 3260 3809 3324 autem

2219 3353 2368 3429 aliis,
2398 3353 2581 3422 quales
2609 3364 2729 3407 sunt
2758 3354 2853 3408 tria
2882 3363 2933 3408 et
2963 3353 3168 3421 decem,
3198 3348 3281 3409 vel
3308 3367 3534 3426 quatuor
3559 3346 3611 3413 et
3636 3359 3810 3414 unde-

2216 3443 2340 3527 cim,
2373 3443 2612 3527 videmus
2637 3432 2849 3513 quidem
2877 3430 3183 3499 nonnullam
3210 3436 3657 3514 convenientiam,
3682 3451 3809 3520 quia

2218 3518 2399 3605 partes
2418 3534 2482 3588 ad
2510 3552 2567 3590 se
2597 3518 2810 3599 habent,
2844 3535 2910 3591 de
2940 3528 3134 3606 quibus
3156 3524 3258 3591 dici
3288 3534 3474 3607 possit,
3502 3528 3578 3593 tot
3602 3538 3666 3594 ad
3698 3518 3807 3607 tot;

2217 3620 2311 3678 Sed
2341 3624 2595 3695 numquid
2630 3625 2784 3679 talem
2810 3669 2823 3691 ,
2855 3626 3024 3695 qualis
3053 3634 3133 3681 est
3162 3628 3213 3680 in
3243 3628 3643 3697 superioribus?
3672 3632 3810 3686 Nam

2217 3734 2391 3789 neque
2412 3727 2569 3788 quota
2593 3728 2739 3788 parte
2762 3718 2953 3772 minori
2977 3719 3145 3788 major
3169 3730 3428 3789 mquetnr,
3454 3714 3622 3794 neque
3642 3735 3811 3793 quota

2219 3819 2370 3879 parte
2398 3810 2657 3864 minorem
2689 3798 2859 3879 major
2889 3808 3129 3877 excedat,
3158 3812 3259 3866 dici
3290 3815 3398 3867 ullo
3427 3796 3584 3868 modo
3605 3810 3805 3885 potest.

2216 3898 2346 3955 Nam
2375 3888 2543 3969 ineque
2573 3896 2669 3953 tria
2700 3890 2855 3969 quota
2891 3900 3010 3971 pars
3039 3901 3106 3956 sit
3133 3892 3333 3956 denarii
3360 3892 3598 3972 numeri,
3627 3898 3808 3978 neque

2216 4000 2443 4060 quatuor
2476 3996 2633 4059 quota
2676 4006 2798 4061 pars
2838 3990 2907 4044 sit
2946 3984 3250 4057 undcnarii,
3288 3980 3478 4047 dixerit
3515 3986 3805 4065 quispiam.

2216 4082 2347 4136 Cum
2377 4084 2552 4135 autem
2585 4082 2703 4135 dico
2736 4092 2789 4135 ut
2818 4084 3123 4137 consideres
3153 4068 3311 4153 quota
3352 4086 3417 4139 sit
3452 4076 3605 4155 pars,
3646 4082 3809 4158 liqui-

2213 4173 2339 4227 ‘dam
2368 4173 2517 4239 dico,
2556 4182 2609 4227 et
2637 4174 2753 4228 sine
2783 4175 2891 4227 ullo
2922 4164 3315 4242 additaniento;
3349 4174 3501 4231 sicuti
3539 4188 3618 4232 est
3647 4178 3809 4234 dimi-

2217 4264 2327 4333 dia,
2364 4267 2538 4333 tertia,
2565 4260 2767 4336 quarta,
2798 4268 3000 4337 quinta,
3027 4278 3197 4333 sexta,
3228 4279 3278 4323 et
3303 4267 3584 4340 deinceps;
3618 4260 3723 4324 non
3751 4266 3809 4326 ut
3850 4337 3865 4347 ι

2218 4346 2441 4411 trientes
2470 4365 2523 4411 et
2553 4350 2879 4423 SCltliUllClLB,
2909 4367 2963 4412 et
2989 4358 3089 4412 hoc
3117 4374 3281 4427 genus
3306 4356 3675 4429 pr'xsisionum
3703 4360 3806 4414 ali-

2218 4448 2342 4517 quid
2370 4446 2614 4501 addatur.
2641 4440 2708 4498 D.
2732 4444 2848 4501 Jam
2882 4446 3137 4517 intelligo.

2294 4538 2379 4592 16.
2403 4537 2476 4590 Μ.
2504 4537 2645 4607 Ergo
2666 4532 2730 4591 ex
2754 4536 2836 4591 his
2859 4536 3204 4608 inaequalibus
3226 4536 3453 4595 motibus
3474 4541 3806 4597 rationabili-
3846 4523 3855 4531 δ

2222 4630 2340 4693 bus,
2373 4630 2623 4697 quoniam
2653 4628 2756 4681 duo
2782 4628 2975 4698 genera
3003 4630 3251 4700 subjectis
3277 4633 3433 4686 etiam
3460 4651 3805 4691 numerorum

2218 4718 2477 4788 exemplis
2520 4718 2797 4788 proposui,
2836 4730 2970 4789 Quos
3000 4722 3189 4790 quibus
3225 4725 3623 4792 anteponendos
3657 4728 3807 4781 arbi-

2220 4809 2412 4865 traris?
2444 4812 2632 4866 illosne
2661 4812 2709 4865 in
2739 4810 2927 4881 quibus
2950 4798 3035 4866 illa
3061 4806 3216 4883 quota
3242 4814 3366 4884 pars
3394 4816 3495 4871 dici
3520 4826 3709 4886 potest,
3736 4836 3807 4875 an

2218 4902 2267 4956 in
2296 4902 2483 4973 quibus
2506 4896 2609 4956 non
2633 4904 2844 4974 potest?
2869 4904 2934 4957 D.
2958 4904 3080 4959 [llos
3102 4902 3227 4959 mihi
3259 4905 3392 4959 ratio
3418 4901 3627 4962 videtur
3650 4922 3806 4964 ante-

2218 4988 2492 5063 penendos
2526 4993 2748 5062 jubere,
2783 4984 2833 5048 iii
2864 4996 3054 5065 Quibus
3089 5002 3266 5065 potest
3304 4988 3442 5062 dici,
3480 5006 3537 5051 ut
3574 4980 3804 5054 demou-

2215 5078 2436 5138 stratum
2461 5094 2558 5149 est,
2589 5094 2745 5153 quota
2779 5078 2924 5154 parle
2946 5086 3026 5141 sui
3057 5078 3226 5156 major
3251 5074 3339 5142 aut
3361 5076 3668 5159 coaequctur
3695 5090 3801 5143 mi-

2218 5172 2356 5239 nori,
2385 5172 2476 5229 aut
2504 5168 2624 5231 eum
2653 5166 2894 5244 excedat,
2925 5168 2989 5232 iis
3013 5164 3063 5232 iii
3096 5168 3287 5249 quibus
3309 5164 3447 5235 ideiii
3470 5168 3572 5234 iion
3601 5176 3801 5240 evenit.

2215 5262 2295 5321 Μ.
2328 5260 2514 5322 Recte.
2545 5265 2652 5323 Sed
2684 5266 2832 5324 visne
2865 5254 3023 5324 etiam
3065 5268 3147 5324 his
3182 5254 3393 5326 iiOmiiia
3430 5258 3800 5344 imponamus,

2216 5364 2275 5414 ut
2310 5373 2430 5413 cum
2472 5373 2565 5414 eos
2604 5359 2858 5431 deinceps
2898 5358 3319 5418 commemorare
3358 5359 3576 5420 necesse
3616 5356 3798 5437 fuerit,

2216 5548 2237 5560 _
2278 5458 2294 5523 ί
2332 5466 2435 5560 ipss.
2461 5489 2645 5552 plures,
2666 5497 2713 5560 et
2733 5489 3013 5560 informitati
3032 5501 3160 5546 recte
3178 5493 3481 5560 antepom'.—
3493 5460 3624 5557 Quod
3648 5500 3801 5551 etiam

2214 5551 2378 5603 ferunt
2400 5551 2505 5602 Mss.
2530 5553 2680 5601 nostri
2705 5562 2755 5603 et
2780 5551 2923 5604 i‘atic.
2941 5556 3020 5604 ω.
3084 5563 3140 5605 M.

2276 5614 3043 5693 {“L‘fzi’m'EWLW
3079 5616 3165 5689 alii
3200 5626 3307 5693 δαΐα
3337 5618 3390 5670 επ
3426 5619 3597 5693 quibus
3639 5634 3801 5693 Ροδεξι·

2211 5688 2317 5748 mus
2340 5677 2502 5726 dicere
2520 5713 2535 5737 ,
2582 5684 2880 5748 quout‘parte
2902 5693 2995 5748 sua
3012 5682 3165 5748 major
3180 5687 3263 5730 aut
3295 5677 3566 5748 coaaqaetur
3780 5723 3795 5744 ,

2212 5744 2294 5807 (ait
2315 5738 2670 5809 ezanpaxedat;
2694 5738 2779 5809 alii
2800 5745 2955 5809 autem
2978 5741 3028 5809 in
3048 5738 3217 5807 quibus
3239 5756 3332 5809 non
3354 5738 3485 5795 idem
3506 5744 3607 5798 dici
3628 5738 3793 5809 potest;

2210 5797 2337 5866 sicut
2356 5798 2406 5866 in
2428 5798 2503 5849 his
2524 5797 2748 5866 numeris,
2788 5800 2883 5850 duo
2906 5810 2952 5852 et
2973 5797 3191 5866 quatuor,
3219 5803 3290 5855 vel
3313 5819 3400 5857 sex
3421 5814 3469 5858 et
3488 5797 3606 5859 octo.
3627 5797 3799 5858 Locum

2212 5861 2339 5916 Illuc
2358 5860 2529 5914 (lautius
2552 5863 2861 5915 emendatum
2900 5878 2964 5916 ex
2987 5860 3133 5918 κως.
3170 5860 3207 5917 iii
