4096 6368
305 283 440 368 1093

298 424 598 497 expeditius
636 415 954 494 loquamur?
985 419 1057 477 D.
1091 420 1226 476 Volo
1252 433 1403 475 sane.
1434 410 1511 472 HL
1540 414 1880 485 Appellemus

300 534 428 590 ergo
453 519 584 573 istos
613 525 748 587 quos
773 507 1153 585 praeponimus,
1180 519 1621 574 connumeratos;
1651 508 1768 561 illos
1789 520 1878 558 au-

301 623 409 668 tem
436 609 627 682 Quibus
645 609 743 663 hos
768 608 1145 678 praepenimus,
1176 605 1576 661 dinumeratos:
1602 608 1880 671 propterea

299 703 422 774 quia
462 701 552 758 isti
590 699 892 772 superiores
931 713 1036 754 non
1079 697 1248 753 solum
1289 696 1482 767 singuli
1515 700 1877 761 numerantur,

299 796 396 852 sed
421 799 578 852 etiam
600 809 662 850 ea
692 801 842 864 parte
865 802 968 864 qua
991 791 1163 861 major
1191 789 1380 844 minori
1401 795 1638 858 aaquatur
1656 785 1739 842 vel
1759 799 1880 838 eum

301 883 544 953 excedit,
575 901 633 940 se
657 885 946 940 metiuntur
971 893 1024 940 et
1054 890 1367 948 numerant;
1399 877 1472 935 illi
1499 887 1678 934 autem
1696 883 1882 947 poste-

303 980 477 1036 riores
500 971 807 1050 singillatim
843 977 1208 1032 tantummodo
1232 975 1298 1030 ad
1328 989 1384 1029 se
1410 975 1755 1028 numerantur
1773 1012 1786 1034 ,
1819 983 1884 1023 ea

304 1086 431 1126 vero
457 1079 608 1140 parte
627 1067 727 1140 qua
749 1070 833 1125 vel
860 1078 1102 1139 aequatur
1126 1067 1318 1122 minori
1347 1065 1531 1136 major,
1564 1064 1650 1119 vel
1675 1061 1884 1118 excedit

303 1177 410 1218 non
434 1177 493 1218 se
515 1162 806 1218 metiuntur
828 1158 882 1218 et
903 1167 1205 1216 numerant.
1228 1159 1343 1214 Non
1365 1157 1506 1213 enim
1532 1161 1706 1225 potest
1727 1153 1779 1207 in
1804 1153 1882 1207 eis

308 1254 433 1318 dici,
457 1253 550 1308 aut
568 1255 777 1324 quoties
803 1246 994 1309 habeat
1013 1251 1270 1307 minorem
1293 1249 1491 1320 major;
1519 1255 1608 1302 aut
1629 1241 1756 1301 illud
1776 1260 1883 1315 quo

304 1346 510 1402 excedit
550 1344 722 1415 major
759 1335 1019 1400 minorem
1060 1344 1268 1414 quoties
1307 1337 1501 1396 habeat
1535 1346 1591 1393 et
1622 1338 1791 1408 major
1831 1344 1886 1390 et

302 1431 496 1494 minor.
525 1436 592 1490 Π.
619 1437 838 1507 Accipio
859 1446 912 1491 et
932 1437 1034 1491 ista
1061 1434 1338 1502 vocabula,
1361 1441 1414 1489 et
1434 1439 1690 1504 quantum
1711 1431 1880 1496 valeo,

304 1520 489 1585 faciam
516 1538 573 1584 ut
596 1521 950 1584 meminerim.

419 1747 432 1756 μ
451 1625 676 1722 (3Αί³1]’ί’
812 1645 884 1704 -ὲ
911 1663 965 1716 Μ
972 1647 1082 1718 atus
1110 1661 1396 1734 complicati
1423 1668 1467 1715 et
1495 1659 1731 1730 sesquati.

375 1795 462 1850 17.
495 1794 576 1849 Μ.
603 1796 715 1865 Age
740 1810 882 1851 nunc
909 1794 1181 1850 videamus
1223 1803 1723 1850 connumeratorum
1767 1809 1885 1862 qua:

313 1887 480 1958 possit
505 1904 623 1943 esse
654 1887 910 1958 partitio:
943 1903 1170 1958 namque
1195 1889 1424 1942 arbitror
1451 1903 1566 1942 eam
1605 1901 1725 1942 esse
1764 1900 1886 1954 per~

304 1979 562 2050 spicuam.
591 1978 764 2036 Unum
794 1979 936 2034 enim
969 1991 1142 2049 genus
1165 1986 1248 2034 est
1275 1986 1800 2039 connumeratorum,
1832 1975 1885 2028 in

305 2085 410 2140 quo
454 2072 628 2126 minor
675 2087 929 2126 numerus
976 2071 1195 2125 metitur
1243 2070 1532 2138 majorem;
1574 2067 1627 2122 id
1670 2075 1753 2122 est
1794 2066 1889 2121 ali-

304 2163 514 2232 quoties
539 2177 660 2220 eum
689 2163 847 2232 habet
879 2163 1051 2232 major
1072 2164 1087 2194 ³
1117 2162 1253 2217 sicut
1278 2177 1528 2218 numeros
1555 2160 1660 2214 duo
1685 2168 1738 2214 et
1761 2174 1890 2228 qua-

307 2262 426 2309 tuor
459 2268 580 2310 esse
618 2253 850 2310 diximus
882 2273 894 2307 :
926 2255 1167 2310 videmus
1193 2255 1334 2308 enim
1365 2253 1469 2307 duo
1496 2268 1525 2325 a
1556 2261 1780 2322 quatuor
1804 2251 1890 2306 bis

304 2345 521 2410 haberi;
555 2362 673 2416 qua:
699 2355 778 2401 ter
803 2345 1162 2415 haberentur,
1193 2349 1236 2402 si
1266 2363 1370 2401 non
1403 2356 1647 2415 quatuor,
1677 2345 1770 2400 sed
1796 2360 1889 2400 sex

303 2437 369 2491 ad
395 2438 501 2492 duo
529 2453 880 2508 poneremus;
906 2449 1092 2512 quater
1111 2449 1311 2502 autem,
1334 2439 1378 2494 si
1408 2448 1557 2502 octo;
1588 2438 1886 2507 quinquies,

306 2529 350 2583 si
379 2529 586 2585 decem.
619 2529 777 2585 Aliud
805 2545 975 2600 genus
1000 2541 1102 2596 est,
1133 2533 1182 2586 in
1205 2548 1310 2601 quo
1333 2547 1394 2585 ea
1421 2545 1539 2599 pars
1559 2538 1660 2598 qua
1682 2528 1891 2584 excedit

305 2620 474 2690 major
502 2620 782 2686 minorem,
812 2623 1002 2677 ambos
1030 2623 1244 2677 metitur
1263 2638 1278 2688 ;
1297 2622 1349 2676 id
1377 2630 1458 2676 est
1485 2620 1762 2690 aliquoties
1793 2617 1888 2672 ba-

303 2711 429 2767 bent
449 2727 566 2767 eam
591 2721 645 2766 et
665 2713 840 2782 major
859 2725 911 2768 et
933 2714 1128 2780 minor,
1154 2712 1296 2783 quod
1321 2713 1373 2766 in
1397 2712 1500 2765 illis
1526 2711 1760 2764 numeris
1777 2709 1886 2778 jam

305 2803 691 2872 perspeximus,
711 2819 809 2860 sex
830 2813 883 2860 et
902 2814 1044 2859 octo.
1066 2802 1198 2859 Nam
1223 2818 1348 2873 pars
1372 2804 1457 2856 illa
1488 2816 1590 2871 qua
1617 2799 1891 2854 exceditur

303 2895 498 2962 minor,
527 2893 632 2952 duo
656 2905 808 2963 sunt,
828 2912 962 2967 quos
985 2895 1135 2949 vides
1155 2911 1274 2949 esse
1296 2894 1347 2947 in
1370 2893 1641 2948 octonario
1667 2904 1889 2956 numero

303 2992 518 3059 quater,
555 2985 608 3044 in
646 2986 860 3044 senario
899 2995 980 3043 ter
1012 3003 1025 3040 :
1054 2999 1219 3054 quare
1251 2983 1351 3038 hos
1385 2997 1594 3052 quoque
1621 2991 1797 3034 motus
1824 2980 1889 3034 de

304 3086 496 3157 quibus
522 3083 730 3154 agitur,
764 3088 821 3144 et,
844 3085 1100 3134 numeros
1123 3092 1217 3146 per
1243 3090 1378 3146 quos
1416 3074 1708 3128 illustratur
1749 3071 1891 3141 quod

304 3180 358 3235 in
389 3177 622 3234 motibus
650 3177 864 3231 discere
890 3172 1155 3231 volumus,
1181 3178 1425 3222 notemus
1445 3176 1602 3236 atque
1624 3166 1893 3236 signemus

304 3271 597 3328 vocabulis.
648 3268 784 3323 Nam
839 3280 1022 3320 eorum
1078 3260 1348 3339 distinctio
1385 3257 1742 3336 jamdudum,
1791 3255 1893 3309 nisi

306 3361 490 3428 fallor,
525 3365 765 3429 apparet.
794 3354 1077 3422 Quocirca,
1107 3353 1156 3406 si
1186 3351 1280 3405 tibi
1304 3349 1414 3419 jam
1444 3348 1668 3414 videtur,
1700 3347 1773 3402 illi
1806 3346 1893 3401 ubi

309 3452 656 3522 multiplicato
682 3451 892 3504 minore
923 3445 981 3501 ﬁt
1009 3445 1216 3515 major,
1256 3451 1511 3498 vocentur
1555 3439 1890 3510 complicati;

310 3546 384 3600 illi
424 3556 599 3600 autem
639 3540 911 3611 sesquati,
939 3538 1105 3595 veteri
1128 3539 1237 3608 jam
1265 3536 1499 3591 nomine.
1533 3532 1667 3588 Nam
1703 3547 1896 3600 sesque

317 3636 612 3707 appellatur
631 3636 674 3703 ',
705 3633 796 3689 ubi
829 3632 934 3687 duo
971 3629 1173 3686 numeri
1205 3628 1271 3683 ad
1298 3642 1356 3682 se
1384 3642 1445 3681 ea
1480 3625 1684 3680 ratione
1722 3622 1896 3678 allecti

310 3740 467 3795 sunt,
495 3739 556 3784 ut
582 3738 660 3784 tot
684 3738 864 3798 partes
896 3725 1089 3780 habeat
1113 3724 1180 3778 ad
1207 3723 1469 3778 minorem
1505 3720 1671 3789 major
1690 3761 1703 3786 ,
1735 3727 1896 3790 quota

309 3831 459 3892 parte
481 3822 563 3877 sui
591 3803 716 3876 eum
741 3817 1024 3887 praecedit:
1051 3831 1173 3869 nam
1201 3814 1246 3869 si
1273 3823 1355 3870 eSt
1385 3812 1479 3866 tria
1502 3811 1567 3865 ad
1593 3811 1718 3878 duo,
1743 3810 1896 3865 tertia

308 3921 461 3984 parte
505 3912 586 3964 sui
630 3907 884 3979 prtecedit
923 3906 1094 3974 major
1134 3905 1429 3967 minorem;
1472 3901 1519 3955 si
1560 3912 1782 3970 quatuor
1827 3899 1896 3954 ad

309 4003 433 4069 tria,
460 4011 684 4072 quarta;
713 3999 770 4052 si'
787 3997 1018 4068 quinque
1046 3995 1112 4049 ad
1139 4003 1383 4064 quatuor,
1407 3993 1609 4061 quinta,
1641 3999 1798 4060 atque
1823 3991 1896 4045 ita

310 4093 602 4162 deinceps:
627 4089 816 4146 eadem
843 4087 977 4142 ratio
997 4097 1097 4150 est,
1131 4094 1185 4140 et
1213 4085 1268 4138 in
1293 4099 1383 4137 sex
1409 4083 1478 4140 ad
1506 4091 1751 4150 quatuor,
1775 4091 1897 4136 octo

311 4185 379 4240 ad
409 4199 503 4240 sex
523 4223 536 4248 ,
567 4183 758 4246 decem.
781 4179 849 4234 ad
877 4187 1028 4243 octo;
1058 4187 1113 4232 et
1150 4176 1271 4230 inde
1307 4175 1429 4228 licet
1465 4172 1600 4226 hanc
1636 4171 1914 4226 rationem

313 4285 371 4332 et
391 4275 413 4309 ³
441 4276 494 4330 in
519 4271 965 4344 consequentibus
990 4277 1044 4325 et
1068 4269 1122 4322 in
1149 4266 1441 4336 majoribus
1460 4264 1702 4319 numeris
1730 4265 1896 4318 anim-

319 4370 597 4424 advertere
625 4376 787 4438 atque
812 4365 1110 4434 explorare.
1139 4360 1380 4416 Nominis
1404 4368 1582 4413 autem
1615 4357 1769 4426 hujus
1792 4359 1901 4422 ori-

316 4462 493 4534 ginem
523 4475 626 4515 non
660 4458 812 4514 facile
839 4456 1066 4511 dixerim
1098 4472 1110 4507 :
1142 4453 1244 4509 nisi
1280 4451 1416 4506 forte
1441 4465 1636 4532 sesque
1664 4448 1814 4520 quasi
1840 4465 1901 4504 se

319 4553 518 4622 absque
543 4551 764 4617 dictum,
789 4549 841 4603 id
863 4557 942 4602 est
964 4548 1162 4616 absque
1189 4559 1266 4608 se,
1291 4544 1414 4614 quia
1435 4543 1666 4612 quinque
1687 4541 1754 4596 ad
1774 4556 1902 4611 qua-

322 4654 441 4698 tuor
461 4641 505 4709 ‘,
533 4642 733 4711 absque
774 4638 956 4710 quinta
997 4648 1145 4707 parte
1178 4651 1270 4690 sua
1306 4635 1477 4705 major
1509 4633 1611 4690 hoc
1645 4643 1727 4690 est
1759 4631 1902 4703 quod

322 4735 511 4791 minor.
554 4732 761 4799 Quibus
804 4731 874 4786 de
913 4730 1074 4784 rebus
1113 4743 1295 4797 quacro
1341 4726 1467 4796 quid
1508 4725 1601 4780 tibi
1638 4726 1898 4780 videatur.

327 4829 389 4884 D.
419 4827 544 4882 Mihi
569 4840 698 4881 vero
725 4833 782 4880 et
811 4823 900 4878 illa
931 4824 1067 4878 ratio
1096 4821 1486 4877 dimensionum
1524 4827 1681 4889 atque
1714 4834 1902 4873 nume-

327 4931 504 4978 torum
534 4918 746 4973 videtur
773 4915 1050 4970 verissima
1073 4931 1089 4980 ;
1116 4923 1170 4969 et
1187 4912 1442 4968 vocabula
1467 4927 1585 4981 qua;
1614 4912 1708 4966 abs
1731 4920 1778 4966 te
1802 4912 1904 4966 im-

325 5013 494 5084 posita
531 5015 690 5073 sunt,
718 5021 949 5076 congrua
983 5004 1115 5059 mihi
1143 5003 1390 5058 videntur
1424 5003 1906 5058 commemorandis

324 5104 404 5159 eis
438 5102 599 5157 rebus
645 5113 782 5169 quas
829 5096 1187 5152 intelleximus
1216 5111 1231 5147 :
1261 5105 1317 5150 et
1350 5093 1506 5164 hujus
1549 5094 1698 5164 origo
1735 5093 1906 5163 nomi-

326 5199 409 5254 nis
443 5212 602 5270 quam
633 5210 773 5250 nunc
809 5191 1118 5263 explicasti,
1162 5205 1266 5246 non
1302 5198 1384 5246 est
1405 5189 1633 5245 absurda
1654 5231 1668 5255 ,
1699 5189 1908 5249 etiamsi

326 5291 462 5346 torte
504 5304 612 5345 non
658 5302 721 5344 ea
765 5286 835 5342 sit
874 5300 1033 5356 quam
1080 5289 1294 5340 secutus
1331 5290 1413 5338 est
1448 5283 1536 5351 qui
1576 5281 1678 5338 hoc
1713 5296 1906 5337 nomen

328 5382 574 5438 instituit.

392 5558 682 5634 1.4mm
701 5558 874 5634 tabe"
893 5555 1124 5634 πιέῖξιξςςπη
1138 5551 1472 5634 retrusam
1493 5552 1635 5601 Wc-
1663 5558 1717 5600 M-

392 5611 582 5693 illi}???
599 5611 914 5693 WW1"?-
941 5611 1106 5693 Vati?»
1130 5611 1529 5693 αρῖῖξέίξπῖιῖ;.,.η,

391 5683 415 5719 ³
435 5690 484 5732 In
503 5690 534 5730 Β
562 5679 824 5740 omittitur,
847 5687 908 5742 et,
936 5679 1064 5744 quod
1089 5679 1317 5744 ex'yatic.
1342 5679 1654 5744 restituimus.
1681 5681 1736 5723 Μ.

393 5746 417 5779 ⁸
437 5755 486 5798 δι
506 5745 709 5810 quiaque
730 5738 1131 5808 cst'ad'qt'tut'uor,
1158 5739 1298 5801 juxta
1322 5747 1401 5790 Ms.
1425 5747 1458 5786 A
1487 5742 1537 5810 et
1577 5745 1722 5788 vattc.
1769 5746 1823 5786 at.

1640 285 1844 348 LIBER
1881 287 2151 347 PRIMUS.

3426 285 3566 350 ΝΜ

1987 409 2211 468 CAPUT
2247 410 2339 467 XI.
2367 442 2440 454 —-
2466 411 2638 469 Motus
2665 424 2714 470 et
2742 431 2976 471 numerus
2999 416 3054 471 in
3076 416 3327 486 inﬁnitum
3351 434 3562 489 pragm-

2105 569 2110 574 γ
2247 507 2388 561 diem
2412 516 2466 560 ut
2492 507 2558 561 ad
2585 520 2768 563 certam
2792 509 3008 580 formam
3032 519 3299 566 coercetur.

2058 595 2145 652 l8.
2174 597 2250 652 M.
2285 598 2457 654 Probo
2487 607 2542 655 et
2569 601 2768 671 accipio
2795 602 3111 657 sententiam
3139 611 3282 656 tuam
3314 618 3326 655 :
3359 603 3453 658 sed
3480 604 3567 659 ui-

1987 689 2152 746 desne
2189 708 2376 748 omnes
2416 692 2546 749 istos
2580 695 2920 751 rationabiles
2955 705 3160 760 motus,
3189 696 3242 751 id
3272 705 3354 752 est
3379 695 3467 766 qui
3498 696 3566 752 ad

1987 796 2127 865 sese
2154 784 2349 839 habent
2391 784 2622 855 aliquam
2668 801 3009 842 numerorum
3055 789 3471 862 dimensionem,
3511 786 3592 842 iu'

1990 872 2249 928 inﬁnitum
2279 889 2438 944 posse
2469 891 2562 944 per
2585 892 2836 932 numeros
2864 894 3102 947 pergere,
3133 878 3233 934 nisi
3260 895 3445 934 rursus
3472 894 3567 934 eos

1988 971 2132 1018 certa
2152 965 2287 1018 ratio
2303 967 2614 1033 coercuerit,
2635 975 2686 1022 et
2703 968 2767 1022 ad
2782 969 3060 1039 quemdam
3082 971 3298 1025 modum
3315 969 3568 1025 formam-

1988 1069 2092 1124 que
2132 1057 2490 1112 revocaverit?
2515 1058 2648 1114 Nam
2694 1069 2751 1114 ut
2786 1061 2956 1130 primo
2998 1061 3065 1116 de
3104 1063 3233 1130 ipsis
3272 1063 3570 1134 aequalibus

1988 1146 2198 1213 dicam;
2223 1165 2381 1204 unum
2407 1150 2472 1204 ad
2500 1167 2683 1218 unum,
2708 1151 2815 1207 duo
2841 1153 2904 1207 ad
2929 1153 3054 1220 duo,
3085 1154 3182 1208 tria
3204 1155 3270 1209 ad
3298 1154 3417 1219 tria,
3440 1169 3569 1224 qua-

1990 1244 2109 1291 tuor
2131 1237 2196 1291 ad
2227 1249 2483 1309 quatuor,
2518 1257 2581 1297 ac
2604 1241 2856 1312 deinceps
2883 1243 2927 1298 si
2959 1259 3243 1313 persequar
3262 1287 3276 1311 ,
3309 1244 3428 1314 quis
3451 1246 3567 1301 ﬁnis

1991 1330 2112 1395 erit,
2144 1345 2263 1384 cum
2294 1329 2460 1400 ipsius
2489 1335 2697 1388 numeri
2730 1334 2845 1388 ﬁnis
2873 1336 3048 1390 nullus
3070 1335 3178 1391 sit?
3205 1336 3440 1406 Namque
3470 1337 3569 1390 ista

1989 1423 2070 1478 vis
2096 1439 2320 1479 numero
2343 1425 2506 1489 inest,
2539 1437 2594 1480 ut
2621 1428 2793 1481 omnis
2818 1427 2989 1482 dictus
3017 1428 3194 1496 ﬁnitus
3222 1429 3316 1494 sit,
3348 1443 3453 1484 non
3484 1427 3567 1482 die

1991 1525 2107 1571 ctus
2135 1526 2315 1572 autem
2349 1519 2602 1572 inﬁnitus.
2647 1519 2713 1574 Et
2743 1521 2881 1588 quod
2922 1522 3210 1591 mqualibus
3253 1522 3448 1589 evenit,
3469 1522 3572 1579 hoc

1991 1611 2147 1664 etiam
2178 1611 2524 1681 intrqualibus
2552 1614 2766 1668 evenire
2796 1623 2946 1684 potes
2971 1617 3396 1672 animadvertere
3415 1658 3429 1684 ,
3460 1619 3572 1674 sive

1991 1703 2318 1770 complicatis
2337 1747 2350 1769 ,
2383 1703 2497 1759 sive
2524 1705 2786 1774 sesquatis
2805 1747 2820 1771 ,
2850 1706 2964 1761 sive
3001 1709 3396 1764 connumeratis
3415 1749 3429 1774 ,
3458 1708 3572 1763 sive

1990 1793 2356 1848 dinumeratis.
2391 1795 2445 1850 Si
2473 1795 2613 1850 enim
2645 1811 2809 1850 unum
2846 1796 2910 1850 ad
2943 1797 3050 1852 duo
3083 1799 3406 1863 constituas,
3437 1806 3490 1853 et
3516 1798 3572 1854 in

1991 1903 2055 1942 ea
2078 1888 2521 1957 multiplicatione
2550 1903 2864 1958 permanere
2891 1890 3042 1955 velis,
3069 1889 3294 1945 dicendo
3318 1905 3481 1944 unum
3504 1890 3573 1944 ad

1995 1980 2112 2044 tria,
2135 1995 2296 2033 unum
2317 1979 2385 2032 ad
2405 1989 2651 2048 quatuor,
2678 1995 2837 2034 unum
2859 1979 2924 2034 ad
2945 1981 3192 2050 quinque,
3213 1988 3267 2035 et
3285 1979 3570 2048 deinceps;

1994 2088 2098 2124 non
2129 2074 2235 2125 erit
2265 2071 2382 2124 linis
2407 2089 2420 2124 :
2449 2071 2562 2126 sive
2591 2071 2705 2126 sola
2733 2071 2911 2139 dupla,
2948 2081 3004 2126 ut
3034 2087 3198 2126 unum
3226 2071 3292 2126 ad
3317 2071 3442 2136 duo,
3469 2071 3575 2126 duo

1993 2163 2058 2218 ad
2093 2173 2348 2232 quatuor,
2387 2171 2613 2233 quatuor
2646 2161 2712 2216 ad
2752 2172 2905 2226 octo,
2939 2170 3062 2215 octo
3089 2162 3154 2215 ad
3185 2162 3449 2218 sexdecim
3475 2200 3490 2227 ,
3521 2169 3576 2218 et

1994 2255 2224 2320 deinde;
2255 2255 2341 2308 hic
2370 2269 2581 2324 quoque
2606 2254 2784 2308 nullus
2807 2261 2889 2308 est
2915 2253 3032 2306 ﬁnis
3059 2271 3071 2307 :
3103 2253 3174 2306 ita
3198 2261 3253 2330 et
3282 2254 3434 2322 tripla
3463 2252 3576 2307 sola

1995 2355 2051 2403 et
2067 2349 2361 2418 quadrupla
2383 2349 2518 2414 sola,
2538 2356 2592 2402 et
2612 2346 2864 2417 quidquid
2885 2345 3073 2400 horum
3098 2355 3299 2400 tentare
3321 2346 3575 2414 volueris,

1995 2441 2047 2494 in
2088 2441 2350 2494 inﬁnitum
2395 2440 2822 2510 progrediuntur.
2855 2439 2929 2493 ita
2956 2440 3116 2492 etiam
3141 2439 3375 2508 sesquati
3407 2455 3420 2493 :
3452 2453 3578 2492 nam

1996 2531 2100 2586 duo
2129 2531 2194 2585 ad
2224 2531 2343 2595 tria,
2377 2531 2474 2584 tria
2501 2530 2566 2583 ad
2589 2541 2832 2600 quatuor,
2855 2537 3080 2598 quatuor
3104 2528 3170 2582 ad
3196 2529 3427 2598 quinque
3455 2544 3576 2591 cum

1996 2622 2251 2686 dicimus;
2278 2621 2432 2675 vides
2455 2621 2582 2674 nihil
2611 2620 2898 2690 prohibere
2923 2628 3114 2683 extera
3135 2620 3402 2690 persequi,
3431 2619 3578 2672 nullo

1995 2715 2275 2768 resistente
2305 2715 2446 2768 ﬁne:
2480 2715 2592 2768 sive
2622 2713 2724 2768 isto
2752 2711 2911 2766 modo
2940 2711 3076 2764 velis
3099 2712 3148 2764 in
3171 2711 3357 2766 eodem
3380 2725 3578 2780 genere

1994 2821 2342 2876 perseverans
2361 2847 2376 2872 ,
2409 2814 2468 2860 ut
2491 2805 2597 2858 duo
2626 2804 2691 2858 ad
2721 2803 2851 2872 tria,
2881 2810 3108 2873 quatuor
3132 2802 3198 2856 ad
3225 2817 3317 2878 sex
3336 2842 3353 2869 ,
3386 2819 3483 2858 sex
3510 2803 3580 2858 ad

1994 2915 2186 2954 novem
2212 2938 2225 2964 ,
2257 2907 2380 2953 octo
2408 2897 2473 2952 ad
2500 2895 2781 2951 duodecim
2807 2937 2822 2961 ,
2854 2895 3038 2950 decem
3065 2893 3134 2956 ad
3160 2894 3458 2974 qulindeeim
3478 2936 3493 2960 ,
3527 2903 3581 2950 et

1997 2991 2288 3060 deinceps;
2321 2991 2438 3044 sive
2465 2990 2517 3042 in
2550 2988 2651 3042 hoc
2677 3003 2894 3057 genere,
2927 2987 3036 3041 sive
3065 2988 3116 3042 in
3147 2988 3374 3052 caeteris,
3408 2987 3580 3044 nullus

1995 3085 2116 3139 ﬁnis
2155 3085 2408 3140 occurrit.
2452 3083 2588 3150 Quid
2625 3099 2758 3153 Opus
2785 3092 2867 3138 est
2893 3082 2961 3138 dc
2989 3083 3332 3137 dinumeratis
3356 3083 3463 3152 jam
3495 3083 3582 3137 .ii-

1995 3192 2138 3244 cere,
2165 3193 2286 3232 cum
2319 3192 2382 3231 ex
2407 3175 2470 3231 iis
2492 3191 2609 3246 qua:
2631 3176 2740 3245 jam
2763 3175 2904 3230 dicta
2935 3181 3059 3230 sunt
3085 3177 3255 3247 quivis
3286 3176 3582 3248 intelligere

1998 3271 2186 3340 possit,
2213 3271 2262 3323 in
2283 3271 2348 3323 iis
2369 3283 2577 3339 quoque
2599 3268 2858 3338 gradatim
2881 3266 3219 3338 surgentibus
3239 3269 3442 3324 nullum
3461 3284 3583 3324 esse

2001 3362 2194 3420 ﬁnem?
2224 3361 2306 3415 An
2334 3361 2424 3415 tibi
2455 3375 2561 3414 non
2590 3359 2838 3415 videtur?
3433 3405 3435 3408 .
3473 3404 3480 3410 .

2070 3452 2156 3508 l9.
2186 3451 2256 3505 D.
2287 3451 2422 3519 Quid
2453 3452 2554 3507 hoc
2579 3465 2707 3506 vero
2745 3451 2926 3506 verius
2957 3449 3061 3506 dici
3095 3452 3304 3520 potest?
3338 3451 3445 3508 Sed
3469 3452 3581 3523 jam

1999 3545 2141 3599 illam
2172 3545 2432 3598 rationem
2461 3560 2578 3614 qua:
2605 3545 2759 3598 istam
2790 3542 3104 3597 inﬁnitatem
3135 3550 3348 3597 revocat
3371 3543 3436 3597 ad
3461 3558 3580 3600 cer-

2002 3647 2108 3692 tum
2133 3637 2345 3691 modum
2366 3636 2694 3706 formamque
2707 3634 3003 3706 praescribit
3021 3651 3177 3706 quam
3194 3635 3455 3694 excedere
3473 3651 3583 3692 non

2005 3739 2279 3798 oporteat,
2323 3727 2627 3783 avidissime
2665 3742 2987 3798 cognoscere
3028 3736 3300 3797 exspecto.
3325 3727 3404 3782 Μ.
3434 3728 3583 3784 lianc

2001 3836 2230 3889 quoque,
2275 3828 2331 3873 ut
2370 3819 2501 3884 alia,
2545 3819 2877 3888 temetipsum
2921 3832 3080 3874 nosse
3116 3833 3422 3888 cognosces,
3461 3833 3582 3873 cum

2002 3927 2086 3965 me
2116 3911 2475 3980 interrogante
2502 3925 2626 3964 vera
2655 3908 3012 3978 responderis.
3039 3907 3174 3962 Nam
3207 3909 3381 3979 primo
3408 3907 3502 3963 abs
3533 3917 3584 3963 te

2001 4018 2200 4073 qumro,
2224 4002 2472 4072 quoniam
2493 4001 2560 4056 de
2583 3999 2880 4062 numerosis
2907 3999 3136 4055 motibus
3155 4001 3380 4068 agimus,
3406 4007 3582 4053 utrum

2006 4096 2149 4162 ipsos
2178 4094 2468 4149 debeamus
2488 4093 2770 4148 consulere
2790 4106 3062 4157 numeros,
3091 4100 3145 4144 ut
3171 4106 3301 4161 quas
3330 4091 3484 4145 nobis
3509 4091 3585 4144 le-

2000 4201 2095 4256 ges
2133 4195 2305 4240 certas
2352 4187 2586 4257 ﬁxosque
2625 4184 3073 4248 monstraverint,
3110 4198 3202 4238 eas
3240 4183 3292 4236 in
3331 4183 3434 4237 illis
3470 4198 3587 4237 mo-

2004 4281 2143 4336 tibus
2195 4280 2692 4336 animadvertendas
2745 4278 3216 4347 observandasque
3263 4275 3583 4345 judicetnus.
3619 4335 3640 4346 ιλ

2006 4370 2074 4424 D.
2106 4372 2284 4425 Placet
2309 4387 2435 4425 vero
2468 4388 2479 4424 :
2513 4387 2617 4424 non
2647 4371 2787 4425 enim
2816 4369 3104 4439 quidquam
3141 4366 3436 4424 ordinatius
3473 4368 3588 4422 ﬁeri

2015 4479 2173 4533 posse
2203 4463 2452 4517 arbitror.
2477 4460 2552 4515 Μ.
2579 4461 2718 4530 Ergo
2748 4461 2816 4516 ab
2841 4461 2974 4529 ipso,
3006 4461 3050 4514 si
3074 4461 3301 4525 videtur,
3327 4460 3589 4530 principio

2009 4563 2348 4612 numerorum
2370 4555 2639 4624 capiariius
2668 4554 3106 4609 considerationis
3133 4552 3288 4624 hujus
3311 4553 3587 4608 exordium

2008 4655 2064 4704 et
2083 4647 2378 4713 videamus,
2405 4655 2657 4716 quantum
2690 4661 2784 4715 pro
2807 4645 3224 4700 viribusmeutis
3245 4653 3441 4698 nostra:
3468 4641 3589 4696 talia

2009 4743 2246 4796 valemus
2272 4740 2486 4806 intueri,
2512 4753 2753 4808 qua-nam
2781 4739 2849 4792 sit
2869 4738 3025 4804 ratio,
3048 4747 3103 4791 ut
3125 4735 3366 4806 quamvis
3389 4750 3484 4804 per
3507 4734 3588 4788 in-

2009 4836 2213 4890 ﬁnitum
2236 4876 2250 4898 ,
2283 4843 2339 4889 ut
2373 4835 2570 4889 dictum
2603 4843 2719 4900 est,
2752 4847 3004 4887 numerus
3033 4828 3428 4900 progrediatur,
3457 4828 3590 4882 arti-

2015 4929 2164 4983 culos
2211 4927 2466 4997 quosdam
2512 4926 2754 4980 homines
2800 4925 2850 4978 in
2896 4922 3224 4978 numerando
3262 4920 3516 4986 fecerint;
3559 4933 3590 4974 a

2007 5020 2198 5090 quibus
2223 5019 2287 5073 ad
2316 5034 2475 5073 unum
2513 5032 2698 5072 rursus
2725 5016 2972 5080 redeant,
3002 5013 3140 5083 quod
3169 5021 3250 5070 est
3277 5011 3591 5082 principium

2016 5127 2376 5167 numerorum.
2402 5112 2460 5164 In
2489 5109 2816 5164 numerando
2837 5107 2976 5162 enim
3001 5105 3366 5176 progredimur
3391 5105 3457 5159 ab
3485 5119 3594 5159 uno

2015 5220 2182 5274 usque
2219 5203 2285 5258 ad
2324 5203 2541 5267 decem,
2574 5212 2730 5271 atque
2765 5199 2888 5254 inde
2920 5198 2988 5253 ad
3031 5213 3192 5253 unum
3230 5198 3590 5257 revertimur;

2015 5297 2121 5353 ac‘
2166 5298 2209 5351 si
2253 5296 2526 5351 denariam
2565 5293 3023 5362 complicationem
3066 5290 3312 5361 persequi
3344 5288 3494 5354 velis,
3538 5296 3595 5344 ut

2016 5389 2121 5444 hoc
2149 5388 2309 5443 modo
2337 5385 2712 5457 progrediaris,
2744 5384 2950 5449 decem,
2980 5381 3184 5452 viginti,
3212 5380 3593 5456 triginta,qua-

2013 5485 2292 5555 draginta;
2327 5495 2494 5551 usque
2521 5479 2586 5534 ad
2616 5487 2830 5534 centum
2858 5487 2942 5534 est
2969 5475 3268 5548 progressio
3294 5491 3308 5528 :
3337 5473 3383 5530 si
3409 5480 3596 5532 cente-

2013 5577 2240 5644 nariam,
2272 5583 2505 5642 centum,
2537 5574 2785 5638 ducenta,
2816 5579 3071 5638 trecenta,
3102 5569 3516 5642 quadringenta;
3541 5563 3598 5626 in

2084 5739 2098 5769 ί
2127 5749 2176 5791 ω
2198 5707 2270 5800 is,
2297 5712 2363 5788 at.
2385 5711 2466 5788 iis.
2491 5743 2545 5796 Α,
2569 5707 2646 5796 άέ,
2673 5741 2726 5785 et
2748 5715 2941 5787 melius.
3013 5711 3073 5784 at.
