4096 6368
553 292 693 350 1095

550 419 698 477 mille
725 426 807 473 est
834 416 1089 473 articulus
1114 431 1144 471 a
1171 428 1279 488 quo
1308 413 1576 471 redeatur.
1598 409 1735 479 Quid
1757 410 1865 480 jam
1889 423 2022 480 opus
2046 416 2130 464 est

553 513 691 569 ultra
711 512 985 584 quaerere?
1005 510 1168 566 Vides
1192 519 1336 565 certe
1361 522 1491 578 quos
1513 504 1762 560 articulos
1782 504 1975 570 dicam,
1999 516 2131 573 quo-

553 619 670 658 rum
700 604 869 673 prima
893 601 1071 673 regula
1098 600 1316 655 denario
1344 612 1566 653 numero
1596 594 1973 667 praescribitur.
1994 591 2127 647 Nam

552 703 613 750 ut
640 694 859 761 decem,
894 694 1072 749 decies
1109 692 1304 747 habent
1341 706 1536 757 unum;
1568 690 1637 743 ita
1674 696 1920 754 centum,
1952 684 2129 741 decies

554 787 751 843 habent
778 786 992 842 eosdem
1020 784 1240 850 decem;
1270 791 1324 838 et
1357 781 1503 837 mille
1522 820 1537 847 ,
1567 778 1746 834 decies
1774 778 1970 832 habent
1998 791 2125 831 cen-

552 890 699 947 tum;
726 888 780 935 et
806 881 875 934 ita
903 878 1152 948 deinceps
1188 890 1461 949 quousque
1500 874 1702 930 libitum
1733 882 1816 927 est
1839 870 2123 943 progredi,

552 971 646 1027 ibit
670 973 685 1002 ¹
714 972 766 1025 in
797 968 1161 1040 hujuscemodi
1186 968 1335 1038 quasi
1363 966 1598 1021 articulis
1618 1006 1632 1033 ,
1662 963 1800 1035 quod
1827 962 1881 1017 in
1908 961 2126 1016 denario

548 1080 772 1120 numero
798 1063 1113 1134 praeﬁnitum
1143 1070 1243 1117 est.
1275 1062 1357 1115 An
1378 1058 1583 1129 aliquid
1610 1058 1801 1111 horum
1829 1070 1936 1110 non
1965 1052 2122 1109 intel-

545 1157 698 1227 ligis?
724 1156 790 1209 D.
816 1154 1239 1211 Manifestissima
1261 1162 1383 1208 sunt
1405 1152 1603 1217 omnia,
1627 1158 1681 1205 et
1700 1148 1994 1204 verissima.

544 1247 766 1305 CAPUT
803 1247 919 1303 XII.
959 1277 1031 1288 —-
1066 1246 1168 1301 Cur
1201 1246 1261 1299 ab
1295 1261 1395 1298 uno
1425 1243 1491 1297 ad
1520 1242 1687 1296 decem
1717 1255 2041 1310 progressus,
2077 1246 2123 1291 et

745 1341 864 1395 inde
891 1340 959 1393 ad
983 1356 1139 1394 unum
1169 1338 1357 1393 reditus
1386 1338 1438 1391 in
1468 1334 1777 1390 numerando
1807 1333 1915 1401 ﬁat.

615 1433 705 1489 20.
732 1433 808 1487 Μ.
836 1433 946 1487 lloc
968 1447 1094 1503 ergo
1121 1440 1372 1501 quantum
1394 1428 1672 1496 diligenter
1696 1438 1972 1495 possumus
2000 1437 2120 1491 per-

540 1536 837 1584 scrutemur
856 1568 871 1592 ,
900 1541 1139 1595 quaenam
1166 1524 1236 1578 sit
1263 1522 1398 1577 ratio
1427 1529 1484 1574 ut
1511 1519 1577 1574 ab
1603 1533 1709 1572 uno
1740 1531 1905 1585 usque
1930 1515 1994 1569 ad
2026 1514 2120 1568 de—

539 1634 654 1674 cem
681 1632 991 1688 progressus
1009 1658 1023 1681 ,
1056 1624 1111 1671 et
1138 1614 1262 1669 inde
1290 1628 1475 1668 rursus
1497 1612 1561 1665 ad
1592 1626 1755 1665 unum
1784 1608 1983 1663 reditus
2008 1608 2116 1662 ﬁat.

540 1709 690 1765 Unde
709 1710 805 1764 abs
830 1718 881 1764 te
910 1724 1112 1779 quaero,
1136 1718 1311 1761 utrum
1339 1704 1480 1775 quod
1505 1717 1755 1759 vocamus
1782 1699 2118 1770 principium,

514 1827 517 1831 -
540 1803 711 1871 possit
734 1801 952 1856 omnino
978 1800 1080 1854 nisi
1109 1798 1329 1866 alicujus
1357 1811 1476 1851 esse
1507 1793 1840 1864 principium.
1864 1789 1934 1844 D.
1963 1789 2120 1844 Nullo

536 1896 698 1950 modo
728 1903 923 1965 potest.
956 1892 1034 1948 Μ.
1066 1893 1194 1949 ltem
1224 1891 1363 1962 quod
1392 1890 1617 1944 dicimus
1657 1888 1812 1941 linem
1834 1928 1848 1952 ,
1880 1892 2119 1954 potestne

538 1986 641 2041 nisi
681 1986 906 2055 alicujus
944 1986 1023 2040 rei
1063 1984 1183 2037 ﬁnis
1220 1978 1471 2037 esse?1).
1505 1979 1676 2033 Etiam
1708 1978 1760 2032 id
1790 1992 1895 2030 non
1926 1983 2115 2043 potest.

537 2077 616 2132 Μ.
647 2078 821 2146 Quid?
848 2094 877 2132 a
907 2077 1165 2147 principio
1194 2074 1259 2129 ad
1294 2074 1453 2127 ﬁnem
1496 2089 1620 2126 num
1662 2080 1813 2141 putas
1854 2069 2118 2140 perveniri

536 2184 712 2241 posse,
732 2171 831 2225 nisi
855 2186 948 2240 per
966 2168 1178 2239 aliquod
1203 2167 1467 2221 medium?
1486 2164 1554 2219 D.
1573 2164 1689 2220 Non
1713 2173 1860 2234 puto.
1886 2162 1963 2216 Μ.
1978 2163 2119 2233 Ergo

537 2274 592 2316 ut
615 2271 778 2316 totum
802 2262 997 2331 aliquid
1022 2262 1110 2327 sit,
1134 2259 1393 2329 principio
1414 2267 1466 2313 et
1490 2256 1667 2313 medio
1690 2265 1747 2312 et
1766 2258 1868 2312 line
1888 2265 2115 2312 constat.

536 2351 603 2406 ι).
635 2352 708 2406 Ita
737 2353 962 2407 videtur.
996 2351 1072 2406 Μ.
1103 2351 1199 2405 Dic
1225 2350 1399 2419 itaque
1427 2362 1588 2413 nunc,
1617 2348 1935 2419 principium
1955 2389 1970 2412 ,
2000 2361 2116 2401 me-

543 2445 686 2499 dium
715 2453 770 2499 et
804 2444 952 2509 ﬁnis,
984 2458 1089 2513 quo
1123 2456 1346 2497 numero
1392 2440 1483 2495 tibi
1523 2440 1784 2495 contineri
1817 2439 2113 2493 videantur.

540 2536 610 2590 D.
647 2536 889 2591 Arbitror
929 2536 1220 2590 ternarium
1262 2547 1540 2587 numerum
1568 2539 1620 2586 te
1649 2531 1785 2585 velle
1812 2539 1867 2584 ut
1892 2544 2117 2599 respon-

536 2626 692 2683 deam
722 2646 734 2681 :
769 2628 868 2682 tria
912 2628 1054 2683 enim
1093 2625 1336 2696 qutedam
1375 2634 1516 2689 sunt,
1560 2622 1625 2678 de
1668 2622 1857 2693 quibus
1902 2623 2116 2692 quzeris.

537 2718 613 2771 Μ.
640 2719 807 2773 Recte
828 2719 1123 2773 arbitraris.
1149 2718 1325 2785 Quare
1346 2716 1397 2770 in
1420 2715 1651 2770 ternario
1680 2729 1904 2769 numero
1926 2729 2119 2784 quam-

535 2810 660 2865 dam
707 2825 824 2867 esse
864 2808 1243 2880 perfectionem
1274 2806 1452 2870 vides,
1484 2805 1605 2875 quia
1639 2814 1777 2860 totus
1806 2813 1887 2860 est
1918 2823 1932 2859 :
1962 2805 2120 2860 habet

535 2902 677 2956 enim
717 2900 1031 2970 principium
1053 2941 1069 2967 ,
1097 2899 1330 2955 medium
1360 2905 1415 2952 et
1441 2896 1619 2951 linem.
1649 2894 1720 2949 D.
1744 2895 1911 2951 Video
1939 2896 2115 2965 plane.

538 2990 618 3045 Μ.
646 2990 822 3056 Quid?
852 2990 978 3044 illud
1006 3004 1183 3044 nonne
1212 2989 1278 3042 ab
1306 2990 1523 3042 ineunte
1552 2986 1774 3057 pueritia
1803 2986 2113 3052 didicimus,

535 3096 751 3136 omnem
804 3096 1080 3135 numerum
1127 3087 1219 3133 aut
1263 3093 1445 3149 parem
1495 3092 1636 3143 esse,
1685 3086 1776 3130 aut
1824 3076 2120 3146 imparem?

534 3170 605 3225 D.
632 3172 826 3227 Verum
854 3170 1006 3226 dicis.
1032 3169 1111 3223 Μ.
1134 3169 1439 3224 Recordare
1458 3182 1584 3238 ergo
1609 3176 1663 3222 et
1683 3167 1767 3221 dic
1787 3167 1937 3234 mihi,
1961 3182 2119 3237 quem

532 3266 802 3321 soleamus
836 3263 1014 3317 dicere
1054 3277 1276 3331 parem,
1319 3275 1476 3330 quem
1517 3260 1774 3328 imparem
1814 3274 2116 3313 numerum.

533 3355 605 3410 D.
637 3356 731 3411 Ille
750 3355 838 3425 qui
863 3362 1038 3424 potest
1064 3353 1116 3407 in
1146 3353 1277 3407 duas
1304 3363 1482 3421 partes
1507 3352 1738 3421 aequales
1765 3350 1957 3419 dividi,
1987 3366 2115 3421 par;

535 3450 625 3520 qui
653 3457 830 3502 autem
862 3462 968 3500 non
996 3453 1191 3515 potest,
1220 3444 1390 3513 impar
1418 3452 1658 3498 vocatur.

601 3542 692 3596 21.
719 3540 794 3595 Μ.
825 3540 958 3594 Rem
991 3547 1159 3593 tenes.
1188 3538 1322 3591 Cum
1344 3537 1503 3606 igitur
1531 3536 1796 3591 ternarius
1822 3535 2023 3605 primus
2053 3535 2121 3590 sit

534 3643 676 3689 totus
703 3633 906 3703 impar;
939 3640 992 3686 et
1016 3630 1276 3702 principio
1302 3630 1468 3696 enim,
1497 3638 1551 3683 et
1575 3628 1771 3694 medio,
1796 3636 1852 3683 et
1872 3628 1978 3683 ﬁne
2001 3642 2119 3682 con-

536 3736 671 3793 stat,
701 3734 760 3781 ut
785 3726 984 3780 dictum
1013 3731 1094 3778 est
1118 3738 1132 3787 ;
1162 3736 1341 3777 nonne
1368 3729 1579 3792 oportet
1603 3722 1763 3776 etiam
1789 3735 1971 3791 parem
2000 3733 2120 3774 esse

534 3826 701 3872 totum
736 3826 893 3887 atque
931 3813 1257 3884 perfectum,
1295 3821 1352 3866 ut
1388 3812 1440 3865 in
1476 3827 1541 3866 eo
1576 3812 1735 3866 etiam
1778 3811 2114 3880 principium,

538 3911 793 3975 medium,
823 3909 1048 3978 ﬁnisque
1077 3905 1405 3961 inveniatur?
1428 3902 1499 3957 D.
1523 3904 1746 3973 Oportet
1770 3919 1917 3959 sane.
1942 3904 2020 3958 Μ.
2048 3907 2118 3960 At

534 4003 635 4059 iste
662 4001 902 4073 quisquis
927 4007 1042 4066 est,
1069 4013 1174 4052 non
1201 4005 1374 4067 potest
1405 3996 1603 4051 habere
1632 3995 1960 4051 individuum
1998 4013 2115 4053 me-

535 4094 680 4148 dium
702 4093 838 4146 sicut
853 4091 1055 4159 impar:
1079 4089 1125 4142 si
1147 4088 1289 4143 enim
1316 4085 1555 4151 haberet,
1580 4100 1687 4140 non
1708 4095 1889 4157 posset
1909 4088 1963 4142 in
1982 4088 2115 4144 duas

534 4187 767 4257 mquales
798 4193 976 4254 partes
1006 4182 1199 4246 dividi,
1232 4181 1372 4253 quod
1398 4196 1517 4236 esse
1547 4182 1813 4251 proprium
1847 4183 1989 4252 paris
2015 4198 2115 4237 nu-

532 4281 665 4335 meri
691 4279 939 4333 diximus.
971 4275 1303 4345 Individuum
1334 4284 1510 4329 autem
1540 4275 1771 4330 medium
1801 4285 1883 4331 est
1911 4292 2071 4331 unum
2092 4318 2108 4345 ,

533 4371 802 4427 dividuum
833 4369 958 4425 duo.
991 4367 1220 4423 Medium
1250 4376 1428 4422 autem
1463 4376 1548 4423 est
1574 4368 1626 4421 in
1657 4368 1922 4437 numeris,
1953 4384 1983 4423 a
2008 4386 2112 4440 quo

530 4461 688 4517 ambo
710 4462 879 4515 latera
903 4459 1113 4514 sibimet
1135 4466 1260 4514 sunt
1284 4458 1526 4527 aequalia.
1556 4460 1637 4513 An
1664 4460 1857 4529 aliquid
1888 4460 2111 4518 obscure

528 4554 724 4610 dictum
748 4562 852 4619 est,
880 4552 1158 4621 minusque
1178 4550 1510 4619 assequeris?
1531 4548 1604 4603 D.
1628 4550 1739 4605 lmo
1764 4551 1895 4605 mihi
1918 4560 1973 4606 et
1993 4552 2108 4609 haec

529 4646 807 4700 manifesta
829 4653 970 4710 sunt,
993 4652 1047 4697 et
1066 4642 1191 4697 dum
1214 4657 1394 4711 quacro
1413 4650 1581 4696 totum
1603 4658 1880 4697 numerum
1903 4659 2105 4713 parem,

525 4737 896 4810 quaternarius
918 4737 1117 4806 primus
1136 4733 1384 4789 occurrit.
1402 4732 1533 4787 Nam
1550 4736 1603 4788 in
1624 4733 1829 4790 duobus
1845 4737 2109 4805 quomodo

527 4840 750 4900 possunt
777 4831 877 4884 tria
908 4830 997 4884 illa
1019 4827 1269 4893 inveniri,
1300 4842 1393 4896 per
1413 4842 1533 4897 quae
1561 4836 1702 4882 totus
1726 4838 1806 4882 est
1832 4844 2105 4897 numerus,

511 4906 584 4979 iid
640 4932 722 4979 est
778 4921 1130 4993 principium,
1175 4919 1409 4975 medium
1457 4928 1512 4974 et
1555 4919 1712 4974 ﬁnis?
1756 4919 1833 4974 Μ.
1877 4921 2107 4992 ldipsum

527 5015 745 5071 omnino
772 5015 868 5069 abs
895 5022 947 5068 te
970 5026 1282 5081 responsum
1313 5018 1397 5066 est
1420 5010 1562 5080 quod
1588 5011 1827 5065 volebam
1844 5053 1860 5079 ,
1888 5025 1942 5067 et
1964 5014 2106 5083 quod

524 5108 638 5177 ipsa
666 5107 803 5160 ratio
831 5104 972 5173 cogit
997 5103 1167 5157 fateri.
1204 5103 1403 5171 Repete
1426 5102 1603 5171 itaque
1628 5103 1694 5157 ab
1722 5104 1837 5175 ipso
1866 5121 1974 5161 uno
2000 5116 2105 5161 tra-

524 5200 809 5253 ctationem
834 5238 849 5264 ,
898 5204 1056 5266 atque
1095 5195 1409 5259 considera;
1459 5194 1661 5250 videbis
1706 5197 1939 5267 profecto
1985 5200 2105 5255 ideo

526 5306 691 5346 unum
712 5304 816 5345 non
843 5288 1040 5345 habere
1058 5288 1288 5344 medium
1310 5296 1363 5343 et
1386 5287 1564 5357 ﬁnem,
1589 5290 1708 5360 quia
1736 5299 1937 5347 tantum
1962 5295 2104 5363 prin-

524 5382 721 5452 cipium
750 5390 869 5449 est;
910 5382 995 5437 vel
1023 5380 1143 5437 ideo
1170 5395 1289 5436 esse
1318 5381 1632 5451 principium
1653 5426 1668 5446 ,
1698 5384 1818 5453 quia
1847 5386 2023 5441 medio
2050 5396 2104 5443 et

525 5474 633 5531 ﬁne
658 5483 824 5530 caret.
850 5472 921 5528 D.
954 5472 1287 5530 Manifestum
1311 5483 1412 5529 est.
1445 5475 1522 5527 Μ.
1551 5473 1685 5542 Quid
1713 5489 1840 5546 ergo
1864 5476 2101 5535 dicemus

586 5611 603 5642 ί
629 5615 760 5672 Lam,
779 5607 1154 5677 progrediuntur
1172 5606 1224 5677 in
1240 5604 1572 5677 hujuscemodi
1586 5606 1724 5677 quasi
1745 5609 1981 5677 articulis.
1997 5620 2097 5663 Am.

526 5678 578 5723 et
592 5678 692 5738 sn,
709 5667 1094 5738 ProgrédiLuivit
1114 5668 1167 5719 in
1183 5667 1528 5734 Muscemodi,
1547 5667 1663 5733 etc;
1681 5678 1731 5724 at
1746 5677 1853 5726 Mss.
1872 5675 2102 5728 meliores

527 5710 729 5800 mea;
748 5710 1106 5803 ἂνοξῖἑὶὶιὶῐίῖ,
1116 5710 1226 5784 ἷιε

1694 289 1781 345 DE
1818 286 2093 357 MUSICA,
2132 284 2192 345 8.
2234 284 2602 344 AUGUSTINI

3677 275 3826 334 i096

2239 406 2325 481 de
2347 408 2589 465 duobus?
2628 406 2767 464 Num
2806 422 3089 480 possumus
3122 423 3175 465 ιιι
3213 425 3294 467 eis
3337 410 3633 484 intelligere
3673 416 3825 485 prin-

2235 502 2429 570 cipium
2456 512 2510 557 et
2537 502 2784 570 medium,
2816 519 2934 559 cum
2963 504 3197 561 medium
3222 520 3342 562 esse
3362 522 3467 562 non
3500 509 3685 578 possit,
3713 510 3823 565 nisi

2234 595 2324 650 ubi
2356 596 2477 652 linis
2505 606 2615 664 est;
2645 606 2735 652 aut
2764 598 3081 670 principium
3109 609 3163 656 et
3189 600 3379 665 ﬁnem,
3408 618 3530 658 cum
3558 602 3625 657 ad
3655 603 3825 660 ﬁnem

2234 687 2335 741 nisi
2365 703 2463 757 per
2491 689 2722 744 medium
2750 706 2856 745 non
2886 701 3045 761 queat
3077 693 3378 762 perveniri?
3396 692 3465 748 D.
3494 694 3660 767 Urget
3680 698 3823 751 ratio

2232 779 2470 835 conﬁteri
2490 798 2503 847 ;
2528 790 2581 836 et
2600 782 2723 853 quid
2743 783 2811 839 de
2833 783 2934 839 hoc
2954 800 3177 841 numero
3197 785 3570 857 respondeam,
3595 803 3822 858 prorsus

2234 870 2466 926 incertus
2485 888 2624 928 sum.
2648 873 2725 927 Μ.
2743 874 2874 929 Vide
2901 892 2968 931 ne
2984 878 3000 909 ί
3030 877 3127 932 iste
3147 893 3358 949 quoque
3378 895 3632 936 numerus
3649 883 3821 951 possit

2233 962 2550 1031 principium
2611 979 2730 1019 esse
2772 981 3137 1021 numerorum.
3169 968 3301 1023 Nam
3356 968 3403 1024 si
3455 970 3632 1026 medio
3665 982 3822 1028 caret

2229 1064 2283 1108 et
2311 1055 2437 1118 line,
2469 1056 2631 1127 quod,
2659 1066 2717 1111 ut
2739 1059 2944 1126 dixisti,
2970 1062 3111 1131 cogit
3132 1062 3266 1117 ratio
3286 1062 3556 1129 conﬁteri;
3580 1066 3707 1134 quid
3731 1083 3820 1122 re~

2230 1153 2370 1213 stat,
2400 1147 2502 1201 nisi
2533 1157 2589 1202 ut
2625 1149 2691 1203 sit
2721 1149 2823 1206 hoc
2857 1167 3069 1223 quoque
3108 1154 3459 1223 principium?
3484 1157 3567 1210 An
3602 1157 3819 1212 dubitas

2228 1233 2333 1289 duo
2383 1236 2638 1307 principia
2690 1240 3052 1297 constituere?
3088 1241 3157 1296 Β.
3199 1242 3558 1301 Vehementer
3604 1246 3814 1302 dubito.

2230 1325 2307 1379 Μ.
2341 1327 2484 1383 Bene
2513 1330 2733 1399 laceres,
2775 1332 2819 1386 si
2857 1348 2922 1388 ex
2960 1333 3187 1389 adverso
3224 1334 3325 1389 sibi
3358 1337 3813 1392 constituerentur

2227 1417 2332 1472 duo
2370 1420 2623 1490 principia
2664 1439 2676 1475 :
2720 1439 2860 1478 nunc
2900 1433 3078 1480 autem
3110 1426 3210 1480 hoc
3237 1425 3460 1481 alterum
3491 1427 3811 1497 principium
3849 1405 3859 1417 ’

2226 1509 2293 1564 de
2314 1510 2406 1565 illo
2434 1513 2604 1581 primo
2629 1523 2730 1581 est,
2754 1524 2811 1569 ut
2836 1514 2965 1571 illud
2987 1533 3015 1571 a
3038 1517 3180 1571 nullo
3204 1517 3293 1581 sit,
3322 1517 3423 1573 hoc
3440 1533 3567 1573 vero
3591 1517 3659 1573 ab
3681 1519 3811 1574 illo:

2229 1616 2387 1655 unum
2417 1603 2558 1657 enim
2584 1614 2639 1660 et
2668 1621 2831 1660 uiuum
2859 1606 2963 1661 duo
2991 1617 3147 1675 sunt,
3179 1617 3234 1663 et
3261 1608 3519 1679 principia
3569 1610 3641 1663 ita
3687 1620 3815 1664 sunt

2226 1693 2402 1758 ambo,
2431 1702 2490 1749 ut
2512 1711 2697 1751 omnes
2722 1698 2929 1753 numeri
2951 1699 3163 1768 quidem
3186 1701 3254 1754 ab
3280 1716 3384 1755 uno
3408 1702 3542 1766 sint;
3571 1702 3665 1755 sed
3686 1701 3811 1771 quia

2226 1802 2320 1855 per
2363 1788 2821 1858 complicationem
2874 1800 3034 1861 atque
3086 1792 3476 1862 adjunctionem
3525 1792 3811 1863 quamdam

2227 1879 2379 1945 ﬁunt,
2404 1882 2553 1951 origo
2573 1890 2750 1936 autem
2772 1883 3194 1953 complicatiouis
3217 1894 3272 1938 et
3290 1884 3642 1955 adjunctionis
3663 1884 3810 1939 duali

2228 1988 2446 2029 numero
2470 1986 2617 2030 recte
2640 1976 2920 2031 tribuitur:
2947 1977 3005 2031 ﬁt
3024 1985 3079 2031 ut
3100 1976 3224 2031 illud
3243 1978 3468 2047 primum
3492 1978 3808 2048 principium

2225 2084 2254 2123 a
2291 2085 2394 2139 quo
2435 2070 2643 2125 numeri
2682 2086 2898 2137 omnes;
2937 2073 3039 2127 hoc
3076 2082 3252 2127 autem
3293 2071 3517 2126 alterum
3545 2088 3640 2142 per
3666 2071 3812 2142 quod

2225 2165 2432 2218 numeri
2463 2181 2666 2231 omnes,
2702 2182 2820 2221 esse
2846 2168 3199 2222 inveniantur.
3228 2166 3343 2221 Nisi
3368 2166 3494 2237 quid
3524 2165 3689 2221 habes
3709 2164 3811 2219 ad.-

2224 2271 2437 2310 versum
2465 2257 2563 2312 ista
2589 2258 2730 2329 quod
2754 2259 3006 2314 disseras.
3029 2258 3102 2314 D.
3132 2259 3245 2329 Ego
3269 2273 3397 2313 vero
3426 2258 3576 2324 nihil,
3608 2266 3663 2312 et
3692 2256 3813 2312 sine

2224 2347 2573 2404 admiratione
2596 2350 2694 2404 ista
2720 2366 2825 2405 non
2850 2352 3057 2422 cogito;
3086 2351 3326 2422 quamvis
3344 2365 3428 2417 ea,
3452 2350 3815 2419 interrogatus

2222 2440 2318 2495 abs
2344 2450 2414 2505 te,
2446 2442 2557 2512 ipse
2584 2443 2954 2512 respondeam.

2293 2534 2383 2588 22.
2412 2533 2489 2587 Μ.
2515 2532 2771 2589 Subtilius
2796 2535 2895 2589 ista
2915 2543 3226 2605 quaeruntur
3250 2542 3409 2605 atque
3436 2534 3734 2590 abstrusius
3755 2534 3813 2589 in

2224 2642 2285 2681 ea
2316 2626 2592 2696 disciplina
2632 2644 2749 2697 quae
2784 2638 2866 2682 est
2895 2627 2961 2681 de
2993 2629 3264 2682 numeris:
3294 2628 3381 2682 hic
3407 2636 3584 2682 autem
3616 2642 3714 2681 nos
3742 2626 3811 2681 ad

2224 2719 2521 2773 institutum
2563 2734 2696 2789 opus
2732 2728 2928 2788 quanto
2963 2720 3118 2774 citius
3156 2734 3459 2790 possumus,
3502 2718 3808 2773 redeamus.

2224 2810 2482 2876 Quocirca
2506 2826 2703 2880 qumro,
2734 2812 2821 2864 uni
2841 2810 3143 2878 duojuncta
3165 2810 3291 2880 quid
3311 2810 3544 2863 faciunt?
3566 2809 3636 2862 D.
3660 2808 3808 2863 Tria.

2226 2902 2304 2956 Μ.
2340 2903 2479 2972 Ergo
2510 2902 2626 2957 hzec
2655 2903 2760 2958 duo
2788 2903 3043 2973 principia
3084 2917 3427 2957 numerorum
3467 2901 3682 2956 sibimet
3712 2916 3811 2956 co-

2226 2996 2439 3064 pulata,
2496 3003 2663 3049 totum
2714 3010 2991 3049 numerum
3039 2993 3239 3048 faciunt
3287 3004 3445 3063 atque
3489 2992 3808 3061 perfectum.

2226 3084 2295 3139 D.
2327 3087 2398 3140 Ita
2423 3096 2524 3141 est.
2556 3084 2630 3139 Μ.
2657 3086 2829 3152 Quid?
2857 3087 2910 3139 in
2939 3084 3270 3140 numerando
3298 3093 3419 3154 post
3444 3099 3611 3137 unum
3632 3091 3685 3137 et
3704 3086 3811 3138 duo

2224 3195 2381 3250 quem
2420 3194 2699 3234 numerum
2741 3179 3019 3248 ponimus?
3051 3178 3119 3231 D.
3157 3177 3356 3233 Eadem
3398 3177 3517 3231 tria.
3547 3176 3626 3229 Μ.
3662 3176 3811 3231 Idem

2226 3272 2383 3341 igitur
2409 3286 2682 3337 numerus,
2712 3272 2801 3341 qui
2829 3271 2886 3324 ﬁt
2905 3286 2969 3325 ex
2994 3287 3098 3324 uno
3124 3280 3177 3325 et
3203 3269 3427 3336 duobus,
3459 3278 3579 3338 post
3604 3278 3811 3322 utrum-

2225 3374 2329 3429 que
2361 3361 2413 3413 in
2444 3361 2630 3414 ordine
2661 3362 2971 3425 collocatur,
3002 3361 3069 3413 ita
3101 3369 3157 3414 ut
3183 3360 3357 3414 nullus
3377 3359 3511 3413 alius
3542 3358 3810 3427 interponi

2223 3458 2401 3519 queat.
2431 3451 2498 3504 Ι).
2529 3452 2605 3505 lta
2632 3451 2805 3505 video.
2839 3451 2915 3503 M.
2944 3453 3102 3521 Atqui
3130 3460 3184 3507 et
3212 3450 3338 3505 illud
3363 3450 3545 3505 videas
3571 3458 3808 3519 oportet,

2224 3542 2275 3594 in
2304 3542 2465 3596 nullis
2491 3543 2710 3611 reliquis
2736 3543 2970 3597 numeris
2992 3543 3043 3596 id
3070 3557 3225 3611 posse
3251 3544 3581 3612 contingere,
3606 3552 3661 3596 ut
3684 3558 3807 3599 cum

2224 3632 2359 3687 duos
2387 3634 2653 3703 quoslibet
2679 3634 2891 3688 sibimet
2916 3634 2969 3688 in
2996 3633 3307 3689 numerandi
3326 3634 3510 3689 ordine
3530 3634 3807 3704 capulatos

2223 3726 2494 3780 notaveris
2514 3767 2528 3791 ,
2560 3738 2913 3796 consequatur
2942 3740 3034 3780 eos
3062 3726 3151 3780 ille
3176 3724 3268 3795 qui
3296 3741 3359 3780 ex
3387 3725 3648 3779 ambobus
3675 3740 3806 3779 con-

2224 3818 2428 3883 ﬁcitur,
2457 3818 2602 3872 nullo
2640 3818 2970 3887 interposito.
3007 3816 3076 3870 D.
3117 3817 3170 3870 ld
3210 3832 3419 3887 quoque
3456 3816 3649 3871 video:
3678 3832 3803 3872 nam

2222 3912 2328 3965 duo
2354 3919 2408 3965 et
2436 3912 2554 3975 tria,
2585 3911 2674 3981 qui
2702 3912 2802 3965 sibi
2846 3911 3050 3965 numeri
3078 3909 3307 3979 copulati
3338 3916 3481 3971 sunt,
3513 3909 3567 3961 in
3593 3922 3801 3961 summa

2223 4001 2457 4071 quinque
2487 4000 2720 4055 faciunt:
2749 4017 2854 4055 non
2881 4010 3055 4055 autem
3081 3999 3316 4070 quinque
3344 3998 3689 4053 continuatim
3713 4011 3801 4051 se-

2218 4101 2481 4163 quuntur,
2513 4092 2607 4147 sed
2635 4100 2876 4162 quatuor.
2910 4092 3111 4146 Rursus
3141 4091 3238 4144 tria
3265 4100 3318 4145 et
3345 4099 3568 4160 quatuor
3592 4097 3802 4157 septem

2219 4185 2508 4241 conﬁciunt
2538 4202 2549 4238 :
2580 4185 2717 4240 inter
2755 4192 2981 4255 quatuor
3006 4194 3181 4238 autem
3208 4198 3271 4237 ac
3298 4192 3497 4252 septem
3522 4223 3537 4249 ,
3565 4182 3803 4251 quinque

2219 4290 2377 4349 atque
2405 4295 2501 4335 sex
2532 4278 2758 4334 ordinati
2790 4288 2928 4332 sunt.
2964 4278 3029 4331 Et
3054 4287 3252 4347 quanto
3282 4275 3528 4346 progredi
3555 4275 3798 4338 voluero,

2219 4382 2364 4427 tanto
2392 4374 2571 4443 plures
2598 4374 3022 4440 interponuntur.
3054 4370 3129 4423 Μ.
3157 4370 3342 4439 Magna
3372 4369 3489 4423 haec
3516 4384 3641 4439 ergo
3669 4383 3801 4423 con-

2216 4464 2397 4519 cordia
2423 4473 2505 4519 est
2525 4464 2577 4518 in
2607 4464 2876 4534 prioribus
2901 4462 3065 4516 tribus
3096 4463 3331 4515 numeris
3355 4478 3368 4514 :
3391 4476 3553 4514 unum
3581 4461 3724 4514 enim
3744 4468 3801 4515 et

2215 4557 2320 4610 duo
2360 4565 2414 4610 et
2455 4556 2554 4609 tria
2596 4555 2840 4617 dicimus,
2883 4555 3075 4623 quibus
3108 4553 3237 4606 nihil
3272 4552 3535 4621 interponi
3577 4560 3793 4621 potest:

2214 4662 2375 4702 unum
2401 4656 2575 4700 autem
2603 4653 2656 4699 ct
2675 4646 2800 4709 duo,
2828 4645 2938 4715 ipsa
2965 4653 3087 4699 sunt
3110 4644 3229 4698 tria.
3251 4641 3321 4695 D.
3344 4642 3527 4712 Magna
3555 4657 3795 4711 prorsus.

2216 4736 2293 4791 Μ.
2324 4737 2497 4806 Quid?
2528 4737 2654 4791 illud
2684 4736 2897 4791 nullane
2922 4736 3346 4791 consideratione
3372 4734 3586 4802 dignum
3621 4742 3796 4801 putas,

2212 4829 2352 4899 quod
2386 4830 2483 4884 ista
2513 4829 2796 4883 concordia
2825 4838 3022 4897 quanto
3053 4837 3134 4881 est
3162 4825 3357 4880 arctior
3383 4834 3540 4893 atque
3564 4824 3793 4891 conjun-

2211 4923 2381 4989 ctior,
2416 4930 2566 4976 tanto
2593 4922 2761 4991 magis
2790 4922 2842 4975 in
2875 4921 3128 4974 unitatem
3171 4920 3451 4989 quamdam
3494 4918 3694 4981 tendit,
3740 4926 3794 4971 et

2211 5029 2374 5069 unum
2403 5015 2653 5085 quiddam
2690 5015 2757 5069 de
2798 5015 3035 5083 pluribus
3066 5012 3260 5067 efﬁcit?
3284 5011 3355 5065 D.
3389 5012 3501 5065 lino
3529 5010 3790 5074 maxima,

2210 5118 2265 5164 et
2305 5108 2483 5163 nescio
2529 5107 2830 5178 quomodo,
2871 5117 2925 5161 et
2962 5109 3145 5173 miror,
3189 5115 3243 5160 et
3279 5120 3400 5159 amo
3438 5104 3591 5159 istam
3631 5117 3792 5173 quam

2210 5202 2551 5257 commendas
2591 5202 2866 5255 unitatem.
2902 5198 2980 5253 Μ.
3016 5199 3233 5253 Multum
3274 5198 3471 5268 probo;
3512 5196 3606 5251 sed
3644 5206 3794 5250 certe

2211 5296 2459 5368 quaelibet
2484 5310 2664 5350 rerum
2693 5294 2956 5364 capulatio
2984 5303 3142 5362 atque
3168 5291 3428 5346 connexio
3459 5300 3583 5343 tunc
3609 5290 3791 5343 maxi-

2212 5404 2298 5443 me
2324 5404 2484 5443 unum
2514 5386 2763 5457 quiddam
2789 5386 2968 5451 eﬂicit,
2999 5401 3119 5440 cum
3149 5393 3202 5439 et
3229 5384 3399 5438 media
3429 5383 3703 5443 extremis,
3736 5388 3791 5435 et

2209 5481 2401 5537 mediis
2430 5489 2665 5535 extrema
2695 5478 3049 5534 consentiunt.
3074 5477 3141 5531 Ι).
3166 5477 3239 5532 lta
3262 5484 3407 5532 certe
3431 5481 3661 5545 oportet.

2278 5576 2367 5631 25.
2393 5573 2473 5629 Μ.
2498 5572 2724 5629 Attende
2750 5570 2907 5643 igitur
2930 5580 2990 5626 ut
3014 5571 3116 5627 hoc
3140 5571 3193 5626 in
3222 5571 3321 5626 ista
3349 5567 3680 5627 connexione
3704 5564 3790 5622 vi-

3380 364 3414 373 -ν

2271 5737 2288 5771 ι
2320 5734 2437 5790 Vide
2452 5747 2517 5786 an
2536 5732 2643 5797 iste,
2661 5732 2800 5796 juxta
2819 5736 2901 5783 us.
2925 5736 2978 5781 A.
3056 5736 3113 5781 at.

3762 5845 3797 5881 1
