4096 6368
392 386 526 447 1097
612 474 617 478 ⁸

385 530 627 586 deamus.
665 526 797 583 Nam
823 541 942 583 cum
972 541 1168 593 unum,
1198 524 1301 581 duo
1321 567 1335 592 ,
1368 526 1463 581 tria
1491 526 1717 581 dicimus
1736 568 1751 593 ,
1781 542 1957 583 nonne

391 629 587 691 quanto
609 636 769 674 unum
792 634 821 672 a
840 618 1065 683 duobus,
1086 627 1234 672 tanto
1253 617 1356 672 duo
1377 632 1404 670 a
1425 618 1591 672 tribus
1612 616 1958 687 superantur?

390 711 459 764 ι).
495 711 843 765 Verissimum
883 718 982 763 est.
1016 708 1093 763 M.
1125 708 1219 763 Dic
1250 709 1360 777 jam
1399 723 1538 763 nunc
1574 708 1724 772 mibi,
1765 708 1818 762 in
1858 709 1957 763 ista

384 802 668 856 collatione
716 801 923 870 quoties
970 815 1133 854 unum
1185 800 1591 854 nominaverim.
1641 799 1709 852 D.
1758 799 1955 855 Semel.

390 894 463 948 Μ.
493 894 613 948 Tria
644 893 889 963 quoties?
915 892 982 945 D.
1014 892 1209 947 Semel.
1251 892 1328 945 Μ.
1366 891 1504 958 Quid
1524 935 1537 957 ,
1568 892 1711 947 duo?
1748 890 1815 944 D.
1847 892 1955 947 Bis.

387 987 461 1041 M.
482 986 658 1045 Semel
681 1002 827 1057 ergo,
849 996 903 1042 et
922 986 1020 1052 bis,
1046 995 1101 1041 et
1119 986 1305 1052 semel,
1335 987 1543 1056 quoties
1562 985 1620 1039 ﬁt
1639 985 1692 1040 in
1718 984 1957 1040 summa?

385 1079 453 1133 D.
474 1080 689 1146 Quater.
716 1078 793 1133 Μ.
817 1079 978 1134 Recte
999 1078 1155 1148 igitur
1174 1080 1304 1133 istos
1330 1087 1436 1132 tres
1465 1078 1832 1148 quaternarius
1862 1094 1958 1133 nu-

383 1188 565 1227 merus
592 1173 861 1243 sequitur;
892 1172 941 1226 ei
971 1171 1163 1241 quippe
1200 1171 1446 1225 tribuitur
1484 1172 1580 1225 ista
1614 1170 1957 1241 proportione

381 1264 613 1317 collatio.
636 1264 765 1329 Quae
789 1270 1041 1333 quantum
1063 1264 1252 1327 valeat,
1275 1277 1338 1316 eo
1358 1262 1467 1331 jam
1491 1276 1738 1317 assuesce
1763 1276 1958 1332 cogno-

382 1368 552 1420 scere,
576 1353 717 1425 quod
740 1354 827 1408 illa
849 1356 1022 1408 unitas
1050 1369 1207 1423 quam
1229 1361 1278 1408 te
1300 1369 1479 1409 amare
1503 1354 1700 1419 dixisti,
1724 1354 1776 1409 in
1797 1354 1956 1410 rebus

377 1445 637 1502 ordinatis
667 1445 765 1499 hac
791 1461 894 1500 una
924 1444 1062 1500 efﬁci
1092 1452 1297 1514 potest,
1327 1445 1476 1514 cujus
1501 1460 1729 1514 graecum
1760 1461 1954 1507 nomen

382 1540 609 1605 ἀναλογία
636 1545 736 1602 est,
762 1538 927 1591 nostri
948 1536 1160 1607 quidam
1190 1538 1581 1606 proportionem
1608 1545 1950 1603 vocaverunt,

378 1646 483 1701 quo
524 1629 737 1684 nomine
770 1638 997 1696 utamur,
1043 1630 1085 1682 si
1127 1630 1301 1699 placet
1333 1648 1343 1680 :
1380 1644 1483 1683 non
1524 1630 1663 1682 enim
1704 1628 1949 1693 libenter,

378 1723 478 1779 nisi
527 1723 858 1787 necessitate,
901 1738 1071 1793 grceca
1114 1722 1365 1776 vocabula
1410 1723 1459 1775 in
1499 1722 1662 1776 latino
1706 1736 1953 1777 sermone

378 1814 769 1883 usurpaverim.
793 1813 861 1867 D.
888 1814 1013 1868 Mihi
1042 1828 1170 1868 vero
1198 1813 1405 1883 placet;
1436 1812 1528 1868 sed
1555 1827 1715 1884 perge
1743 1827 1847 1883 quo
1873 1812 1956 1865 in-

378 1905 642 1960 tenderas.
669 1904 746 1957 Μ.
778 1904 1010 1960 Faciam.
1038 1904 1170 1959 Nam
1202 1903 1324 1973 quid
1353 1904 1422 1958 sit
1447 1910 1715 1973 prOportlo
1734 1944 1750 1970 ,
1781 1918 1950 1973 quan-

380 2007 594 2066 tumque
622 1998 673 2051 in
700 1997 857 2052 rebus
880 1998 1013 2066 juris
1035 1996 1241 2061 habeat,
1268 2005 1320 2050 et
1345 2012 1442 2050 suo
1462 1996 1576 2049 loco
1599 1995 1650 2049 in
1674 1995 1771 2048 hac
1795 1995 1955 2050 disci-

377 2090 515 2161 plina
544 2090 846 2160 diligentius
872 2090 1242 2159 requiremus;
1271 2097 1325 2143 et
1352 2096 1547 2157 quanto
1573 2086 1627 2140 in
1657 2086 1951 2141 eruditione

376 2182 669 2251 promotior
709 2183 835 2248 eris,
884 2189 1028 2236 tanto
1071 2181 1185 2250 ejus
1230 2180 1333 2235 vim
1375 2181 1563 2234 melius
1606 2188 1951 2249 naturamque

379 2288 687 2343 cognosces.
720 2273 825 2328 Sed
856 2273 1005 2327 vides
1032 2280 1210 2339 certe,
1240 2270 1381 2342 quod
1416 2272 1469 2325 in
1508 2271 1783 2340 prmsentia
1823 2270 1952 2326 satis

376 2371 477 2429 est,
506 2373 613 2419 tres
635 2365 754 2419 illos
777 2378 1047 2428 numeros,
1064 2378 1287 2433 quorum
1310 2361 1573 2416 mirabare
1592 2361 1947 2429 concordiam,

373 2456 588 2511 sibimet
616 2456 669 2510 in
695 2455 881 2511 eadem
921 2455 1252 2510 connexione
1292 2454 1391 2508 nisi
1429 2470 1524 2523 per
1557 2453 1948 2524 quaternarium

371 2565 652 2603 numerum
698 2565 801 2604 non
856 2550 1091 2620 potuisse
1135 2548 1384 2604 conferri.
1435 2547 1790 2614 Quamobrem
1830 2553 1952 2617 post

374 2640 495 2694 illos
521 2655 579 2695 se
604 2639 858 2705 ordinari,
887 2640 964 2695 sic
985 2646 1042 2693 ut
1062 2639 1146 2693 illa
1168 2638 1447 2693 concordia
1472 2652 1589 2693 cum
1616 2637 1699 2692 his
1723 2638 1950 2694 arctiore

368 2732 662 2802 copuletur,
687 2740 937 2801 quantum
961 2731 1212 2800 intelligis
1227 2724 1345 2799 jure
1368 2729 1664 2799 impetravit
1687 2730 1700 2760 ¹
1726 2748 1739 2795 ;
1766 2738 1822 2783 ut
1837 2728 1950 2799 jam

368 2842 475 2882 non
500 2842 659 2882 unum
681 2869 696 2894 ,
724 2826 830 2881 duo
851 2868 866 2891 ,
896 2827 994 2880 tria
1021 2833 1223 2880 tantum
1248 2841 1261 2889 ;
1296 2823 1389 2879 sed
1413 2839 1574 2878 unttm
1595 2864 1610 2889 ,
1639 2823 1744 2879 duo
1763 2865 1777 2889 ,
1812 2824 1909 2878 tria
1928 2864 1945 2892 ,

374 2927 622 2989 quatuor,
652 2918 721 2974 sit
748 2918 1067 2972 amicissime
1097 2916 1342 2986 copulata
1372 2915 1672 2985 progressio
1700 2929 1950 2970 numero-

367 3020 505 3065 rum.
530 3009 600 3064 D.
628 3009 855 3066 Omnino
879 3009 1160 3065 assentior.

441 3102 530 3157 24.
559 3102 636 3156 Μ.
656 3103 723 3157 At
742 3109 932 3158 cratera
954 3103 1181 3168 intuere,
1205 3116 1272 3157 ne
1294 3100 1567 3157 arbitreris
1592 3099 1725 3156 nihil
1748 3099 1948 3158 habere

363 3194 635 3264 pr0prium
662 3194 1057 3265 quaternarium
1081 3208 1358 3248 numerum
1376 3235 1389 3259 ,
1412 3208 1518 3264 quo
1543 3194 1731 3265 reliqui
1760 3208 1945 3249 omnes

367 3285 578 3341 numeri
616 3294 867 3354 careant,
896 3285 1037 3356 quod
1066 3285 1236 3340 valeat
1269 3284 1336 3340 ad
1365 3285 1522 3339 istam
1561 3283 1943 3340 connexionem

367 3376 434 3433 de
461 3392 559 3448 qua
587 3377 801 3448 loquor,
828 3387 887 3431 ut
915 3377 982 3431 ab
1010 3392 1118 3431 uno
1142 3391 1311 3445 usque
1336 3375 1401 3431 ad
1430 3384 1658 3446 quatuor
1680 3385 1857 3430 certus
1877 3375 1945 3430 sit

366 3483 637 3535 numerus,
664 3476 719 3524 et
745 3468 1135 3539 pulcherrimus
1163 3466 1533 3538 progrediendi
1562 3466 1769 3521 modus.
1802 3466 1942 3520 Con-

371 3567 591 3615 venerat
628 3560 822 3631 quippe
860 3561 996 3615 inter
1025 3575 1123 3615 nos
1152 3559 1419 3629 superius,
1450 3567 1577 3615 tunc
1602 3573 1668 3614 ex
1698 3558 1941 3628 pluribus

366 3667 527 3706 unum
557 3652 753 3722 aliquid
781 3653 1011 3707 maxime
1040 3652 1185 3721 ﬁeri,
1213 3667 1332 3708 cum
1363 3651 1619 3707 extremis
1648 3651 1819 3707 media
1839 3693 1853 3717 ,
1887 3660 1940 3707 et

364 3744 556 3800 mediis
579 3754 817 3800 extrema
842 3746 1198 3801 Consentium.
1224 3743 1294 3797 D.
1317 3742 1394 3799 Ita
1416 3751 1516 3799 est.
1545 3743 1623 3797 Μ.
1652 3741 1783 3797 Cum
1813 3758 1940 3813 ergo

363 3837 684 3893 collocamus
714 3852 877 3891 unum
906 3847 961 3893 et
986 3836 1091 3892 duo
1119 3844 1173 3892 et
1196 3837 1297 3891 tria
1322 3878 1337 3905 ,
1375 3837 1461 3892 dic
1487 3852 1606 3908 qua:
1633 3837 1738 3891 sint
1762 3844 1942 3892 extre-

361 3943 447 3983 ma
469 3970 484 3995 ,
514 3928 655 3998 quod
693 3928 945 3983 medium.
976 3927 1047 3981 D.
1080 3927 1249 3984 Unum
1278 3936 1331 3984 et
1356 3928 1457 3983 tria
1488 3938 1725 3984 extrema
1763 3928 1935 3996 video,

369 4021 476 4076 duo
516 4019 771 4074 medium.
803 4018 881 4073 M.
912 4019 1194 4088 Responde
1236 4034 1397 4087 nunc,
1436 4020 1502 4073 ex
1539 4034 1644 4073 uno
1683 4029 1736 4073 ct
1775 4021 1942 4076 tribus

366 4110 491 4182 quid
520 4110 850 4166 conﬁciatur.
872 4108 942 4163 D.
968 4109 1221 4175 Quatuor.
1254 4107 1309 4162 Μ
1320 4152 1333 4163 .
1355 4107 1531 4174 Quid?
1558 4108 1663 4162 duo
1690 4109 1777 4178 qui
1805 4123 1941 4164 unus

362 4201 414 4256 in
462 4201 640 4255 medio
688 4215 939 4256 numerus
982 4208 1085 4266 est,
1134 4215 1258 4254 num
1307 4206 1483 4269 potest
1531 4199 1628 4253 nisi
1668 4199 1769 4255 sibi
1814 4214 1938 4254 con-

364 4290 520 4345 ferri?
548 4289 904 4357 Quamobrem
931 4290 1017 4345 die
1042 4291 1200 4345 etiam
1230 4290 1335 4344 duo
1364 4289 1444 4344 bis
1472 4288 1598 4358 quid
1637 4289 1936 4344 conficiant.

365 4378 433 4433 D.
461 4379 716 4448 Quatuor.
748 4380 826 4435 Μ.
857 4380 931 4436 Ita
956 4395 1084 4451 ergo
1112 4381 1343 4435 medium
1374 4380 1655 4446 extremis,
1685 4389 1739 4435 et
1764 4381 1939 4435 medio

363 4483 601 4528 extrema
648 4474 1003 4529 consentiunt.
1054 4474 1408 4540 Quamobrem
1454 4472 1593 4527 sicut
1629 4473 1841 4527 excellit
1885 4474 1936 4527 in

362 4564 562 4632 tribus,
594 4564 734 4636 quod
762 4573 883 4635 post
911 4581 1074 4621 unum
1100 4572 1156 4621 et
1182 4565 1286 4621 duo
1324 4565 1681 4632 collocantur,
1713 4580 1833 4619 cum
1873 4580 1936 4620 ex

362 4670 468 4710 uno
495 4664 549 4711 et
572 4656 779 4711 duobus
802 4664 1078 4722 constent;
1110 4655 1189 4710 sic
1212 4655 1422 4712 excellit
1448 4654 1500 4708 in
1526 4664 1768 4726 quatuor,
1797 4655 1937 4725 quod

362 4756 481 4817 post
508 4764 673 4803 unum
703 4757 757 4805 et
782 4749 892 4804 duo
915 4759 968 4804 et
993 4749 1093 4803 tria
1120 4760 1467 4803 numerantur
1489 4788 1504 4813 ,
1534 4763 1655 4804 cum
1693 4757 1939 4804 constent

361 4855 426 4895 ex
456 4857 560 4895 uno
588 4849 640 4896 et
667 4841 834 4897 tribus
858 4884 873 4909 ,
903 4840 985 4895 vel
1014 4840 1097 4895 bis
1121 4840 1329 4896 duobus
1360 4858 1372 4895 :
1413 4856 1532 4911 quze
1575 4849 1935 4896 extremorum

360 4946 481 4986 cum
507 4932 703 4999 medio,
732 4940 787 4987 et
806 4931 966 4987 medii
990 4945 1109 4985 cum
1135 4930 1407 4995 extremis,
1436 4931 1491 4984 in
1513 4930 1601 4985 illa
1627 4946 1744 5007 quae
1764 4946 1936 5002 graece

357 5027 585 5088 ἀναλογία
632 5024 857 5093 dicitur,
910 5025 1253 5094 proportione
1306 5024 1586 5078 consensio
1629 5032 1729 5078 est.
1784 5024 1935 5091 Quod

358 5124 534 5170 utrum
560 5116 888 5172 intellexeris
917 5116 1108 5186 pande.
1140 5116 1208 5169 D.
1242 5116 1383 5171 Satis
1406 5115 1661 5187 intelligo.

424 5204 516 5260 25.
549 5204 626 5258 Μ.
658 5206 824 5261 Tenta
863 5206 1079 5276 crgo‘in
1117 5206 1339 5277 reliquis
1376 5207 1644 5273 numeris,
1685 5215 1933 5265 utrumne

357 5298 657 5354 inveniatur
699 5300 840 5370 quod
886 5300 1208 5370 quaternarii
1253 5301 1459 5355 numeri
1502 5300 1773 5370 proprium
1814 5317 1933 5359 esse

357 5388 608 5445 diximus.
639 5390 710 5444 D.
741 5391 972 5445 Faciam.
1001 5389 1133 5445 Nam
1160 5391 1205 5446 si
1232 5392 1615 5446 constituamus
1638 5392 1744 5448 duo
1762 5434 1778 5461 ,
1808 5394 1929 5463 tria,

359 5489 586 5550 quatuor
609 5523 624 5546 ,
652 5491 889 5537 extrema
918 5481 1110 5537 collata
1139 5482 1274 5536 ﬁunt
1299 5497 1427 5548 sex;
1458 5480 1560 5538 hoc
1586 5482 1710 5538 facit
1734 5492 1788 5540 et
1813 5500 1930 5541 me-

358 5570 507 5625 dium
531 5570 630 5626 sibi
656 5572 904 5627 collatum
934 5589 947 5625 :
976 5586 1074 5627 nec
1098 5581 1275 5628 tamen
1300 5588 1413 5639 sex,
1437 5573 1529 5629 sed
1555 5574 1785 5647 quinque
1805 5572 1931 5632 cen-

356 5668 670 5730 sequuntur.
695 5655 899 5717 Rursus
929 5661 1047 5729 tria,
1075 5672 1300 5733 quatuor
1317 5672 1372 5720 et
1389 5665 1621 5735 quinque
1642 5666 1927 5736 constituo;

355 5762 595 5808 extrema
616 5761 739 5808 octo
762 5754 979 5820 faciunt,
1003 5754 1235 5809 medium
1259 5770 1469 5828 quoque
1492 5757 1573 5814 bis
1598 5758 1813 5814 ductum
1835 5774 1851 5817 :
1874 5769 1930 5815 at

416 5867 436 5899 ε
461 5866 733 5931 nnperavit,
751 5867 892 5927 juxta
909 5872 1017 5917 ηδε.
1040 5873 1078 5915 Α
1099 5872 1151 5917 et
1171 5873 1221 5916 Β.
1282 5870 1343 5919 II.

711 5952 936 6017 Sacr.
980 5952 1259 6015 Accusa).
1279 5945 1344 6033 L;

1755 410 1957 468 LIBER
1998 409 2265 468 PRIMUS.

3497 420 3639 482 1098

2070 525 2208 579 inter
2236 524 2469 595 quinque
2496 534 2547 580 ct
2572 533 2721 592 octo,
2756 542 2861 583 non
2881 526 2990 598 jam
3016 544 3177 584 unum
3199 572 3213 595 ,
3241 531 3331 586 sed
3358 531 3487 590 duos
3507 579 3522 603 ,
3550 554 3640 594 se.

2066 618 2271 671 narium
2309 618 2508 674 scilicet
2538 626 2593 674 et
2620 622 2973 690 septenarium
3016 638 3265 679 numeros
3304 626 3639 697 interpositos

2065 707 2240 763 video.
2278 708 2451 779 Atque
2481 709 2567 764 illa
2596 711 2799 766 ratione
2832 723 3082 783 quantum
3123 718 3463 787 progredior,
3494 728 3639 777 tanto

2066 799 2180 855 hare
2199 801 2329 855 ﬁunt
2354 803 2622 857 intervalla
2648 806 2847 874 majora
2866 808 2905 859 ί.
2930 805 3007 860 Μ.
3032 807 3199 863 Vldeo
3222 819 3271 864 te
3293 811 3637 881 intellexisse,

2064 900 2115 945 et
2144 893 2359 947 omnino
2387 894 2522 948 scire
2548 896 2690 965 quod
2719 896 2914 951 dictum
2944 908 3023 954 est
3050 917 3062 951 :
3093 901 3186 955 sed
3211 902 3321 971 jam
3348 918 3417 958 ne
3446 904 3638 959 immo-

2062 998 2242 1038 remur
2267 1027 2279 1049 ,
2310 986 2686 1043 animadvertis
2726 1000 2870 1046 certe
2896 992 2962 1047 ab
2988 1008 3095 1047 uno
3124 1010 3290 1065 usque
3317 995 3384 1050 ad
3413 1007 3641 1066 quatuor

2058 1073 2403 1142 justissimam
2436 1078 2547 1133 ﬁeri
2578 1083 3037 1150 progressionem;
3075 1086 3191 1141 sive
3220 1095 3438 1157 propter
3464 1090 3637 1159 impa-

2061 1180 2173 1219 rem
2219 1180 2282 1220 ac
2328 1184 2506 1237 parem
2556 1188 2874 1241 numerum,
2922 1177 3168 1245 quoniam
3217 1178 3420 1247 primus
3470 1180 3643 1250 impar

2062 1261 2202 1310 totus
2248 1258 2379 1325 tria,
2421 1268 2475 1314 et
2513 1262 2714 1330 primus
2755 1278 2851 1333 par
2889 1273 3032 1320 totus
3072 1278 3325 1337 quatuor,
3355 1269 3422 1325 de
3449 1287 3550 1341 qua
3580 1287 3640 1328 re

2061 1351 2216 1418 paulo
2240 1361 2364 1407 ante
2394 1362 2672 1410 tractatum
2700 1366 2808 1423 est;
2834 1360 2944 1414 sive
2964 1361 3084 1429 quia
3107 1378 3270 1417 unum
3291 1372 3345 1418 et
3362 1364 3468 1419 duo
3489 1366 3638 1434 prin-

2060 1440 2191 1510 cipia
2218 1453 2360 1508 sunt,
2390 1454 2442 1498 et
2469 1447 2618 1514 quasi
2644 1448 2845 1501 semina
2874 1465 3239 1521 numerorum,
3262 1468 3293 1509 e
3316 1454 3505 1525 quibus
3531 1466 3639 1511 ter-

2061 1534 2237 1589 narius
2277 1535 2574 1604 conﬁcitur,
2612 1545 2669 1593 ut
2696 1540 2801 1593 sint
2832 1540 2941 1610 jam
2985 1549 3092 1598 tres
3135 1546 3375 1613 numeri;
3417 1547 3503 1617 qui
3535 1549 3638 1604 sibi

2059 1626 2183 1680 dum
2213 1630 2554 1698 proportione
2590 1632 2961 1699 conferuntur,
2994 1640 3361 1707 quaternarius
3388 1641 3640 1698 elueeseit

2060 1726 2112 1770 et
2130 1718 2379 1788 gignitur,
2400 1729 2453 1775 et
2472 1731 2751 1791 propterea
2778 1727 2854 1779 eis
2873 1728 2993 1795 jure
3015 1729 3369 1800 conjungitur,
3396 1739 3453 1787 ut
3472 1749 3639 1804 usque

2057 1807 2123 1863 ad
2145 1809 2291 1864 illum
2316 1811 2406 1865 ﬁat
2425 1828 2507 1879 ea,
2532 1828 2689 1884 quam
2711 1818 2997 1886 quzerimus
3019 1820 3289 1878 moderata
3310 1826 3633 1894 progressio.

2061 1898 2125 1952 ι).
2158 1898 2417 1971 Intelligo.
2662 1958 2671 1965 ,

2125 1992 2215 2047 26.
2258 1992 2337 2046 Μ.
2368 1995 2509 2051 Bene
2537 2009 2686 2053 sane.
2726 1998 2832 2054 Sed
2871 2002 3228 2057 meministine
3271 2005 3481 2059 tandem
3511 2007 3638 2076 quid

2057 2082 2448 2141 institueramus
2488 2088 2798 2159 inquirere?
2836 2091 2966 2146 Nam
2992 2136 3005 2157 ,
3042 2102 3099 2147 ut
3152 2097 3356 2165 opinor,
3393 2100 3637 2168 proposi-

2058 2181 2165 2227 tum
2197 2185 2330 2244 erat,
2366 2179 2408 2231 si
2439 2180 2704 2248 quomodo
2734 2182 2972 2239 invenire
3000 2199 3297 2253 possemus,
3323 2204 3441 2242 cum
3466 2190 3517 2243 in
3548 2191 3637 2244 illa

2055 2264 2311 2322 inﬁnitate
2337 2284 2678 2326 numerorum
2706 2274 2837 2328 certi
2866 2275 3070 2330 articuli
3100 2286 3281 2332 essent
3304 2283 3636 2334 numeranti-

2053 2353 2155 2411 bus
2177 2361 2478 2427 constituti,
2510 2363 2634 2433 quid
2661 2373 2801 2420 esset
2824 2382 2997 2423 causae
3014 2384 3111 2423 cur
3137 2370 3249 2439 ipse
3276 2372 3479 2442 primus
3499 2374 3634 2427 arti-

2052 2446 2203 2502 culus
2230 2450 2281 2503 in
2307 2450 2524 2507 denario
2542 2470 2766 2511 numero
2785 2466 2944 2523 esset,
2976 2460 3064 2528 qui
3090 2474 3187 2528 per
3208 2477 3392 2517 omnes
3412 2475 3636 2521 caeteros

2054 2538 2198 2593 valet
2225 2541 2544 2610 plurimum;
2574 2546 2627 2599 id
2657 2556 2738 2601 est
2757 2587 2773 2614 ,
2803 2563 2898 2603 cur
2925 2550 2991 2604 ab
3016 2566 3123 2605 uno
3157 2567 3324 2623 usque
3353 2554 3420 2608 ad
3449 2555 3636 2610 decem

2053 2631 2319 2699 pregressi
2358 2645 2701 2691 numerantes
2737 2652 2945 2691 rursum
2986 2640 3052 2694 ad
3093 2658 3253 2696 unum
3294 2646 3635 2700 remearent?

2054 2719 2122 2773 D.
2147 2720 2419 2779 Recordor
2439 2725 2593 2794 plane
2618 2728 2924 2797 quaestionis
2946 2729 3102 2800 hujus
3129 2747 3284 2788 causa
3312 2751 3408 2791 nos
3433 2745 3636 2792 tantum

2055 2812 2363 2872 circumisse
2396 2836 2410 2873 :
2438 2819 2532 2873 sed
2580 2820 2706 2890 quid
2747 2820 3081 2879 effecerimus
3123 2826 3264 2895 quod
3292 2827 3359 2881 ad
3386 2842 3501 2883 eam
3529 2830 3636 2884 sol-

2053 2907 2279 2963 vendam
2306 2910 2589 2979 pertineat,
2621 2928 2725 2967 non
2746 2913 2976 2970 invenio.
3009 2915 3282 2987 Siquidem
3330 2919 3415 2974 illa
3458 2922 3636 2976 omnis

2054 3009 2233 3057 nostra
2275 3004 2607 3059 ratiocinatio
2633 3005 2701 3060 ad
2729 3006 2781 3060 id
2806 3008 3053 3064 conclusa
3086 3019 3200 3078 est,
3241 3020 3302 3066 ut
3327 3028 3429 3067 non
3463 3028 3635 3084 usque

2051 3092 2115 3147 ad
2160 3094 2463 3162 denarium,
2513 3097 2605 3152 sed
2659 3113 2825 3168 usque
2868 3101 2934 3154 ad
2988 3104 3383 3171 quaternarium
3442 3121 3634 3161 nume-

2049 3198 2167 3238 rum
2219 3184 2289 3239 sit
2332 3186 2473 3255 justa
2522 3196 2576 3243 et
2636 3189 2905 3245 moderata
2970 3194 3293 3262 progressio.
3343 3193 3421 3248 Μ.
3481 3196 3631 3253 Tune

2051 3273 2210 3344 igitur
2260 3291 2367 3331 non
2420 3277 2609 3343 vides,
2662 3293 2729 3333 ex
2782 3296 2886 3334 uno
2942 3290 2997 3336 et
3051 3282 3289 3352 duobus,
3348 3294 3404 3339 et
3451 3286 3622 3342 tribus

2054 3376 2107 3422 et
2154 3378 2389 3439 quatuor
2412 3386 2529 3440 qua:
2556 3386 2761 3426 summa
2801 3373 3145 3430 conﬁciatur?
3185 3376 3254 3429 D.
3297 3376 3465 3433 Video
3487 3378 3623 3449 jam,

2051 3457 2224 3525 video,
2276 3468 2331 3515 et
2378 3461 2544 3515 miror
2593 3464 2803 3530 omnia,
2833 3472 2887 3519 et
2927 3473 3097 3520 ortam
3143 3456 3490 3537 quaestionem
3532 3485 3627 3525 so-

2050 3547 2210 3602 lutam
2258 3565 2377 3605 esse
2428 3552 2689 3607 conﬁteor
2721 3573 2733 3608 :
2765 3569 2926 3608 unum
2959 3556 3099 3610 enim
3125 3565 3179 3612 et
3203 3557 3306 3611 duo
3335 3567 3390 3614 et
3429 3561 3525 3615 tria
3571 3570 3629 3617 et

2048 3647 2273 3707 quatuor
2325 3640 2483 3696 simul
2530 3642 2713 3697 decem
2742 3654 2883 3698 sunt.
2917 3644 2995 3698 Μ.
3046 3647 3187 3717 Ergo
3230 3648 3359 3705 istos
3402 3660 3629 3721 quatuor

2047 3730 2248 3798 primos
2277 3746 2559 3799 numeros,
2606 3734 2903 3805 seriemque
2940 3744 2995 3792 et
3029 3739 3414 3795 connexionem
3442 3755 3627 3797 eorum

2048 3818 2410 3879 honorabilius
2432 3823 2617 3879 haberi
2637 3866 2652 3894 ,
2681 3840 2837 3896 quam
2881 3837 3073 3883 caetera
3095 3870 3108 3895 ,
3142 3830 3194 3885 in
3235 3833 3468 3888 numeris
3492 3848 3627 3889 eon-

2045 3910 2208 3967 venit.

2046 4002 2272 4059 CAPUT
2310 4003 2448 4060 XIII.
2471 4034 2544 4048 -—
2559 4006 2639 4061 De
2663 4010 3158 4080 praportionatorum
3197 4022 3422 4068 motuum
3447 4015 3627 4071 decore

2439 4107 2679 4167 quatenus
2703 4101 2928 4154 sensibus
2951 4101 3237 4172 judicatur.

2115 4184 2207 4239 27.
2249 4185 2479 4256 Tempus
2514 4197 2595 4244 est
2636 4198 2810 4244 autem
2839 4191 2905 4245 ad
2939 4192 3055 4246 illos
3082 4203 3257 4249 motus
3295 4195 3468 4251 redire
3516 4203 3626 4251 tra-

2046 4277 2267 4331 ctandos
2294 4286 2349 4331 et
2374 4279 2767 4346 discutiendos,
2809 4284 2896 4352 qui
2923 4283 3044 4339 huic
3072 4285 3361 4356 disciplinae
3406 4291 3621 4360 proprie

2047 4367 2366 4433 tribuuntur,
2407 4379 2462 4423 et
2489 4380 2709 4440 prepter
2735 4386 2868 4440 quos
2897 4374 2997 4427 ista
3024 4374 3090 4429 de
3110 4378 3345 4432 numeris
3368 4421 3383 4444 ,
3421 4379 3488 4434 de
3517 4381 3621 4435 alia

2045 4458 2245 4513 scilicet
2272 4459 2547 4529 disciplina
2571 4501 2587 4527 ,
2619 4472 2871 4532 quantum
2920 4480 3016 4534 pro
3055 4469 3265 4537 negotio
3292 4471 3419 4525 satis
3448 4472 3622 4527 visum

2043 4557 2146 4615 est,
2175 4549 2645 4606 consideravimus.
2675 4551 2854 4622 Itaque
2877 4570 3016 4609 nunc
3042 4558 3136 4611 abs
3166 4568 3217 4614 te
3236 4567 3415 4629 mucro
3434 4603 3449 4629 ,
3482 4577 3618 4631 quo«

2045 4639 2188 4694 niam
2239 4641 2563 4711 intelligendi
2615 4644 2783 4713 gratia
2826 4646 2877 4699 in
2927 4645 3172 4702 horarum
3223 4653 3393 4720 spatio
3442 4660 3619 4707 motus

2042 4730 2494 4787 constituebamus
2518 4774 2531 4798 ,
2564 4748 2698 4803 quos
2718 4735 2783 4790 ad
2813 4750 2870 4792 se
2900 4736 3124 4793 invicem
3165 4740 3360 4795 habere
3388 4741 3617 4811 aliquam

2043 4837 2381 4879 numerosam
2407 4822 2791 4881 dimensionem
2818 4828 2954 4882 ratio
2977 4829 3410 4896 demonstrabat;
3439 4840 3620 4888 utrum

2042 4915 2088 4968 si
2113 4915 2388 4985 quisquam
2416 4930 2565 4971 mora
2592 4918 2746 4973 unius
2773 4918 2919 4973 horae
2947 4928 3154 4985 currat,
3189 4929 3243 4974 et
3284 4921 3418 4975 alius
3460 4921 3614 4977 dein-

2040 5020 2168 5076 ceps
2190 5007 2411 5062 duarum
2433 5049 2447 5073 ,
2476 5009 2651 5078 possis
2679 5025 2783 5065 non
2828 5010 3065 5079 inspecto
3090 5011 3364 5082 liorologio
3391 5014 3477 5068 vel
3503 5015 3616 5069 cle-

2040 5100 2232 5170 psydra
2256 5140 2272 5167 ,
2302 5100 2385 5155 vel
2412 5100 2587 5170 aliqua
2614 5101 2977 5170 hujuscemodi
3002 5111 3299 5174 temporum
3344 5107 3617 5162 notatione

2039 5190 2241 5244 sentire
2278 5189 2401 5245 illos
2445 5190 2579 5245 duos
2611 5201 2819 5257 motus,
2849 5191 2988 5261 quod
3018 5208 3152 5248 unus
3181 5194 3436 5264 simplus,
3479 5197 3614 5252 alius

2039 5281 2229 5350 duplus
2251 5281 2322 5336 sit
2359 5298 2373 5335 :
2403 5283 2485 5336 vel
2517 5283 2726 5339 etiamsi
2767 5282 2822 5338 id
2848 5298 2953 5338 non
2982 5287 3153 5355 possis
3176 5286 3375 5355 dicere,
3407 5288 3497 5344 illa
3529 5298 3611 5343 ta-

2037 5390 2159 5430 men
2189 5366 2535 5444 congruentia
2556 5367 3014 5448 delectarifatque
3039 5378 3211 5450 aliqua
3234 5382 3501 5451 voluptate
3527 5382 3609 5436 at“

2040 5464 2143 5520 ﬁci.
2173 5464 2243 5518 D.
2262 5464 2418 5520 Nullo
2438 5465 2597 5521 modo
2616 5479 2850 5536 possum.
2872 5467 2953 5522 Μ.
2977 5468 3133 5537 Quid,
3157 5471 3202 5525 si
3221 5472 3481 5543 quispiam
3506 5490 3609 5529 nu-

2037 5571 2246 5614 merose
2280 5555 2529 5628 plaudat,
2562 5559 2632 5613 ita
2658 5568 2718 5614 ut
2743 5574 2881 5616 unus
2922 5562 3126 5617 sonitus
3155 5562 3399 5634 simplum
3426 5606 3442 5633 ,
3473 5567 3605 5622 alter

2036 5649 2255 5720 duplum
2282 5650 2539 5719 temporis
2566 5658 2779 5717 teneat,
2810 5667 2943 5722 quos
2979 5653 3182 5709 iambos
3205 5655 3370 5725 pedes
3392 5668 3603 5725 vocant,

2035 5757 2235 5813 eosque
2288 5743 2559 5799 continuet
2603 5754 2761 5815 atque
2806 5755 3086 5813 contcxat;
3134 5749 3267 5804 alius
3312 5759 3489 5807 autem
3537 5751 3605 5807 ad

2097 5876 2117 5909 ι
2142 5880 2210 5925 In.
2234 5880 2305 5939 3.,
2325 5873 2507 5940 facium
2526 5876 2770 5930 interveua
2790 5880 2989 5943 majma.
3018 5890 3096 5931 Ms.
3123 5891 3152 5931 Α
3168 5918 3191 5943 ,ν
3205 5882 3342 5947 firmi.
3364 5872 3376 5880 ’
3405 5870 3463 5939 Η.

2766 5964 3257 6047 (Trente—ct'nq.)
