4096 6368
480 419 618 493 1099

480 532 726 589 eumdem
749 548 937 590 sonum
966 532 1140 600 saltet,
1174 530 1461 605 secundum
1502 543 1561 585 ea
1598 528 1799 591 scilicet
1832 536 2071 597 tempora

480 642 702 684 movens
744 628 1039 684 membra?
1078 641 1256 697 nonne
1312 627 1327 656 ¹
1368 633 1457 678 aut
1496 608 1846 683 etiam’dicas
1898 622 2069 691 ipsum

479 722 754 776 modulum
778 729 1098 793 temporum,
1131 719 1182 785 id
1208 726 1291 773 est
1318 717 1458 789 quod
1482 716 1732 787 simplum
1759 715 1825 771 ad
1852 715 2071 787 duplum

480 813 651 883 Spatia
675 813 727 873 in
758 813 989 871 motibus
1009 812 1294 879 alternent,
1324 811 1436 869 sive
1458 811 1509 864 in
1536 810 1627 865 illo
1659 811 1843 881 plausu
1866 809 1956 883 qui
1979 824 2072 865 au—

480 906 649 974 ditur,
679 906 791 961 sive
820 906 873 959 in
900 905 987 959 illa
1012 904 1291 960 saltatione
1318 919 1436 974 qum
1462 902 1698 971 cernitur
1723 920 1736 967 ;
1767 910 1859 957 aut
1881 901 2070 959 saltem

482 999 764 1055 delecteris
792 998 1172 1061 numerositate
1214 1013 1370 1069 quam
1421 997 1647 1071 sentias,
1701 997 1911 1057 tametsi
1964 1011 2068 1051 non

482 1092 657 1162 possis
687 1106 938 1163 numeros
957 1090 1071 1162 ejus
1094 1091 1440 1151 dimensionis
1468 1090 1717 1153 edicere?
1746 1089 1814 1145 D.
1843 1088 1920 1145 Ita
1946 1105 2072 1147 vero

480 1194 563 1238 cst
584 1226 598 1251 ,
631 1193 687 1239 ut
715 1185 848 1259 dicis
877 1204 889 1239 :
917 1200 1037 1239 nam
1066 1193 1119 1241 et
1146 1184 1220 1239 illi
1246 1185 1333 1255 qui
1358 1186 1455 1247 hos
1485 1200 1739 1240 numeros
1770 1192 2033 1239 noverunt
2054 1224 2068 1249 ,

481 1280 717 1333 sentiunt
742 1294 834 1334 eos
877 1279 928 1333 in
961 1280 1145 1349 plausu
1176 1288 1335 1349 atque
1363 1280 1646 1333 saltatione
1668 1318 1682 1343 ,
1728 1277 1924 1349 quique
1964 1277 2072 1333 sint

480 1371 637 1427 facile
663 1372 881 1438 dicunt;
911 1382 966 1428 et
1002 1373 1088 1449 qui
1141 1386 1235 1429 eos
1277 1386 1383 1426 non
1431 1380 1693 1427 noverunt
1721 1385 1823 1429 nec
1851 1376 2073 1441 possunt

483 1468 663 1522 dicere
683 1509 699 1535 ,
730 1482 840 1533 non
869 1474 1063 1541 negant
1090 1474 1266 1529 tamen
1293 1480 1363 1535 ex
1387 1465 1471 1522 his
1511 1479 1571 1521 se
1599 1464 1868 1533 voluptate
1896 1460 2069 1532 aliqua

483 1558 703 1643 perfrui.

554 1652 647 1707 28.
681 1650 759 1723 Μ.
791 1652 926 1709 Cum
981 1654 1139 1729 igitur
1180 1652 1250 1717 ad
1292 1653 1463 1723 ipsam
1492 1653 1751 1719 rationem
1779 1649 2069 1719 disciplinae

484 1744 673 1819 bujus,
722 1747 987 1816 siquidem
1031 1747 1251 1811 scientia
1297 1754 1379 1805 est
1408 1746 1543 1807 bene
1590 1744 1931 1809 modulandi,
1963 1758 2070 1797 non

486 1839 657 1919 possit
684 1839 872 1911 negari
895 1854 1080 1903 omnes
1105 1838 1373 1911 pertinere
1400 1846 1575 1893 motus
1601 1838 1690 1908 qui
1720 1837 1854 1893 bene
1879 1835 2069 1893 modu-

480 1927 573 1982 lati
620 1938 762 1996 sunt,
798 1938 850 1983 et
894 1945 987 1984 eos
1035 1931 1363 1999 potissimum
1405 1930 1492 1998 qui
1524 1946 1627 1983 non
1660 1927 1961 1991 referuntur
2004 1928 2070 1983 ad

484 2020 627 2075 aliud
655 2021 850 2091 aliquid
869 2064 882 2086 ,
914 2021 1006 2076 sed
1038 2022 1087 2085 in
1120 2021 1310 2089 scipsis
1336 2020 1495 2077 tinem
1521 2020 1731 2077 decoris
1757 2018 2067 2077 delectatio-

481 2114 634 2167 nisve
659 2123 1009 2177 conservant;
1042 2114 1095 2168 hi
1123 2124 1299 2173 tamen
1330 2122 1525 2178 motus,
1554 2120 1612 2169 ut
1640 2126 1782 2168 nunc
1806 2128 1835 2165 a
1858 2126 1947 2167 me
1972 2125 2065 2167 ro-

482 2211 634 2287 gatus
660 2216 802 2261 recte
832 2220 1060 2277 vereque
1085 2204 1299 2271 dixisti,
1340 2205 1383 2259 si
1413 2204 1571 2274 longo
1600 2203 1771 2273 spatio
1814 2201 2069 2271 temporis

544 2339 565 2373 ι
587 2344 672 2389 Ms.
695 2337 894 2400 Aaddit,
918 2337 1156 2391 advertas.
1244 2344 1303 2389 M.

1677 413 1761 469 ne
1801 409 2081 483 uusxca,
2121 408 2179 467 s
2224 405 2587 468 AUGUSTlNl

3627 406 3772 467 i100

2177 527 2333 591 ﬁant,
2368 526 2528 597 inque
2573 525 2685 595 ipsa
2717 521 3051 593 dimensione
3078 534 3197 597 qua:
3224 519 3421 589 deem
3446 529 3551 590 est,
3579 521 3773 583 horam

2176 620 2258 676 vel
2285 619 2447 675 etiam
2473 617 2645 690 majus
2676 626 2885 693 tempus
2912 617 3229 682 obtineant,
3258 631 3367 672 non
3393 624 3617 686 possunt
3635 632 3774 673 con—

2175 728 2366 789 gruere
2386 712 2589 771 nostris.
2606 712 2849 771 sensibus
2873 713 2921 779 ί.
2941 710 3301 778 Quamobrem
3325 724 3446 767 cum
3472 710 3774 780 procedens

2177 805 2569 876 quodammodo
2595 804 2662 865 de
2682 803 3059 869 secretissimis
3082 802 3443 874 penetralibus
3461 802 3689 870 musica,
3712 802 3769 857 in

2176 897 2375 961 nostris
2418 897 2577 957 etiam
2632 896 2914 960 sensibus,
2966 895 3047 949 vel
3092 894 3178 959 bis
3219 894 3382 952 rebus
3415 909 3535 967 qua:
3559 894 3777 963 anobis

2177 992 2498 1059 sentiuntur,
2529 990 2753 1061 vestigia
2776 988 3022 1067 quredam
3051 988 3325 1060 posuerit;
3354 1001 3533 1046 nonne
3556 995 3771 1058 oportet

2176 1084 2365 1147 eadem
2388 1084 2607 1155 vestigia
2635 1084 2781 1153 prius
2803 1081 3049 1155 persequi
3068 1123 3083 1149 ,
3119 1090 3177 1145 ut
3198 1078 3533 1139 commodius
3556 1079 3629 1141 ad
3654 1078 3769 1148 ipsa

2177 1183 2222 1236 si
2256 1179 2585 1251 potuerimus
2609 1219 2624 1245 ,
2655 1193 2775 1249 quae
2802 1176 2915 1233 dixi
2962 1174 3276 1246 penetralia,
3306 1173 3422 1230 sine
3447 1173 3561 1235 ullo.
3584 1187 3775 1231 errore

2177 1273 2472 1331 ducamur?
2497 1271 2567 1326 D.
2600 1271 2825 1345 Oportet
2844 1284 2994 1336 vero,
3025 1270 3205 1333 ethoc
3238 1267 3563 1338 jamjamQue
3586 1274 3646 1331 ut
3688 1264 3771 1321 fa-

2177 1366 2382 1423 ciamus
2401 1406 2415 1431 ,
2444 1363 2700 1435 efﬂagito.
2722 1361 2801 1417 ill.
2830 1361 3151 1423 Omittamus
3173 1374 3300 1431 ergo
3324 1359 3442 1417 illas
3466 1359 3609 1421 ultra,
3634 1360 3654 1390 ³
3683 1371 3773 1413 ca-

2177 1458 2462 1528 pacitatem
2490 1471 2680 1525 sensus
2708 1454 2881 1515 noStri
2906 1461 3182 1525 porrectas
3220 1462 3518 1523 temporum
3559 1458 3732 1513 metas
3750 1488 3772 1517 .

2176 1562 2234 1609 et
2258 1552 2325 1609 de
2355 1552 2439 1610 bis
2467 1551 2723 1609 brevibus
2747 1550 3148 1611 intervallorum
3175 1546 3377 1616 spatiis,
3409 1560 3528 1616 qua:
3557 1543 3613 1605 iu
3637 1558 3773 1605 cett-

2177 1643 2340 1698 tando
2369 1642 2717 1713 saltandoque
2760 1655 2859 1696 nos
2901 1640 3167 1701 mulcent,
3198 1647 3459 1707 quantum
3498 1636 3634 1697 ratio
3672 1648 3774 1695 nos

2177 1736 2416 1802 duxerit,
2466 1734 2811 1789 disseramus.
2854 1731 2969 1787 Nisi
2998 1741 3055 1786 tu
3100 1730 3237 1786 forte
3287 1731 3441 1787 aliter
3486 1737 3640 1799 putas
3681 1728 3773 1783 illa

2176 1827 2396 1899 vestigia
2428 1828 2661 1899 indagari
2693 1841 2849 1897 posse
2868 1866 2881 1890 ,
2910 1840 3029 1895 quae
3058 1825 3111 1879 in
3142 1823 3336 1883 nostris
3362 1821 3631 1883 sensibus,
3658 1820 3774 1877 bis-

2176 1936 2281 1991 que
2330 1921 2491 1975 rebus
2540 1935 2673 1991 quas
2712 1920 2950 1979 valemus
2986 1918 3221 1984 sentire,
3262 1916 3399 1975 hanc
3437 1915 3773 1984 disciplinam

2176 2013 2423 2084 posuisse
2448 2012 2761 2082 praedictum
2784 2021 2885 2067 est.
2920 2010 2987 2064 ι).
3011 2009 3168 2066 Nullo
3197 2008 3357 2066 modo
3371 2009 3526 2065 aliter
3550 2016 3697 2077 puto.

2240 2148 2256 2179 ³
2282 2147 2419 2213 Addit
2448 2148 2595 2213 vatio.
2625 2160 2638 2195 :
2666 2144 2790 2213 Licet
2819 2142 3063 2213 aliquanto
3086 2141 3225 2213 ﬁdem
3248 2156 3331 2208 pes
3353 2139 3403 2213 in
3427 2139 3658 2213 canendo,
3674 2152 3778 2213 ser-

2172 2208 2574 2277 υαεαιεομίιι-ἰωιὶξ
2590 2208 2791 2267 ratione,
2828 2200 2950 2259 alias
2967 2200 3262 2271 longioribus
3281 2243 3295 2267 ,
3332 2202 3455 2256 alias
3480 2200 3776 2255 breuioribus

2174 2270 2320 2322 cessit
2341 2270 2450 2335 fieri
2471 2270 2614 2321 sonis.
2694 2277 2750 2319 Μ.

2237 2338 2257 2365 ³
2285 2334 2451 2393 γίηίηη
2475 2338 2638 2383 extra.
2735 2339 2793 2381 Μ.

498 2430 3768 2467 MM

1432 2522 1915 2635 LIBER
1994 2510 2841 2626 SECUNDUS.

1482 2715 1534 2758 tn
1548 2720 1646 2772 quo
1666 2708 1731 2757 de
1752 2705 1948 2771 syllabis
1971 2710 2022 2754 et
2045 2700 2253 2766 pedibus
2273 2695 2490 2747 metricis
2508 2694 2794 2758 disputatur.

488 2930 713 2991 CAPUT
739 2928 1433 3000 PR1MUM.—-Syl_tabarum.
1458 2925 1624 2997 spatia
1665 2921 1871 2977 aliunde
1899 2933 2070 2992 gram-

786 3024 1020 3091 maticus,
1048 3019 1252 3081 aliunde
1276 3018 1496 3077 musicus
1522 3014 1753 3071 attendit.

562 3122 610 3174 l.
654 3117 732 3172 Μ.
764 3117 993 3177 Attende
1037 3116 1198 3186 igitur
1236 3113 1539 3184 diligenter,
1565 3119 1621 3165 et
1666 3120 1807 3167 nunc
1854 3104 2071 3161 demum

484 3212 666 3283 accipe
701 3210 851 3283 quasi
878 3210 1102 3263 alterum
1134 3216 1330 3262 nostrae
1370 3202 1743 3276 disputationis
1769 3197 2065 3255 exordium.

486 3307 565 3369 Ac
611 3305 842 3376 primum
887 3301 1189 3373 responde,
1243 3308 1425 3355 utrum
1483 3298 1618 3351 bene
1658 3292 1907 3349 didiceris
1952 3304 2073 3349 eam

484 3412 643 3467 quam
669 3395 1001 3471 grammatici
1030 3394 1255 3459 docent,
1281 3390 1609 3465 syllabarum,
1626 3385 1861 3444 brevium
1890 3383 2073 3453 longae

483 3504 709 3559 rumque
724 3488 1027 3551 distantiam
1049 3502 1065 3551 ;
1079 3500 1147 3545 an
1162 3498 1290 3540 vero
1309 3482 1421 3537 sive
1437 3481 1536 3534 ista
1547 3478 1693 3535 noris
1710 3476 1820 3533 sive
1836 3476 2068 3545 ignores,

491 3582 649 3645 malis
674 3590 731 3643 ut
750 3581 821 3645 ita
837 3592 1159 3651 quaeramus,
1180 3573 1332 3653 quasi
1352 3572 1569 3633 omnino
1587 3568 1746 3627 rudes
1766 3568 1955 3625 harum
1984 3581 2069 3621 re-

484 3692 606 3737 rum
620 3676 813 3749 simus,
825 3684 881 3731 ut
893 3672 959 3728 ad
973 3670 1151 3727 omnia
1170 3682 1269 3729 nos
1284 3665 1608 3736 ratiopotius
1622 3662 1897 3733 perducat,
1910 3674 2069 3731 quam

487 3768 785 3833 inveterata.
798 3761 1155 3827 consuetudo,
1180 3767 1273 3823 aut
1294 3756 1635 3829 praejudicata
1658 3762 1815 3825 cogat
1834 3752 2067 3813 auctori-

486 3870 588 3927 tas.
619 3858 688 3925 ι).
716 3859 793 3914 lta
818 3858 974 3931 plane
1002 3853 1159 3915 malle
1180 3867 1268 3913 me
1289 3894 1306 3920 ,
1339 3866 1445 3906 non
1472 3849 1629 3917 modo
1651 3848 1763 3918 ipsa
1789 3847 1942 3912 ratio,
1975 3844 2077 3900 sed

484 3956 703 4009 istarum
732 3952 892 4007 etiam
916 3948 1238 4021 syllabarum
1268 3944 1531 4015 imperitia
1572 3941 1719 4014 (quid
1748 3941 1888 3996 enim
1918 3938 2078 3999 fateri

485 4043 781 4117 dubitent?)
830 4039 1075 4111 intpellit.
1104 4036 1183 4101 Μ.
1212 4038 1326 4109 Age
1359 4036 1503 4107 jam,
1548 4035 1743 4095 saltem.
1786 4031 1919 4088 illud
1954 4031 2069 4086 elo-

488 4155 672 4209 quere,
708 4145 887 4191 utrum
914 4142 973 4189 tu
1001 4134 1117 4204 ipse
1147 4147 1244 4202 per
1268 4138 1323 4191 te
1345 4144 1616 4199 nunquam
1636 4126 2071 4187 animadverteris

486 4230 553 4299 in,
585 4227 849 4299 locutione
885 4232 1063 4287 nostra
1102 4223 1233 4279 alias
1269 4221 1500 4294 syllabas
1541 4219 1735 4287 raptim
1760 4226 1814 4273 et
1849 4216 2071 4272 minime

488 4322 583 4387 diu
604 4362 627 4393 ,τ
672 4318 803 4395 alias
825 4325 1000 4383 autem
1040 4314 1345 4387 productius
1371 4322 1429 4373 et
1462 4312 1660 4373 diutius
1684 4309 1966 4369 enuntiari.
2000 4306 2067 4362 υ.

488 4412 700 4485 Negare
735 4427 839 4469 non
877 4423 1096 4480 possum
1122 4422 1229 4465 non
1276 4421 1366 4463 me
1413 4404 1479 4465 ad
1528 4405 1633 4465 ista
1664 4402 1825 4460 etiam
1853 4400 2070 4458 surdum

488 4502 673 4565 fuisse.
702 4501 780 4561 Μ.
812 4502 970 4570 Atqui
1013 4501 1151 4565 scias
1181 4497 1344 4554 velim
1386 4504 1547 4561 totam
1579 4494 1721 4551 illam
1753 4494 2027 4551 scientiam
2052 4533 2068 4559 ,

488 4609 609 4664 qua;
630 4590 975 4665 grammatica
999 4604 1173 4660 graece
1192 4629 1206 4653 ,
1236 4587 1404 4651 latine
1428 4594 1606 4643 autem
1635 4585 1931 4647 litteratura
1971 4598 2070 4637 no-

487 4686 740 4755 minatur,
780 4682 1017 4749 historiae
1055 4678 1351 4743 custodiam
1380 4676 1649 4746 proﬁteri,
1674 4676 1757 4732 vel
1776 4676 1942 4731 solam
1967 4716 1983 4739 ,
2016 4688 2075 4729 ut

490 4775 738 4845 subtilior
766 4774 925 4833 docet
966 4772 1136 4838 ratio;
1164 4771 1250 4827 vel
1288 4770 1519 4831 maxime
1536 4808 1557 4839 ,η
1584 4776 1644 4822 ut
1667 4768 1827 4824 etiam
1857 4766 2071 4836 pinguia

488 4869 651 4935 corda
670 4868 988 4935 concedunt.
1010 4864 1192 4934 Itaque
1206 4862 1355 4925 verbi
1363 4861 1533 4932 gratia
1551 4859 1906 4923 cumdixeris,
1919 4874 2066 4925 cano,

486 4960 573 5017 vel
610 4961 664 5021 in
698 4974 855 5025 versu
880 4956 1017 5019 forte
1038 4955 1309 5026 posneris,
1349 4953 1423 5013 ita
1446 4952 1689 5010 utveltu
1722 4949 2071 5021 pronuntians

485 5049 754 5121 producas
776 5048 934 5119 lutjus
956 5046 1109 5109 verbi.
1132 5045 1395 5117 syllabam
1409 5043 1665 5115 primam,
1700 5042 1783 5098 vel
1832 5042 1887 5097 in
1914 5056 2073 5103 versu

489 5159 555 5199 co
581 5144 699 5201 loco
718 5157 895 5215 ponas
910 5183 924 5207 ,
948 5140 1038 5197 ubi
1064 5154 1186 5203 esse
1211 5137 1529 5208 productam
1547 5135 1825 5205 oportebat
1846 5150 1861 5202 ;
1885 5148 2073 5204 repre-

487 5237 687 5297 hendet
726 5235 1103 5307 grammaticus
1122 5273 1141 5301 ,
1188 5240 1373 5289 custos
1396 5229 1488 5287 ille
1509 5228 1761 5285 videlicet
1795 5226 2030 5283 historiae
2050 5269 2065 5294 ,

489 5328 623 5385 nihil
652 5328 794 5389 aliud
835 5341 1082 5391 asserens
1119 5340 1216 5381 cur
1258 5322 1401 5379 hunc
1434 5319 1631 5391 corripi
1668 5327 1939 5390 Oporteat,
1969 5318 2071 5374 nisi

489 5420 629 5490 quod
652 5420 706 5477 bi
736 5418 828 5490 qui
852 5429 974 5477 ante
989 5434 1091 5485 nos
1113 5416 1356 5483 fuerunt,
1382 5422 1442 5473 et
1460 5430 1685 5485 quorum
1712 5413 1839 5471 libri
1862 5419 2075 5469 exstant

487 5517 888 5583 tractanturque
912 5528 941 5567 a
965 5506 1345 5582 grammaticis,
1372 5522 1435 5565 ea
1460 5513 1709 5577 correpta
1737 5506 1777 5573 ι,
1811 5520 1919 5561 non
1944 5520 2069 5575 pro-

486 5601 645 5657 ducta
672 5603 751 5658 usi
771 5603 985 5673 fuerint.
1016 5602 1195 5669 Quane
1216 5598 1304 5659 hic
1323 5596 1759 5669 quidquidvalet,
1784 5595 2071 5656 auctoritas

488 5694 650 5763 valet.
692 5696 761 5755 At
801 5710 939 5759 vero,
958 5693 1173 5753 musica:
1201 5692 1355 5757 ratio,
1390 5690 1459 5745 ad
1484 5705 1641 5760 quam
1670 5688 1931 5745 dimensio
1958 5688 2075 5756 ipsa

488 5800 677 5855 vocum
704 5786 1031 5851 rationabilis
1053 5798 1107 5851 et
1133 5784 1486 5845 numerositas
1509 5784 1758 5855 pertinet,
1790 5796 1894 5840 non
1920 5789 2070 5838 curat

549 5901 567 5932 ι
586 5903 753 5966 νεύει,
778 5910 869 5964 pro
888 5904 1124 5963 correpta.
1182 5906 1237 5949 Μ.

2179 2906 2279 2979 nisi
2309 2914 2363 2961 ut
2391 2906 2706 2976 corripiatur
2731 2906 2815 2961 vel
2837 2907 3157 2976 producatur
3179 2904 3401 2977 syllaba,
3422 2919 3541 2976 qua:
3565 2903 3657 2967 illo
3681 2903 3774 2965 vel

2180 2998 2271 3053 illo
2300 2999 2416 3055 loco
2444 3008 2526 3054 est
2545 2999 2833 3054 secundum
2856 2999 3115 3063 rationem
3136 3013 3508 3063 mensurarum
3529 3005 3769 3069 suarum.

2178 3092 2310 3147 Nam
2336 3094 2380 3148 si
2408 3108 2473 3149 eo
2510 3093 2628 3161 loco
2652 3093 2739 3149 ubi
2768 3092 2899 3159 duas
2941 3092 3120 3163 longas
3161 3091 3390 3163 syllabas
3418 3089 3551 3163 parui,
3578 3088 3768 3153 decet,

2179 3184 2283 3239 hoc
2308 3185 2528 3241 verbum
2558 3186 2819 3256 posueris,
2846 3193 2900 3240 et
2926 3184 3157 3253 primam
3173 3198 3291 3255 quae
3316 3181 3491 3245 brevis
3512 3190 3614 3249 est,
3648 3194 3775 3250 pro-

2178 3278 2510 3331 nuntiatione
2537 3278 2746 3347 longam
2771 3276 2979 3342 ieceris,
3024 3274 3154 3333 nihil
3177 3275 3377 3335 musica
3404 3273 3627 3343 omnino
3650 3286 3774 3327 suc-

2178 3377 2361 3433 censet
2400 3370 2415 3400 ¹
2454 3387 2466 3422 :
2498 3377 2739 3440 tempora
2767 3370 2918 3431 enim
2936 3382 3122 3433 vocum
3156 3383 3215 3427 ea
3253 3380 3545 3436 pervenere
3573 3364 3641 3427 ad
3670 3379 3771 3429 au»-

2177 3474 2294 3528 res,
2322 3476 2441 3530 quae
2484 3460 2561 3515 illi
2603 3476 2825 3516 numero
2871 3460 3049 3519 debita
3099 3457 3332 3521 fuerunt.
3376 3456 3770 3523 Grammaticus

2177 3562 2354 3609 autem
2391 3553 2541 3624 jubet
2591 3554 2903 3622 emendari,
2955 3564 3010 3619 et
3052 3552 3179 3609 illud
3229 3561 3279 3617 te
3319 3552 3536 3609 verbum
3568 3565 3770 3621 ponere

2177 3646 2327 3715 cujus
2348 3646 2515 3717 prima
2542 3645 2747 3718 syllaba
2778 3644 3118 3715 producenda
3143 3645 3231 3711 sit,
3259 3643 3559 3707 secundum
3594 3643 3768 3713 majo-

2178 3751 2331 3805 rum,
2362 3748 2418 3801 ut
2458 3738 2657 3799 dictum
2702 3747 2814 3805 est,
2861 3737 3267 3803 auctoritatem,
3318 3751 3551 3808 quorum
3572 3735 3773 3805 scripta

2177 3831 2471 3886 custodit’.

2178 3921 2400 3979 CAPUT
2432 3922 2496 3977 ll.
2520 3952 2589 3963 —
2614 3922 2691 3976 De
2719 3938 2862 3977 versu
2888 3921 3089 3992 judice!
3116 3922 3473 3992 grammaticus
3496 3935 3558 3987 ea;
3584 3927 3766 3975 aucte-

2462 4014 2610 4068 rilate
2632 4055 2655 4089 ,ι
2674 4014 2895 4068 musicus
2921 4030 2984 4067 ea;
3007 4014 3202 4069 ratione
3232 4022 3287 4065 ct
3313 4027 3479 4074 sensti.

2248 4108 2303 4176 2.
2334 4107 2695 4178 Quamobrem
2731 4122 2863 4174 nos,
2893 4121 3011 4165 cum
3057 4108 3292 4175 rationes
3335 4104 3551 4173 musica:
3579 4118 3767 4183 perse-

2177 4201 2416 4275 quendas
2458 4201 2849 4271 susceperimus
2872 4242 2887 4267 ,
2920 4201 3077 4263 etiam
3125 4199 3169 4261 si
3206 4199 3382 4261 nescis
3406 4214 3531 4277 quae.
3563 4198 3777 4269 sxllaba,

2177 4293 2545 4366 corripienda,
2588 4310 2707 4371 qua:
2740 4291 3085 4364 producenda
3118 4292 3220 4359 sit;
3583 4299 3764 4351 tatnen

2178 4400 2283 4441 nou
2314 4385 2557 4453 impediri
2588 4383 2695 4447 hac,
2734 4381 3029 4454 ignorantia
3068 4389 3191 4449 tua,
3245 4382 3489 4453 satisque.
3530 4380 3765 4447 habere,

2178 4475 2320 4547 quod
2359 4485 2408 4537 te
2450 4474 2889 4537 animadvertisse
2923 4473 3102 4531 dixisti
3144 4472 3276 4529 alias
3315 4472 3555 4545 syllabas.
3586 4486 3769 4539 corre—

2168 4568 2375 4657 ptiores
2394 4608 2410 4633 ,
2451 4567 2582 4623 alias
2610 4565 2996 4635 productiores.
3025 4565 3199 4632 Quare
3225 4564 3363 4625 illud
3393 4579 3534 4625 nunc
3560 4578 3765 4639 qumno,

2178 4655 2356 4713 utrum
2398 4673 2563 4715 sonus
2591 4673 2843 4721 versuum
2868 4655 3151 4726 aliquando
3197 4666 3257 4719 te.
3284 4656 3461 4725 aliqua
3488 4670 3582 4731 per
3606 4668 3769 4715 aures

2176 4750 2443 4819 voluptate
2480 4752 2849 4811 commoverit.
2888 4746 2956 4803 Π.
2991 4748 3215 4809 Prorsus
3253 4746 3575 4819 smpissime,
3606 4745 3674 4801 ita
3706 4754 3771 4801 ut

2177 4857 2443 4917 nunquam
2473 4839 2584 4897 fere
2609 4841 2723 4903 sine
2751 4839 3109 4903 delectatione
3133 4852 3353 4904 versum
3373 4838 3649 4897 audierim.
3682 4834 3763 4889 Μ.

2176 4932 2371 5005 Siquis
2406 4948 2531 5002 ergo
2573 4932 2626 4987 in
2656 4948 2853 5001 versu,
2885 4946 2992 5007 quo
3010 4930 3192 5003 audito
3219 4930 3521 4995 delectaris,
3554 4944 3617 4989 eo
3644 4928 3766 4985 loco

2177 5040 2282 5096 quo
2311 5025 2445 5091 ratio
2477 5024 2719 5099 ejusdem
2745 5038 3060 5089 versusnon
3100 5023 3365 5094 postulat,
3396 5022 3480 5083 vel
3510 5020 3775 5091 producat

2177 5117 2437 5188 syllabas,
2478 5115 2569 5175 vel.
2600 5116 2881 5185 corripiat,
2913 5130 3039 5179 num
3076 5114 3266 5173 eodem
3305 5113 3471 5175 modo
3508 5111 3772 5179 delectari

2176 5207 2366 5278 potes?
2390 5206 2458 5267 Ι).
2482 5206 2593 5269 lmo
2619 5205 2801 5277 audire
2822 5205 2924 5271 hoc
2940 5205 3055 5265 sine
3075 5203 3367 5267 oil‘ensione
3386 5218 3493 5277 non
3519 5216 3758 5278 pessum.

2178 5298 2256 5353 Μ.
2283 5299 2435 5354 Nullo
2457 5299 2614 5365 modo
2636 5298 2794 5368 igitur
2818 5297 3037 5361 dubium
3061 5306 3171 5367 est,
3187 5296 3321 5373 quin.
3340 5304 3390 5361 te
3414 5295 3467 5349 in
3496 5308 3630 5363 sono
3654 5308 3775 5362 quo.

2178 5403 2229 5449 te
2260 5392 2509 5459 delectari
2535 5391 2699 5457 dicis,
2728 5390 2989 5459 dimensio
3025 5391 3269 5461 quaedam
3292 5400 3643 5451 numerorum
3668 5384 3765 5441 de-

2177 5488 2356 5561 lectet,
2387 5501 2495 5559 qua
2520 5484 2826 5565 perturbata
2851 5483 3141 5557 delectatio,
3158 5482 3248 5558 illa
3270 5479 3515 5551 exhiberi
3542 5476 3766 5551 auriJius

2240 5644 2257 5676 ¹
2284 5640 2725 5705 Oﬂ'cndttur,jurta
2747 5640 2890 5689 vatic.
2962 5645 3018 5688 Μ.
3085 5700 3099 5705 _
3266 5686 3273 5691 .

2238 5709 2259 5745 ι
2284 5697 2347 5757 tu"
2371 5712 2451 5764 Β..
2476 5697 2821 5757 mandatam.
2859 5709 2931 5751 ur.
2972 5700 3119 5765 Lugd.
3157 5697 3771 5765 ven,_custodunt;__§c

2176 5768 2323 5818 etiam
2348 5760 2533 5832 atsqu
2558 5774 2607 5816 at
2626 5772 2709 5819 Ns.
2734 5773 2805 5832 Α,
2830 5760 3064 5825 custodit;
3099 5769 3168 5832 ut.
3518 5760 3765 5832 custodire

2174 5830 2509 5893 grammaticus
2524 5822 2671 5890 Quem
2688 5822 2826 5890 paulo
2847 5822 3267 5889 ante'Augustinu's
3281 5822 3492 5874 historia:
3508 5822 3759 5873 custodem

2174 5898 2431 5953 nuncupat.
2503 5897 2556 5938 Μ.
