4096 6368
387 491 473 555 lis,
500 484 641 557 quod
667 497 787 539 cum
830 480 921 535 ille
946 478 1001 533 in
1029 477 1129 532 tria
1153 483 1207 531 et
1244 474 1371 539 duo,
1399 472 1499 527 iste
1539 470 1592 524 in
1621 466 1726 522 duo
1758 473 1811 519 et
1860 464 1959 518 tria

390 592 631 650 tempora
652 583 879 631 secatur.
906 570 1037 627 Nam
1066 568 1221 638 longa
1251 565 1472 637 syllaba,
1497 577 1614 633 quae
1645 560 1866 631 primam
1882 566 1961 612 te-

386 681 482 729 net
505 678 728 740 partem,
751 664 958 721 duobus
985 658 1309 730 temporibus
1326 654 1554 711 tenditur
1580 670 1595 705 :
1623 658 1788 707 restat
1808 650 1961 719 longa

388 773 444 819 et
469 760 665 824 brevis,
691 756 834 829 quod
861 762 942 810 est
963 752 1120 808 trium
1149 759 1444 818 temporum
1467 745 1715 816 spatium.
1741 742 1812 796 At
1834 754 1963 795 vero

388 855 597 911 medius
624 851 711 922 qui
743 849 901 904 habet
933 847 1148 901 brevem
1186 840 1443 914 syllabam
1489 836 1738 900 mediam,
1786 832 1961 904 gemi-

391 960 514 1001 nam
569 949 742 1012 potest
778 936 1115 1007 partitionem
1151 932 1277 1003 pati,
1331 928 1451 999 quia
1479 925 1662 981 eadem
1688 923 1866 978 brevis
1910 928 1966 976 et

391 1034 553 1108 priori
578 1041 631 1087 et
662 1028 940 1101 posteriori
969 1024 1104 1095 parti
1132 1021 1289 1078 tribui
1319 1026 1490 1091 potest
1517 1034 1530 1069 :
1565 1015 1764 1070 idcirco
1789 1022 1882 1068 aut
1910 1012 1965 1067 in

390 1127 495 1182 duo
546 1132 599 1179 et
651 1122 772 1187 tria,
804 1128 895 1174 aut
939 1119 992 1171 in
1022 1116 1121 1171 tria
1147 1123 1201 1170 et
1246 1112 1351 1167 duo
1394 1109 1641 1164 dividitur
1683 1114 1961 1175 tempora:

390 1216 735 1290 quamobrem
766 1219 1133 1281 sesquatorum
1161 1217 1503 1262 numerorum
1543 1200 1681 1255 ratio
1703 1208 1810 1253 tres
1836 1198 1964 1251 istos

390 1311 625 1384 possidet
661 1308 846 1379 pedes.
878 1304 955 1359 Μ.
1002 1303 1269 1357 Omnesne
1303 1298 1411 1368 jam
1443 1295 1600 1349 trium
1639 1292 1961 1363 syllabarum

390 1380 553 1475 pedes
591 1397 1062 1459 consideravimus,
1104 1408 1170 1447 an
1219 1388 1417 1460 aliquid
1444 1386 1642 1441 restat?
1689 1382 1758 1436 ι).
1792 1380 1965 1437 Unum

390 1471 652 1566 reliquum
674 1492 849 1555 video,
872 1490 963 1559 qui
989 1504 1054 1543 ex
1081 1487 1250 1541 tribus
1280 1481 1449 1552 longis
1478 1485 1704 1534 constat.
1740 1471 1965 1529 M.Tra-

390 1600 474 1645 eta
510 1564 640 1657 ergo
668 1585 828 1640 etiam
856 1582 1012 1651 hujus
1058 1578 1393 1634 divisionem.
1426 1573 1496 1627 D.
1549 1570 1664 1626 Una
1689 1564 1888 1640 syllaba
1913 1574 1968 1619 et

390 1680 529 1743 duae,
561 1686 651 1731 aut
699 1675 817 1730 duze
841 1682 999 1741 atque
1040 1686 1143 1725 una
1172 1668 1328 1735 hujus
1367 1663 1555 1720 divisio
1580 1667 1699 1724 est;
1731 1667 1967 1726 tempora

391 1772 591 1827 scilicet
618 1768 723 1822 duo
742 1774 796 1821 et
815 1772 1059 1834 quatuor,
1091 1770 1179 1815 aut
1213 1767 1437 1829 quatuor
1480 1761 1535 1809 et
1581 1752 1685 1807 duo
1740 1765 1753 1801 :
1802 1761 1967 1817 quare

390 1862 821 1933 complicatorum
867 1867 1207 1910 numerorum
1254 1848 1457 1904 ratione
1499 1845 1649 1899 istius
1680 1840 1828 1913 pedis
1866 1839 1967 1894 sibi

391 1964 568 2027 partes
591 1951 954 2009 conferuntur.

671 2040 895 2097 CAPUT
936 2039 1021 2092 VI.
1045 2065 1115 2077 ——
1153 2034 1315 2088 Pedes
1355 2028 1682 2099 tetrasyllabi.

463 2140 515 2194 9.
560 2136 636 2190 Μ.
666 2134 818 2189 Nunc
846 2138 1223 2201 quaternarum
1268 2122 1590 2194 syllabarum
1636 2118 1797 2189 pedes
1840 2132 1968 2172 con-

392 2236 675 2299 sequenter
725 2232 884 2293 atque
923 2220 1108 2274 ordine
1150 2215 1443 2299 videamus,
1489 2221 1542 2266 et
1585 2213 1697 2280 ipse
1734 2210 1840 2279 jam
1884 2208 1970 2263 die

392 2334 552 2391 quem
584 2318 770 2371 horum
799 2292 1026 2382 primum
1051 2322 1170 2364 esse
1188 2292 1450 2376 oporteat,
1480 2302 1659 2357 addita
1685 2300 1847 2356 etiam
1876 2315 1966 2353 ra-

396 2390 539 2465 tione
568 2406 843 2463 divisionis
871 2403 1007 2472 ejus.
1059 2399 1127 2451 D.
1180 2397 1394 2452 Scilicet
1430 2402 1656 2463 quatuor
1702 2390 1964 2453 brevium,

396 2501 489 2571 qui
531 2498 779 2553 dividitur
824 2494 878 2547 in
922 2491 1054 2547 duas
1104 2487 1347 2542 binarum
1403 2483 1719 2553 syllabarum
1768 2487 1965 2549 partes,

396 2591 675 2661 aequalium
718 2585 925 2641 ratione
974 2592 1314 2635 numerorum
1358 2574 1462 2629 duo
1511 2581 1563 2627 et
1588 2571 1694 2626 duo
1732 2579 1969 2640 tempora

396 2682 749 2755 possidentes.
777 2676 855 2730 Μ.
884 2674 1130 2735 Tenes‘;
1185 2670 1292 2741 jam
1323 2670 1497 2737 itaque
1543 2679 1702 2734 perge
1739 2662 1871 2733 ipse,
1917 2668 1973 2715 et

396 2786 717 2845 persequere
751 2778 964 2825 caetera.
994 2764 1137 2820 Nihil
1164 2762 1302 2818 enim
1329 2772 1460 2828 opus
1484 2771 1602 2812 esse
1627 2755 1737 2824 jam
1768 2763 1894 2823 puto
1922 2761 1972 2806 te

398 2843 495 2939 per
521 2863 726 2934 singula
774 2857 1107 2927 interrogari,
1154 2869 1273 2909 cum
1318 2852 1387 2907 sit
1432 2863 1534 2903 una
1567 2848 1701 2902 ratio
1726 2843 1973 2901 demendi

398 2934 649 3023 deinceps
677 2953 870 3007 breves
910 2946 1161 3019 syllabas,
1216 2950 1271 2999 et
1303 2955 1398 3010 pro
1456 2940 1537 2992 his
1584 2938 1765 3005 longas
1806 2934 1972 3002 subji-

399 3044 594 3110 ciendi,
634 3043 805 3097 donec
844 3039 909 3093 ad
935 3050 1120 3091 omnes
1147 3035 1329 3103 longas
1357 3029 1629 3092 veniatur;
1662 3036 1715 3081 et
1742 3042 1861 3080 cum
1883 3024 1976 3078 de-

400 3145 616 3195 muntur
636 3136 844 3200 breves,
873 3132 1151 3199 longaeque
1177 3124 1491 3188 subduntur,
1532 3136 1662 3190 quas
1692 3118 1975 3173 varietates

401 3229 613 3291 faciant,
643 3236 696 3280 et
742 3232 868 3293 quot
897 3220 1058 3291 pedes
1084 3218 1319 3289 gignant,
1348 3208 1753 3272 considerandi;
1778 3223 1839 3264 ca
1865 3206 1971 3261 sci-

403 3321 527 3377 licet
576 3317 776 3390 syllaba
802 3313 1155 3385 principatum
1182 3305 1385 3362 ordinis
1416 3304 1696 3367 retinente,
1726 3313 1843 3369 quae
1874 3311 1976 3350 una

402 3412 559 3468 fuerit
584 3388 720 3463 inter
738 3414 960 3461 caeteras
988 3401 1072 3457 vel
1112 3400 1265 3467 longa
1307 3396 1388 3449 vel
1419 3393 1623 3449 brevis:
1646 3391 1699 3444 in
1728 3389 1809 3443 his
1838 3388 1976 3442 enim

404 3505 647 3561 omnibus
672 3504 783 3571 jam
809 3496 1052 3568 superius
1076 3507 1136 3550 es
1163 3490 1497 3547 exercitatus.
1529 3484 1630 3541 Ubi
1658 3492 1832 3539 autem
1860 3480 1979 3535 dua:

403 3600 591 3655 breves
618 3603 740 3650 sunt
762 3602 816 3648 et
838 3593 955 3647 dua:
977 3591 1166 3659 longae,
1190 3583 1327 3656 quod
1354 3583 1405 3636 in
1432 3577 1850 3652 praecedentibus
1872 3587 1978 3628 non

405 3698 541 3758 erat,
569 3702 701 3759 quas
724 3698 908 3740 censes
926 3679 1274 3752 principatum
1303 3673 1497 3727 habere
1522 3668 1754 3725 debere?
1776 3666 1844 3720 D.
1862 3666 1979 3739 1am

406 3756 761 3849 hocquoque
798 3772 1133 3828 manifestum
1174 3776 1254 3822 est
1281 3765 1350 3819 de
1392 3758 1772 3831 superioribus.
1802 3756 1979 3824 Siqui-

405 3872 529 3928 dem
554 3870 719 3937 magis
746 3873 888 3919 tenet
929 3862 1183 3915 unitatem
1216 3856 1392 3911 brevis
1421 3852 1620 3923 syllaba
1659 3864 1775 3919 quae
1818 3860 1980 3901 unum

406 3962 568 4016 habet
599 3936 825 4025 tempus,
859 3968 1012 4021 quam
1049 3951 1203 4016 longa
1232 3961 1349 4015 quae
1372 3945 1495 3997 duo.
1526 3942 1592 3995 Et
1619 3947 1895 4009 propterea
1926 3936 1978 3989 in

407 4051 551 4108 omni
579 4049 748 4118 capite
785 4053 942 4113 atque
963 4039 1220 4111 principio
1249 4050 1370 4091 eum
1394 4033 1580 4104 pedem
1611 4029 1980 4086 constituimus

406 4144 494 4214 qui
521 4159 585 4198 ex
609 4138 855 4195 brevibus
879 4140 1104 4188 constat.

480 4233 568 4289 10.
611 4230 688 4285 Μ.
728 4226 868 4283 Nihil
903 4225 1059 4295 igitur
1084 4230 1134 4275 te
1174 4217 1413 4289 impedit,
1445 4215 1573 4285 quin
1624 4226 1811 4268 omnes
1851 4210 1981 4266 istos

408 4323 743 4399 persequaris
764 4320 926 4391 pedes
950 4316 1196 4373 audiente
1216 4326 1278 4366 ac
1300 4310 1569 4381 judicante
1597 4321 1701 4371 me,
1747 4319 1852 4359 non
1896 4304 1979 4356 in-

408 4395 724 4489 terrogante.
758 4413 826 4467 D.
853 4410 1062 4468 Faciam
1091 4408 1135 4461 si
1157 4414 1341 4476 potero
1369 4421 1381 4457 :
1414 4416 1537 4456 nam
1568 4398 1740 4469 primo
1761 4395 1827 4451 de
1850 4408 1983 4465 qua-

408 4522 529 4566 tuor
555 4486 802 4564 brevibus
836 4501 992 4575 primi
1017 4494 1372 4569 pedis,brevis
1398 4507 1500 4547 una
1522 4486 1848 4545 detrahenda
1877 4494 1977 4550 est,

409 4612 461 4658 et
481 4617 576 4672 pro
602 4614 663 4653 ea
694 4599 848 4666 longa
876 4591 1117 4664 ponenda
1145 4590 1197 4643 in
1236 4587 1405 4657 primo
1434 4586 1551 4639 loco
1578 4590 1793 4652 propter
1812 4579 1982 4633 unita-

407 4666 837 4761 tis-dignitatem.
889 4684 988 4739 Hic
1033 4690 1209 4735 autem
1252 4692 1345 4747 pes
1393 4671 1742 4730 dividiturbis
1771 4674 1897 4723 :aut
1926 4666 1980 4720 in

411 4785 621 4853 longam
648 4788 701 4837 et
734 4788 843 4834 tres
871 4776 1095 4837 breves;
1125 4780 1216 4825 aut
1260 4769 1311 4822 in
1336 4769 1546 4837 longam
1585 4774 1638 4819 et
1661 4764 1896 4827 brevem,
1928 4766 1983 4815 et

409 4875 542 4931 duas
564 4874 783 4935 breves;
813 4867 865 4922 id
891 4875 974 4922 est
1008 4871 1097 4918 aut
1135 4863 1187 4915 in
1224 4860 1327 4914 duo
1348 4869 1400 4912 et
1428 4858 1558 4923 tria;
1590 4864 1681 4911 aut
1705 4855 1760 4909 in
1781 4854 1900 4919 tria,
1928 4861 1981 4907 et

410 4968 517 5022 duo
541 4975 801 5035 tempora.
830 4956 1073 5014 Secundo
1104 4962 1279 5008 autem
1314 4951 1430 5005 loco
1474 4949 1642 5019 posita
1666 4949 1821 5018 longa
1856 4944 1984 5002 facit

410 5058 572 5113 alium
597 5054 806 5125 pedem,
846 5049 936 5121 qui
968 5062 1076 5102 uno
1108 5043 1268 5100 modo
1315 5050 1457 5097 recte
1483 5039 1755 5105 dividitur,
1784 5038 1838 5091 in
1882 5038 1982 5090 tria

408 5148 614 5204 scilicet
646 5152 698 5200 et
727 5143 830 5198 duo
856 5149 1116 5211 tempora,
1152 5144 1213 5191 ut
1240 5134 1382 5203 prior
1411 5146 1532 5201 pars
1559 5138 1736 5185 teneat
1764 5128 1981 5182 brevem

408 5248 465 5294 et
487 5238 717 5306 longam,
746 5231 1004 5302 posterior
1030 5228 1162 5282 duas
1202 5226 1409 5279 breves.
1452 5222 1618 5275 Porro
1668 5219 1822 5275 tertio
1862 5218 1981 5273 loco

409 5327 692 5385 constituta
735 5325 886 5392 longa
935 5319 1060 5374 facit
1084 5332 1205 5373 eum
1257 5314 1465 5385 pedem,
1498 5312 1587 5383 qui
1634 5325 1817 5366 rursus
1866 5323 1974 5362 uno

412 5417 570 5473 modo
600 5417 701 5470 rite
725 5411 1001 5473 dividitur;
1030 5408 1123 5463 sed
1158 5408 1228 5461 ita
1257 5414 1314 5460 ut
1342 5406 1484 5473 prior
1512 5418 1632 5473 pars
1659 5403 1847 5457 habeat
1874 5400 1980 5456 duo

410 5518 653 5576 tempora
674 5504 725 5557 in
755 5502 956 5556 duabus
984 5496 1227 5553 brevibus
1251 5495 1488 5566 syllabis,
1514 5493 1771 5563 posterior
1801 5491 1900 5546 tria
1925 5491 1980 5544 in

410 5598 565 5667 longa
600 5602 655 5650 et
678 5592 843 5648 brevi.
866 5590 1116 5658 Quartum
1144 5586 1333 5660 pedem
1350 5583 1473 5639 facit
1496 5584 1649 5653 longa
1672 5582 1874 5653 ultima,
1892 5586 1981 5655 qui

367 5826 374 5836 _
472 5770 491 5804 ⁸
521 5767 842 5830 Tenendum:
861 5769 936 5814 Er.
960 5762 1107 5827 Ludg.
1132 5770 1248 5812 ven.
1277 5768 1329 5811 et
1349 5766 1455 5811 uss.
1480 5768 1515 5811 Α
1537 5766 1590 5811 et
1610 5766 1656 5809 Β.
1733 5767 1789 5812 Il.

1734 352 1932 411 LIBER
1970 347 2340 411 SECUNDUS.

3510 346 3648 404 1106

2080 460 2285 516 duobus
2330 461 2503 515 modis
2527 459 2793 525 dividitur,
2827 465 2886 513 ut
2932 458 3021 512 ille
3062 458 3151 513 ubi
3179 460 3346 528 prima
3373 468 3455 514 est
3477 423 3640 517 {nam

2066 555 2151 610 vel
2171 556 2223 609 in
2252 555 2382 610 duas
2406 556 2612 619 breves,
2646 564 2699 609 et
2738 554 2949 608 brevem
2980 567 3040 606 ac
3064 552 3308 623 longam;
3342 552 3429 607 vel
3458 552 3510 606 in
3534 561 3640 607 tres

2070 649 2280 715 breves,
2305 648 2575 718 etlongam
2602 646 2786 717 partiri
2812 661 2932 700 eum
2954 646 3111 712 licet;
3139 643 3192 699 in
3214 642 3319 698 duo
3346 643 3567 708 scilicet,
3588 652 3645 699 et

2069 741 2198 806 tria;
2229 749 2320 795 aut
2360 739 2412 793 in
2441 738 2562 805 tria,
2590 746 2646 794 et
2690 738 2796 793 duo
2843 746 3102 805 tempora.
3133 734 3331 791 Omnes
3352 742 3527 789 autem
3554 734 3644 788 isti

2072 844 2300 906 quatuor
2325 832 2508 903 pedes,
2544 830 2631 886 ubi
2682 846 2802 885 cum
2833 829 2999 884 tribus
3025 825 3274 883 brevibus
3300 824 3447 881 varie
3486 824 3641 894 longa

2071 929 2379 991 collocatur,
2421 934 2787 996 sesquatorum
2836 936 3175 978 numerorum
3222 921 3431 976 ratione
3459 926 3637 989 partes

2069 1035 2194 1077 suas
2219 1021 2285 1076 ad
2315 1036 2372 1075 se
2398 1020 2617 1075 collatas
2638 1021 2654 1053 ¹
2678 1018 2891 1073 habent.

2140 1115 2227 1170 H.
2268 1113 2517 1183 Sequitur
2567 1123 2624 1169 ut
2666 1114 2733 1170 de
2756 1120 2981 1183 quatuor
3021 1107 3268 1165 brevibus
3297 1104 3507 1160 duabus
3543 1102 3642 1157 de—

2070 1209 2271 1274 tractis,
2318 1223 2416 1279 pro
2467 1207 2549 1261 his
2579 1207 2708 1261 duas
2736 1206 2918 1275 longas
2944 1202 3304 1271 snbjiciamus,
3334 1192 3639 1251 videamus-

2069 1316 2172 1371 que
2200 1309 2324 1369 quot
2362 1298 2556 1353 formas
2584 1314 2648 1353 ac
2673 1297 2834 1367 pedes
2858 1311 2976 1351 cum
3006 1295 3194 1350 breves
3215 1307 3279 1346 ac
3303 1290 3472 1358 longae
3501 1288 3640 1343 hinc

2070 1394 2195 1459 sint,
2226 1392 2429 1461 possint
2479 1389 2658 1445 edere.
2688 1388 2867 1443 Primo
2911 1387 3067 1455 igitur
3095 1383 3250 1438 video
3292 1381 3424 1436 duas
3450 1380 3639 1434 breves

2069 1492 2123 1542 ct
2150 1484 2280 1537 duas
2300 1482 2482 1550 longas
2502 1495 2621 1534 esse
2644 1477 2934 1549 ponendas,
2957 1475 3095 1546 quod
3117 1491 3147 1527 a
3168 1473 3415 1529 brevibus
3444 1471 3640 1525 rectius

2069 1573 2343 1630 exordium
2369 1572 2453 1627 sit.
2478 1571 2573 1625 Hic
2609 1579 2784 1624 autem
2810 1584 2899 1637 pes
2923 1568 3080 1622 habet
3118 1565 3381 1635 duplicem
3421 1562 3639 1617 divisio-

2070 1683 2192 1723 nem
2224 1685 2235 1720 :
2269 1676 2358 1721 aut
2383 1665 2523 1720 enim
2559 1664 2610 1717 in
2646 1663 2750 1716 duo
2774 1669 2828 1715 et
2866 1669 3108 1729 quatuor,
3147 1667 3236 1713 aut
3267 1657 3319 1710 in
3346 1664 3569 1725 quatuor
3589 1662 3643 1707 et

2070 1757 2173 1812 duo
2188 1756 2435 1811 dividitur
2452 1765 2685 1825 tempora
2704 1770 2717 1818 ;
2741 1762 2796 1806 ut
2815 1760 2905 1805 aut
2927 1750 3044 1805 dua:
3062 1751 3251 1803 breves
3271 1749 3497 1817 priorem
3521 1761 3641 1815 par-

2070 1860 2176 1907 tem
2203 1858 2433 1914 teneant,
2467 1859 2521 1906 et
2545 1847 2893 1920 posteriorem
2919 1844 3037 1900 duae
3060 1844 3264 1914 longas;
3286 1851 3376 1896 aut
3397 1850 3455 1896 ut
3491 1840 3639 1911 prio-

2070 1959 2184 1999 rem
2223 1944 2341 1997 dure
2374 1942 2558 1997 breves
2587 1950 2640 1997 et
2668 1941 2843 2010 longa,
2872 1936 3218 2008 posteriorem
3264 1943 3441 1987 autem
3484 1932 3639 2000 longa

2070 2051 2187 2104 quae
2214 2034 2414 2104 reliqua
2441 2040 2540 2089 est.
2574 2033 2658 2086 Fit
2699 2032 2830 2085 alius
2861 2044 2972 2098 pes,
3009 2043 3128 2082 cum
3170 2026 3287 2081 duae
3315 2025 3430 2080 istic
3456 2024 3643 2078 breves

2071 2142 2203 2198 quas
2232 2128 2284 2181 in
2309 2126 2480 2197 capite
2505 2137 2867 2193 posueramus,
2894 2121 2962 2175 ita
2993 2129 3049 2173 ut
3084 2118 3215 2173 ordo
3255 2118 3365 2188 ipse
3392 2114 3642 2185 postulat,

2072 2222 2125 2276 in
2155 2220 2329 2274 medio
2356 2217 2551 2272 fuerint
2576 2216 2866 2279 collocatae,
2896 2222 2949 2268 et
2976 2222 3057 2267 est
3087 2212 3242 2281 hujus
3280 2208 3428 2278 pedis
3456 2206 3644 2262 divisio

2072 2311 2124 2365 in
2154 2312 2251 2366 tria
2299 2319 2352 2365 et
2378 2310 2475 2364 tria
2520 2319 2753 2378 tempora
2780 2325 2792 2361 :
2821 2322 2941 2360 nam
2988 2304 3215 2374 priorem
3237 2310 3437 2371 partem
3488 2313 3646 2353 occu-

2072 2415 2199 2475 pant
2236 2404 2389 2473 longa
2427 2410 2483 2457 et
2518 2402 2713 2468 brevis,
2767 2399 3114 2469 posteriorem
3170 2395 3342 2450 brevis
3381 2402 3435 2448 et
3468 2392 3645 2461 longa.

2073 2496 2211 2552 Cum
2248 2504 2425 2550 autem
2457 2501 2721 2563 ponuntur
2766 2492 2816 2545 in
2835 2491 3039 2554 ultimo,
3069 2503 3189 2542 nam
3243 2486 3343 2539 hoc
3389 2484 3646 2553 sequitur,

2074 2588 2274 2643 faciunt
2294 2586 2479 2656 pedem
2496 2585 2718 2655 gemina:
2747 2582 3036 2645 divisionis,
3060 2580 3209 2648 cujus
3247 2586 3338 2631 aut
3357 2576 3501 2646 prior
3527 2589 3649 2643 pars

2077 2679 2268 2734 habeat
2293 2677 2397 2732 duo
2427 2685 2663 2745 tempora
2688 2675 2739 2728 in
2758 2689 2858 2727 una
2874 2672 3047 2741 longa,
3070 2667 3330 2739 posterior
3349 2674 3573 2737 quatuor
3596 2664 3648 2717 in

2075 2772 2230 2842 longa
2267 2781 2317 2825 et
2347 2769 2549 2824 duabus
2576 2767 2851 2831 brevibus;
2889 2772 2979 2818 aut
3007 2763 3151 2833 prior
3176 2770 3401 2830 quatuor
3428 2758 3479 2811 in
3510 2757 3646 2811 dua-

2076 2865 2175 2920 bus
2200 2863 2392 2933 longis,
2416 2860 2678 2931 posterior
2703 2859 2754 2911 in
2783 2856 2986 2910 duabus
3020 2853 3267 2908 brevibus
3296 2851 3420 2904 duo.
3450 2844 3649 2903 llorum

2078 2964 2254 3010 autem
2279 2955 2433 3007 trium
2456 2951 2645 3020 pedum
2663 2944 3009 3017 partes,quod
3030 2944 3095 2998 ad
3120 2944 3343 3013 primum
3365 2949 3420 2994 et
3439 2940 3651 2994 tertium

2078 3046 2291 3111 attinet,
2316 3042 2748 3112 complicatorum
2770 3050 3111 3092 numerorum
3139 3032 3344 3089 ratione
3375 3030 3475 3086 sibi
3503 3044 3653 3084 com-

2082 3144 2364 3208 parantur;
2389 3132 2592 3187 medius
2615 3130 2841 3200 aequales
2866 3142 2956 3183 eas
2972 3126 3145 3182 habet.

2154 3226 2240 3282 12.
2263 3226 2380 3281 Jam
2408 3224 2657 3291 deinceps
2686 3221 2800 3275 ista:
2828 3220 2947 3274 duae
2987 3217 3173 3273 breves
3213 3233 3329 3288 qua:
3354 3216 3651 3285 conjunctae

2081 3318 2432 3391 ponebantur,
2451 3314 2724 3384 disjunctte
2740 3311 2997 3382 ponendae
3016 3317 3137 3365 sunt
3159 3324 3175 3363 :
3200 3323 3421 3378 quarum
3440 3308 3658 3360 minima

2083 3408 2367 3479 disjunctio
2386 3416 2486 3473 est,
2510 3422 2539 3460 a
2568 3420 2671 3476 qua
2697 3404 2854 3459 etiam
2878 3400 3252 3471 incipiendum,
3286 3407 3341 3453 ut
3366 3413 3524 3452 unam
3551 3396 3658 3467 syl-

2083 3504 2259 3558 labam
2290 3503 2498 3571 longam
2548 3499 2685 3553 inter
2718 3512 2777 3551 se
2823 3495 3079 3556 habeant;
3119 3489 3367 3555 maxima,
3401 3498 3457 3542 ut
3503 3487 3653 3541 duas.

2087 3595 2195 3651 Sed
2220 3609 2341 3649 cum
2369 3608 2468 3646 una
2498 3599 2581 3647 est
2628 3592 2764 3645 inter
2788 3603 2899 3657 eas,
2924 3586 3129 3641 duobus
3158 3583 3330 3638 modis
3372 3581 3451 3648 ﬁt,
3480 3591 3533 3635 et
3553 3581 3659 3636 duo

2092 3686 2253 3756 pedes
2277 3687 2583 3755 gignuntur.
2604 3682 2756 3736 Prior
2778 3686 2954 3733 autem
2974 3687 3051 3732 est
3066 3678 3253 3730 horum
3280 3673 3578 3739 modorum,
3602 3682 3660 3727 ut

2084 3780 2140 3834 in
2154 3778 2325 3848 capite
2340 3777 2511 3831 brevis
2532 3775 2616 3838 sit,
2638 3772 2827 3829 deinde
2851 3772 3002 3841 longa
3026 3786 3040 3835 ;
3068 3768 3188 3822 inde
3205 3767 3398 3831 brevis,
3425 3776 3477 3820 et
3503 3766 3657 3835 longa

2084 3887 2201 3943 qua:
2216 3871 2415 3940 reliqua
2429 3877 2528 3924 est.
2542 3869 2689 3923 Alter
2707 3865 2892 3920 modus
2907 3874 3011 3929 est,
3026 3871 3082 3916 ut
3101 3864 3149 3915 in
3163 3859 3394 3915 secundo
3406 3859 3522 3913 etin
3538 3858 3661 3912 ulti-

2085 3980 2174 4021 mo
2195 3965 2301 4019 sint
2330 3964 2518 4019 breves
2549 4004 2562 4026 ,
2582 3962 2635 4016 in
2659 3961 2828 4030 primo
2845 3969 2896 4013 et
2918 3958 3070 4013 tertio
3097 3958 3214 4010 loco
3244 3956 3413 4023 longae
3442 3954 3545 4007 :ita
3561 3952 3662 4007 erit

2086 4058 2243 4127 longa
2259 4064 2312 4111 et
2336 4054 2531 4122 brevis,
2546 4054 2761 4122 etlonga
2774 4059 2829 4105 et
2848 4049 3042 4105 brevis.
3062 4048 3285 4103 Maxima
3308 4059 3433 4099 vero
3450 4044 3537 4099 illa
3551 4043 3661 4099 dis-

2083 4151 2284 4221 junctio
2309 4159 2412 4216 est,
2457 4163 2577 4203 cum
2614 4146 2731 4201 dua:
2759 4144 2927 4213 longae
2967 4142 3019 4195 in
3050 4139 3227 4195 medio
3251 4146 3394 4206 sunt,
3420 4136 3657 4194 brevium

2090 4251 2267 4297 autem
2296 4256 2398 4295 una
2427 4242 2480 4294 in
2524 4239 2717 4308 primo,
2742 4237 2906 4290 altera
2938 4234 2989 4287 in
3012 4242 3250 4287 extremo
3264 4231 3404 4285 loco.
3428 4228 3495 4283 Et
3516 4228 3652 4283 divi-

2086 4336 2283 4390 duntur
2310 4334 2347 4387 ii
2372 4342 2479 4388 tres
2503 4330 2684 4399 pedes,
2728 4330 2781 4382 in
2817 4327 3007 4397 quibus
3033 4325 3227 4379 breves
3270 4322 3547 4391 disjunctze
3566 4336 3663 4389 po-

2089 4436 2306 4490 nuntur,
2331 4426 2383 4479 in
2404 4425 2500 4477 tria
2516 4431 2569 4476 et
2590 4421 2689 4475 tria
2706 4429 2962 4486 tempora,
2986 4416 3037 4470 id
3064 4423 3145 4470 est
3170 4415 3368 4484 primus
3390 4413 3578 4468 horum
3609 4411 3663 4465 in

2086 4521 2301 4577 brevem
2331 4527 2385 4572 et
2406 4517 2636 4585 longam,
2668 4512 2950 4567 etbrevem
2977 4522 3040 4562 ac
3057 4508 3302 4577 longam:
3330 4504 3591 4561 secundus
3609 4503 3683 4557 in.

2089 4613 2299 4682 longam
2324 4624 2387 4664 ac
2429 4608 2666 4671 brevem,
2692 4614 2746 4659 et
2790 4603 3000 4672 longam
3028 4615 3093 4655 ac
3118 4600 3332 4655 brevem
3358 4616 3370 4651 :
3395 4597 3580 4651 tertius
3609 4596 3660 4648 in

2086 4701 2303 4757 brevem
2319 4715 2381 4753 ac
2402 4699 2628 4767 longam,
2660 4703 2713 4749 et
2736 4694 2946 4763 longam
2971 4706 3033 4745 ac
3050 4690 3287 4745 brevem.
3314 4689 3387 4741 ita
3417 4686 3546 4739 ﬁunt
3568 4699 3664 4738 sex

2087 4794 2252 4864 pedes
2279 4791 2481 4846 duabus
2506 4786 2754 4842 brevibus
2781 4794 2834 4838 et
2859 4783 3063 4838 duabus
3091 4781 3259 4851 longis
3282 4776 3496 4849 syllabis
3517 4775 3662 4829 varie
3735 4770 3744 4843 ζ

2087 4888 2228 4941 inter
2251 4900 2330 4951 se,
2359 4880 2531 4953 quoad
2559 4887 2796 4950 possunt,
2821 4876 3025 4931 locatis.

2160 4980 2245 5033 15.
2288 4976 2475 5032 Restat
2499 4980 2556 5027 ut
2575 4971 2640 5026 de
2661 4966 3145 5041 quatuorbrevibus
3170 4960 3514 5018 detrahantur
3530 4968 3659 5025 tres,

2090 5079 2143 5126 et
2163 5085 2258 5139 pro
2278 5067 2362 5121 his
2388 5074 2495 5120 tres
2533 5063 2701 5132 longae
2726 5060 3108 5115 constituantur
3139 5072 3152 5107 :
3180 5055 3282 5108 erit
3320 5068 3426 5107 una
3453 5051 3661 5116 brevis;

2088 5170 2144 5217 et
2168 5160 2290 5230 quia
2316 5173 2420 5211 una
2449 5154 2626 5210 brevis
2654 5153 2705 5206 in
2733 5150 2925 5219 capite,
2955 5161 3113 5218 quam
3144 5156 3250 5201 tres
3274 5144 3444 5213 longae
3476 5158 3665 5197 conse-

2087 5260 2331 5324 quentur,
2352 5248 2474 5302 facit
2488 5246 2645 5301 alium
2672 5242 2880 5312 pedem,
2895 5237 3127 5294 secundo
3146 5237 3264 5291 loco
3285 5235 3455 5306 posita
3475 5248 3664 5290 secun-

2093 5345 2239 5409 dum,
2274 5341 2484 5396 tertium
2534 5337 2711 5401 tertio,
2753 5342 2997 5404 quartum
3037 5339 3242 5401 quarto.
3275 5329 3507 5397 Quorum
3533 5344 3663 5398 qua-

2096 5446 2235 5502 tuor,
2267 5433 2370 5488 duo
2390 5430 2543 5501 primi
2563 5431 2615 5482 in
2638 5428 2735 5481 tria
2761 5434 3051 5495 etquatuor
3076 5432 3310 5491 tempora
3338 5421 3661 5486 dividuntur,

2090 5531 2197 5586 duo
2224 5535 2400 5582 autem
2454 5521 2774 5592 posteriores
2819 5518 2873 5573 in
2902 5524 3126 5590 quatuor
3153 5524 3206 5569 et
3237 5514 3354 5581 tria,
3386 5523 3440 5569 et
3480 5528 3665 5567 omnes

2093 5627 2461 5691 sesquatorum
2484 5623 2687 5669 ratione
2724 5624 3068 5667 numerorum
3107 5616 3282 5679 partes
3308 5605 3409 5663 sibi
3444 5605 3665 5662 collatas

2154 5784 2171 5815 ι
2190 5774 2623 5839 εοϋοοαιαθὶιιιη
2642 5777 2723 5823 Ms.
2750 5779 2784 5821 Α
2805 5783 2861 5822 ac
2879 5768 2991 5820 ωδ.
3017 5778 3188 5819 omnes
3266 5772 3326 5818 It.
