  <div class='ocr_page' id='page_1' title='image "/cluster/home/n/w/nwhite01/storage/ocr_20150623/32/hvd.32044015706328/573.png"; bbox 0 0 4096 6368; ppageno 0'>
   <div class='ocr_carea' id='block_1_1' title="bbox 454 364 584 440">
    <p class='ocr_par' dir='ltr' id='par_1_1' title="bbox 454 364 584 440">
     <span class='ocr_line' id='line_1_1' title="bbox 454 364 584 440; baseline -0.038 0"><span class='ocrx_word' id='word_1_1' title='bbox 454 364 584 440; x_wconf 71' lang='lat' dir='ltr'><strong>iter</strong></span> 
     </span>
    </p>
   </div>
   <div class='ocr_carea' id='block_1_2' title="bbox 448 467 2034 558">
    <p class='ocr_par' dir='ltr' id='par_1_2' title="bbox 448 467 2034 558">
     <span class='ocr_line' id='line_1_2' title="bbox 448 467 2034 558; baseline -0.021 -5"><span class='ocrx_word' id='word_1_2' title='bbox 448 494 651 553; x_wconf 86' lang='lat' dir='ltr'><strong>habent</strong></span> <span class='ocrx_word' id='word_1_3' title='bbox 678 507 693 549; x_wconf 74' lang='grc' dir='ltr'>ε</span> <span class='ocrx_word' id='word_1_4' title='bbox 718 496 845 546; x_wconf 84' lang='lat' dir='ltr'><strong>nam</strong></span> <span class='ocrx_word' id='word_1_5' title='bbox 863 478 1010 558; x_wconf 77' lang='lat' dir='ltr'><strong>prior</strong></span> <span class='ocrx_word' id='word_1_6' title='bbox 1027 497 1153 555; x_wconf 89' lang='lat' dir='ltr'><strong>pars</strong></span> <span class='ocrx_word' id='word_1_7' title='bbox 1182 477 1339 552; x_wconf 91' lang='lat' dir='ltr'><strong>primi</strong></span> <span class='ocrx_word' id='word_1_8' title='bbox 1368 482 1448 531; x_wconf 91' lang='lat' dir='ltr'><strong>cst</strong></span> <span class='ocrx_word' id='word_1_9' title='bbox 1474 470 1653 529; x_wconf 87' lang='lat' dir='ltr'><strong>brevis</strong></span> <span class='ocrx_word' id='word_1_10' title='bbox 1677 478 1738 558; x_wconf 84' lang='lat' dir='ltr'><strong>et</strong></span> <span class='ocrx_word' id='word_1_11' title='bbox 1755 467 1935 537; x_wconf 81' lang='lat' dir='ltr'><strong>longa,</strong></span> <span class='ocrx_word' id='word_1_12' title='bbox 1953 473 2034 520; x_wconf 77' lang='lat' dir='ltr'><strong>te-</strong></span> 
     </span>
    </p>
   </div>
   <div class='ocr_carea' id='block_1_3' title="bbox 450 556 2035 649">
    <p class='ocr_par' dir='ltr' id='par_1_3' title="bbox 450 556 2035 649">
     <span class='ocr_line' id='line_1_3' title="bbox 450 556 2035 649; baseline -0.021 -5"><span class='ocrx_word' id='word_1_13' title='bbox 450 602 587 644; x_wconf 90' lang='lat' dir='ltr'><strong>nens</strong></span> <span class='ocrx_word' id='word_1_14' title='bbox 628 584 732 640; x_wconf 84' lang='lat' dir='ltr'><strong>tria</strong></span> <span class='ocrx_word' id='word_1_15' title='bbox 758 556 1031 649; x_wconf 59' lang='lat' dir='ltr'><strong>tempore;</strong></span> <span class='ocrx_word' id='word_1_16' title='bbox 1066 572 1325 645; x_wconf 75' lang='lat' dir='ltr'><strong>posterior</strong></span> <span class='ocrx_word' id='word_1_17' title='bbox 1357 567 1475 623; x_wconf 66' lang='lat' dir='ltr'><strong>dua!</strong></span> <span class='ocrx_word' id='word_1_18' title='bbox 1511 565 1684 633; x_wconf 72' lang='lat' dir='ltr'><strong>longa:</strong></span> <span class='ocrx_word' id='word_1_19' title='bbox 1726 556 1780 616; x_wconf 78' lang='lat' dir='ltr'><strong>in</strong></span> <span class='ocrx_word' id='word_1_20' title='bbox 1808 567 2035 631; x_wconf 89' lang='lat' dir='ltr'><strong>quatuor</strong></span> 
     </span>
    </p>
   </div>
   <div class='ocr_carea' id='block_1_4' title="bbox 454 653 2035 749">
    <p class='ocr_par' dir='ltr' id='par_1_4' title="bbox 454 653 2035 749">
     <span class='ocr_line' id='line_1_4' title="bbox 454 653 2035 749; baseline -0.022 -11"><span class='ocrx_word' id='word_1_21' title='bbox 454 677 799 749; x_wconf 72' lang='lat' dir='ltr'><strong>temporibus.</strong></span> <span class='ocrx_word' id='word_1_22' title='bbox 815 664 1044 729; x_wconf 80' lang='lat' dir='ltr'><strong>Secundi</strong></span> <span class='ocrx_word' id='word_1_23' title='bbox 1064 667 1211 739; x_wconf 82' lang='lat' dir='ltr'><strong>prior</strong></span> <span class='ocrx_word' id='word_1_24' title='bbox 1220 668 1344 734; x_wconf 83' lang='lat' dir='ltr'><strong>pars</strong></span> <span class='ocrx_word' id='word_1_25' title='bbox 1357 668 1441 716; x_wconf 89' lang='lat' dir='ltr'><strong>est</strong></span> <span class='ocrx_word' id='word_1_26' title='bbox 1454 659 1612 726; x_wconf 76' lang='lat' dir='ltr'><strong>longa</strong></span> <span class='ocrx_word' id='word_1_27' title='bbox 1624 664 1678 709; x_wconf 92' lang='lat' dir='ltr'><strong>et</strong></span> <span class='ocrx_word' id='word_1_28' title='bbox 1693 653 1889 718; x_wconf 78' lang='lat' dir='ltr'><strong>brevis,</strong></span> <span class='ocrx_word' id='word_1_29' title='bbox 1906 663 2035 720; x_wconf 85' lang='lat' dir='ltr'><strong>ergo</strong></span> 
     </span>
    </p>
   </div>
   <div class='ocr_carea' id='block_1_5' title="bbox 446 753 2030 840">
    <p class='ocr_par' dir='ltr' id='par_1_5' title="bbox 446 753 2030 840">
     <span class='ocr_line' id='line_1_5' title="bbox 446 753 2030 840; baseline -0.023 -10"><span class='ocrx_word' id='word_1_30' title='bbox 446 774 551 831; x_wconf 78' lang='lat' dir='ltr'><strong>tria</strong></span> <span class='ocrx_word' id='word_1_31' title='bbox 580 780 851 840; x_wconf 89' lang='lat' dir='ltr'><strong>tempora;</strong></span> <span class='ocrx_word' id='word_1_32' title='bbox 878 760 1138 835; x_wconf 77' lang='lat' dir='ltr'><strong>posterior</strong></span> <span class='ocrx_word' id='word_1_33' title='bbox 1160 758 1275 812; x_wconf 68' lang='lat' dir='ltr'><strong>duae</strong></span> <span class='ocrx_word' id='word_1_34' title='bbox 1292 757 1485 823; x_wconf 59' lang='lat' dir='ltr'><strong>longae,</strong></span> <span class='ocrx_word' id='word_1_35' title='bbox 1515 756 1742 820; x_wconf 90' lang='lat' dir='ltr'><strong>quatuor</strong></span> <span class='ocrx_word' id='word_1_36' title='bbox 1768 753 2030 813; x_wconf 86' lang='lat' dir='ltr'><strong>tempora.</strong></span> 
     </span>
    </p>
   </div>
   <div class='ocr_carea' id='block_1_6' title="bbox 451 837 2035 933">
    <p class='ocr_par' dir='ltr' id='par_1_6' title="bbox 451 837 2035 933">
     <span class='ocr_line' id='line_1_6' title="bbox 451 837 2035 933; baseline -0.023 -10"><span class='ocrx_word' id='word_1_37' title='bbox 451 864 666 922; x_wconf 88' lang='lat' dir='ltr'><strong>Tertius</strong></span> <span class='ocrx_word' id='word_1_38' title='bbox 695 837 925 933; x_wconf 80' lang='lat' dir='ltr'><strong>priorem</strong></span> <span class='ocrx_word' id='word_1_39' title='bbox 954 858 1160 926; x_wconf 89' lang='lat' dir='ltr'><strong>partem</strong></span> <span class='ocrx_word' id='word_1_40' title='bbox 1180 849 1341 904; x_wconf 84' lang='lat' dir='ltr'><strong>habet</strong></span> <span class='ocrx_word' id='word_1_41' title='bbox 1369 848 1423 901; x_wconf 87' lang='lat' dir='ltr'><strong>in</strong></span> <span class='ocrx_word' id='word_1_42' title='bbox 1453 842 1658 900; x_wconf 87' lang='lat' dir='ltr'><strong>duabus</strong></span> <span class='ocrx_word' id='word_1_43' title='bbox 1685 837 1882 933; x_wconf 81' lang='lat' dir='ltr'><strong>longis,</strong></span> <span class='ocrx_word' id='word_1_44' title='bbox 1900 849 2035 933; x_wconf 76' lang='lat' dir='ltr'><strong>qua-</strong></span> 
     </span>
    </p>
   </div>
   <div class='ocr_carea' id='block_1_7' title="bbox 451 928 2038 1024">
    <p class='ocr_par' dir='ltr' id='par_1_7' title="bbox 451 928 2038 1024">
     <span class='ocr_line' id='line_1_7' title="bbox 451 928 2038 1024; baseline -0.023 -8"><span class='ocrx_word' id='word_1_45' title='bbox 451 968 574 1016; x_wconf 89' lang='lat' dir='ltr'><strong>tuor</strong></span> <span class='ocrx_word' id='word_1_46' title='bbox 624 928 982 1024; x_wconf 67' lang='lat' dir='ltr'><strong>temporibus;</strong></span> <span class='ocrx_word' id='word_1_47' title='bbox 1028 942 1378 1018; x_wconf 72' lang='lat' dir='ltr'><strong>pos‘teriOrem</strong></span> <span class='ocrx_word' id='word_1_48' title='bbox 1406 938 1522 1007; x_wconf 83' lang='lat' dir='ltr'><strong>ejus</strong></span> <span class='ocrx_word' id='word_1_49' title='bbox 1542 942 1749 1005; x_wconf 85' lang='lat' dir='ltr'><strong>partem</strong></span> <span class='ocrx_word' id='word_1_50' title='bbox 1770 928 1951 984; x_wconf 79' lang='lat' dir='ltr'><strong>brevis</strong></span> <span class='ocrx_word' id='word_1_51' title='bbox 1979 933 2038 982; x_wconf 84' lang='lat' dir='ltr'><strong>et</strong></span> 
     </span>
    </p>
   </div>
   <div class='ocr_carea' id='block_1_8' title="bbox 449 1022 2035 1122">
    <p class='ocr_par' dir='ltr' id='par_1_8' title="bbox 449 1022 2035 1122">
     <span class='ocr_line' id='line_1_8' title="bbox 449 1022 2035 1122; baseline -0.021 -12"><span class='ocrx_word' id='word_1_52' title='bbox 449 1053 606 1122; x_wconf 83' lang='lat' dir='ltr'><strong>longa</strong></span> <span class='ocrx_word' id='word_1_53' title='bbox 633 1022 860 1113; x_wconf 82' lang='lat' dir='ltr'><strong>obtinet,</strong></span> <span class='ocrx_word' id='word_1_54' title='bbox 890 1041 945 1098; x_wconf 89' lang='lat' dir='ltr'><strong>id</strong></span> <span class='ocrx_word' id='word_1_55' title='bbox 986 1048 1069 1096; x_wconf 91' lang='lat' dir='ltr'><strong>est</strong></span> <span class='ocrx_word' id='word_1_56' title='bbox 1116 1037 1220 1093; x_wconf 85' lang='lat' dir='ltr'><strong>tria</strong></span> <span class='ocrx_word' id='word_1_57' title='bbox 1264 1040 1525 1103; x_wconf 73' lang='lat' dir='ltr'><strong>tempora.</strong></span> <span class='ocrx_word' id='word_1_58' title='bbox 1566 1023 1754 1094; x_wconf 79' lang='lat' dir='ltr'><strong>Quarti</strong></span> <span class='ocrx_word' id='word_1_59' title='bbox 1796 1022 2035 1093; x_wconf 85' lang='lat' dir='ltr'><strong>priorem</strong></span> 
     </span>
    </p>
   </div>
   <div class='ocr_carea' id='block_1_9' title="bbox 449 1120 2035 1219">
    <p class='ocr_par' dir='ltr' id='par_1_9' title="bbox 449 1120 2035 1219">
     <span class='ocr_line' id='line_1_9' title="bbox 449 1120 2035 1219; baseline -0.024 -17"><span class='ocrx_word' id='word_1_60' title='bbox 449 1120 656 1219; x_wconf 79' lang='lat' dir='ltr'><strong>partem</strong></span> <span class='ocrx_word' id='word_1_61' title='bbox 690 1132 935 1195; x_wconf 70' lang='lat' dir='ltr'><strong>similiter</strong></span> <span class='ocrx_word' id='word_1_62' title='bbox 968 1126 1167 1219; x_wconf 72' lang='lat' dir='ltr'><strong>iaciunt</strong></span> <span class='ocrx_word' id='word_1_63' title='bbox 1185 1127 1311 1185; x_wconf 50' lang='lat' dir='ltr'><strong>“suae</strong></span> <span class='ocrx_word' id='word_1_64' title='bbox 1346 1126 1540 1219; x_wconf 60' lang='lat' dir='ltr'><strong>longae,</strong></span> <span class='ocrx_word' id='word_1_65' title='bbox 1574 1126 1799 1219; x_wconf 70' lang='lat' dir='ltr'><strong>quatuor</strong></span> <span class='ocrx_word' id='word_1_66' title='bbox 1822 1120 2035 1217; x_wconf 73' lang='lat' dir='ltr'><strong>tempo-</strong></span> 
     </span>
    </p>
   </div>
   <div class='ocr_carea' id='block_1_10' title="bbox 450 1205 2035 1301">
    <p class='ocr_par' dir='ltr' id='par_1_10' title="bbox 450 1205 2035 1301">
     <span class='ocr_line' id='line_1_10' title="bbox 450 1205 2035 1301; baseline -0.023 -8"><span class='ocrx_word' id='word_1_67' title='bbox 450 1205 601 1300; x_wconf 65' lang='lat' dir='ltr'><strong>i-um;</strong></span> <span class='ocrx_word' id='word_1_68' title='bbox 647 1240 700 1288; x_wconf 91' lang='lat' dir='ltr'><strong>et</strong></span> <span class='ocrx_word' id='word_1_69' title='bbox 717 1224 1069 1301; x_wconf 68' lang='lat' dir='ltr'><strong>posteriorem</strong></span> <span class='ocrx_word' id='word_1_70' title='bbox 1092 1210 1251 1292; x_wconf 77' lang='lat' dir='ltr'><strong>leuga</strong></span> <span class='ocrx_word' id='word_1_71' title='bbox 1282 1225 1339 1274; x_wconf 86' lang='lat' dir='ltr'><strong>et</strong></span> <span class='ocrx_word' id='word_1_72' title='bbox 1372 1212 1569 1279; x_wconf 85' lang='lat' dir='ltr'><strong>brevis,</strong></span> <span class='ocrx_word' id='word_1_73' title='bbox 1600 1210 1768 1266; x_wconf 85' lang='lat' dir='ltr'><strong>tribus</strong></span> <span class='ocrx_word' id='word_1_74' title='bbox 1782 1205 2035 1275; x_wconf 82' lang='lat' dir='ltr'><strong>tempori-</strong></span> 
     </span>
    </p>
   </div>
   <div class='ocr_carea' id='block_1_11' title="bbox 446 1300 2035 1396">
    <p class='ocr_par' dir='ltr' id='par_1_11' title="bbox 446 1300 2035 1396">
     <span class='ocr_line' id='line_1_11' title="bbox 446 1300 2035 1396; baseline -0.021 -12"><span class='ocrx_word' id='word_1_75' title='bbox 446 1330 567 1387; x_wconf 89' lang='lat' dir='ltr'><strong>bus.</strong></span> <span class='ocrx_word' id='word_1_76' title='bbox 589 1316 847 1396; x_wconf 76' lang='lat' dir='ltr'><strong>Reliquus</strong></span> <span class='ocrx_word' id='word_1_77' title='bbox 866 1322 963 1393; x_wconf 82' lang='lat' dir='ltr'><strong>pes</strong></span> <span class='ocrx_word' id='word_1_78' title='bbox 982 1328 1063 1375; x_wconf 89' lang='lat' dir='ltr'><strong>est</strong></span> <span class='ocrx_word' id='word_1_79' title='bbox 1089 1316 1317 1387; x_wconf 81' lang='lat' dir='ltr'><strong>quatuor</strong></span> <span class='ocrx_word' id='word_1_80' title='bbox 1343 1307 1683 1381; x_wconf 80' lang='lat' dir='ltr'><strong>syllabarum,</strong></span> <span class='ocrx_word' id='word_1_81' title='bbox 1728 1300 1821 1355; x_wconf 86' lang='lat' dir='ltr'><strong>ubi</strong></span> <span class='ocrx_word' id='word_1_82' title='bbox 1846 1312 2035 1396; x_wconf 63' lang='lat' dir='ltr'><strong>omnes</strong></span> 
     </span>
    </p>
   </div>
   <div class='ocr_carea' id='block_1_12' title="bbox 448 1390 2035 1480">
    <p class='ocr_par' dir='ltr' id='par_1_12' title="bbox 448 1390 2035 1480">
     <span class='ocr_line' id='line_1_12' title="bbox 448 1390 2035 1480; baseline -0.02 -5"><span class='ocrx_word' id='word_1_83' title='bbox 448 1390 760 1475; x_wconf 76' lang='lat' dir='ltr'><strong>auferuntur</strong></span> <span class='ocrx_word' id='word_1_84' title='bbox 786 1390 998 1480; x_wconf 80' lang='lat' dir='ltr'><strong>breves,</strong></span> <span class='ocrx_word' id='word_1_85' title='bbox 1017 1417 1074 1466; x_wconf 91' lang='lat' dir='ltr'><strong>ut</strong></span> <span class='ocrx_word' id='word_1_86' title='bbox 1100 1415 1326 1478; x_wconf 84' lang='lat' dir='ltr'><strong>quatuor</strong></span> <span class='ocrx_word' id='word_1_87' title='bbox 1340 1400 1517 1472; x_wconf 83' lang='lat' dir='ltr'><strong>longis</strong></span> <span class='ocrx_word' id='word_1_88' title='bbox 1546 1408 1641 1468; x_wconf 92' lang='lat' dir='ltr'><strong>pes</strong></span> <span class='ocrx_word' id='word_1_89' title='bbox 1682 1399 1909 1450; x_wconf 80' lang='lat' dir='ltr'><strong>constet.</strong></span> <span class='ocrx_word' id='word_1_90' title='bbox 1939 1390 2035 1445; x_wconf 85' lang='lat' dir='ltr'><strong>Hic</strong></span> 
     </span>
    </p>
   </div>
   <div class='ocr_carea' id='block_1_13' title="bbox 448 1486 2030 1573">
    <p class='ocr_par' dir='ltr' id='par_1_13' title="bbox 448 1486 2030 1573">
     <span class='ocr_line' id='line_1_13' title="bbox 448 1486 2030 1573; baseline -0.018 -7"><span class='ocrx_word' id='word_1_91' title='bbox 448 1512 501 1567; x_wconf 89' lang='lat' dir='ltr'><strong>in</strong></span> <span class='ocrx_word' id='word_1_92' title='bbox 528 1510 658 1565; x_wconf 87' lang='lat' dir='ltr'><strong>duas</strong></span> <span class='ocrx_word' id='word_1_93' title='bbox 706 1515 761 1565; x_wconf 92' lang='lat' dir='ltr'><strong>et</strong></span> <span class='ocrx_word' id='word_1_94' title='bbox 788 1505 920 1563; x_wconf 87' lang='lat' dir='ltr'><strong>duas</strong></span> <span class='ocrx_word' id='word_1_95' title='bbox 952 1504 1136 1573; x_wconf 80' lang='lat' dir='ltr'><strong>longas</strong></span> <span class='ocrx_word' id='word_1_96' title='bbox 1165 1492 1456 1554; x_wconf 76' lang='lat' dir='ltr'><strong>secundum</strong></span> <span class='ocrx_word' id='word_1_97' title='bbox 1488 1486 1720 1560; x_wconf 60' lang='lat' dir='ltr'><strong>aquales</strong></span> <span class='ocrx_word' id='word_1_98' title='bbox 1757 1497 2030 1551; x_wconf 88' lang='lat' dir='ltr'><strong>numeros,</strong></span> 
     </span>
    </p>
   </div>
   <div class='ocr_carea' id='block_1_14' title="bbox 450 1578 2030 1669">
    <p class='ocr_par' dir='ltr' id='par_1_14' title="bbox 450 1578 2030 1669">
     <span class='ocr_line' id='line_1_14' title="bbox 450 1578 2030 1669; baseline -0.018 -13"><span class='ocrx_word' id='word_1_99' title='bbox 450 1600 502 1656; x_wconf 89' lang='lat' dir='ltr'><strong>id</strong></span> <span class='ocrx_word' id='word_1_100' title='bbox 527 1610 609 1657; x_wconf 87' lang='lat' dir='ltr'><strong>est</strong></span> <span class='ocrx_word' id='word_1_101' title='bbox 629 1601 683 1665; x_wconf 82' lang='lat' dir='ltr'><strong>in</strong></span> <span class='ocrx_word' id='word_1_102' title='bbox 696 1592 987 1669; x_wconf 74' lang='lat' dir='ltr'><strong>quatuor‘et</strong></span> <span class='ocrx_word' id='word_1_103' title='bbox 1006 1600 1233 1663; x_wconf 84' lang='lat' dir='ltr'><strong>quatuor</strong></span> <span class='ocrx_word' id='word_1_104' title='bbox 1246 1578 1755 1641; x_wconf 82' lang='lat' dir='ltr'><strong>videlicetdividitur</strong></span> <span class='ocrx_word' id='word_1_105' title='bbox 1770 1584 2030 1646; x_wconf 88' lang='lat' dir='ltr'><strong>tempora.</strong></span> 
     </span>
    </p>
   </div>
   <div class='ocr_carea' id='block_1_15' title="bbox 450 1669 2035 1763">
    <p class='ocr_par' dir='ltr' id='par_1_15' title="bbox 450 1669 2035 1763">
     <span class='ocr_line' id='line_1_15' title="bbox 450 1669 2035 1763; baseline -0.017 -13"><span class='ocrx_word' id='word_1_106' title='bbox 450 1694 628 1750; x_wconf 80' lang='lat' dir='ltr'><strong>[labes</strong></span> <span class='ocrx_word' id='word_1_107' title='bbox 667 1691 809 1763; x_wconf 89' lang='lat' dir='ltr'><strong>quod</strong></span> <span class='ocrx_word' id='word_1_108' title='bbox 861 1692 956 1761; x_wconf 78' lang='lat' dir='ltr'><strong>per</strong></span> <span class='ocrx_word' id='word_1_109' title='bbox 983 1685 1247 1754; x_wconf 85' lang='lat' dir='ltr'><strong>meipsum</strong></span> <span class='ocrx_word' id='word_1_110' title='bbox 1292 1674 1545 1748; x_wconf 80' lang='lat' dir='ltr'><strong>explicari</strong></span> <span class='ocrx_word' id='word_1_111' title='bbox 1593 1669 1844 1729; x_wconf 81' lang='lat' dir='ltr'><strong>voluisti:</strong></span> <span class='ocrx_word' id='word_1_112' title='bbox 1873 1680 2035 1740; x_wconf 78' lang='lat' dir='ltr'><strong>perge</strong></span> 
     </span>
    </p>
   </div>
   <div class='ocr_carea' id='block_1_16' title="bbox 442 1770 1325 1856">
    <p class='ocr_par' dir='ltr' id='par_1_16' title="bbox 442 1770 1325 1856">
     <span class='ocr_line' id='line_1_16' title="bbox 442 1770 1325 1856; baseline -0.033 0"><span class='ocrx_word' id='word_1_113' title='bbox 442 1786 555 1856; x_wconf 64' lang='lat' dir='ltr'><strong>iam</strong></span> <span class='ocrx_word' id='word_1_114' title='bbox 576 1783 815 1855; x_wconf 82' lang='lat' dir='ltr'><strong>rogando</strong></span> <span class='ocrx_word' id='word_1_115' title='bbox 836 1776 1089 1853; x_wconf 89' lang='lat' dir='ltr'><strong>persequi</strong></span> <span class='ocrx_word' id='word_1_116' title='bbox 1111 1770 1325 1832; x_wconf 70' lang='lat' dir='ltr'><strong>caetera.</strong></span> 
     </span>
    </p>
   </div>
   <div class='ocr_carea' id='block_1_17' title="bbox 447 1856 2034 1937">
    <p class='ocr_par' dir='ltr' id='par_1_17' title="bbox 447 1856 2034 1937">
     <span class='ocr_line' id='line_1_17' title="bbox 447 1856 2034 1937; baseline -0.017 -2"><span class='ocrx_word' id='word_1_117' title='bbox 447 1874 677 1935; x_wconf 83' lang='lat' dir='ltr'><strong>CAPUT</strong></span> <span class='ocrx_word' id='word_1_118' title='bbox 714 1864 824 1932; x_wconf 73' lang='lat' dir='ltr'><strong>VII.</strong></span> <span class='ocrx_word' id='word_1_119' title='bbox 850 1886 926 1917; x_wconf 72' lang='grc' dir='ltr'><strong>ε·-</strong></span> <span class='ocrx_word' id='word_1_120' title='bbox 943 1859 1133 1929; x_wconf 67' lang='lat' dir='ltr'><strong>Versus</strong></span> <span class='ocrx_word' id='word_1_121' title='bbox 1152 1872 1289 1923; x_wconf 69' lang='lat' dir='ltr'><strong>&quot;certo</strong></span> <span class='ocrx_word' id='word_1_122' title='bbox 1312 1862 1515 1937; x_wconf 64' lang='lat' dir='ltr'><strong>pedum,</strong></span> <span class='ocrx_word' id='word_1_123' title='bbox 1532 1866 1589 1916; x_wconf 77' lang='lat' dir='ltr'><strong>ut</strong></span> <span class='ocrx_word' id='word_1_124' title='bbox 1605 1874 1696 1933; x_wconf 74' lang='lat' dir='ltr'><strong>pes</strong></span> <span class='ocrx_word' id='word_1_125' title='bbox 1722 1856 2034 1930; x_wconf 70' lang='lat' dir='ltr'><strong>syllabarum</strong></span> 
     </span>
    </p>
   </div>
   <div class='ocr_carea' id='block_1_18' title="bbox 1016 1962 1467 2018">
    <p class='ocr_par' dir='ltr' id='par_1_18' title="bbox 1016 1962 1467 2018">
     <span class='ocr_line' id='line_1_18' title="bbox 1016 1962 1467 2018; baseline -0.022 0"><span class='ocrx_word' id='word_1_126' title='bbox 1016 1962 1228 2018; x_wconf 70' lang='lat' dir='ltr'><strong>numero</strong></span> <span class='ocrx_word' id='word_1_127' title='bbox 1255 1962 1467 2014; x_wconf 74' lang='lat' dir='ltr'><strong>constat.</strong></span> 
     </span>
    </p>
   </div>
   <div class='ocr_carea' id='block_1_19' title="bbox 520 2044 2035 2118">
    <p class='ocr_par' dir='ltr' id='par_1_19' title="bbox 520 2044 2035 2118">
     <span class='ocr_line' id='line_1_19' title="bbox 520 2044 2035 2118; baseline -0.015 0"><span class='ocrx_word' id='word_1_128' title='bbox 520 2048 610 2118; x_wconf 67' lang='grc' dir='ltr'><strong>Η.</strong></span> <span class='ocrx_word' id='word_1_129' title='bbox 650 2056 730 2114; x_wconf 74' lang='grc' dir='ltr'><strong>Μ.</strong></span> <span class='ocrx_word' id='word_1_130' title='bbox 760 2056 1013 2115; x_wconf 80' lang='lat' dir='ltr'><strong>Faciam:</strong></span> <span class='ocrx_word' id='word_1_131' title='bbox 1045 2054 1140 2111; x_wconf 88' lang='lat' dir='ltr'><strong>sed</strong></span> <span class='ocrx_word' id='word_1_132' title='bbox 1168 2052 1370 2109; x_wconf 81' lang='lat' dir='ltr'><strong>satisne</strong></span> <span class='ocrx_word' id='word_1_133' title='bbox 1395 2044 1749 2104; x_wconf 85' lang='lat' dir='ltr'><strong>considerasti</strong></span> <span class='ocrx_word' id='word_1_134' title='bbox 1781 2050 2035 2114; x_wconf 84' lang='lat' dir='ltr'><strong>progres-</strong></span> 
     </span>
    </p>
   </div>
   <div class='ocr_carea' id='block_1_20' title="bbox 449 2140 2034 2219">
    <p class='ocr_par' dir='ltr' id='par_1_20' title="bbox 449 2140 2034 2219">
     <span class='ocr_line' id='line_1_20' title="bbox 449 2140 2034 2219; baseline -0.015 -8"><span class='ocrx_word' id='word_1_135' title='bbox 449 2155 657 2211; x_wconf 87' lang='lat' dir='ltr'><strong>sionem</strong></span> <span class='ocrx_word' id='word_1_136' title='bbox 681 2150 836 2206; x_wconf 77' lang='lat' dir='ltr'><strong>istam</strong></span> <span class='ocrx_word' id='word_1_137' title='bbox 864 2156 1031 2219; x_wconf 90' lang='lat' dir='ltr'><strong>usque</strong></span> <span class='ocrx_word' id='word_1_138' title='bbox 1055 2144 1121 2201; x_wconf 91' lang='lat' dir='ltr'><strong>a‘d</strong></span> <span class='ocrx_word' id='word_1_139' title='bbox 1146 2140 1538 2217; x_wconf 83' lang='lat' dir='ltr'><strong>quaternarium</strong></span> <span class='ocrx_word' id='word_1_140' title='bbox 1576 2145 1881 2203; x_wconf 84' lang='lat' dir='ltr'><strong>numerum,</strong></span> <span class='ocrx_word' id='word_1_141' title='bbox 1912 2146 2034 2205; x_wconf 60' lang='lat' dir='ltr'><strong>qua</strong></span> 
     </span>
    </p>
   </div>
   <div class='ocr_carea' id='block_1_21' title="bbox 449 2227 2037 2315">
    <p class='ocr_par' dir='ltr' id='par_1_21' title="bbox 449 2227 2037 2315">
     <span class='ocr_line' id='line_1_21' title="bbox 449 2227 2037 2315; baseline -0.014 -13"><span class='ocrx_word' id='word_1_142' title='bbox 449 2247 507 2303; x_wconf 88' lang='lat' dir='ltr'><strong>in</strong></span> <span class='ocrx_word' id='word_1_143' title='bbox 536 2244 664 2315; x_wconf 90' lang='lat' dir='ltr'><strong>ipsis</strong></span> <span class='ocrx_word' id='word_1_144' title='bbox 679 2241 916 2299; x_wconf 89' lang='lat' dir='ltr'><strong>numeris</strong></span> <span class='ocrx_word' id='word_1_145' title='bbox 932 2232 1291 2295; x_wconf 83' lang='lat' dir='ltr'><strong>demonstrata</strong></span> <span class='ocrx_word' id='word_1_146' title='bbox 1306 2240 1408 2302; x_wconf 90' lang='lat' dir='ltr'><strong>est,</strong></span> <span class='ocrx_word' id='word_1_147' title='bbox 1424 2242 1677 2303; x_wconf 87' lang='lat' dir='ltr'><strong>quantum</strong></span> <span class='ocrx_word' id='word_1_148' title='bbox 1697 2230 1748 2283; x_wconf 88' lang='lat' dir='ltr'><strong>in</strong></span> <span class='ocrx_word' id='word_1_149' title='bbox 1767 2228 1849 2283; x_wconf 89' lang='lat' dir='ltr'><strong>bis</strong></span> <span class='ocrx_word' id='word_1_150' title='bbox 1874 2227 2037 2281; x_wconf 87' lang='lat' dir='ltr'><strong>etiam</strong></span> 
     </span>
    </p>
   </div>
   <div class='ocr_carea' id='block_1_22' title="bbox 452 2320 2038 2409">
    <p class='ocr_par' dir='ltr' id='par_1_22' title="bbox 452 2320 2038 2409">
     <span class='ocr_line' id='line_1_22' title="bbox 452 2320 2038 2409; baseline -0.015 -15"><span class='ocrx_word' id='word_1_151' title='bbox 452 2336 678 2409; x_wconf 86' lang='lat' dir='ltr'><strong>pedibus</strong></span> <span class='ocrx_word' id='word_1_152' title='bbox 702 2330 878 2390; x_wconf 78' lang='lat' dir='ltr'><strong>valet?</strong></span> <span class='ocrx_word' id='word_1_153' title='bbox 900 2330 968 2386; x_wconf 84' lang='lat' dir='ltr'><strong>D.</strong></span> <span class='ocrx_word' id='word_1_154' title='bbox 996 2324 1072 2386; x_wconf 83' lang='lat' dir='ltr'><strong>Ita</strong></span> <span class='ocrx_word' id='word_1_155' title='bbox 1095 2343 1225 2384; x_wconf 89' lang='lat' dir='ltr'><strong>sane</strong></span> <span class='ocrx_word' id='word_1_156' title='bbox 1248 2328 1305 2382; x_wconf 88' lang='lat' dir='ltr'><strong>in</strong></span> <span class='ocrx_word' id='word_1_157' title='bbox 1323 2326 1407 2381; x_wconf 89' lang='lat' dir='ltr'><strong>bis</strong></span> <span class='ocrx_word' id='word_1_158' title='bbox 1432 2332 1494 2379; x_wconf 92' lang='lat' dir='ltr'><strong>ut</strong></span> <span class='ocrx_word' id='word_1_159' title='bbox 1530 2323 1587 2377; x_wconf 89' lang='lat' dir='ltr'><strong>in</strong></span> <span class='ocrx_word' id='word_1_160' title='bbox 1609 2320 1715 2376; x_wconf 87' lang='lat' dir='ltr'><strong>illis</strong></span> <span class='ocrx_word' id='word_1_161' title='bbox 1741 2320 1876 2374; x_wconf 84' lang='lat' dir='ltr'><strong>hanc</strong></span> <span class='ocrx_word' id='word_1_162' title='bbox 1906 2330 2038 2387; x_wconf 86' lang='lat' dir='ltr'><strong>pro-</strong></span> 
     </span>
    </p>
   </div>
   <div class='ocr_carea' id='block_1_23' title="bbox 448 2413 2040 2503">
    <p class='ocr_par' dir='ltr' id='par_1_23' title="bbox 448 2413 2040 2503">
     <span class='ocr_line' id='line_1_23' title="bbox 448 2413 2040 2503; baseline -0.014 -18"><span class='ocrx_word' id='word_1_163' title='bbox 448 2426 723 2503; x_wconf 85' lang='lat' dir='ltr'><strong>grediendi</strong></span> <span class='ocrx_word' id='word_1_164' title='bbox 752 2425 1009 2482; x_wconf 89' lang='lat' dir='ltr'><strong>rationem</strong></span> <span class='ocrx_word' id='word_1_165' title='bbox 1040 2421 1228 2494; x_wconf 88' lang='lat' dir='ltr'><strong>probo.</strong></span> <span class='ocrx_word' id='word_1_166' title='bbox 1285 2418 1360 2473; x_wconf 79' lang='lat' dir='ltr'><strong>M.</strong></span> <span class='ocrx_word' id='word_1_167' title='bbox 1403 2415 1541 2486; x_wconf 82' lang='lat' dir='ltr'><strong>Quid</strong></span> <span class='ocrx_word' id='word_1_168' title='bbox 1570 2413 1738 2469; x_wconf 87' lang='lat' dir='ltr'><strong>illud?</strong></span> <span class='ocrx_word' id='word_1_169' title='bbox 1764 2420 1945 2467; x_wconf 79' lang='lat' dir='ltr'><strong>nonne</strong></span> 
     </span>
    </p>
   </div>
   <div class='ocr_carea' id='block_1_24' title="bbox 456 2498 2039 2592">
    <p class='ocr_par' dir='ltr' id='par_1_24' title="bbox 456 2498 2039 2592">
     <span class='ocr_line' id='line_1_24' title="bbox 456 2498 2039 2592; baseline -0.015 -13"><span class='ocrx_word' id='word_1_170' title='bbox 456 2498 723 2580; x_wconf 73' lang='lat' dir='ltr'><strong>contextis</strong></span> <span class='ocrx_word' id='word_1_171' title='bbox 749 2518 966 2592; x_wconf 76' lang='lat' dir='ltr'><strong>syllabis</strong></span> <span class='ocrx_word' id='word_1_172' title='bbox 989 2515 1155 2589; x_wconf 89' lang='lat' dir='ltr'><strong>pedes</strong></span> <span class='ocrx_word' id='word_1_173' title='bbox 1183 2512 1308 2568; x_wconf 79' lang='lat' dir='ltr'><strong>facti</strong></span> <span class='ocrx_word' id='word_1_174' title='bbox 1324 2516 1467 2577; x_wconf 89' lang='lat' dir='ltr'><strong>sunt,</strong></span> <span class='ocrx_word' id='word_1_175' title='bbox 1499 2508 1571 2562; x_wconf 88' lang='lat' dir='ltr'><strong>ita</strong></span> <span class='ocrx_word' id='word_1_176' title='bbox 1592 2506 1751 2562; x_wconf 82' lang='lat' dir='ltr'><strong>etiam</strong></span> <span class='ocrx_word' id='word_1_177' title='bbox 1775 2498 2039 2559; x_wconf 80' lang='lat' dir='ltr'><strong>contextis</strong></span> 
     </span>
    </p>
   </div>
   <div class='ocr_carea' id='block_1_25' title="bbox 451 2590 2040 2688">
    <p class='ocr_par' dir='ltr' id='par_1_25' title="bbox 451 2590 2040 2688">
     <span class='ocr_line' id='line_1_25' title="bbox 451 2590 2040 2688; baseline -0.016 -15"><span class='ocrx_word' id='word_1_178' title='bbox 451 2615 677 2688; x_wconf 85' lang='lat' dir='ltr'><strong>pedibus</strong></span> <span class='ocrx_word' id='word_1_179' title='bbox 706 2590 906 2683; x_wconf 80' lang='lat' dir='ltr'><strong>aliquid</strong></span> <span class='ocrx_word' id='word_1_180' title='bbox 949 2610 1063 2665; x_wconf 82' lang='lat' dir='ltr'><strong>ﬁeri</strong></span> <span class='ocrx_word' id='word_1_181' title='bbox 1101 2621 1258 2678; x_wconf 89' lang='lat' dir='ltr'><strong>posse</strong></span> <span class='ocrx_word' id='word_1_182' title='bbox 1300 2599 1713 2659; x_wconf 85' lang='lat' dir='ltr'><strong>existimandum</strong></span> <span class='ocrx_word' id='word_1_183' title='bbox 1750 2604 1856 2664; x_wconf 86' lang='lat' dir='ltr'><strong>est,</strong></span> <span class='ocrx_word' id='word_1_184' title='bbox 1896 2590 2040 2688; x_wconf 76' lang='lat' dir='ltr'><strong>quod</strong></span> 
     </span>
    </p>
   </div>
   <div class='ocr_carea' id='block_1_26' title="bbox 447 2682 2040 2777">
    <p class='ocr_par' dir='ltr' id='par_1_26' title="bbox 447 2682 2040 2777">
     <span class='ocr_line' id='line_1_26' title="bbox 447 2682 2040 2777; baseline -0.015 -13"><span class='ocrx_word' id='word_1_185' title='bbox 447 2682 557 2777; x_wconf 65' lang='lat' dir='ltr'><strong>iam</strong></span> <span class='ocrx_word' id='word_1_186' title='bbox 601 2716 771 2775; x_wconf 86' lang='lat' dir='ltr'><strong>neque</strong></span> <span class='ocrx_word' id='word_1_187' title='bbox 798 2682 1038 2774; x_wconf 76' lang='lat' dir='ltr'><strong>syllabae</strong></span> <span class='ocrx_word' id='word_1_188' title='bbox 1067 2713 1240 2769; x_wconf 90' lang='lat' dir='ltr'><strong>neque</strong></span> <span class='ocrx_word' id='word_1_189' title='bbox 1294 2694 1443 2766; x_wconf 88' lang='lat' dir='ltr'><strong>pedis</strong></span> <span class='ocrx_word' id='word_1_190' title='bbox 1470 2691 1690 2747; x_wconf 87' lang='lat' dir='ltr'><strong>nomine</strong></span> <span class='ocrx_word' id='word_1_191' title='bbox 1718 2682 2040 2751; x_wconf 78' lang='lat' dir='ltr'><strong>censeatur?</strong></span> 
     </span>
    </p>
   </div>
   <div class='ocr_carea' id='block_1_27' title="bbox 450 2778 2040 2857">
    <p class='ocr_par' dir='ltr' id='par_1_27' title="bbox 450 2778 2040 2857">
     <span class='ocr_line' id='line_1_27' title="bbox 450 2778 2040 2857; baseline -0.013 -2"><span class='ocrx_word' id='word_1_192' title='bbox 450 2795 521 2854; x_wconf 87' lang='lat' dir='ltr'><strong>D.</strong></span> <span class='ocrx_word' id='word_1_193' title='bbox 540 2794 771 2854; x_wconf 86' lang='lat' dir='ltr'><strong>Omnino</strong></span> <span class='ocrx_word' id='word_1_194' title='bbox 796 2795 1063 2850; x_wconf 84' lang='lat' dir='ltr'><strong>existimo.</strong></span> <span class='ocrx_word' id='word_1_195' title='bbox 1092 2782 1175 2846; x_wconf 74' lang='grc' dir='ltr'><strong>Μ.</strong></span> <span class='ocrx_word' id='word_1_196' title='bbox 1204 2788 1339 2857; x_wconf 85' lang='lat' dir='ltr'><strong>Quid</strong></span> <span class='ocrx_word' id='word_1_197' title='bbox 1381 2784 1593 2841; x_wconf 83' lang='lat' dir='ltr'><strong>tandem</strong></span> <span class='ocrx_word' id='word_1_198' title='bbox 1620 2782 1677 2839; x_wconf 84' lang='lat' dir='ltr'><strong>id</strong></span> <span class='ocrx_word' id='word_1_199' title='bbox 1704 2790 1861 2852; x_wconf 88' lang='lat' dir='ltr'><strong>putas</strong></span> <span class='ocrx_word' id='word_1_200' title='bbox 1880 2778 2040 2836; x_wconf 75' lang='lat' dir='ltr'><strong>esse?</strong></span> 
     </span>
    </p>
   </div>
   <div class='ocr_carea' id='block_1_28' title="bbox 453 2879 2042 2949">
    <p class='ocr_par' dir='ltr' id='par_1_28' title="bbox 453 2879 2042 2949">
     <span class='ocr_line' id='line_1_28' title="bbox 453 2879 2042 2949; baseline -0.013 -1"><span class='ocrx_word' id='word_1_201' title='bbox 453 2892 522 2947; x_wconf 91' lang='lat' dir='ltr'><strong>D.</strong></span> <span class='ocrx_word' id='word_1_202' title='bbox 566 2888 792 2946; x_wconf 78' lang='lat' dir='ltr'><strong>Versum</strong></span> <span class='ocrx_word' id='word_1_203' title='bbox 818 2887 1067 2942; x_wconf 83' lang='lat' dir='ltr'><strong>arbitror.</strong></span> <span class='ocrx_word' id='word_1_204' title='bbox 1096 2883 1173 2938; x_wconf 80' lang='grc' dir='ltr'><strong>Μ.</strong></span> <span class='ocrx_word' id='word_1_205' title='bbox 1203 2880 1338 2949; x_wconf 83' lang='lat' dir='ltr'><strong>Quid</strong></span> <span class='ocrx_word' id='word_1_206' title='bbox 1394 2879 1439 2933; x_wconf 89' lang='lat' dir='ltr'><strong>si</strong></span> <span class='ocrx_word' id='word_1_207' title='bbox 1468 2885 1726 2948; x_wconf 88' lang='lat' dir='ltr'><strong>perpetuo</strong></span> <span class='ocrx_word' id='word_1_208' title='bbox 1753 2882 2042 2929; x_wconf 81' lang='lat' dir='ltr'><strong>contexere</strong></span> 
     </span>
    </p>
   </div>
   <div class='ocr_carea' id='block_1_29' title="bbox 451 2964 2045 3056">
    <p class='ocr_par' dir='ltr' id='par_1_29' title="bbox 451 2964 2045 3056">
     <span class='ocr_line' id='line_1_29' title="bbox 451 2964 2045 3056; baseline -0.014 -16"><span class='ocrx_word' id='word_1_209' title='bbox 451 2983 715 3056; x_wconf 82' lang='lat' dir='ltr'><strong>quispiam</strong></span> <span class='ocrx_word' id='word_1_210' title='bbox 743 2980 904 3051; x_wconf 91' lang='lat' dir='ltr'><strong>pedes</strong></span> <span class='ocrx_word' id='word_1_211' title='bbox 929 2978 1135 3048; x_wconf 87' lang='lat' dir='ltr'><strong>aliquos</strong></span> <span class='ocrx_word' id='word_1_212' title='bbox 1157 2964 1303 3038; x_wconf 85' lang='lat' dir='ltr'><strong>velit,</strong></span> <span class='ocrx_word' id='word_1_213' title='bbox 1336 2975 1409 3027; x_wconf 85' lang='lat' dir='ltr'><strong>ita</strong></span> <span class='ocrx_word' id='word_1_214' title='bbox 1445 2972 1507 3025; x_wconf 84' lang='lat' dir='ltr'><strong>ut</strong></span> <span class='ocrx_word' id='word_1_215' title='bbox 1536 2970 1615 3025; x_wconf 88' lang='lat' dir='ltr'><strong>eis</strong></span> <span class='ocrx_word' id='word_1_216' title='bbox 1635 2966 1853 3023; x_wconf 84' lang='lat' dir='ltr'><strong>modum</strong></span> <span class='ocrx_word' id='word_1_217' title='bbox 1888 2980 1951 3020; x_wconf 88' lang='lat' dir='ltr'><strong>ac</strong></span> <span class='ocrx_word' id='word_1_218' title='bbox 1978 2964 2045 3019; x_wconf 78' lang='lat' dir='ltr'><strong>il-</strong></span> 
     </span>
    </p>
   </div>
   <div class='ocr_carea' id='block_1_30' title="bbox 453 3056 2041 3141">
    <p class='ocr_par' dir='ltr' id='par_1_30' title="bbox 453 3056 2041 3141">
     <span class='ocr_line' id='line_1_30' title="bbox 453 3056 2041 3141; baseline -0.013 -10"><span class='ocrx_word' id='word_1_219' title='bbox 453 3092 577 3132; x_wconf 88' lang='lat' dir='ltr'><strong>uem</strong></span> <span class='ocrx_word' id='word_1_220' title='bbox 604 3090 709 3129; x_wconf 88' lang='lat' dir='ltr'><strong>non</strong></span> <span class='ocrx_word' id='word_1_221' title='bbox 746 3072 1001 3141; x_wconf 83' lang='lat' dir='ltr'><strong>imponat,</strong></span> <span class='ocrx_word' id='word_1_222' title='bbox 1026 3068 1127 3123; x_wconf 91' lang='lat' dir='ltr'><strong>nisi</strong></span> <span class='ocrx_word' id='word_1_223' title='bbox 1153 3074 1243 3120; x_wconf 83' lang='lat' dir='ltr'><strong>aut</strong></span> <span class='ocrx_word' id='word_1_224' title='bbox 1266 3056 1505 3119; x_wconf 85' lang='lat' dir='ltr'><strong>delectus</strong></span> <span class='ocrx_word' id='word_1_225' title='bbox 1532 3061 1702 3127; x_wconf 70' lang='lat' dir='ltr'><strong>Vocis,</strong></span> <span class='ocrx_word' id='word_1_226' title='bbox 1730 3066 1824 3113; x_wconf 87' lang='lat' dir='ltr'><strong>aut</strong></span> <span class='ocrx_word' id='word_1_227' title='bbox 1846 3057 2041 3127; x_wconf 77' lang='lat' dir='ltr'><strong>aliquis</strong></span> 
     </span>
    </p>
   </div>
   <div class='ocr_carea' id='block_1_31' title="bbox 379 3149 2040 3240">
    <p class='ocr_par' dir='ltr' id='par_1_31' title="bbox 379 3149 2040 3240">
     <span class='ocr_line' id='line_1_31' title="bbox 379 3149 2040 3240; baseline -0.011 -16"><span class='ocrx_word' id='word_1_228' title='bbox 379 3176 395 3193; x_wconf 90' lang='lat'><strong>&#39;</strong></span> <span class='ocrx_word' id='word_1_229' title='bbox 458 3168 589 3224; x_wconf 73' lang='lat' dir='ltr'><strong>llius</strong></span> <span class='ocrx_word' id='word_1_230' title='bbox 612 3180 768 3240; x_wconf 86' lang='lat' dir='ltr'><strong>casus</strong></span> <span class='ocrx_word' id='word_1_231' title='bbox 814 3160 1177 3230; x_wconf 83' lang='lat' dir='ltr'><strong>interpellans,</strong></span> <span class='ocrx_word' id='word_1_232' title='bbox 1210 3166 1299 3211; x_wconf 87' lang='lat' dir='ltr'><strong>aut</strong></span> <span class='ocrx_word' id='word_1_233' title='bbox 1327 3154 1582 3224; x_wconf 88' lang='lat' dir='ltr'><strong>temporis</strong></span> <span class='ocrx_word' id='word_1_234' title='bbox 1608 3154 1744 3209; x_wconf 81' lang='lat' dir='ltr'><strong>ratio</strong></span> <span class='ocrx_word' id='word_1_235' title='bbox 1780 3150 1849 3206; x_wconf 84' lang='lat' dir='ltr'><strong>ad</strong></span> <span class='ocrx_word' id='word_1_236' title='bbox 1894 3149 2040 3205; x_wconf 86' lang='lat' dir='ltr'><strong>aliud</strong></span> 
     </span>
    </p>
   </div>
   <div class='ocr_carea' id='block_1_32' title="bbox 456 3242 2035 3327">
    <p class='ocr_par' dir='ltr' id='par_1_32' title="bbox 456 3242 2035 3327">
     <span class='ocr_line' id='line_1_32' title="bbox 456 3242 2035 3327; baseline -0.011 -16"><span class='ocrx_word' id='word_1_237' title='bbox 456 3248 651 3327; x_wconf 72' lang='lat' dir='ltr'><strong>aliquid</strong></span> <span class='ocrx_word' id='word_1_238' title='bbox 681 3244 1027 3312; x_wconf 86' lang='lat' dir='ltr'><strong>transeundi?</strong></span> <span class='ocrx_word' id='word_1_239' title='bbox 1051 3250 1280 3304; x_wconf 81' lang='lat' dir='ltr'><strong>etiamne</strong></span> <span class='ocrx_word' id='word_1_240' title='bbox 1303 3252 1494 3302; x_wconf 84' lang='lat' dir='ltr'><strong>versus</strong></span> <span class='ocrx_word' id='word_1_241' title='bbox 1522 3246 1552 3299; x_wconf 86' lang='lat' dir='ltr'><strong>a</strong></span> <span class='ocrx_word' id='word_1_242' title='bbox 1576 3244 1629 3299; x_wconf 85' lang='lat' dir='ltr'><strong>te</strong></span> <span class='ocrx_word' id='word_1_243' title='bbox 1650 3242 2035 3307; x_wconf 81' lang='lat' dir='ltr'><strong>nominabitur,</strong></span> 
     </span>
    </p>
   </div>
   <div class='ocr_carea' id='block_1_33' title="bbox 454 3334 2041 3416">
    <p class='ocr_par' dir='ltr' id='par_1_33' title="bbox 454 3334 2041 3416">
     <span class='ocr_line' id='line_1_33' title="bbox 454 3334 2041 3416; baseline -0.01 -12"><span class='ocrx_word' id='word_1_244' title='bbox 454 3344 658 3404; x_wconf 72' lang='lat' dir='ltr'><strong>habens</strong></span> <span class='ocrx_word' id='word_1_245' title='bbox 684 3346 765 3402; x_wconf 86' lang='lat' dir='ltr'><strong>vel</strong></span> <span class='ocrx_word' id='word_1_246' title='bbox 794 3344 979 3416; x_wconf 80' lang='lat' dir='ltr'><strong>viginti</strong></span> <span class='ocrx_word' id='word_1_247' title='bbox 1018 3341 1098 3398; x_wconf 76' lang='lat' dir='ltr'><strong>vel</strong></span> <span class='ocrx_word' id='word_1_248' title='bbox 1126 3341 1339 3412; x_wconf 83' lang='lat' dir='ltr'><strong>triginta</strong></span> <span class='ocrx_word' id='word_1_249' title='bbox 1373 3340 1457 3394; x_wconf 87' lang='lat' dir='ltr'><strong>vel</strong></span> <span class='ocrx_word' id='word_1_250' title='bbox 1484 3344 1705 3394; x_wconf 79' lang='lat' dir='ltr'><strong>centum</strong></span> <span class='ocrx_word' id='word_1_251' title='bbox 1740 3335 1899 3390; x_wconf 85' lang='lat' dir='ltr'><strong>etiam</strong></span> <span class='ocrx_word' id='word_1_252' title='bbox 1928 3334 2041 3389; x_wconf 81' lang='lat' dir='ltr'><strong>sive</strong></span> 
     </span>
    </p>
   </div>
   <div class='ocr_carea' id='block_1_34' title="bbox 457 3418 2041 3511">
    <p class='ocr_par' dir='ltr' id='par_1_34' title="bbox 457 3418 2041 3511">
     <span class='ocr_line' id='line_1_34' title="bbox 457 3418 2041 3511; baseline -0.011 -14"><span class='ocrx_word' id='word_1_253' title='bbox 457 3440 688 3511; x_wconf 83' lang='lat' dir='ltr'><strong>amplius</strong></span> <span class='ocrx_word' id='word_1_254' title='bbox 726 3437 908 3510; x_wconf 89' lang='lat' dir='ltr'><strong>pedes,</strong></span> <span class='ocrx_word' id='word_1_255' title='bbox 940 3443 998 3492; x_wconf 90' lang='lat' dir='ltr'><strong>ut</strong></span> <span class='ocrx_word' id='word_1_256' title='bbox 1033 3432 1262 3489; x_wconf 81' lang='lat' dir='ltr'><strong>voluerit</strong></span> <span class='ocrx_word' id='word_1_257' title='bbox 1307 3446 1370 3487; x_wconf 91' lang='lat' dir='ltr'><strong>ac</strong></span> <span class='ocrx_word' id='word_1_258' title='bbox 1400 3428 1635 3501; x_wconf 87' lang='lat' dir='ltr'><strong>potuerit</strong></span> <span class='ocrx_word' id='word_1_259' title='bbox 1662 3418 1759 3483; x_wconf 76' lang='lat' dir='ltr'><strong>ille</strong></span> <span class='ocrx_word' id='word_1_260' title='bbox 1806 3425 1899 3497; x_wconf 86' lang='lat' dir='ltr'><strong>qui</strong></span> <span class='ocrx_word' id='word_1_261' title='bbox 1946 3436 2041 3480; x_wconf 82' lang='lat' dir='ltr'><strong>eos</strong></span> 
     </span>
    </p>
   </div>
   <div class='ocr_carea' id='block_1_35' title="bbox 451 3512 2041 3603">
    <p class='ocr_par' dir='ltr' id='par_1_35' title="bbox 451 3512 2041 3603">
     <span class='ocr_line' id='line_1_35' title="bbox 451 3512 2041 3603; baseline -0.011 -16"><span class='ocrx_word' id='word_1_262' title='bbox 451 3530 747 3603; x_wconf 85' lang='lat' dir='ltr'><strong>quamlibet</strong></span> <span class='ocrx_word' id='word_1_263' title='bbox 797 3528 954 3598; x_wconf 81' lang='lat' dir='ltr'><strong>longa</strong></span> <span class='ocrx_word' id='word_1_264' title='bbox 988 3524 1349 3597; x_wconf 77' lang='lat' dir='ltr'><strong>perpetuitate</strong></span> <span class='ocrx_word' id='word_1_265' title='bbox 1394 3517 1664 3576; x_wconf 75' lang='lat' dir='ltr'><strong>contexit?</strong></span> <span class='ocrx_word' id='word_1_266' title='bbox 1702 3516 1777 3573; x_wconf 77' lang='grc'><strong>1).</strong></span> <span class='ocrx_word' id='word_1_267' title='bbox 1814 3512 1927 3573; x_wconf 83' lang='grc' dir='ltr'><strong>Νοη</strong></span> <span class='ocrx_word' id='word_1_268' title='bbox 1966 3517 2041 3571; x_wconf 80' lang='lat' dir='ltr'><strong>ita</strong></span> 
     </span>
    </p>
   </div>
   <div class='ocr_carea' id='block_1_36' title="bbox 452 3608 2044 3695">
    <p class='ocr_par' dir='ltr' id='par_1_36' title="bbox 452 3608 2044 3695">
     <span class='ocr_line' id='line_1_36' title="bbox 452 3608 2044 3695; baseline -0.013 -13"><span class='ocrx_word' id='word_1_269' title='bbox 452 3635 578 3682; x_wconf 85' lang='lat' dir='ltr'><strong>est:</strong></span> <span class='ocrx_word' id='word_1_270' title='bbox 608 3639 784 3695; x_wconf 90' lang='lat' dir='ltr'><strong>neque</strong></span> <span class='ocrx_word' id='word_1_271' title='bbox 818 3621 961 3676; x_wconf 89' lang='lat' dir='ltr'><strong>enim</strong></span> <span class='ocrx_word' id='word_1_272' title='bbox 1006 3628 1098 3674; x_wconf 88' lang='lat' dir='ltr'><strong>aut</strong></span> <span class='ocrx_word' id='word_1_273' title='bbox 1123 3615 1213 3674; x_wconf 91' lang='lat' dir='ltr'><strong>ubi</strong></span> <span class='ocrx_word' id='word_1_274' title='bbox 1250 3616 1417 3687; x_wconf 89' lang='lat' dir='ltr'><strong>pedes</strong></span> <span class='ocrx_word' id='word_1_275' title='bbox 1440 3613 1703 3685; x_wconf 82' lang='lat' dir='ltr'><strong>quoslibet</strong></span> <span class='ocrx_word' id='word_1_276' title='bbox 1719 3608 2044 3682; x_wconf 77' lang='lat' dir='ltr'><strong>quibuslibet</strong></span> 
     </span>
    </p>
   </div>
   <div class='ocr_carea' id='block_1_37' title="bbox 454 3696 2042 3789">
    <p class='ocr_par' dir='ltr' id='par_1_37' title="bbox 454 3696 2042 3789">
     <span class='ocr_line' id='line_1_37' title="bbox 454 3696 2042 3789; baseline -0.012 -15"><span class='ocrx_word' id='word_1_277' title='bbox 454 3718 747 3789; x_wconf 85' lang='lat' dir='ltr'><strong>permixtos</strong></span> <span class='ocrx_word' id='word_1_278' title='bbox 773 3696 1220 3777; x_wconf 83' lang='lat' dir='ltr'><strong>animadvertero,</strong></span> <span class='ocrx_word' id='word_1_279' title='bbox 1249 3706 1339 3764; x_wconf 84' lang='lat' dir='ltr'><strong>aut</strong></span> <span class='ocrx_word' id='word_1_280' title='bbox 1362 3723 1457 3778; x_wconf 89' lang='lat' dir='ltr'><strong>per</strong></span> <span class='ocrx_word' id='word_1_281' title='bbox 1473 3707 1733 3762; x_wconf 86' lang='lat' dir='ltr'><strong>inﬁnitam</strong></span> <span class='ocrx_word' id='word_1_282' title='bbox 1756 3700 2042 3774; x_wconf 80' lang='lat' dir='ltr'><strong>longitudi-</strong></span> 
     </span>
    </p>
   </div>
   <div class='ocr_carea' id='block_1_38' title="bbox 453 3795 2042 3871">
    <p class='ocr_par' dir='ltr' id='par_1_38' title="bbox 453 3795 2042 3871">
     <span class='ocr_line' id='line_1_38' title="bbox 453 3795 2042 3871; baseline -0.013 -5"><span class='ocrx_word' id='word_1_283' title='bbox 453 3824 577 3866; x_wconf 90' lang='lat' dir='ltr'><strong>nem</strong></span> <span class='ocrx_word' id='word_1_284' title='bbox 598 3809 794 3864; x_wconf 64' lang='lat' dir='ltr'><strong>mult’os</strong></span> <span class='ocrx_word' id='word_1_285' title='bbox 818 3806 1113 3871; x_wconf 62' lang='lat' dir='ltr'><strong>connexos,</strong></span> <span class='ocrx_word' id='word_1_286' title='bbox 1136 3808 1351 3857; x_wconf 83' lang='lat' dir='ltr'><strong>versum</strong></span> <span class='ocrx_word' id='word_1_287' title='bbox 1379 3800 1658 3870; x_wconf 87' lang='lat' dir='ltr'><strong>appellabo</strong></span> <span class='ocrx_word' id='word_1_288' title='bbox 1682 3813 1697 3863; x_wconf 91' lang='lat'><strong>;</strong></span> <span class='ocrx_word' id='word_1_289' title='bbox 1744 3795 1839 3850; x_wconf 85' lang='lat' dir='ltr'><strong>sed</strong></span> <span class='ocrx_word' id='word_1_290' title='bbox 1870 3802 1922 3848; x_wconf 87' lang='lat' dir='ltr'><strong>et</strong></span> <span class='ocrx_word' id='word_1_291' title='bbox 1950 3800 2042 3863; x_wconf 73' lang='lat' dir='ltr'><strong>ge-</strong></span> 
     </span>
    </p>
   </div>
   <div class='ocr_carea' id='block_1_39' title="bbox 454 3886 2047 3969">
    <p class='ocr_par' dir='ltr' id='par_1_39' title="bbox 454 3886 2047 3969">
     <span class='ocr_line' id='line_1_39' title="bbox 454 3886 2047 3969; baseline -0.013 -10"><span class='ocrx_word' id='word_1_292' title='bbox 454 3920 553 3959; x_wconf 84' lang='lat' dir='ltr'><strong>nus</strong></span> <span class='ocrx_word' id='word_1_293' title='bbox 579 3912 632 3959; x_wconf 89' lang='lat' dir='ltr'><strong>et</strong></span> <span class='ocrx_word' id='word_1_294' title='bbox 651 3916 932 3957; x_wconf 88' lang='lat' dir='ltr'><strong>numerum</strong></span> <span class='ocrx_word' id='word_1_295' title='bbox 953 3898 1170 3969; x_wconf 81' lang='lat' dir='ltr'><strong>pedum,</strong></span> <span class='ocrx_word' id='word_1_296' title='bbox 1201 3894 1253 3949; x_wconf 88' lang='lat' dir='ltr'><strong>id</strong></span> <span class='ocrx_word' id='word_1_297' title='bbox 1292 3903 1373 3948; x_wconf 87' lang='lat' dir='ltr'><strong>est</strong></span> <span class='ocrx_word' id='word_1_298' title='bbox 1398 3893 1485 3963; x_wconf 89' lang='lat' dir='ltr'><strong>qui</strong></span> <span class='ocrx_word' id='word_1_299' title='bbox 1512 3900 1565 3947; x_wconf 89' lang='lat' dir='ltr'><strong>et</strong></span> <span class='ocrx_word' id='word_1_300' title='bbox 1592 3894 1720 3961; x_wconf 88' lang='lat' dir='ltr'><strong>quot</strong></span> <span class='ocrx_word' id='word_1_301' title='bbox 1738 3886 1901 3958; x_wconf 82' lang='lat' dir='ltr'><strong>pedes</strong></span> <span class='ocrx_word' id='word_1_302' title='bbox 1921 3899 2047 3941; x_wconf 56' lang='lat' dir='ltr'><strong>vers</strong></span> 
     </span>
    </p>
   </div>
   <div class='ocr_carea' id='block_1_40' title="bbox 454 3976 2035 4057">
    <p class='ocr_par' dir='ltr' id='par_1_40' title="bbox 454 3976 2035 4057">
     <span class='ocr_line' id='line_1_40' title="bbox 454 3976 2035 4057; baseline -0.013 -6"><span class='ocrx_word' id='word_1_303' title='bbox 454 3994 574 4050; x_wconf 84' lang='lat' dir='ltr'><strong>sum</strong></span> <span class='ocrx_word' id='word_1_304' title='bbox 612 3990 897 4050; x_wconf 72' lang='lat' dir='ltr'><strong>conficiant</strong></span> <span class='ocrx_word' id='word_1_305' title='bbox 937 3988 1112 4057; x_wconf 83' lang='lat' dir='ltr'><strong>aliqua</strong></span> <span class='ocrx_word' id='word_1_306' title='bbox 1154 3982 1433 4053; x_wconf 86' lang='lat' dir='ltr'><strong>disciplina</strong></span> <span class='ocrx_word' id='word_1_307' title='bbox 1486 3978 1762 4049; x_wconf 89' lang='lat' dir='ltr'><strong>consequi,</strong></span> <span class='ocrx_word' id='word_1_308' title='bbox 1803 3976 1857 4033; x_wconf 69' lang='lat' dir='ltr'><strong>e‘t</strong></span> <span class='ocrx_word' id='word_1_309' title='bbox 1884 3986 2035 4032; x_wconf 78' lang='lat' dir='ltr'><strong>exea</strong></span> 
     </span>
    </p>
   </div>
   <div class='ocr_carea' id='block_1_41' title="bbox 451 4068 2037 4157">
    <p class='ocr_par' dir='ltr' id='par_1_41' title="bbox 451 4068 2037 4157">
     <span class='ocr_line' id='line_1_41' title="bbox 451 4068 2037 4157; baseline -0.013 -15"><span class='ocrx_word' id='word_1_310' title='bbox 451 4086 690 4157; x_wconf 79' lang='lat' dir='ltr'><strong>judicare</strong></span> <span class='ocrx_word' id='word_1_311' title='bbox 730 4078 937 4153; x_wconf 83' lang='lat' dir='ltr'><strong>potero,</strong></span> <span class='ocrx_word' id='word_1_312' title='bbox 966 4079 1141 4133; x_wconf 78' lang='lat' dir='ltr'><strong>Utrum</strong></span> <span class='ocrx_word' id='word_1_313' title='bbox 1168 4088 1354 4131; x_wconf 86' lang='lat' dir='ltr'><strong>versus</strong></span> <span class='ocrx_word' id='word_1_314' title='bbox 1379 4076 1536 4127; x_wconf 80' lang='lat' dir='ltr'><strong>aures</strong></span> <span class='ocrx_word' id='word_1_315' title='bbox 1564 4068 1724 4126; x_wconf 84' lang='lat' dir='ltr'><strong>meas</strong></span> <span class='ocrx_word' id='word_1_316' title='bbox 1750 4069 2037 4140; x_wconf 66' lang='lat' dir='ltr'><strong>pertulerit.</strong></span> 
     </span>
    </p>
   </div>
   <div class='ocr_carea' id='block_1_42' title="bbox 462 4163 2041 4243">
    <p class='ocr_par' dir='ltr' id='par_1_42' title="bbox 462 4163 2041 4243">
     <span class='ocr_line' id='line_1_42' title="bbox 462 4163 2041 4243; baseline -0.011 -9"><span class='ocrx_word' id='word_1_317' title='bbox 462 4170 540 4234; x_wconf 75' lang='grc' dir='ltr'><strong>Μ.</strong></span> <span class='ocrx_word' id='word_1_318' title='bbox 564 4177 634 4233; x_wconf 78' lang='lat' dir='ltr'><strong>At</strong></span> <span class='ocrx_word' id='word_1_319' title='bbox 662 4172 779 4235; x_wconf 75' lang='lat' dir='ltr'><strong>haec</strong></span> <span class='ocrx_word' id='word_1_320' title='bbox 800 4176 1147 4243; x_wconf 80' lang='lat' dir='ltr'><strong>quaecumque</strong></span> <span class='ocrx_word' id='word_1_321' title='bbox 1178 4176 1259 4224; x_wconf 88' lang='lat' dir='ltr'><strong>est</strong></span> <span class='ocrx_word' id='word_1_322' title='bbox 1288 4164 1587 4235; x_wconf 86' lang='lat' dir='ltr'><strong>disciplina,</strong></span> <span class='ocrx_word' id='word_1_323' title='bbox 1615 4163 1857 4219; x_wconf 78' lang='lat' dir='ltr'><strong>versibus</strong></span> <span class='ocrx_word' id='word_1_324' title='bbox 1883 4178 2041 4234; x_wconf 78' lang='lat' dir='ltr'><strong>regu-</strong></span> 
     </span>
    </p>
   </div>
   <div class='ocr_carea' id='block_1_43' title="bbox 454 4248 2039 4325">
    <p class='ocr_par' dir='ltr' id='par_1_43' title="bbox 454 4248 2039 4325">
     <span class='ocr_line' id='line_1_43' title="bbox 454 4248 2039 4325; baseline -0.013 -5"><span class='ocrx_word' id='word_1_325' title='bbox 454 4264 563 4320; x_wconf 87' lang='lat' dir='ltr'><strong>lam</strong></span> <span class='ocrx_word' id='word_1_326' title='bbox 580 4270 634 4317; x_wconf 90' lang='lat' dir='ltr'><strong>et</strong></span> <span class='ocrx_word' id='word_1_327' title='bbox 652 4256 870 4314; x_wconf 80' lang='lat' dir='ltr'><strong>modum</strong></span> <span class='ocrx_word' id='word_1_328' title='bbox 890 4271 996 4311; x_wconf 90' lang='lat' dir='ltr'><strong>non</strong></span> <span class='ocrx_word' id='word_1_329' title='bbox 1014 4256 1196 4325; x_wconf 87' lang='lat' dir='ltr'><strong>utique</strong></span> <span class='ocrx_word' id='word_1_330' title='bbox 1213 4250 1487 4307; x_wconf 78' lang='lat' dir='ltr'><strong>ullibitum</strong></span> <span class='ocrx_word' id='word_1_331' title='bbox 1512 4258 1613 4316; x_wconf 86' lang='lat' dir='ltr'><strong>est,</strong></span> <span class='ocrx_word' id='word_1_332' title='bbox 1641 4248 1735 4303; x_wconf 85' lang='lat' dir='ltr'><strong>sed</strong></span> <span class='ocrx_word' id='word_1_333' title='bbox 1750 4248 1921 4318; x_wconf 70' lang='lat' dir='ltr'><strong>aliqua</strong></span> <span class='ocrx_word' id='word_1_334' title='bbox 1946 4260 2039 4302; x_wconf 82' lang='lat' dir='ltr'><strong>ra-</strong></span> 
     </span>
    </p>
   </div>
   <div class='ocr_carea' id='block_1_44' title="bbox 456 4339 2043 4411">
    <p class='ocr_par' dir='ltr' id='par_1_44' title="bbox 456 4339 2043 4411">
     <span class='ocr_line' id='line_1_44' title="bbox 456 4339 2043 4411; baseline -0.01 -3"><span class='ocrx_word' id='word_1_335' title='bbox 456 4356 603 4409; x_wconf 80' lang='lat' dir='ltr'><strong>tione</strong></span> <span class='ocrx_word' id='word_1_336' title='bbox 633 4350 926 4407; x_wconf 85' lang='lat' dir='ltr'><strong>constituit.</strong></span> <span class='ocrx_word' id='word_1_337' title='bbox 955 4344 1025 4401; x_wconf 81' lang='grc' dir='ltr'><strong>ι).</strong></span> <span class='ocrx_word' id='word_1_338' title='bbox 1055 4340 1175 4401; x_wconf 83' lang='grc' dir='ltr'><strong>Νοιι</strong></span> <span class='ocrx_word' id='word_1_339' title='bbox 1207 4343 1348 4399; x_wconf 89' lang='lat' dir='ltr'><strong>enim</strong></span> <span class='ocrx_word' id='word_1_340' title='bbox 1376 4343 1547 4407; x_wconf 80' lang='lat' dir='ltr'><strong>aliter,</strong></span> <span class='ocrx_word' id='word_1_341' title='bbox 1588 4340 1853 4411; x_wconf 81' lang='lat' dir='ltr'><strong>siquidem</strong></span> <span class='ocrx_word' id='word_1_342' title='bbox 1872 4339 2043 4394; x_wconf 67' lang='lat' dir='ltr'><strong>disci-</strong></span> 
     </span>
    </p>
   </div>
   <div class='ocr_carea' id='block_1_45' title="bbox 456 4432 2039 4515">
    <p class='ocr_par' dir='ltr' id='par_1_45' title="bbox 456 4432 2039 4515">
     <span class='ocr_line' id='line_1_45' title="bbox 456 4432 2039 4515; baseline -0.009 -15"><span class='ocrx_word' id='word_1_343' title='bbox 456 4444 599 4515; x_wconf 85' lang='lat' dir='ltr'><strong>plina</strong></span> <span class='ocrx_word' id='word_1_344' title='bbox 632 4451 732 4511; x_wconf 89' lang='lat' dir='ltr'><strong>est,</strong></span> <span class='ocrx_word' id='word_1_345' title='bbox 774 4434 867 4496; x_wconf 87' lang='lat' dir='ltr'><strong>aut</strong></span> <span class='ocrx_word' id='word_1_346' title='bbox 906 4438 1206 4511; x_wconf 81' lang='lat' dir='ltr'><strong>Oportebat,</strong></span> <span class='ocrx_word' id='word_1_347' title='bbox 1251 4444 1341 4490; x_wconf 89' lang='lat' dir='ltr'><strong>aut</strong></span> <span class='ocrx_word' id='word_1_348' title='bbox 1363 4441 1587 4504; x_wconf 88' lang='lat' dir='ltr'><strong>poterat.</strong></span> <span class='ocrx_word' id='word_1_349' title='bbox 1618 4432 1694 4487; x_wconf 74' lang='grc' dir='ltr'><strong>Μ.</strong></span> <span class='ocrx_word' id='word_1_350' title='bbox 1725 4433 1873 4487; x_wconf 84' lang='lat' dir='ltr'><strong>Hanc</strong></span> <span class='ocrx_word' id='word_1_351' title='bbox 1906 4440 2039 4503; x_wconf 78' lang='lat' dir='ltr'><strong>ergo</strong></span> 
     </span>
    </p>
   </div>
   <div class='ocr_carea' id='block_1_46' title="bbox 454 4524 2034 4603">
    <p class='ocr_par' dir='ltr' id='par_1_46' title="bbox 454 4524 2034 4603">
     <span class='ocr_line' id='line_1_46' title="bbox 454 4524 2034 4603; baseline -0.011 -8"><span class='ocrx_word' id='word_1_352' title='bbox 454 4538 717 4595; x_wconf 84' lang='lat' dir='ltr'><strong>rationem</strong></span> <span class='ocrx_word' id='word_1_353' title='bbox 768 4532 1181 4603; x_wconf 82' lang='lat' dir='ltr'><strong>iuvestigemus,</strong></span> <span class='ocrx_word' id='word_1_354' title='bbox 1222 4536 1277 4583; x_wconf 91' lang='lat' dir='ltr'><strong>et</strong></span> <span class='ocrx_word' id='word_1_355' title='bbox 1323 4536 1701 4597; x_wconf 79' lang='lat' dir='ltr'><strong>assequamur,</strong></span> <span class='ocrx_word' id='word_1_356' title='bbox 1744 4526 1792 4579; x_wconf 83' lang='lat' dir='ltr'><strong>si</strong></span> <span class='ocrx_word' id='word_1_357' title='bbox 1817 4524 2034 4594; x_wconf 89' lang='lat' dir='ltr'><strong>placet:</strong></span> 
     </span>
    </p>
   </div>
   <div class='ocr_carea' id='block_1_47' title="bbox 457 4616 2034 4687">
    <p class='ocr_par' dir='ltr' id='par_1_47' title="bbox 457 4616 2034 4687">
     <span class='ocr_line' id='line_1_47' title="bbox 457 4616 2034 4687; baseline -0.012 0"><span class='ocrx_word' id='word_1_358' title='bbox 457 4644 582 4687; x_wconf 86' lang='lat' dir='ltr'><strong>nam</strong></span> <span class='ocrx_word' id='word_1_359' title='bbox 615 4630 660 4685; x_wconf 91' lang='lat' dir='ltr'><strong>si</strong></span> <span class='ocrx_word' id='word_1_360' title='bbox 701 4626 1069 4682; x_wconf 87' lang='lat' dir='ltr'><strong>auctoritatem</strong></span> <span class='ocrx_word' id='word_1_361' title='bbox 1100 4620 1269 4675; x_wconf 85' lang='lat' dir='ltr'><strong>solam</strong></span> <span class='ocrx_word' id='word_1_362' title='bbox 1294 4619 1616 4684; x_wconf 88' lang='lat' dir='ltr'><strong>intueamur,</strong></span> <span class='ocrx_word' id='word_1_363' title='bbox 1632 4617 1681 4670; x_wconf 90' lang='lat' dir='ltr'><strong>is</strong></span> <span class='ocrx_word' id='word_1_364' title='bbox 1700 4616 1802 4671; x_wconf 89' lang='lat' dir='ltr'><strong>erit</strong></span> <span class='ocrx_word' id='word_1_365' title='bbox 1827 4629 2034 4683; x_wconf 87' lang='lat' dir='ltr'><strong>versus,</strong></span> 
     </span>
    </p>
   </div>
   <div class='ocr_carea' id='block_1_48' title="bbox 456 4704 2039 4795">
    <p class='ocr_par' dir='ltr' id='par_1_48' title="bbox 456 4704 2039 4795">
     <span class='ocr_line' id='line_1_48' title="bbox 456 4704 2039 4795; baseline -0.01 -16"><span class='ocrx_word' id='word_1_366' title='bbox 456 4722 613 4795; x_wconf 80' lang='lat' dir='ltr'><strong>quem</strong></span> <span class='ocrx_word' id='word_1_367' title='bbox 642 4734 854 4776; x_wconf 87' lang='lat' dir='ltr'><strong>versum</strong></span> <span class='ocrx_word' id='word_1_368' title='bbox 884 4714 987 4771; x_wconf 84' lang='lat' dir='ltr'><strong>dici</strong></span> <span class='ocrx_word' id='word_1_369' title='bbox 1022 4713 1188 4769; x_wconf 87' lang='lat' dir='ltr'><strong>voluit</strong></span> <span class='ocrx_word' id='word_1_370' title='bbox 1220 4710 1564 4783; x_wconf 66' lang='lat' dir='ltr'><strong>Aeclepiades</strong></span> <span class='ocrx_word' id='word_1_371' title='bbox 1606 4709 1785 4763; x_wconf 85' lang='lat' dir='ltr'><strong>nescio</strong></span> <span class='ocrx_word' id='word_1_372' title='bbox 1811 4709 1921 4778; x_wconf 86' lang='lat' dir='ltr'><strong>qui,</strong></span> <span class='ocrx_word' id='word_1_373' title='bbox 1947 4704 2039 4763; x_wconf 81' lang='lat' dir='ltr'><strong>aut</strong></span> 
     </span>
    </p>
   </div>
   <div class='ocr_carea' id='block_1_49' title="bbox 358 4802 2038 4883">
    <p class='ocr_par' dir='ltr' id='par_1_49' title="bbox 358 4802 2038 4883">
     <span class='ocr_line' id='line_1_49' title="bbox 358 4802 2038 4883; baseline -0.014 -6"><span class='ocrx_word' id='word_1_374' title='bbox 358 4814 359 4817; x_wconf 35' lang='grc'><em>“</em></span> <span class='ocrx_word' id='word_1_375' title='bbox 455 4814 828 4878; x_wconf 80' lang='lat' dir='ltr'><strong>Archilochus,</strong></span> <span class='ocrx_word' id='word_1_376' title='bbox 851 4802 1021 4883; x_wconf 65' lang='lat' dir='ltr'><strong>poetae</strong></span> <span class='ocrx_word' id='word_1_377' title='bbox 1052 4808 1253 4863; x_wconf 73' lang='lat' dir='ltr'><strong>scilicet</strong></span> <span class='ocrx_word' id='word_1_378' title='bbox 1287 4816 1517 4870; x_wconf 79' lang='lat' dir='ltr'><strong>veteres,</strong></span> <span class='ocrx_word' id='word_1_379' title='bbox 1548 4812 1635 4857; x_wconf 87' lang='lat' dir='ltr'><strong>aut</strong></span> <span class='ocrx_word' id='word_1_380' title='bbox 1664 4802 1879 4872; x_wconf 84' lang='lat' dir='ltr'><strong>Sappho</strong></span> <span class='ocrx_word' id='word_1_381' title='bbox 1906 4818 2038 4873; x_wconf 81' lang='lat' dir='ltr'><strong>poc-</strong></span> 
     </span>
    </p>
   </div>
   <div class='ocr_carea' id='block_1_50' title="bbox 451 4896 2035 4978">
    <p class='ocr_par' dir='ltr' id='par_1_50' title="bbox 451 4896 2035 4978">
     <span class='ocr_line' id='line_1_50' title="bbox 451 4896 2035 4978; baseline -0.011 -12"><span class='ocrx_word' id='word_1_382' title='bbox 451 4913 575 4978; x_wconf 78' lang='lat' dir='ltr'><strong>tria,</strong></span> <span class='ocrx_word' id='word_1_383' title='bbox 598 4916 653 4964; x_wconf 91' lang='lat' dir='ltr'><strong>et</strong></span> <span class='ocrx_word' id='word_1_384' title='bbox 689 4904 889 4971; x_wconf 62' lang='lat' dir='ltr'><strong>caeteri,</strong></span> <span class='ocrx_word' id='word_1_385' title='bbox 911 4910 1136 4974; x_wconf 91' lang='lat' dir='ltr'><strong>quorum</strong></span> <span class='ocrx_word' id='word_1_386' title='bbox 1158 4898 1317 4954; x_wconf 78' lang='lat' dir='ltr'><strong>etiam</strong></span> <span class='ocrx_word' id='word_1_387' title='bbox 1342 4896 1645 4951; x_wconf 84' lang='lat' dir='ltr'><strong>neminibus</strong></span> <span class='ocrx_word' id='word_1_388' title='bbox 1672 4906 1920 4950; x_wconf 82' lang='lat' dir='ltr'><strong>versuum</strong></span> <span class='ocrx_word' id='word_1_389' title='bbox 1943 4909 2035 4965; x_wconf 83' lang='lat' dir='ltr'><strong>ge-</strong></span> 
     </span>
    </p>
   </div>
   <div class='ocr_carea' id='block_1_51' title="bbox 456 4987 2035 5065">
    <p class='ocr_par' dir='ltr' id='par_1_51' title="bbox 456 4987 2035 5065">
     <span class='ocr_line' id='line_1_51' title="bbox 456 4987 2035 5065; baseline -0.009 -9"><span class='ocrx_word' id='word_1_390' title='bbox 456 5016 584 5056; x_wconf 85' lang='lat' dir='ltr'><strong>nera</strong></span> <span class='ocrx_word' id='word_1_391' title='bbox 632 5006 908 5063; x_wconf 89' lang='lat' dir='ltr'><strong>vocantur,</strong></span> <span class='ocrx_word' id='word_1_392' title='bbox 934 4992 1057 5065; x_wconf 77' lang='lat' dir='ltr'><strong>quae</strong></span> <span class='ocrx_word' id='word_1_393' title='bbox 1100 4988 1259 5062; x_wconf 75' lang='lat' dir='ltr'><strong>primi</strong></span> <span class='ocrx_word' id='word_1_394' title='bbox 1304 4988 1795 5044; x_wconf 68' lang='lat' dir='ltr'><strong>&#39;animadvertentes</strong></span> <span class='ocrx_word' id='word_1_395' title='bbox 1820 4987 2035 5041; x_wconf 88' lang='lat' dir='ltr'><strong>cecine-</strong></span> 
     </span>
    </p>
   </div>
   <div class='ocr_carea' id='block_1_52' title="bbox 455 5072 2034 5154">
    <p class='ocr_par' dir='ltr' id='par_1_52' title="bbox 455 5072 2034 5154">
     <span class='ocr_line' id='line_1_52' title="bbox 455 5072 2034 5154; baseline -0.009 -8"><span class='ocrx_word' id='word_1_396' title='bbox 455 5084 596 5146; x_wconf 67' lang='lat' dir='ltr'><strong>rnu&#39;t.</strong></span> <span class='ocrx_word' id='word_1_397' title='bbox 618 5072 754 5146; x_wconf 70' lang='lat' dir='ltr'><strong>Nam</strong></span> <span class='ocrx_word' id='word_1_398' title='bbox 777 5092 831 5143; x_wconf 89' lang='lat' dir='ltr'><strong>et</strong></span> <span class='ocrx_word' id='word_1_399' title='bbox 850 5081 1246 5154; x_wconf 61' lang='lat' dir='ltr'><strong>As’clepiadmtIS</strong></span> <span class='ocrx_word' id='word_1_400' title='bbox 1270 5086 1459 5135; x_wconf 78' lang='lat' dir='ltr'><strong>verstis</strong></span> <span class='ocrx_word' id='word_1_401' title='bbox 1478 5078 1690 5144; x_wconf 74' lang='lat' dir='ltr'><strong>dicitur,</strong></span> <span class='ocrx_word' id='word_1_402' title='bbox 1714 5086 1769 5131; x_wconf 89' lang='lat' dir='ltr'><strong>et</strong></span> <span class='ocrx_word' id='word_1_403' title='bbox 1788 5076 2034 5132; x_wconf 47' lang='lat' dir='ltr'><strong>Archilo‘</strong></span> 
     </span>
    </p>
   </div>
   <div class='ocr_carea' id='block_1_53' title="bbox 457 5166 2033 5247">
    <p class='ocr_par' dir='ltr' id='par_1_53' title="bbox 457 5166 2033 5247">
     <span class='ocr_line' id='line_1_53' title="bbox 457 5166 2033 5247; baseline -0.009 -12"><span class='ocrx_word' id='word_1_404' title='bbox 457 5176 612 5236; x_wconf 65' lang='lat' dir='ltr'><strong>eliius</strong></span> <span class='ocrx_word' id='word_1_405' title='bbox 628 5172 1085 5247; x_wconf 70' lang='lat' dir='ltr'><strong>&#39;etSapphiclis,’ct</strong></span> <span class='ocrx_word' id='word_1_406' title='bbox 1103 5173 1200 5227; x_wconf 83' lang='lat' dir='ltr'><strong>alia</strong></span> <span class='ocrx_word' id='word_1_407' title='bbox 1218 5168 1473 5225; x_wconf 75' lang='lat' dir='ltr'><strong>sexcenta</strong></span> <span class='ocrx_word' id='word_1_408' title='bbox 1490 5174 1763 5223; x_wconf 83' lang='lat' dir='ltr'><strong>auctorum</strong></span> <span class='ocrx_word' id='word_1_409' title='bbox 1776 5166 2033 5223; x_wconf 81' lang='lat' dir='ltr'><strong>vocabula</strong></span> 
     </span>
    </p>
   </div>
   <div class='ocr_carea' id='block_1_54' title="bbox 454 5258 2034 5334">
    <p class='ocr_par' dir='ltr' id='par_1_54' title="bbox 454 5258 2034 5334">
     <span class='ocr_line' id='line_1_54' title="bbox 454 5258 2034 5334; baseline -0.008 -9"><span class='ocrx_word' id='word_1_410' title='bbox 454 5270 623 5327; x_wconf 54' lang='lat' dir='ltr'><strong>Graeci</strong></span> <span class='ocrx_word' id='word_1_411' title='bbox 644 5262 887 5325; x_wconf 78' lang='lat' dir='ltr'><strong>versibus</strong></span> <span class='ocrx_word' id='word_1_412' title='bbox 905 5262 1102 5321; x_wconf 71' lang='lat' dir='ltr'><strong>diversi</strong></span> <span class='ocrx_word' id='word_1_413' title='bbox 1118 5260 1333 5334; x_wconf 74' lang='lat' dir='ltr'><strong>generis</strong></span> <span class='ocrx_word' id='word_1_414' title='bbox 1350 5259 1682 5315; x_wconf 74' lang='lat' dir='ltr'><strong>indiderunt.</strong></span> <span class='ocrx_word' id='word_1_415' title='bbox 1703 5258 1785 5313; x_wconf 66' lang='lat' dir='ltr'><strong>Et:</strong></span> <span class='ocrx_word' id='word_1_416' title='bbox 1805 5266 2034 5329; x_wconf 75' lang='lat' dir='ltr'><strong>quo-nou</strong></span> 
     </span>
    </p>
   </div>
   <div class='ocr_carea' id='block_1_55' title="bbox 456 5350 2031 5427">
    <p class='ocr_par' dir='ltr' id='par_1_55' title="bbox 456 5350 2031 5427">
     <span class='ocr_line' id='line_1_55' title="bbox 456 5350 2031 5427; baseline -0.006 -12"><span class='ocrx_word' id='word_1_417' title='bbox 456 5360 688 5416; x_wconf 77' lang='lat' dir='ltr'><strong>absurde</strong></span> <span class='ocrx_word' id='word_1_418' title='bbox 716 5351 1142 5427; x_wconf 71' lang='lat' dir='ltr'><strong>&#39;Ctlipia&#39;m&#39;videri</strong></span> <span class='ocrx_word' id='word_1_419' title='bbox 1164 5361 1358 5424; x_wconf 87' lang='lat' dir='ltr'><strong>potest,</strong></span> <span class='ocrx_word' id='word_1_420' title='bbox 1387 5351 1527 5423; x_wconf 83' lang='lat' dir='ltr'><strong>quod</strong></span> <span class='ocrx_word' id='word_1_421' title='bbox 1570 5351 1615 5404; x_wconf 89' lang='lat' dir='ltr'><strong>si</strong></span> <span class='ocrx_word' id='word_1_422' title='bbox 1640 5350 1756 5421; x_wconf 88' lang='lat' dir='ltr'><strong>quis</strong></span> <span class='ocrx_word' id='word_1_423' title='bbox 1784 5361 1842 5404; x_wconf 90' lang='lat' dir='ltr'><strong>nt</strong></span> <span class='ocrx_word' id='word_1_424' title='bbox 1871 5351 2031 5417; x_wconf 89' lang='lat' dir='ltr'><strong>volet,</strong></span> 
     </span>
    </p>
   </div>
   <div class='ocr_carea' id='block_1_56' title="bbox 456 5442 2034 5525">
    <p class='ocr_par' dir='ltr' id='par_1_56' title="bbox 456 5442 2034 5525">
     <span class='ocr_line' id='line_1_56' title="bbox 456 5442 2034 5525; baseline -0.004 -22"><span class='ocrx_word' id='word_1_425' title='bbox 456 5466 529 5525; x_wconf 9' lang='lat' dir='ltr'><strong>per</strong></span> <span class='ocrx_word' id='word_1_426' title='bbox 544 5456 619 5507; x_wconf 45' lang='lat' dir='ltr'><strong>ius</strong></span> <span class='ocrx_word' id='word_1_427' title='bbox 638 5461 767 5522; x_wconf 86' lang='lat' dir='ltr'><strong>quot</strong></span> <span class='ocrx_word' id='word_1_428' title='bbox 790 5450 949 5516; x_wconf 86' lang='lat' dir='ltr'><strong>volet,</strong></span> <span class='ocrx_word' id='word_1_429' title='bbox 964 5444 1030 5503; x_wconf 73' lang='lat' dir='ltr'><strong>et</strong></span> <span class='ocrx_word' id='word_1_430' title='bbox 1050 5458 1184 5517; x_wconf 88' lang='lat' dir='ltr'><strong>quos</strong></span> <span class='ocrx_word' id='word_1_431' title='bbox 1200 5444 1347 5500; x_wconf 80' lang='lat' dir='ltr'><strong>volet</strong></span> <span class='ocrx_word' id='word_1_432' title='bbox 1372 5443 1715 5510; x_wconf 82' lang='lat' dir='ltr'><strong>ordinaverit,</strong></span> <span class='ocrx_word' id='word_1_433' title='bbox 1734 5442 1858 5513; x_wconf 90' lang='lat' dir='ltr'><strong>quia</strong></span> <span class='ocrx_word' id='word_1_434' title='bbox 1877 5452 2034 5498; x_wconf 84' lang='lat' dir='ltr'><strong>nemo</strong></span> 
     </span>
    </p>
   </div>
   <div class='ocr_carea' id='block_1_57' title="bbox 455 5538 2033 5615">
    <p class='ocr_par' dir='ltr' id='par_1_57' title="bbox 455 5538 2033 5615">
     <span class='ocr_line' id='line_1_57' title="bbox 455 5538 2033 5615; baseline -0.008 -11"><span class='ocrx_word' id='word_1_435' title='bbox 455 5546 579 5604; x_wconf 68' lang='lat' dir='ltr'><strong>ante</strong></span> <span class='ocrx_word' id='word_1_436' title='bbox 596 5544 776 5615; x_wconf 80' lang='lat' dir='ltr'><strong>ipsum</strong></span> <span class='ocrx_word' id='word_1_437' title='bbox 810 5546 947 5599; x_wconf 80' lang='lat' dir='ltr'><strong>hunc.</strong></span> <span class='ocrx_word' id='word_1_438' title='bbox 974 5538 1215 5599; x_wconf 57' lang='lat' dir='ltr'><strong>oidll‘feln</strong></span> <span class='ocrx_word' id='word_1_439' title='bbox 1247 5542 1308 5595; x_wconf 71' lang='lat' dir='ltr'><strong>tte</strong></span> <span class='ocrx_word' id='word_1_440' title='bbox 1330 5540 1630 5594; x_wconf 79' lang='lat' dir='ltr'><strong>mensuram</strong></span> <span class='ocrx_word' id='word_1_441' title='bbox 1652 5538 1872 5607; x_wconf 84' lang='lat' dir='ltr'><strong>pedibus</strong></span> <span class='ocrx_word' id='word_1_442' title='bbox 1900 5550 2033 5593; x_wconf 77' lang='lat' dir='ltr'><strong>corr-</strong></span> 
     </span>
    </p>
   </div>
   <div class='ocr_carea' id='block_1_58' title="bbox 457 5628 2032 5705">
    <p class='ocr_par' dir='ltr' id='par_1_58' title="bbox 457 5628 2032 5705">
     <span class='ocr_line' id='line_1_58' title="bbox 457 5628 2032 5705; baseline -0.006 -13"><span class='ocrx_word' id='word_1_443' title='bbox 457 5636 708 5701; x_wconf 68' lang='lat' dir='ltr'><strong>stliderit,</strong></span> <span class='ocrx_word' id='word_1_444' title='bbox 734 5636 874 5691; x_wconf 63' lang='lat' dir='ltr'><strong>testi:</strong></span> <span class='ocrx_word' id='word_1_445' title='bbox 906 5628 1108 5705; x_wconf 45' lang='lat' dir='ltr'><strong>h’c&#39;jure</strong></span> <span class='ocrx_word' id='word_1_446' title='bbox 1134 5628 1378 5689; x_wconf 59' lang='lat' dir='ltr'><strong>ctiil&#39;di‘totr</strong></span> <span class='ocrx_word' id='word_1_447' title='bbox 1401 5630 1521 5684; x_wconf 85' lang='lat' dir='ltr'><strong>novi</strong></span> <span class='ocrx_word' id='word_1_448' title='bbox 1557 5630 1765 5700; x_wconf 78' lang='lat' dir='ltr'><strong>generis</strong></span> <span class='ocrx_word' id='word_1_449' title='bbox 1781 5630 2032 5683; x_wconf 68' lang='lat' dir='ltr'><strong>versuum</strong></span> 
     </span>
    </p>
   </div>
   <div class='ocr_carea' id='block_1_59' title="bbox 458 5719 2032 5800">
    <p class='ocr_par' dir='ltr' id='par_1_59' title="bbox 458 5719 2032 5800">
     <span class='ocr_line' id='line_1_59' title="bbox 458 5719 2032 5800; baseline -0.004 -22"><span class='ocrx_word' id='word_1_450' title='bbox 458 5735 877 5800; x_wconf 68' lang='lat' dir='ltr'><strong>propagatorque</strong></span> <span class='ocrx_word' id='word_1_451' title='bbox 902 5727 1124 5782; x_wconf 84' lang='lat' dir='ltr'><strong>dicetur.</strong></span> <span class='ocrx_word' id='word_1_452' title='bbox 1150 5724 1314 5780; x_wconf 85' lang='lat' dir='ltr'><strong>Autsi</strong></span> <span class='ocrx_word' id='word_1_453' title='bbox 1343 5723 1456 5778; x_wconf 59' lang='lat' dir='ltr'><strong>haec</strong></span> <span class='ocrx_word' id='word_1_454' title='bbox 1484 5722 1696 5776; x_wconf 86' lang='lat' dir='ltr'><strong>licentia</strong></span> <span class='ocrx_word' id='word_1_455' title='bbox 1725 5719 2032 5774; x_wconf 87' lang='lat' dir='ltr'><strong>intercludi-</strong></span> 
     </span>
    </p>
   </div>
   <div class='ocr_carea' id='block_1_60' title="bbox 459 5810 2035 5889">
    <p class='ocr_par' dir='ltr' id='par_1_60' title="bbox 459 5810 2035 5889">
     <span class='ocr_line' id='line_1_60' title="bbox 459 5810 2035 5889; baseline -0.003 -16"><span class='ocrx_word' id='word_1_456' title='bbox 459 5834 541 5875; x_wconf 82' lang='lat' dir='ltr'><strong>tur</strong></span> <span class='ocrx_word' id='word_1_457' title='bbox 571 5819 792 5889; x_wconf 66' lang='lat' dir='ltr'><strong>bonum,</strong></span> <span class='ocrx_word' id='word_1_458' title='bbox 840 5839 961 5884; x_wconf 89' lang='lat' dir='ltr'><strong>cum</strong></span> <span class='ocrx_word' id='word_1_459' title='bbox 994 5810 1373 5889; x_wconf 68' lang='lat' dir='ltr'><strong>OOU(1ueSllOIlC</strong></span> <span class='ocrx_word' id='word_1_460' title='bbox 1417 5812 1756 5886; x_wconf 53' lang='lat' dir='ltr'><strong>querendum</strong></span> <span class='ocrx_word' id='word_1_461' title='bbox 1783 5810 1864 5869; x_wconf 63' lang='lat' dir='ltr'><strong>es‘t</strong></span> <span class='ocrx_word' id='word_1_462' title='bbox 1906 5812 2035 5883; x_wconf 82' lang='lat' dir='ltr'><strong>quid</strong></span> 
     </span>
    </p>
   </div>
   <div class='ocr_carea' id='block_1_61' title="bbox 1653 348 2549 415">
    <p class='ocr_par' dir='ltr' id='par_1_61' title="bbox 1653 348 2549 415">
     <span class='ocr_line' id='line_1_61' title="bbox 1653 348 2549 415; baseline 0 -8"><span class='ocrx_word' id='word_1_463' title='bbox 1653 356 1734 408; x_wconf 70' lang='lat' dir='ltr'><strong>Dii</strong></span> <span class='ocrx_word' id='word_1_464' title='bbox 1774 350 2041 415; x_wconf 59' lang='lat' dir='ltr'><strong>llUSlCA,</strong></span> <span class='ocrx_word' id='word_1_465' title='bbox 2080 348 2135 406; x_wconf 76' lang='grc' dir='ltr'><strong>Β.</strong></span> <span class='ocrx_word' id='word_1_466' title='bbox 2182 349 2549 408; x_wconf 82' lang='lat' dir='ltr'><strong>AUGUSTINI</strong></span> 
     </span>
    </p>
   </div>
   <div class='ocr_carea' id='block_1_62' title="bbox 3595 353 3738 413">
    <p class='ocr_par' dir='ltr' id='par_1_62' title="bbox 3595 353 3738 413">
     <span class='ocr_line' id='line_1_62' title="bbox 3595 353 3738 413; baseline 0.028 -4"><span class='ocrx_word' id='word_1_467' title='bbox 3595 353 3738 413; x_wconf 77' lang='lat' dir='ltr'><strong>H08</strong></span> 
     </span>
    </p>
   </div>
   <div class='ocr_carea' id='block_1_63' title="bbox 2145 463 3730 538">
    <p class='ocr_par' dir='ltr' id='par_1_63' title="bbox 2145 463 3730 538">
     <span class='ocr_line' id='line_1_63' title="bbox 2145 463 3730 538; baseline 0 -19"><span class='ocrx_word' id='word_1_468' title='bbox 2145 463 2361 519; x_wconf 86' lang='lat' dir='ltr'><strong>tandem</strong></span> <span class='ocrx_word' id='word_1_469' title='bbox 2410 463 2486 518; x_wconf 87' lang='lat' dir='ltr'><strong>illi</strong></span> <span class='ocrx_word' id='word_1_470' title='bbox 2532 468 2863 532; x_wconf 85' lang='lat' dir='ltr'><strong>meruerunt,</strong></span> <span class='ocrx_word' id='word_1_471' title='bbox 2898 464 2944 519; x_wconf 85' lang='lat' dir='ltr'><strong>si</strong></span> <span class='ocrx_word' id='word_1_472' title='bbox 2984 464 3183 520; x_wconf 76' lang='lat' dir='ltr'><strong>nullam</strong></span> <span class='ocrx_word' id='word_1_473' title='bbox 3216 467 3486 523; x_wconf 75' lang='lat' dir='ltr'><strong>rationem</strong></span> <span class='ocrx_word' id='word_1_474' title='bbox 3536 468 3730 538; x_wconf 83' lang='lat' dir='ltr'><strong>secuti,</strong></span> 
     </span>
    </p>
   </div>
   <div class='ocr_carea' id='block_1_64' title="bbox 2141 549 3730 623">
    <p class='ocr_par' dir='ltr' id='par_1_64' title="bbox 2141 549 3730 623">
     <span class='ocr_line' id='line_1_64' title="bbox 2141 549 3730 623; baseline 0.002 -18"><span class='ocrx_word' id='word_1_475' title='bbox 2141 550 2526 605; x_wconf 81' lang='lat' dir='ltr'><strong>connexionem</strong></span> <span class='ocrx_word' id='word_1_476' title='bbox 2568 549 2762 620; x_wconf 90' lang='lat' dir='ltr'><strong>pedum</strong></span> <span class='ocrx_word' id='word_1_477' title='bbox 2810 565 2944 620; x_wconf 90' lang='lat' dir='ltr'><strong>quos</strong></span> <span class='ocrx_word' id='word_1_478' title='bbox 2996 550 3100 606; x_wconf 90' lang='lat' dir='ltr'><strong>illis</strong></span> <span class='ocrx_word' id='word_1_479' title='bbox 3144 559 3467 607; x_wconf 87' lang='lat' dir='ltr'><strong>connectere</strong></span> <span class='ocrx_word' id='word_1_480' title='bbox 3510 553 3730 623; x_wconf 77' lang='lat' dir='ltr'><strong>placuit,</strong></span> 
     </span>
    </p>
   </div>
   <div class='ocr_carea' id='block_1_65' title="bbox 2141 642 3735 713">
    <p class='ocr_par' dir='ltr' id='par_1_65' title="bbox 2141 642 3735 713">
     <span class='ocr_line' id='line_1_65' title="bbox 2141 642 3735 713; baseline 0.001 -14"><span class='ocrx_word' id='word_1_481' title='bbox 2141 658 2354 699; x_wconf 84' lang='lat' dir='ltr'><strong>versum</strong></span> <span class='ocrx_word' id='word_1_482' title='bbox 2372 643 2628 713; x_wconf 86' lang='lat' dir='ltr'><strong>appellari</strong></span> <span class='ocrx_word' id='word_1_483' title='bbox 2646 642 2935 713; x_wconf 87' lang='lat' dir='ltr'><strong>haberique</strong></span> <span class='ocrx_word' id='word_1_484' title='bbox 2957 644 3215 699; x_wconf 81' lang='lat' dir='ltr'><strong>fecerunt.</strong></span> <span class='ocrx_word' id='word_1_485' title='bbox 3239 644 3321 699; x_wconf 77' lang='lat' dir='ltr'><strong>An</strong></span> <span class='ocrx_word' id='word_1_486' title='bbox 3351 644 3445 700; x_wconf 88' lang='lat' dir='ltr'><strong>tibi</strong></span> <span class='ocrx_word' id='word_1_487' title='bbox 3469 644 3623 700; x_wconf 86' lang='lat' dir='ltr'><strong>aliter</strong></span> <span class='ocrx_word' id='word_1_488' title='bbox 3648 646 3735 700; x_wconf 80' lang='lat' dir='ltr'><strong>vi-</strong></span> 
     </span>
    </p>
   </div>
   <div class='ocr_carea' id='block_1_66' title="bbox 2142 735 3731 808">
    <p class='ocr_par' dir='ltr' id='par_1_66' title="bbox 2142 735 3731 808">
     <span class='ocr_line' id='line_1_66' title="bbox 2142 735 3731 808; baseline 0.001 -15"><span class='ocrx_word' id='word_1_489' title='bbox 2142 736 2335 793; x_wconf 77' lang='lat' dir='ltr'><strong>detur?</strong></span> <span class='ocrx_word' id='word_1_490' title='bbox 2362 735 2433 791; x_wconf 92' lang='lat' dir='ltr'><strong>D.</strong></span> <span class='ocrx_word' id='word_1_491' title='bbox 2464 736 2541 792; x_wconf 75' lang='lat' dir='ltr'><strong>ita</strong></span> <span class='ocrx_word' id='word_1_492' title='bbox 2553 751 2681 793; x_wconf 88' lang='lat' dir='ltr'><strong>vero</strong></span> <span class='ocrx_word' id='word_1_493' title='bbox 2702 744 2787 793; x_wconf 81' lang='lat' dir='ltr'><strong>est</strong></span> <span class='ocrx_word' id='word_1_494' title='bbox 2810 746 2872 792; x_wconf 84' lang='lat' dir='ltr'><strong>ut</strong></span> <span class='ocrx_word' id='word_1_495' title='bbox 2895 738 3048 805; x_wconf 88' lang='lat' dir='ltr'><strong>dicis,</strong></span> <span class='ocrx_word' id='word_1_496' title='bbox 3096 746 3152 793; x_wconf 91' lang='lat' dir='ltr'><strong>et</strong></span> <span class='ocrx_word' id='word_1_497' title='bbox 3178 753 3399 808; x_wconf 87' lang='lat' dir='ltr'><strong>prorsus</strong></span> <span class='ocrx_word' id='word_1_498' title='bbox 3436 741 3731 807; x_wconf 86' lang='lat' dir='ltr'><strong>assentior,</strong></span> 
     </span>
    </p>
   </div>
   <div class='ocr_carea' id='block_1_67' title="bbox 2140 832 3735 906">
    <p class='ocr_par' dir='ltr' id='par_1_67' title="bbox 2140 832 3735 906">
     <span class='ocr_line' id='line_1_67' title="bbox 2140 832 3735 906; baseline 0.003 -19"><span class='ocrx_word' id='word_1_499' title='bbox 2140 833 2348 888; x_wconf 79' lang='lat' dir='ltr'><strong>ratione</strong></span> <span class='ocrx_word' id='word_1_500' title='bbox 2366 833 2542 903; x_wconf 78' lang='lat' dir='ltr'><strong>potius</strong></span> <span class='ocrx_word' id='word_1_501' title='bbox 2569 846 2728 903; x_wconf 87' lang='lat' dir='ltr'><strong>quam</strong></span> <span class='ocrx_word' id='word_1_502' title='bbox 2770 832 3089 887; x_wconf 81' lang='lat' dir='ltr'><strong>auctoritate</strong></span> <span class='ocrx_word' id='word_1_503' title='bbox 3126 846 3341 888; x_wconf 88' lang='lat' dir='ltr'><strong>versum</strong></span> <span class='ocrx_word' id='word_1_504' title='bbox 3359 845 3481 897; x_wconf 76' lang='lat' dir='ltr'><strong>esse</strong></span> <span class='ocrx_word' id='word_1_505' title='bbox 3502 850 3735 906; x_wconf 86' lang='lat' dir='ltr'><strong>genera-</strong></span> 
     </span>
    </p>
   </div>
   <div class='ocr_carea' id='block_1_68' title="bbox 2144 922 3258 995">
    <p class='ocr_par' dir='ltr' id='par_1_68' title="bbox 2144 922 3258 995">
     <span class='ocr_line' id='line_1_68' title="bbox 2144 922 3258 995; baseline -0.001 -15"><span class='ocrx_word' id='word_1_506' title='bbox 2144 933 2273 993; x_wconf 77' lang='lat' dir='ltr'><strong>tum,</strong></span> <span class='ocrx_word' id='word_1_507' title='bbox 2302 930 2463 995; x_wconf 86' lang='lat' dir='ltr'><strong>quam</strong></span> <span class='ocrx_word' id='word_1_508' title='bbox 2484 932 2614 995; x_wconf 85' lang='lat' dir='ltr'><strong>peto</strong></span> <span class='ocrx_word' id='word_1_509' title='bbox 2626 922 2952 994; x_wconf 71' lang='lat' dir='ltr'><strong>iamiamque</strong></span> <span class='ocrx_word' id='word_1_510' title='bbox 2966 924 3258 981; x_wconf 80' lang='lat' dir='ltr'><strong>videamus.</strong></span> 
     </span>
    </p>
   </div>
   <div class='ocr_carea' id='block_1_69' title="bbox 2350 1028 3504 1101">
    <p class='ocr_par' dir='ltr' id='par_1_69' title="bbox 2350 1028 3504 1101">
     <span class='ocr_line' id='line_1_69' title="bbox 2350 1028 3504 1101; baseline -0.003 -14"><span class='ocrx_word' id='word_1_511' title='bbox 2350 1029 2576 1087; x_wconf 64' lang='lat' dir='ltr'><strong>carur</strong></span> <span class='ocrx_word' id='word_1_512' title='bbox 2615 1029 2838 1089; x_wconf 74' lang='lat' dir='ltr'><strong>vm.—</strong></span> <span class='ocrx_word' id='word_1_513' title='bbox 2865 1028 3019 1086; x_wconf 66' lang='lat' dir='ltr'><strong>Varia</strong></span> <span class='ocrx_word' id='word_1_514' title='bbox 3054 1031 3241 1101; x_wconf 77' lang='lat' dir='ltr'><strong>pedum</strong></span> <span class='ocrx_word' id='word_1_515' title='bbox 3280 1032 3504 1086; x_wconf 68' lang='lat' dir='ltr'><strong>nm.</strong></span> 
     </span>
    </p>
   </div>
   <div class='ocr_carea' id='block_1_70' title="bbox 2212 1119 3731 1195">
    <p class='ocr_par' dir='ltr' id='par_1_70' title="bbox 2212 1119 3731 1195">
     <span class='ocr_line' id='line_1_70' title="bbox 2212 1119 3731 1195; baseline 0 -18"><span class='ocrx_word' id='word_1_516' title='bbox 2212 1122 2299 1178; x_wconf 81' lang='lat' dir='ltr'><strong>l5.</strong></span> <span class='ocrx_word' id='word_1_517' title='bbox 2341 1119 2419 1177; x_wconf 69' lang='grc' dir='ltr'><strong>Π.</strong></span> <span class='ocrx_word' id='word_1_518' title='bbox 2463 1120 2747 1179; x_wconf 81' lang='lat' dir='ltr'><strong>Videamus</strong></span> <span class='ocrx_word' id='word_1_519' title='bbox 2768 1124 2894 1195; x_wconf 74' lang='lat' dir='ltr'><strong>ergo</strong></span> <span class='ocrx_word' id='word_1_520' title='bbox 2921 1125 3010 1194; x_wconf 85' lang='lat' dir='ltr'><strong>qui</strong></span> <span class='ocrx_word' id='word_1_521' title='bbox 3048 1124 3212 1193; x_wconf 80' lang='lat' dir='ltr'><strong>pedes</strong></span> <span class='ocrx_word' id='word_1_522' title='bbox 3236 1124 3453 1179; x_wconf 81' lang='lat' dir='ltr'><strong>sibimet</strong></span> <span class='ocrx_word' id='word_1_523' title='bbox 3472 1123 3731 1193; x_wconf 85' lang='lat' dir='ltr'><strong>copulan-</strong></span> 
     </span>
    </p>
   </div>
   <div class='ocr_carea' id='block_1_71' title="bbox 2140 1210 3732 1287">
    <p class='ocr_par' dir='ltr' id='par_1_71' title="bbox 2140 1210 3732 1287">
     <span class='ocr_line' id='line_1_71' title="bbox 2140 1210 3732 1287; baseline 0.002 -19"><span class='ocrx_word' id='word_1_524' title='bbox 2140 1211 2192 1268; x_wconf 83' lang='lat' dir='ltr'><strong>di</strong></span> <span class='ocrx_word' id='word_1_525' title='bbox 2214 1214 2337 1280; x_wconf 88' lang='lat' dir='ltr'><strong>sint,</strong></span> <span class='ocrx_word' id='word_1_526' title='bbox 2378 1210 2574 1270; x_wconf 78' lang='lat' dir='ltr'><strong>deinde</strong></span> <span class='ocrx_word' id='word_1_527' title='bbox 2603 1214 2729 1287; x_wconf 74' lang='lat' dir='ltr'><strong>quid</strong></span> <span class='ocrx_word' id='word_1_528' title='bbox 2752 1216 2839 1272; x_wconf 81' lang='lat' dir='ltr'><strong>bis</strong></span> <span class='ocrx_word' id='word_1_529' title='bbox 2868 1216 3127 1287; x_wconf 83' lang='lat' dir='ltr'><strong>copulatis</strong></span> <span class='ocrx_word' id='word_1_530' title='bbox 3150 1215 3244 1270; x_wconf 67' lang='lat' dir='ltr'><strong>ita!</strong></span> <span class='ocrx_word' id='word_1_531' title='bbox 3270 1220 3404 1286; x_wconf 78' lang='lat' dir='ltr'><strong>(non</strong></span> <span class='ocrx_word' id='word_1_532' title='bbox 3439 1216 3581 1270; x_wconf 90' lang='lat' dir='ltr'><strong>enim</strong></span> <span class='ocrx_word' id='word_1_533' title='bbox 3606 1230 3732 1271; x_wconf 86' lang='lat' dir='ltr'><strong>ver-</strong></span> 
     </span>
    </p>
   </div>
   <div class='ocr_carea' id='block_1_72' title="bbox 2140 1300 3733 1379">
    <p class='ocr_par' dir='ltr' id='par_1_72' title="bbox 2140 1300 3733 1379">
     <span class='ocr_line' id='line_1_72' title="bbox 2140 1300 3733 1379; baseline 0.001 -19"><span class='ocrx_word' id='word_1_534' title='bbox 2140 1321 2231 1361; x_wconf 90' lang='lat' dir='ltr'><strong>sus</strong></span> <span class='ocrx_word' id='word_1_535' title='bbox 2258 1305 2317 1361; x_wconf 80' lang='lat' dir='ltr'><strong>ﬁt</strong></span> <span class='ocrx_word' id='word_1_536' title='bbox 2342 1300 2538 1379; x_wconf 71' lang='lat' dir='ltr'><strong>scius);</strong></span> <span class='ocrx_word' id='word_1_537' title='bbox 2558 1304 2833 1378; x_wconf 65' lang='lat' dir='ltr'><strong>postremo</strong></span> <span class='ocrx_word' id='word_1_538' title='bbox 2850 1308 2921 1364; x_wconf 70' lang='lat' dir='ltr'><strong>tie</strong></span> <span class='ocrx_word' id='word_1_539' title='bbox 2950 1322 3138 1363; x_wconf 81' lang='lat' dir='ltr'><strong>versus</strong></span> <span class='ocrx_word' id='word_1_540' title='bbox 3166 1317 3272 1363; x_wconf 87' lang='lat' dir='ltr'><strong>tota</strong></span> <span class='ocrx_word' id='word_1_541' title='bbox 3300 1307 3509 1362; x_wconf 83' lang='lat' dir='ltr'><strong>ratione</strong></span> <span class='ocrx_word' id='word_1_542' title='bbox 3528 1314 3733 1362; x_wconf 79' lang='lat' dir='ltr'><strong>tracta-</strong></span> 
     </span>
    </p>
   </div>
   <div class='ocr_carea' id='block_1_73' title="bbox 2129 1388 3733 1469">
    <p class='ocr_par' dir='ltr' id='par_1_73' title="bbox 2129 1388 3733 1469">
     <span class='ocr_line' id='line_1_73' title="bbox 2129 1388 3733 1469; baseline -0.001 -15"><span class='ocrx_word' id='word_1_543' title='bbox 2129 1397 2331 1455; x_wconf 73' lang='lat' dir='ltr'><strong>bimus.</strong></span> <span class='ocrx_word' id='word_1_544' title='bbox 2360 1388 2466 1456; x_wconf 77' lang='lat' dir='ltr'><strong>Sed</strong></span> <span class='ocrx_word' id='word_1_545' title='bbox 2492 1408 2617 1455; x_wconf 90' lang='lat' dir='ltr'><strong>num</strong></span> <span class='ocrx_word' id='word_1_546' title='bbox 2636 1400 2829 1457; x_wconf 77' lang='lat' dir='ltr'><strong>censes</strong></span> <span class='ocrx_word' id='word_1_547' title='bbox 2850 1400 3135 1457; x_wconf 73' lang='lat' dir='ltr'><strong>’commOd‘e</strong></span> <span class='ocrx_word' id='word_1_548' title='bbox 3162 1402 3265 1455; x_wconf 83' lang='lat' dir='ltr'><strong>ista</strong></span> <span class='ocrx_word' id='word_1_549' title='bbox 3290 1412 3391 1454; x_wconf 89' lang='lat' dir='ltr'><strong>nos</strong></span> <span class='ocrx_word' id='word_1_550' title='bbox 3424 1413 3586 1469; x_wconf 89' lang='lat' dir='ltr'><strong>posse</strong></span> <span class='ocrx_word' id='word_1_551' title='bbox 3605 1414 3733 1468; x_wconf 87' lang='lat' dir='ltr'><strong>per-</strong></span> 
     </span>
    </p>
   </div>
   <div class='ocr_carea' id='block_1_74' title="bbox 2139 1490 3729 1562">
    <p class='ocr_par' dir='ltr' id='par_1_74' title="bbox 2139 1490 3729 1562">
     <span class='ocr_line' id='line_1_74' title="bbox 2139 1490 3729 1562; baseline 0.001 -18"><span class='ocrx_word' id='word_1_552' title='bbox 2139 1492 2307 1562; x_wconf 79' lang='lat' dir='ltr'><strong>seqm,</strong></span> <span class='ocrx_word' id='word_1_553' title='bbox 2338 1492 2444 1547; x_wconf 77' lang='lat' dir='ltr'><strong>nisi</strong></span> <span class='ocrx_word' id='word_1_554' title='bbox 2470 1493 2663 1562; x_wconf 83' lang='lat' dir='ltr'><strong>pedum</strong></span> <span class='ocrx_word' id='word_1_555' title='bbox 2700 1493 2916 1549; x_wconf 75' lang='lat' dir='ltr'><strong>numina</strong></span> <span class='ocrx_word' id='word_1_556' title='bbox 2938 1492 3256 1550; x_wconf 81' lang='lat' dir='ltr'><strong>teneamus?</strong></span> <span class='ocrx_word' id='word_1_557' title='bbox 3276 1491 3593 1562; x_wconf 78' lang='lat' dir='ltr'><strong>Quanquam</strong></span> <span class='ocrx_word' id='word_1_558' title='bbox 3620 1490 3729 1546; x_wconf 87' lang='lat' dir='ltr'><strong>hoc</strong></span> 
     </span>
    </p>
   </div>
   <div class='ocr_carea' id='block_1_75' title="bbox 2140 1576 3733 1656">
    <p class='ocr_par' dir='ltr' id='par_1_75' title="bbox 2140 1576 3733 1656">
     <span class='ocr_line' id='line_1_75' title="bbox 2140 1576 3733 1656; baseline -0.001 -17"><span class='ocrx_word' id='word_1_559' title='bbox 2140 1584 2324 1639; x_wconf 90' lang='lat' dir='ltr'><strong>ordine</strong></span> <span class='ocrx_word' id='word_1_560' title='bbox 2350 1599 2383 1639; x_wconf 87' lang='lat' dir='ltr'><strong>a</strong></span> <span class='ocrx_word' id='word_1_561' title='bbox 2414 1585 2569 1641; x_wconf 88' lang='lat' dir='ltr'><strong>nobis</strong></span> <span class='ocrx_word' id='word_1_562' title='bbox 2598 1587 2785 1656; x_wconf 76' lang='lat' dir='ltr'><strong>digesti</strong></span> <span class='ocrx_word' id='word_1_563' title='bbox 2806 1576 2954 1654; x_wconf 77' lang='lat' dir='ltr'><strong>sunt,</strong></span> <span class='ocrx_word' id='word_1_564' title='bbox 2992 1582 3053 1640; x_wconf 73' lang='lat' dir='ltr'><strong>ut</strong></span> <span class='ocrx_word' id='word_1_565' title='bbox 3078 1586 3285 1655; x_wconf 85' lang='lat' dir='ltr'><strong>possint</strong></span> <span class='ocrx_word' id='word_1_566' title='bbox 3327 1585 3493 1656; x_wconf 85' lang='lat' dir='ltr'><strong>ipsius</strong></span> <span class='ocrx_word' id='word_1_567' title='bbox 3520 1584 3605 1639; x_wconf 86' lang='lat' dir='ltr'><strong>sui</strong></span> <span class='ocrx_word' id='word_1_568' title='bbox 3633 1598 3733 1638; x_wconf 85' lang='lat' dir='ltr'><strong>or-</strong></span> 
     </span>
    </p>
   </div>
   <div class='ocr_carea' id='block_1_76' title="bbox 2140 1671 3726 1747">
    <p class='ocr_par' dir='ltr' id='par_1_76' title="bbox 2140 1671 3726 1747">
     <span class='ocr_line' id='line_1_76' title="bbox 2140 1671 3726 1747; baseline -0.001 -17"><span class='ocrx_word' id='word_1_569' title='bbox 2140 1671 2278 1730; x_wconf 85' lang='lat' dir='ltr'><strong>dinis</strong></span> <span class='ocrx_word' id='word_1_570' title='bbox 2293 1675 2597 1731; x_wconf 83' lang='lat' dir='ltr'><strong>nominibus</strong></span> <span class='ocrx_word' id='word_1_571' title='bbox 2615 1678 2907 1747; x_wconf 77' lang='lat' dir='ltr'><strong>nuncupari</strong></span> <span class='ocrx_word' id='word_1_572' title='bbox 2934 1696 2951 1733; x_wconf 85' lang='lat'><strong>:</strong></span> <span class='ocrx_word' id='word_1_573' title='bbox 2980 1677 3086 1732; x_wconf 73' lang='lat' dir='ltr'><strong>dici</strong></span> <span class='ocrx_word' id='word_1_574' title='bbox 3104 1676 3245 1732; x_wconf 89' lang='lat' dir='ltr'><strong>enim</strong></span> <span class='ocrx_word' id='word_1_575' title='bbox 3274 1683 3472 1746; x_wconf 85' lang='lat' dir='ltr'><strong>potest,</strong></span> <span class='ocrx_word' id='word_1_576' title='bbox 3494 1675 3726 1745; x_wconf 87' lang='lat' dir='ltr'><strong>primus,</strong></span> 
     </span>
    </p>
   </div>
   <div class='ocr_carea' id='block_1_77' title="bbox 2138 1767 3733 1842">
    <p class='ocr_par' dir='ltr' id='par_1_77' title="bbox 2138 1767 3733 1842">
     <span class='ocr_line' id='line_1_77' title="bbox 2138 1767 3733 1842; baseline -0.001 -16"><span class='ocrx_word' id='word_1_577' title='bbox 2138 1771 2424 1838; x_wconf 88' lang='lat' dir='ltr'><strong>secundus,</strong></span> <span class='ocrx_word' id='word_1_578' title='bbox 2452 1770 2664 1836; x_wconf 79' lang='lat' dir='ltr'><strong>tertius,</strong></span> <span class='ocrx_word' id='word_1_579' title='bbox 2704 1776 2863 1842; x_wconf 77' lang='lat' dir='ltr'><strong>atque</strong></span> <span class='ocrx_word' id='word_1_580' title='bbox 2916 1771 3018 1826; x_wconf 67' lang='lat' dir='ltr'><strong>hoc</strong></span> <span class='ocrx_word' id='word_1_581' title='bbox 3062 1769 3221 1824; x_wconf 80' lang='lat' dir='ltr'><strong>modo</strong></span> <span class='ocrx_word' id='word_1_582' title='bbox 3240 1768 3441 1824; x_wconf 64' lang='lat' dir='ltr'><strong>caeteri.</strong></span> <span class='ocrx_word' id='word_1_583' title='bbox 3470 1767 3576 1824; x_wconf 87' lang='lat' dir='ltr'><strong>Sed</strong></span> <span class='ocrx_word' id='word_1_584' title='bbox 3603 1769 3733 1839; x_wconf 84' lang='lat' dir='ltr'><strong>quia</strong></span> 
     </span>
    </p>
   </div>
   <div class='ocr_carea' id='block_1_78' title="bbox 2139 1862 3733 1930">
    <p class='ocr_par' dir='ltr' id='par_1_78' title="bbox 2139 1862 3733 1930">
     <span class='ocr_line' id='line_1_78' title="bbox 2139 1862 3733 1930; baseline -0.004 -9"><span class='ocrx_word' id='word_1_585' title='bbox 2139 1868 2245 1921; x_wconf 90' lang='lat' dir='ltr'><strong>non</strong></span> <span class='ocrx_word' id='word_1_586' title='bbox 2269 1873 2389 1919; x_wconf 87' lang='lat' dir='ltr'><strong>sunt</strong></span> <span class='ocrx_word' id='word_1_587' title='bbox 2410 1862 2794 1919; x_wconf 83' lang='lat' dir='ltr'><strong>contemnenda</strong></span> <span class='ocrx_word' id='word_1_588' title='bbox 2826 1872 3030 1919; x_wconf 88' lang='lat' dir='ltr'><strong>vetusta</strong></span> <span class='ocrx_word' id='word_1_589' title='bbox 3059 1863 3340 1930; x_wconf 82' lang='lat' dir='ltr'><strong>vocabula,</strong></span> <span class='ocrx_word' id='word_1_590' title='bbox 3367 1875 3469 1916; x_wconf 85' lang='lat' dir='ltr'><strong>nec</strong></span> <span class='ocrx_word' id='word_1_591' title='bbox 3510 1862 3670 1917; x_wconf 84' lang='lat' dir='ltr'><strong>facile</strong></span> <span class='ocrx_word' id='word_1_592' title='bbox 3700 1875 3733 1915; x_wconf 92' lang='lat' dir='ltr'><strong>a</strong></span> 
     </span>
    </p>
   </div>
   <div class='ocr_carea' id='block_1_79' title="bbox 2140 1954 3731 2026">
    <p class='ocr_par' dir='ltr' id='par_1_79' title="bbox 2140 1954 3731 2026">
     <span class='ocr_line' id='line_1_79' title="bbox 2140 1954 3731 2026; baseline -0.002 -14"><span class='ocrx_word' id='word_1_593' title='bbox 2140 1956 2525 2012; x_wconf 89' lang='lat' dir='ltr'><strong>consuetudine</strong></span> <span class='ocrx_word' id='word_1_594' title='bbox 2562 1956 2940 2021; x_wconf 90' lang='lat' dir='ltr'><strong>recedendum,</strong></span> <span class='ocrx_word' id='word_1_595' title='bbox 2971 1956 3075 2011; x_wconf 86' lang='lat' dir='ltr'><strong>nisi</strong></span> <span class='ocrx_word' id='word_1_596' title='bbox 3101 1968 3220 2026; x_wconf 57' lang='lat' dir='ltr'><strong>qua:</strong></span> <span class='ocrx_word' id='word_1_597' title='bbox 3244 1955 3440 2010; x_wconf 80' lang='lat' dir='ltr'><strong>ratiuni</strong></span> <span class='ocrx_word' id='word_1_598' title='bbox 3470 1954 3731 2010; x_wconf 81' lang='lat' dir='ltr'><strong>adversa-</strong></span> 
     </span>
    </p>
   </div>
   <div class='ocr_carea' id='block_1_80' title="bbox 2141 2040 3732 2117">
    <p class='ocr_par' dir='ltr' id='par_1_80' title="bbox 2141 2040 3732 2117">
     <span class='ocr_line' id='line_1_80' title="bbox 2141 2040 3732 2117; baseline -0.001 -15"><span class='ocrx_word' id='word_1_599' title='bbox 2141 2056 2255 2114; x_wconf 89' lang='lat' dir='ltr'><strong>tur;</strong></span> <span class='ocrx_word' id='word_1_600' title='bbox 2275 2045 2529 2101; x_wconf 78' lang='lat' dir='ltr'><strong>utendu‘m</strong></span> <span class='ocrx_word' id='word_1_601' title='bbox 2556 2046 2635 2102; x_wconf 82' lang='lat' dir='ltr'><strong>est</strong></span> <span class='ocrx_word' id='word_1_602' title='bbox 2664 2047 2747 2101; x_wconf 86' lang='lat' dir='ltr'><strong>his</strong></span> <span class='ocrx_word' id='word_1_603' title='bbox 2770 2048 3073 2101; x_wconf 80' lang='lat' dir='ltr'><strong>nominibus</strong></span> <span class='ocrx_word' id='word_1_604' title='bbox 3092 2040 3284 2117; x_wconf 85' lang='lat' dir='ltr'><strong>pedum</strong></span> <span class='ocrx_word' id='word_1_605' title='bbox 3302 2060 3425 2117; x_wconf 78' lang='lat' dir='ltr'><strong>quae</strong></span> <span class='ocrx_word' id='word_1_606' title='bbox 3450 2047 3622 2103; x_wconf 66' lang='lat' dir='ltr'><strong>Graeci</strong></span> <span class='ocrx_word' id='word_1_607' title='bbox 3644 2048 3732 2101; x_wconf 86' lang='lat' dir='ltr'><strong>in-</strong></span> 
     </span>
    </p>
   </div>
   <div class='ocr_carea' id='block_1_81' title="bbox 2142 2135 3732 2210">
    <p class='ocr_par' dir='ltr' id='par_1_81' title="bbox 2142 2135 3732 2210">
     <span class='ocr_line' id='line_1_81' title="bbox 2142 2135 3732 2210; baseline -0.001 -15"><span class='ocrx_word' id='word_1_608' title='bbox 2142 2140 2458 2206; x_wconf 80' lang='lat' dir='ltr'><strong>stituerunt,</strong></span> <span class='ocrx_word' id='word_1_609' title='bbox 2503 2135 2556 2195; x_wconf 82' lang='lat' dir='ltr'><strong>et</strong></span> <span class='ocrx_word' id='word_1_610' title='bbox 2581 2138 2750 2194; x_wconf 89' lang='lat' dir='ltr'><strong>nostri</strong></span> <span class='ocrx_word' id='word_1_611' title='bbox 2798 2138 2907 2209; x_wconf 79' lang='lat' dir='ltr'><strong>jam</strong></span> <span class='ocrx_word' id='word_1_612' title='bbox 2946 2144 3166 2193; x_wconf 78' lang='lat' dir='ltr'><strong>utuntur</strong></span> <span class='ocrx_word' id='word_1_613' title='bbox 3203 2144 3304 2210; x_wconf 79' lang='lat' dir='ltr'><strong>pro</strong></span> <span class='ocrx_word' id='word_1_614' title='bbox 3356 2140 3529 2195; x_wconf 86' lang='lat' dir='ltr'><strong>latinis</strong></span> <span class='ocrx_word' id='word_1_615' title='bbox 3563 2157 3576 2191; x_wconf 90' lang='lat'>:</span> <span class='ocrx_word' id='word_1_616' title='bbox 3606 2154 3732 2209; x_wconf 75' lang='lat' dir='ltr'><strong>qua:</strong></span> 
     </span>
    </p>
   </div>
   <div class='ocr_carea' id='block_1_82' title="bbox 2143 2228 3734 2302">
    <p class='ocr_par' dir='ltr' id='par_1_82' title="bbox 2143 2228 3734 2302">
     <span class='ocr_line' id='line_1_82' title="bbox 2143 2228 3734 2302; baseline 0 -18"><span class='ocrx_word' id='word_1_617' title='bbox 2143 2233 2297 2302; x_wconf 87' lang='lat' dir='ltr'><strong>plane</strong></span> <span class='ocrx_word' id='word_1_618' title='bbox 2334 2228 2404 2284; x_wconf 80' lang='lat' dir='ltr'><strong>ita</strong></span> <span class='ocrx_word' id='word_1_619' title='bbox 2431 2240 2769 2301; x_wconf 86' lang='lat' dir='ltr'><strong>usurpemus,</strong></span> <span class='ocrx_word' id='word_1_620' title='bbox 2798 2236 2856 2284; x_wconf 84' lang='lat' dir='ltr'><strong>ut</strong></span> <span class='ocrx_word' id='word_1_621' title='bbox 2882 2232 2990 2284; x_wconf 78' lang='lat' dir='ltr'><strong>non</strong></span> <span class='ocrx_word' id='word_1_622' title='bbox 3031 2238 3336 2300; x_wconf 58' lang='lat' dir='ltr'><strong>timeremus</strong></span> <span class='ocrx_word' id='word_1_623' title='bbox 3369 2231 3603 2300; x_wconf 79' lang='lat' dir='ltr'><strong>origines</strong></span> <span class='ocrx_word' id='word_1_624' title='bbox 3624 2243 3734 2284; x_wconf 83' lang='lat' dir='ltr'><strong>no-</strong></span> 
     </span>
    </p>
   </div>
   <div class='ocr_carea' id='block_1_83' title="bbox 2142 2320 3734 2391">
    <p class='ocr_par' dir='ltr' id='par_1_83' title="bbox 2142 2320 3734 2391">
     <span class='ocr_line' id='line_1_83' title="bbox 2142 2320 3734 2391; baseline -0.001 -14"><span class='ocrx_word' id='word_1_625' title='bbox 2142 2324 2369 2377; x_wconf 81' lang='lat' dir='ltr'><strong>minum.</strong></span> <span class='ocrx_word' id='word_1_626' title='bbox 2399 2320 2617 2376; x_wconf 66' lang='lat' dir='ltr'><strong>multum</strong></span> <span class='ocrx_word' id='word_1_627' title='bbox 2653 2320 2973 2377; x_wconf 68' lang='lat' dir='ltr'><strong>eni‘mbab‘c‘t</strong></span> <span class='ocrx_word' id='word_1_628' title='bbox 2990 2322 3092 2375; x_wconf 88' lang='lat' dir='ltr'><strong>ista</strong></span> <span class='ocrx_word' id='word_1_629' title='bbox 3116 2332 3208 2376; x_wconf 85' lang='lat' dir='ltr'><strong>res</strong></span> <span class='ocrx_word' id='word_1_630' title='bbox 3224 2321 3587 2391; x_wconf 73' lang='lat' dir='ltr'><strong>quuacitatis,</strong></span> <span class='ocrx_word' id='word_1_631' title='bbox 3622 2322 3734 2375; x_wconf 85' lang='lat' dir='ltr'><strong>uti-</strong></span> 
     </span>
    </p>
   </div>
   <div class='ocr_carea' id='block_1_84' title="bbox 2144 2410 3734 2483">
    <p class='ocr_par' dir='ltr' id='par_1_84' title="bbox 2144 2410 3734 2483">
     <span class='ocr_line' id='line_1_84' title="bbox 2144 2410 3734 2483; baseline -0.003 -14"><span class='ocrx_word' id='word_1_632' title='bbox 2144 2414 2308 2469; x_wconf 84' lang='lat' dir='ltr'><strong>litatis</strong></span> <span class='ocrx_word' id='word_1_633' title='bbox 2361 2424 2569 2483; x_wconf 87' lang='lat' dir='ltr'><strong>parum.</strong></span> <span class='ocrx_word' id='word_1_634' title='bbox 2604 2410 2789 2482; x_wconf 83' lang='lat' dir='ltr'><strong>Neque</strong></span> <span class='ocrx_word' id='word_1_635' title='bbox 2825 2412 2967 2467; x_wconf 85' lang='lat' dir='ltr'><strong>enim</strong></span> <span class='ocrx_word' id='word_1_636' title='bbox 3012 2422 3083 2467; x_wconf 85' lang='lat' dir='ltr'><strong>&#39;eo</strong></span> <span class='ocrx_word' id='word_1_637' title='bbox 3126 2413 3300 2466; x_wconf 88' lang='lat' dir='ltr'><strong>minus</strong></span> <span class='ocrx_word' id='word_1_638' title='bbox 3333 2412 3533 2466; x_wconf 75' lang='lat' dir='ltr'><strong>utiliter</strong></span> <span class='ocrx_word' id='word_1_639' title='bbox 3561 2412 3612 2465; x_wconf 92' lang='lat' dir='ltr'><strong>in</strong></span> <span class='ocrx_word' id='word_1_640' title='bbox 3645 2412 3734 2465; x_wconf 78' lang='grc' dir='ltr'><strong>ιο-</strong></span> 
     </span>
    </p>
   </div>
   <div class='ocr_carea' id='block_1_85' title="bbox 2146 2503 3734 2579">
    <p class='ocr_par' dir='ltr' id='par_1_85' title="bbox 2146 2503 3734 2579">
     <span class='ocr_line' id='line_1_85' title="bbox 2146 2503 3734 2579; baseline -0.002 -18"><span class='ocrx_word' id='word_1_641' title='bbox 2146 2507 2357 2579; x_wconf 83' lang='lat' dir='ltr'><strong>qucn‘do</strong></span> <span class='ocrx_word' id='word_1_642' title='bbox 2384 2504 2620 2576; x_wconf 83' lang='lat' dir='ltr'><strong>appellas</strong></span> <span class='ocrx_word' id='word_1_643' title='bbox 2642 2516 2858 2577; x_wconf 87' lang='lat' dir='ltr'><strong>panem,</strong></span> <span class='ocrx_word' id='word_1_644' title='bbox 2879 2504 3098 2575; x_wconf 81' lang='lat' dir='ltr'><strong>lignum,</strong></span> <span class='ocrx_word' id='word_1_645' title='bbox 3114 2505 3367 2575; x_wconf 83' lang='lat' dir='ltr'><strong>lapidem,</strong></span> <span class='ocrx_word' id='word_1_646' title='bbox 3385 2503 3527 2574; x_wconf 86' lang='lat' dir='ltr'><strong>quod</strong></span> <span class='ocrx_word' id='word_1_647' title='bbox 3552 2503 3734 2559; x_wconf 85' lang='lat' dir='ltr'><strong>nescis</strong></span> 
     </span>
    </p>
   </div>
   <div class='ocr_carea' id='block_1_86' title="bbox 2146 2592 3727 2669">
    <p class='ocr_par' dir='ltr' id='par_1_86' title="bbox 2146 2592 3727 2669">
     <span class='ocr_line' id='line_1_86' title="bbox 2146 2592 3727 2669; baseline -0.004 -14"><span class='ocrx_word' id='word_1_648' title='bbox 2146 2606 2241 2655; x_wconf 88' lang='lat' dir='ltr'><strong>cur</strong></span> <span class='ocrx_word' id='word_1_649' title='bbox 2266 2592 2385 2655; x_wconf 65' lang='lat' dir='ltr'><strong>haec</strong></span> <span class='ocrx_word' id='word_1_650' title='bbox 2409 2598 2480 2653; x_wconf 85' lang='lat' dir='ltr'><strong>ita</strong></span> <span class='ocrx_word' id='word_1_651' title='bbox 2505 2599 2608 2653; x_wconf 92' lang='lat' dir='ltr'><strong>sint</strong></span> <span class='ocrx_word' id='word_1_652' title='bbox 2638 2597 2918 2669; x_wconf 88' lang='lat' dir='ltr'><strong>appellata.</strong></span> <span class='ocrx_word' id='word_1_653' title='bbox 2946 2594 3015 2649; x_wconf 81' lang='grc' dir='ltr'><strong>Ι).</strong></span> <span class='ocrx_word' id='word_1_654' title='bbox 3042 2595 3125 2650; x_wconf 78' lang='lat' dir='ltr'><strong>ita</strong></span> <span class='ocrx_word' id='word_1_655' title='bbox 3166 2604 3405 2667; x_wconf 82' lang='lat' dir='ltr'><strong>prorsus,</strong></span> <span class='ocrx_word' id='word_1_656' title='bbox 3445 2602 3503 2650; x_wconf 86' lang='lat' dir='ltr'><strong>ut</strong></span> <span class='ocrx_word' id='word_1_657' title='bbox 3540 2593 3679 2649; x_wconf 79' lang='lat' dir='ltr'><strong>dicis</strong></span> <span class='ocrx_word' id='word_1_658' title='bbox 3710 2636 3727 2663; x_wconf 89' lang='lat'><strong>,</strong></span> 
     </span>
    </p>
   </div>
   <div class='ocr_carea' id='block_1_87' title="bbox 2151 2693 2343 2747">
    <p class='ocr_par' dir='ltr' id='par_1_87' title="bbox 2151 2693 2343 2747">
     <span class='ocr_line' id='line_1_87' title="bbox 2151 2693 2343 2747; baseline -0.016 0"><span class='ocrx_word' id='word_1_659' title='bbox 2151 2693 2343 2747; x_wconf 90' lang='lat' dir='ltr'><strong>sentio.</strong></span> 
     </span>
    </p>
   </div>
   <div class='ocr_carea' id='block_1_88' title="bbox 2146 2776 3733 2853">
    <p class='ocr_par' dir='ltr' id='par_1_88' title="bbox 2146 2776 3733 2853">
     <span class='ocr_line' id='line_1_88' title="bbox 2146 2776 3733 2853; baseline -0.004 -12"><span class='ocrx_word' id='word_1_660' title='bbox 2146 2784 2226 2842; x_wconf 78' lang='grc' dir='ltr'><strong>Μ.</strong></span> <span class='ocrx_word' id='word_1_661' title='bbox 2254 2782 2463 2840; x_wconf 77' lang='lat' dir='ltr'><strong>Primus</strong></span> <span class='ocrx_word' id='word_1_662' title='bbox 2489 2796 2584 2853; x_wconf 86' lang='lat' dir='ltr'><strong>pes</strong></span> <span class='ocrx_word' id='word_1_663' title='bbox 2606 2776 2824 2837; x_wconf 72' lang='lat' dir='ltr'><strong>vocatur</strong></span> <span class='ocrx_word' id='word_1_664' title='bbox 2843 2779 3210 2853; x_wconf 83' lang='lat' dir='ltr'><strong>Pyrrhicbius,</strong></span> <span class='ocrx_word' id='word_1_665' title='bbox 3230 2780 3297 2836; x_wconf 79' lang='lat' dir='ltr'><strong>ex</strong></span> <span class='ocrx_word' id='word_1_666' title='bbox 3313 2779 3523 2836; x_wconf 72' lang='lat' dir='ltr'><strong>duabus</strong></span> <span class='ocrx_word' id='word_1_667' title='bbox 3546 2779 3733 2836; x_wconf 60' lang='lat' dir='ltr'><strong>brevia</strong></span> 
     </span>
    </p>
   </div>
   <div class='ocr_carea' id='block_1_89' title="bbox 2217 2876 3123 2949">
    <p class='ocr_par' dir='ltr' id='par_1_89' title="bbox 2217 2876 3123 2949">
     <span class='ocr_line' id='line_1_89' title="bbox 2217 2876 3123 2949; baseline -0.008 -15"><span class='ocrx_word' id='word_1_668' title='bbox 2217 2879 2335 2946; x_wconf 89' lang='lat' dir='ltr'><strong>bus,</strong></span> <span class='ocrx_word' id='word_1_669' title='bbox 2362 2888 2659 2949; x_wconf 91' lang='lat' dir='ltr'><strong>temporum</strong></span> <span class='ocrx_word' id='word_1_670' title='bbox 2687 2876 2871 2943; x_wconf 87' lang='lat' dir='ltr'><strong>duum,</strong></span> <span class='ocrx_word' id='word_1_671' title='bbox 2900 2884 2958 2929; x_wconf 90' lang='lat' dir='ltr'><strong>ut</strong></span> <span class='ocrx_word' id='word_1_672' title='bbox 2982 2880 3123 2946; x_wconf 80' lang='lat' dir='ltr'><strong>fuga.</strong></span> 
     </span>
    </p>
   </div>
   <div class='ocr_carea' id='block_1_90' title="bbox 2148 2966 3733 3039">
    <p class='ocr_par' dir='ltr' id='par_1_90' title="bbox 2148 2966 3733 3039">
     <span class='ocr_line' id='line_1_90' title="bbox 2148 2966 3733 3039; baseline -0.005 -12"><span class='ocrx_word' id='word_1_673' title='bbox 2148 2970 2448 3039; x_wconf 90' lang='lat' dir='ltr'><strong>Secundus,</strong></span> <span class='ocrx_word' id='word_1_674' title='bbox 2472 2968 2702 3035; x_wconf 81' lang='lat' dir='ltr'><strong>latnbus,</strong></span> <span class='ocrx_word' id='word_1_675' title='bbox 2723 2984 2789 3024; x_wconf 82' lang='lat' dir='ltr'><strong>ex</strong></span> <span class='ocrx_word' id='word_1_676' title='bbox 2813 2967 2962 3023; x_wconf 84' lang='lat' dir='ltr'><strong>brevi</strong></span> <span class='ocrx_word' id='word_1_677' title='bbox 2982 2976 3035 3022; x_wconf 91' lang='lat' dir='ltr'><strong>et</strong></span> <span class='ocrx_word' id='word_1_678' title='bbox 3060 2966 3239 3038; x_wconf 88' lang='lat' dir='ltr'><strong>longa,</strong></span> <span class='ocrx_word' id='word_1_679' title='bbox 3275 2972 3336 3021; x_wconf 88' lang='lat' dir='ltr'><strong>ut</strong></span> <span class='ocrx_word' id='word_1_680' title='bbox 3362 2980 3565 3037; x_wconf 71' lang='lat' dir='ltr'><strong>parens,</strong></span> <span class='ocrx_word' id='word_1_681' title='bbox 3588 2972 3733 3020; x_wconf 89' lang='lat' dir='ltr'><strong>tem-</strong></span> 
     </span>
    </p>
   </div>
   <div class='ocr_carea' id='block_1_91' title="bbox 2152 3065 2611 3147">
    <p class='ocr_par' dir='ltr' id='par_1_91' title="bbox 2152 3065 2611 3147">
     <span class='ocr_line' id='line_1_91' title="bbox 2152 3065 2611 3147; baseline -0.004 -29"><span class='ocrx_word' id='word_1_682' title='bbox 2152 3142 2163 3147; x_wconf 22' lang='lat'><strong>’</strong></span> <span class='ocrx_word' id='word_1_683' title='bbox 2216 3081 2403 3136; x_wconf 86' lang='lat' dir='ltr'><strong>porum</strong></span> <span class='ocrx_word' id='word_1_684' title='bbox 2434 3065 2611 3118; x_wconf 89' lang='lat' dir='ltr'><strong>trium.</strong></span> 
     </span>
    </p>
   </div>
   <div class='ocr_carea' id='block_1_92' title="bbox 2147 3144 3734 3226">
    <p class='ocr_par' dir='ltr' id='par_1_92' title="bbox 2147 3144 3734 3226">
     <span class='ocr_line' id='line_1_92' title="bbox 2147 3144 3734 3226; baseline -0.003 -12"><span class='ocrx_word' id='word_1_685' title='bbox 2147 3144 2379 3226; x_wconf 76' lang='lat' dir='ltr'><strong>Tertius,</strong></span> <span class='ocrx_word' id='word_1_686' title='bbox 2403 3156 2711 3222; x_wconf 67' lang='lat' dir='ltr'><strong>Trochazus,</strong></span> <span class='ocrx_word' id='word_1_687' title='bbox 2742 3152 2825 3209; x_wconf 78' lang='lat' dir='ltr'><strong>vel</strong></span> <span class='ocrx_word' id='word_1_688' title='bbox 2847 3144 3095 3221; x_wconf 81' lang='lat' dir='ltr'><strong>Cliorius,</strong></span> <span class='ocrx_word' id='word_1_689' title='bbox 3115 3168 3181 3210; x_wconf 78' lang='lat' dir='ltr'><strong>ex</strong></span> <span class='ocrx_word' id='word_1_690' title='bbox 3202 3153 3358 3224; x_wconf 84' lang='lat' dir='ltr'><strong>longa</strong></span> <span class='ocrx_word' id='word_1_691' title='bbox 3387 3160 3440 3207; x_wconf 89' lang='lat' dir='ltr'><strong>ct</strong></span> <span class='ocrx_word' id='word_1_692' title='bbox 3473 3148 3644 3220; x_wconf 83' lang='lat' dir='ltr'><strong>brevi,</strong></span> <span class='ocrx_word' id='word_1_693' title='bbox 3670 3161 3734 3209; x_wconf 78' lang='lat' dir='ltr'><strong>ut</strong></span> 
     </span>
    </p>
   </div>
   <div class='ocr_carea' id='block_1_93' title="bbox 2148 3247 2897 3333">
    <p class='ocr_par' dir='ltr' id='par_1_93' title="bbox 2148 3247 2897 3333">
     <span class='ocr_line' id='line_1_93' title="bbox 2148 3247 2897 3333; baseline -0.007 -30"><span class='ocrx_word' id='word_1_694' title='bbox 2148 3324 2159 3333; x_wconf 33' lang='grc' dir='ltr'><strong><em>ο</em></strong></span> <span class='ocrx_word' id='word_1_695' title='bbox 2218 3260 2369 3314; x_wconf 81' lang='lat' dir='ltr'><strong>meta,</strong></span> <span class='ocrx_word' id='word_1_696' title='bbox 2396 3258 2695 3319; x_wconf 85' lang='lat' dir='ltr'><strong>temporum</strong></span> <span class='ocrx_word' id='word_1_697' title='bbox 2718 3247 2897 3301; x_wconf 82' lang='lat' dir='ltr'><strong>trium.</strong></span> 
     </span>
    </p>
   </div>
   <div class='ocr_carea' id='block_1_94' title="bbox 2148 3336 3731 3411">
    <p class='ocr_par' dir='ltr' id='par_1_94' title="bbox 2148 3336 3731 3411">
     <span class='ocr_line' id='line_1_94' title="bbox 2148 3336 3731 3411; baseline -0.003 -14"><span class='ocrx_word' id='word_1_698' title='bbox 2148 3342 2402 3411; x_wconf 88' lang='lat' dir='ltr'><strong>Quartus,</strong></span> <span class='ocrx_word' id='word_1_699' title='bbox 2437 3339 2735 3411; x_wconf 88' lang='lat' dir='ltr'><strong>Spondeus,</strong></span> <span class='ocrx_word' id='word_1_700' title='bbox 2760 3354 2825 3394; x_wconf 83' lang='lat' dir='ltr'><strong>ex</strong></span> <span class='ocrx_word' id='word_1_701' title='bbox 2853 3337 3058 3393; x_wconf 88' lang='lat' dir='ltr'><strong>duabus</strong></span> <span class='ocrx_word' id='word_1_702' title='bbox 3082 3336 3274 3408; x_wconf 80' lang='lat' dir='ltr'><strong>longis,</strong></span> <span class='ocrx_word' id='word_1_703' title='bbox 3297 3344 3357 3392; x_wconf 93' lang='lat' dir='ltr'><strong>ut</strong></span> <span class='ocrx_word' id='word_1_704' title='bbox 3394 3344 3563 3405; x_wconf 73' lang='lat' dir='ltr'><strong>testas,</strong></span> <span class='ocrx_word' id='word_1_705' title='bbox 3591 3345 3731 3393; x_wconf 85' lang='lat' dir='ltr'><strong>tem-</strong></span> 
     </span>
    </p>
   </div>
   <div class='ocr_carea' id='block_1_95' title="bbox 2217 3441 2680 3503">
    <p class='ocr_par' dir='ltr' id='par_1_95' title="bbox 2217 3441 2680 3503">
     <span class='ocr_line' id='line_1_95' title="bbox 2217 3441 2680 3503; baseline -0.009 -15"><span class='ocrx_word' id='word_1_706' title='bbox 2217 3449 2406 3503; x_wconf 87' lang='lat' dir='ltr'><strong>porum</strong></span> <span class='ocrx_word' id='word_1_707' title='bbox 2436 3441 2680 3503; x_wconf 83' lang='lat' dir='ltr'><strong>quatuor.</strong></span> 
     </span>
    </p>
   </div>
   <div class='ocr_carea' id='block_1_96' title="bbox 2146 3520 3729 3596">
    <p class='ocr_par' dir='ltr' id='par_1_96' title="bbox 2146 3520 3729 3596">
     <span class='ocr_line' id='line_1_96' title="bbox 2146 3520 3729 3596; baseline -0.005 -13"><span class='ocrx_word' id='word_1_708' title='bbox 2146 3529 2391 3596; x_wconf 88' lang='lat' dir='ltr'><strong>Quintus,</strong></span> <span class='ocrx_word' id='word_1_709' title='bbox 2424 3522 2887 3589; x_wconf 38' lang='lat' dir='ltr'><strong>Tribracbus,ex”</strong></span> <span class='ocrx_word' id='word_1_710' title='bbox 2910 3522 3078 3579; x_wconf 83' lang='lat' dir='ltr'><strong>tribus</strong></span> <span class='ocrx_word' id='word_1_711' title='bbox 3118 3520 3387 3590; x_wconf 77' lang='lat' dir='ltr'><strong>brevibus,</strong></span> <span class='ocrx_word' id='word_1_712' title='bbox 3415 3530 3474 3576; x_wconf 85' lang='lat' dir='ltr'><strong>ut</strong></span> <span class='ocrx_word' id='word_1_713' title='bbox 3502 3522 3729 3591; x_wconf 66' lang='lat' dir='ltr'><strong>matula,</strong></span> 
     </span>
    </p>
   </div>
   <div class='ocr_carea' id='block_1_97' title="bbox 2219 3619 2729 3692">
    <p class='ocr_par' dir='ltr' id='par_1_97' title="bbox 2219 3619 2729 3692">
     <span class='ocr_line' id='line_1_97' title="bbox 2219 3619 2729 3692; baseline -0.012 -16"><span class='ocrx_word' id='word_1_714' title='bbox 2219 3631 2519 3692; x_wconf 84' lang='lat' dir='ltr'><strong>temporum</strong></span> <span class='ocrx_word' id='word_1_715' title='bbox 2546 3619 2729 3672; x_wconf 87' lang='lat' dir='ltr'><strong>trium.</strong></span> 
     </span>
    </p>
   </div>
   <div class='ocr_carea' id='block_1_98' title="bbox 2146 3703 3731 3780">
    <p class='ocr_par' dir='ltr' id='par_1_98' title="bbox 2146 3703 3731 3780">
     <span class='ocr_line' id='line_1_98' title="bbox 2146 3703 3731 3780; baseline -0.005 -11"><span class='ocrx_word' id='word_1_716' title='bbox 2146 3713 2360 3778; x_wconf 74' lang='lat' dir='ltr'><strong>Sextus,</strong></span> <span class='ocrx_word' id='word_1_717' title='bbox 2411 3710 2677 3780; x_wconf 80' lang='lat' dir='ltr'><strong>Dactylus,</strong></span> <span class='ocrx_word' id='word_1_718' title='bbox 2714 3724 2780 3763; x_wconf 81' lang='lat' dir='ltr'><strong>ex</strong></span> <span class='ocrx_word' id='word_1_719' title='bbox 2822 3707 2978 3777; x_wconf 81' lang='lat' dir='ltr'><strong>longa</strong></span> <span class='ocrx_word' id='word_1_720' title='bbox 3015 3714 3070 3762; x_wconf 90' lang='lat' dir='ltr'><strong>et</strong></span> <span class='ocrx_word' id='word_1_721' title='bbox 3116 3705 3320 3761; x_wconf 85' lang='lat' dir='ltr'><strong>duabus</strong></span> <span class='ocrx_word' id='word_1_722' title='bbox 3354 3703 3627 3772; x_wconf 73' lang='lat' dir='ltr'><strong>brevibus,</strong></span> <span class='ocrx_word' id='word_1_723' title='bbox 3667 3706 3731 3761; x_wconf 74' lang='lat' dir='ltr'><strong>ut</strong></span> 
     </span>
    </p>
   </div>
   <div class='ocr_carea' id='block_1_99' title="bbox 2219 3800 3087 3870">
    <p class='ocr_par' dir='ltr' id='par_1_99' title="bbox 2219 3800 3087 3870">
     <span class='ocr_line' id='line_1_99' title="bbox 2219 3800 3087 3870; baseline -0.01 -11"><span class='ocrx_word' id='word_1_724' title='bbox 2219 3802 2494 3867; x_wconf 67' lang='lat' dir='ltr'><strong>Maenalus,</strong></span> <span class='ocrx_word' id='word_1_725' title='bbox 2521 3800 2813 3870; x_wconf 88' lang='lat' dir='ltr'><strong>temporum</strong></span> <span class='ocrx_word' id='word_1_726' title='bbox 2842 3800 3087 3868; x_wconf 85' lang='lat' dir='ltr'><strong>quatuor.</strong></span> 
     </span>
    </p>
   </div>
   <div class='ocr_carea' id='block_1_100' title="bbox 2146 3887 3730 3968">
    <p class='ocr_par' dir='ltr' id='par_1_100' title="bbox 2146 3887 3730 3968">
     <span class='ocr_line' id='line_1_100' title="bbox 2146 3887 3730 3968; baseline -0.008 -15"><span class='ocrx_word' id='word_1_727' title='bbox 2146 3896 2433 3968; x_wconf 78' lang='lat' dir='ltr'><strong>Septimus,</strong></span> <span class='ocrx_word' id='word_1_728' title='bbox 2463 3891 2909 3963; x_wconf 79' lang='lat' dir='ltr'><strong>Ampbibrachus,</strong></span> <span class='ocrx_word' id='word_1_729' title='bbox 2942 3905 3008 3943; x_wconf 74' lang='lat' dir='ltr'><strong>ex</strong></span> <span class='ocrx_word' id='word_1_730' title='bbox 3036 3890 3182 3945; x_wconf 89' lang='lat' dir='ltr'><strong>brevi</strong></span> <span class='ocrx_word' id='word_1_731' title='bbox 3206 3897 3260 3945; x_wconf 90' lang='lat' dir='ltr'><strong>et</strong></span> <span class='ocrx_word' id='word_1_732' title='bbox 3294 3887 3452 3961; x_wconf 80' lang='lat' dir='ltr'><strong>longa</strong></span> <span class='ocrx_word' id='word_1_733' title='bbox 3476 3896 3530 3943; x_wconf 86' lang='lat' dir='ltr'><strong>et</strong></span> <span class='ocrx_word' id='word_1_734' title='bbox 3552 3887 3730 3957; x_wconf 83' lang='lat' dir='ltr'><strong>brevi,</strong></span> 
     </span>
    </p>
   </div>
   <div class='ocr_carea' id='block_1_101' title="bbox 2218 3989 3089 4055">
    <p class='ocr_par' dir='ltr' id='par_1_101' title="bbox 2218 3989 3089 4055">
     <span class='ocr_line' id='line_1_101' title="bbox 2218 3989 3089 4055; baseline -0.013 -9"><span class='ocrx_word' id='word_1_735' title='bbox 2218 4000 2275 4045; x_wconf 91' lang='lat' dir='ltr'><strong>ut</strong></span> <span class='ocrx_word' id='word_1_736' title='bbox 2300 3989 2492 4054; x_wconf 79' lang='lat' dir='ltr'><strong>carina,</strong></span> <span class='ocrx_word' id='word_1_737' title='bbox 2528 3997 2824 4055; x_wconf 83' lang='lat' dir='ltr'><strong>temporum</strong></span> <span class='ocrx_word' id='word_1_738' title='bbox 2846 3990 3089 4055; x_wconf 82' lang='lat' dir='ltr'><strong>quatuor.</strong></span> 
     </span>
    </p>
   </div>
   <div class='ocr_carea' id='block_1_102' title="bbox 2146 4068 3733 4148">
    <p class='ocr_par' dir='ltr' id='par_1_102' title="bbox 2146 4068 3733 4148">
     <span class='ocr_line' id='line_1_102' title="bbox 2146 4068 3733 4148; baseline -0.008 -10"><span class='ocrx_word' id='word_1_739' title='bbox 2146 4068 2397 4147; x_wconf 84' lang='lat' dir='ltr'><strong>Octavus,</strong></span> <span class='ocrx_word' id='word_1_740' title='bbox 2429 4079 2764 4148; x_wconf 71' lang='lat' dir='ltr'><strong>Anapzestus,</strong></span> <span class='ocrx_word' id='word_1_741' title='bbox 2794 4092 2858 4130; x_wconf 82' lang='lat' dir='ltr'><strong>ex</strong></span> <span class='ocrx_word' id='word_1_742' title='bbox 2886 4074 3089 4129; x_wconf 87' lang='lat' dir='ltr'><strong>duabus</strong></span> <span class='ocrx_word' id='word_1_743' title='bbox 3114 4072 3363 4129; x_wconf 82' lang='lat' dir='ltr'><strong>brevibus</strong></span> <span class='ocrx_word' id='word_1_744' title='bbox 3390 4080 3445 4130; x_wconf 88' lang='lat' dir='ltr'><strong>et</strong></span> <span class='ocrx_word' id='word_1_745' title='bbox 3464 4070 3639 4143; x_wconf 85' lang='lat' dir='ltr'><strong>longa,</strong></span> <span class='ocrx_word' id='word_1_746' title='bbox 3666 4080 3733 4126; x_wconf 82' lang='lat' dir='ltr'><strong>ut</strong></span> 
     </span>
    </p>
   </div>
   <div class='ocr_carea' id='block_1_103' title="bbox 2216 4174 3446 4243">
    <p class='ocr_par' dir='ltr' id='par_1_103' title="bbox 2216 4174 3446 4243">
     <span class='ocr_line' id='line_1_103' title="bbox 2216 4174 3446 4243; baseline -0.01 -14"><span class='ocrx_word' id='word_1_747' title='bbox 2216 4174 2397 4242; x_wconf 79' lang='lat' dir='ltr'><strong>Erato,</strong></span> <span class='ocrx_word' id='word_1_748' title='bbox 2421 4180 2715 4243; x_wconf 85' lang='lat' dir='ltr'><strong>temporum</strong></span> <span class='ocrx_word' id='word_1_749' title='bbox 2737 4178 2981 4240; x_wconf 84' lang='lat' dir='ltr'><strong>quatuor.</strong></span> <span class='ocrx_word' id='word_1_750' title='bbox 3436 4232 3446 4241; x_wconf 78' lang='lat'><strong><em>_</em></strong></span> 
     </span>
    </p>
   </div>
   <div class='ocr_carea' id='block_1_104' title="bbox 2143 4264 3731 4350">
    <p class='ocr_par' dir='ltr' id='par_1_104' title="bbox 2143 4264 3731 4350">
     <span class='ocr_line' id='line_1_104' title="bbox 2143 4264 3731 4350; baseline -0.013 -8"><span class='ocrx_word' id='word_1_751' title='bbox 2143 4283 2346 4350; x_wconf 88' lang='lat' dir='ltr'><strong>Nonus,</strong></span> <span class='ocrx_word' id='word_1_752' title='bbox 2374 4280 2648 4345; x_wconf 84' lang='lat' dir='ltr'><strong>Bacchius,</strong></span> <span class='ocrx_word' id='word_1_753' title='bbox 2679 4294 2745 4332; x_wconf 83' lang='lat' dir='ltr'><strong>ex</strong></span> <span class='ocrx_word' id='word_1_754' title='bbox 2772 4275 2919 4330; x_wconf 87' lang='lat' dir='ltr'><strong>brevi</strong></span> <span class='ocrx_word' id='word_1_755' title='bbox 2950 4282 3006 4329; x_wconf 91' lang='lat' dir='ltr'><strong>et</strong></span> <span class='ocrx_word' id='word_1_756' title='bbox 3024 4272 3227 4328; x_wconf 90' lang='lat' dir='ltr'><strong>duabus</strong></span> <span class='ocrx_word' id='word_1_757' title='bbox 3262 4270 3453 4343; x_wconf 82' lang='lat' dir='ltr'><strong>longis,</strong></span> <span class='ocrx_word' id='word_1_758' title='bbox 3477 4279 3533 4326; x_wconf 90' lang='lat' dir='ltr'><strong>ut</strong></span> <span class='ocrx_word' id='word_1_759' title='bbox 3561 4264 3731 4325; x_wconf 78' lang='lat' dir='ltr'><strong>Acha-</strong></span> 
     </span>
    </p>
   </div>
   <div class='ocr_carea' id='block_1_105' title="bbox 2219 4370 2909 4443">
    <p class='ocr_par' dir='ltr' id='par_1_105' title="bbox 2219 4370 2909 4443">
     <span class='ocr_line' id='line_1_105' title="bbox 2219 4370 2909 4443; baseline -0.013 -13"><span class='ocrx_word' id='word_1_760' title='bbox 2219 4386 2311 4441; x_wconf 81' lang='lat' dir='ltr'><strong>tes,</strong></span> <span class='ocrx_word' id='word_1_761' title='bbox 2342 4385 2636 4443; x_wconf 87' lang='lat' dir='ltr'><strong>temporum</strong></span> <span class='ocrx_word' id='word_1_762' title='bbox 2658 4370 2909 4442; x_wconf 89' lang='lat' dir='ltr'><strong>quinque.</strong></span> 
     </span>
    </p>
   </div>
   <div class='ocr_carea' id='block_1_106' title="bbox 2145 4466 3731 4543">
    <p class='ocr_par' dir='ltr' id='par_1_106' title="bbox 2145 4466 3731 4543">
     <span class='ocr_line' id='line_1_106' title="bbox 2145 4466 3731 4543; baseline -0.008 -8"><span class='ocrx_word' id='word_1_763' title='bbox 2145 4479 2415 4543; x_wconf 88' lang='lat' dir='ltr'><strong>Decimus,</strong></span> <span class='ocrx_word' id='word_1_764' title='bbox 2439 4474 2679 4531; x_wconf 84' lang='lat' dir='ltr'><strong>Creticus</strong></span> <span class='ocrx_word' id='word_1_765' title='bbox 2700 4472 2783 4526; x_wconf 87' lang='lat' dir='ltr'><strong>vel</strong></span> <span class='ocrx_word' id='word_1_766' title='bbox 2811 4467 3239 4539; x_wconf 87' lang='lat' dir='ltr'><strong>Amphimacrus,</strong></span> <span class='ocrx_word' id='word_1_767' title='bbox 3263 4481 3330 4522; x_wconf 87' lang='lat' dir='ltr'><strong>ex</strong></span> <span class='ocrx_word' id='word_1_768' title='bbox 3353 4466 3505 4538; x_wconf 87' lang='lat' dir='ltr'><strong>longa</strong></span> <span class='ocrx_word' id='word_1_769' title='bbox 3534 4475 3588 4523; x_wconf 88' lang='lat' dir='ltr'><strong>et</strong></span> <span class='ocrx_word' id='word_1_770' title='bbox 3608 4466 3731 4524; x_wconf 86' lang='lat' dir='ltr'><strong>bre-</strong></span> 
     </span>
    </p>
   </div>
   <div class='ocr_carea' id='block_1_107' title="bbox 2217 4559 3476 4639">
    <p class='ocr_par' dir='ltr' id='par_1_107' title="bbox 2217 4559 3476 4639">
     <span class='ocr_line' id='line_1_107' title="bbox 2217 4559 3476 4639; baseline -0.01 -12"><span class='ocrx_word' id='word_1_771' title='bbox 2217 4573 2269 4627; x_wconf 89' lang='lat' dir='ltr'><strong>vi</strong></span> <span class='ocrx_word' id='word_1_772' title='bbox 2293 4578 2349 4626; x_wconf 89' lang='lat' dir='ltr'><strong>et</strong></span> <span class='ocrx_word' id='word_1_773' title='bbox 2369 4571 2545 4639; x_wconf 83' lang='lat' dir='ltr'><strong>longa,</strong></span> <span class='ocrx_word' id='word_1_774' title='bbox 2582 4575 2641 4621; x_wconf 89' lang='lat' dir='ltr'><strong>ut</strong></span> <span class='ocrx_word' id='word_1_775' title='bbox 2668 4563 2866 4631; x_wconf 64' lang='lat' dir='ltr'><strong>insula,</strong></span> <span class='ocrx_word' id='word_1_776' title='bbox 2903 4573 3197 4630; x_wconf 86' lang='lat' dir='ltr'><strong>temporum</strong></span> <span class='ocrx_word' id='word_1_777' title='bbox 3226 4559 3476 4629; x_wconf 88' lang='lat' dir='ltr'><strong>quinque.</strong></span> 
     </span>
    </p>
   </div>
   <div class='ocr_carea' id='block_1_108' title="bbox 2142 4660 3724 4736">
    <p class='ocr_par' dir='ltr' id='par_1_108' title="bbox 2142 4660 3724 4736">
     <span class='ocr_line' id='line_1_108' title="bbox 2142 4660 3724 4736; baseline -0.01 -3"><span class='ocrx_word' id='word_1_778' title='bbox 2142 4674 2489 4736; x_wconf 79' lang='lat' dir='ltr'><strong>Undecimus,</strong></span> <span class='ocrx_word' id='word_1_779' title='bbox 2514 4665 2959 4727; x_wconf 75' lang='lat' dir='ltr'><strong>Palimbaccbius,</strong></span> <span class='ocrx_word' id='word_1_780' title='bbox 2980 4678 3047 4718; x_wconf 79' lang='lat' dir='ltr'><strong>ex</strong></span> <span class='ocrx_word' id='word_1_781' title='bbox 3062 4663 3265 4718; x_wconf 86' lang='lat' dir='ltr'><strong>duabus</strong></span> <span class='ocrx_word' id='word_1_782' title='bbox 3277 4663 3449 4733; x_wconf 79' lang='lat' dir='ltr'><strong>longis</strong></span> <span class='ocrx_word' id='word_1_783' title='bbox 3474 4668 3529 4718; x_wconf 88' lang='lat' dir='ltr'><strong>et</strong></span> <span class='ocrx_word' id='word_1_784' title='bbox 3549 4660 3724 4731; x_wconf 86' lang='lat' dir='ltr'><strong>brevi,</strong></span> 
     </span>
    </p>
   </div>
   <div class='ocr_carea' id='block_1_109' title="bbox 2212 4754 3089 4829">
    <p class='ocr_par' dir='ltr' id='par_1_109' title="bbox 2212 4754 3089 4829">
     <span class='ocr_line' id='line_1_109' title="bbox 2212 4754 3089 4829; baseline -0.014 -8"><span class='ocrx_word' id='word_1_785' title='bbox 2212 4773 2270 4821; x_wconf 89' lang='lat' dir='ltr'><strong>ut</strong></span> <span class='ocrx_word' id='word_1_786' title='bbox 2282 4772 2486 4829; x_wconf 76' lang='lat' dir='ltr'><strong>natura,</strong></span> <span class='ocrx_word' id='word_1_787' title='bbox 2508 4768 2812 4828; x_wconf 81' lang='lat' dir='ltr'><strong>temporum</strong></span> <span class='ocrx_word' id='word_1_788' title='bbox 2836 4754 3089 4829; x_wconf 83' lang='lat' dir='ltr'><strong>quinque.</strong></span> 
     </span>
    </p>
   </div>
   <div class='ocr_carea' id='block_1_110' title="bbox 2141 4843 3726 4921">
    <p class='ocr_par' dir='ltr' id='par_1_110' title="bbox 2141 4843 3726 4921">
     <span class='ocr_line' id='line_1_110' title="bbox 2141 4843 3726 4921; baseline -0.01 -6"><span class='ocrx_word' id='word_1_789' title='bbox 2141 4857 2513 4921; x_wconf 80' lang='lat' dir='ltr'><strong>Duodecimus,</strong></span> <span class='ocrx_word' id='word_1_790' title='bbox 2543 4852 2820 4914; x_wconf 77' lang='lat' dir='ltr'><strong>Molossus,</strong></span> <span class='ocrx_word' id='word_1_791' title='bbox 2866 4861 2939 4903; x_wconf 83' lang='lat' dir='ltr'><strong>ex</strong></span> <span class='ocrx_word' id='word_1_792' title='bbox 2986 4845 3155 4902; x_wconf 85' lang='lat' dir='ltr'><strong>tribus</strong></span> <span class='ocrx_word' id='word_1_793' title='bbox 3200 4843 3390 4917; x_wconf 82' lang='lat' dir='ltr'><strong>longis,</strong></span> <span class='ocrx_word' id='word_1_794' title='bbox 3423 4843 3726 4913; x_wconf 72' lang='grc' dir='ltr'><strong>ιιιΑἰηεαε,</strong></span> 
     </span>
    </p>
   </div>
   <div class='ocr_carea' id='block_1_111' title="bbox 2215 4959 2646 5018">
    <p class='ocr_par' dir='ltr' id='par_1_111' title="bbox 2215 4959 2646 5018">
     <span class='ocr_line' id='line_1_111' title="bbox 2215 4959 2646 5018; baseline -0.016 -14"><span class='ocrx_word' id='word_1_795' title='bbox 2215 4960 2511 5018; x_wconf 75' lang='lat' dir='ltr'><strong>temporum</strong></span> <span class='ocrx_word' id='word_1_796' title='bbox 2533 4959 2646 5001; x_wconf 85' lang='lat' dir='ltr'><strong>sex.</strong></span> 
     </span>
    </p>
   </div>
   <div class='ocr_carea' id='block_1_112' title="bbox 2139 5039 3727 5113">
    <p class='ocr_par' dir='ltr' id='par_1_112' title="bbox 2139 5039 3727 5113">
     <span class='ocr_line' id='line_1_112' title="bbox 2139 5039 3727 5113; baseline -0.016 -5"><span class='ocrx_word' id='word_1_797' title='bbox 2139 5050 2388 5108; x_wconf 80' lang='lat' dir='ltr'><strong>Decimus</strong></span> <span class='ocrx_word' id='word_1_798' title='bbox 2400 5049 2615 5113; x_wconf 73' lang='lat' dir='ltr'><strong>’te’rtius,</strong></span> <span class='ocrx_word' id='word_1_799' title='bbox 2647 5042 3148 5105; x_wconf 81' lang='lat' dir='ltr'><strong>Proceleumaticus,</strong></span> <span class='ocrx_word' id='word_1_800' title='bbox 3178 5054 3245 5097; x_wconf 82' lang='lat' dir='ltr'><strong>ex</strong></span> <span class='ocrx_word' id='word_1_801' title='bbox 3289 5048 3515 5110; x_wconf 83' lang='lat' dir='ltr'><strong>quatuor</strong></span> <span class='ocrx_word' id='word_1_802' title='bbox 3550 5039 3727 5096; x_wconf 83' lang='lat' dir='ltr'><strong>brevi-</strong></span> 
     </span>
    </p>
   </div>
   <div class='ocr_carea' id='block_1_113' title="bbox 2210 5140 3243 5210">
    <p class='ocr_par' dir='ltr' id='par_1_113' title="bbox 2210 5140 3243 5210">
     <span class='ocr_line' id='line_1_113' title="bbox 2210 5140 3243 5210; baseline -0.01 -12"><span class='ocrx_word' id='word_1_803' title='bbox 2210 5145 2330 5210; x_wconf 87' lang='lat' dir='ltr'><strong>bus,</strong></span> <span class='ocrx_word' id='word_1_804' title='bbox 2354 5148 2414 5197; x_wconf 86' lang='lat' dir='ltr'><strong>ut</strong></span> <span class='ocrx_word' id='word_1_805' title='bbox 2427 5140 2643 5209; x_wconf 72' lang='lat' dir='ltr'><strong>avicum,</strong></span> <span class='ocrx_word' id='word_1_806' title='bbox 2666 5147 2965 5208; x_wconf 85' lang='lat' dir='ltr'><strong>temporum</strong></span> <span class='ocrx_word' id='word_1_807' title='bbox 2996 5144 3243 5205; x_wconf 84' lang='lat' dir='ltr'><strong>quatuor.</strong></span> 
     </span>
    </p>
   </div>
   <div class='ocr_carea' id='block_1_114' title="bbox 2140 5236 3731 5315">
    <p class='ocr_par' dir='ltr' id='par_1_114' title="bbox 2140 5236 3731 5315">
     <span class='ocr_line' id='line_1_114' title="bbox 2140 5236 3731 5315; baseline -0.009 -12"><span class='ocrx_word' id='word_1_808' title='bbox 2140 5236 2387 5312; x_wconf 69' lang='lat' dir='ltr'><strong>Decimiis</strong></span> <span class='ocrx_word' id='word_1_809' title='bbox 2414 5252 2650 5315; x_wconf 86' lang='lat' dir='ltr'><strong>quartus,</strong></span> <span class='ocrx_word' id='word_1_810' title='bbox 2681 5240 2842 5297; x_wconf 83' lang='lat' dir='ltr'><strong>Paeon</strong></span> <span class='ocrx_word' id='word_1_811' title='bbox 2880 5239 3101 5310; x_wconf 85' lang='lat' dir='ltr'><strong>primus,</strong></span> <span class='ocrx_word' id='word_1_812' title='bbox 3140 5250 3208 5291; x_wconf 77' lang='lat' dir='ltr'><strong>ex</strong></span> <span class='ocrx_word' id='word_1_813' title='bbox 3252 5236 3427 5306; x_wconf 86' lang='lat' dir='ltr'><strong>prima</strong></span> <span class='ocrx_word' id='word_1_814' title='bbox 3466 5236 3622 5305; x_wconf 81' lang='lat' dir='ltr'><strong>longa</strong></span> <span class='ocrx_word' id='word_1_815' title='bbox 3666 5243 3731 5294; x_wconf 69' lang='lat' dir='ltr'><strong>et</strong></span> 
     </span>
    </p>
   </div>
   <div class='ocr_carea' id='block_1_115' title="bbox 2211 5333 3647 5405">
    <p class='ocr_par' dir='ltr' id='par_1_115' title="bbox 2211 5333 3647 5405">
     <span class='ocr_line' id='line_1_115' title="bbox 2211 5333 3647 5405; baseline -0.008 -9"><span class='ocrx_word' id='word_1_816' title='bbox 2211 5344 2381 5396; x_wconf 86' lang='lat' dir='ltr'><strong>tribus</strong></span> <span class='ocrx_word' id='word_1_817' title='bbox 2407 5338 2677 5405; x_wconf 84' lang='lat' dir='ltr'><strong>brevibus,</strong></span> <span class='ocrx_word' id='word_1_818' title='bbox 2702 5344 2757 5389; x_wconf 93' lang='lat' dir='ltr'><strong>ut</strong></span> <span class='ocrx_word' id='word_1_819' title='bbox 2779 5334 3048 5403; x_wconf 75' lang='lat' dir='ltr'><strong>legitimus,</strong></span> <span class='ocrx_word' id='word_1_820' title='bbox 3072 5340 3372 5401; x_wconf 80' lang='lat' dir='ltr'><strong>temporum</strong></span> <span class='ocrx_word' id='word_1_821' title='bbox 3394 5333 3647 5402; x_wconf 87' lang='lat' dir='ltr'><strong>quinque.</strong></span> 
     </span>
    </p>
   </div>
   <div class='ocr_carea' id='block_1_116' title="bbox 2141 5420 3724 5503">
    <p class='ocr_par' dir='ltr' id='par_1_116' title="bbox 2141 5420 3724 5503">
     <span class='ocr_line' id='line_1_116' title="bbox 2141 5420 3724 5503; baseline -0.009 -11"><span class='ocrx_word' id='word_1_822' title='bbox 2141 5422 2386 5491; x_wconf 75' lang='lat' dir='ltr'><strong>Dceinms</strong></span> <span class='ocrx_word' id='word_1_823' title='bbox 2427 5433 2659 5503; x_wconf 76' lang='lat' dir='ltr'><strong>quintus,</strong></span> <span class='ocrx_word' id='word_1_824' title='bbox 2688 5428 2849 5483; x_wconf 83' lang='lat' dir='ltr'><strong>Paeon</strong></span> <span class='ocrx_word' id='word_1_825' title='bbox 2878 5420 3163 5491; x_wconf 88' lang='lat' dir='ltr'><strong>secundus,</strong></span> <span class='ocrx_word' id='word_1_826' title='bbox 3195 5438 3262 5480; x_wconf 73' lang='lat' dir='ltr'><strong>ex</strong></span> <span class='ocrx_word' id='word_1_827' title='bbox 3300 5423 3530 5479; x_wconf 87' lang='lat' dir='ltr'><strong>secunda</strong></span> <span class='ocrx_word' id='word_1_828' title='bbox 3567 5423 3724 5492; x_wconf 83' lang='lat' dir='ltr'><strong>leuga</strong></span> 
     </span>
    </p>
   </div>
   <div class='ocr_carea' id='block_1_117' title="bbox 2210 5515 3683 5587">
    <p class='ocr_par' dir='ltr' id='par_1_117' title="bbox 2210 5515 3683 5587">
     <span class='ocr_line' id='line_1_117' title="bbox 2210 5515 3683 5587; baseline -0.012 -3"><span class='ocrx_word' id='word_1_829' title='bbox 2210 5540 2258 5584; x_wconf 90' lang='lat' dir='ltr'><strong>ct</strong></span> <span class='ocrx_word' id='word_1_830' title='bbox 2292 5516 2454 5583; x_wconf 65' lang='lat' dir='ltr'><strong>tribus</strong></span> <span class='ocrx_word' id='word_1_831' title='bbox 2477 5524 2741 5587; x_wconf 69' lang='lat' dir='ltr'><strong>brevibus,</strong></span> <span class='ocrx_word' id='word_1_832' title='bbox 2770 5529 2824 5575; x_wconf 92' lang='lat' dir='ltr'><strong>ut</strong></span> <span class='ocrx_word' id='word_1_833' title='bbox 2871 5518 3088 5585; x_wconf 82' lang='lat' dir='ltr'><strong>colonia,</strong></span> <span class='ocrx_word' id='word_1_834' title='bbox 3106 5526 3410 5586; x_wconf 85' lang='lat' dir='ltr'><strong>temporum</strong></span> <span class='ocrx_word' id='word_1_835' title='bbox 3433 5515 3683 5584; x_wconf 69' lang='lat' dir='ltr'><strong>Quinque.</strong></span> 
     </span>
    </p>
   </div>
   <div class='ocr_carea' id='block_1_118' title="bbox 2139 5605 3721 5682">
    <p class='ocr_par' dir='ltr' id='par_1_118' title="bbox 2139 5605 3721 5682">
     <span class='ocr_line' id='line_1_118' title="bbox 2139 5605 3721 5682; baseline -0.011 -4"><span class='ocrx_word' id='word_1_836' title='bbox 2139 5608 2385 5678; x_wconf 81' lang='lat' dir='ltr'><strong>Decimus</strong></span> <span class='ocrx_word' id='word_1_837' title='bbox 2408 5624 2606 5682; x_wconf 74' lang='lat' dir='ltr'><strong>sextus,</strong></span> <span class='ocrx_word' id='word_1_838' title='bbox 2628 5617 2783 5670; x_wconf 72' lang='lat' dir='ltr'><strong>Pceon</strong></span> <span class='ocrx_word' id='word_1_839' title='bbox 2815 5612 3025 5675; x_wconf 79' lang='lat' dir='ltr'><strong>tertius,</strong></span> <span class='ocrx_word' id='word_1_840' title='bbox 3046 5622 3108 5665; x_wconf 83' lang='lat' dir='ltr'><strong>ex</strong></span> <span class='ocrx_word' id='word_1_841' title='bbox 3134 5609 3287 5663; x_wconf 87' lang='lat' dir='ltr'><strong>tertia</strong></span> <span class='ocrx_word' id='word_1_842' title='bbox 3304 5609 3455 5678; x_wconf 71' lang='lat' dir='ltr'><strong>longa</strong></span> <span class='ocrx_word' id='word_1_843' title='bbox 3476 5615 3528 5661; x_wconf 87' lang='lat' dir='ltr'><strong>et</strong></span> <span class='ocrx_word' id='word_1_844' title='bbox 3554 5605 3721 5661; x_wconf 81' lang='lat' dir='ltr'><strong>tribus</strong></span> 
     </span>
    </p>
   </div>
   <div class='ocr_carea' id='block_1_119' title="bbox 2210 5691 3537 5775">
    <p class='ocr_par' dir='ltr' id='par_1_119' title="bbox 2210 5691 3537 5775">
     <span class='ocr_line' id='line_1_119' title="bbox 2210 5691 3537 5775; baseline -0.013 -3"><span class='ocrx_word' id='word_1_845' title='bbox 2210 5691 2475 5772; x_wconf 55' lang='lat' dir='ltr'><strong>brevibus.</strong></span> <span class='ocrx_word' id='word_1_846' title='bbox 2507 5721 2561 5766; x_wconf 87' lang='lat' dir='ltr'><strong>ut</strong></span> <span class='ocrx_word' id='word_1_847' title='bbox 2592 5709 2934 5775; x_wconf 77' lang='lat' dir='ltr'><strong>Menedemus,</strong></span> <span class='ocrx_word' id='word_1_848' title='bbox 2959 5716 3257 5775; x_wconf 90' lang='lat' dir='ltr'><strong>temporum</strong></span> <span class='ocrx_word' id='word_1_849' title='bbox 3287 5703 3537 5773; x_wconf 90' lang='lat' dir='ltr'><strong>quinque.</strong></span> 
     </span>
    </p>
   </div>
   <div class='ocr_carea' id='block_1_120' title="bbox 2143 5778 3719 5876">
    <p class='ocr_par' dir='ltr' id='par_1_120' title="bbox 2143 5778 3719 5876">
     <span class='ocr_line' id='line_1_120' title="bbox 2143 5778 3719 5876; baseline -0.011 -10"><span class='ocrx_word' id='word_1_850' title='bbox 2143 5807 2387 5867; x_wconf 78' lang='lat' dir='ltr'><strong>Decimus</strong></span> <span class='ocrx_word' id='word_1_851' title='bbox 2432 5784 2899 5876; x_wconf 46' lang='lat' dir='ltr'><strong>septimusﬁtcon</strong></span> <span class='ocrx_word' id='word_1_852' title='bbox 2949 5796 3185 5870; x_wconf 73' lang='lat' dir='ltr'><strong>quartus,</strong></span> <span class='ocrx_word' id='word_1_853' title='bbox 3216 5797 3283 5853; x_wconf 68' lang='lat' dir='ltr'><strong>‘e‘x</strong></span> <span class='ocrx_word' id='word_1_854' title='bbox 3324 5786 3517 5867; x_wconf 69' lang='lat' dir='ltr'><strong>quarta</strong></span> <span class='ocrx_word' id='word_1_855' title='bbox 3550 5778 3719 5865; x_wconf 65' lang='lat' dir='ltr'><strong>iunget</strong></span> 
     </span>
    </p>
   </div>
  </div>
