4096 6368
456 470 513 517 et
544 456 723 514 tribus
758 448 1044 516 brevibus,
1082 456 1143 503 ut
1186 445 1444 512 celeritas,
1480 451 1785 513 temporum
1815 438 1972 509 quin-

448 568 580 626 que.

385 625 633 706 Deciates
656 642 902 704 octavos,
922 633 1137 692 {unicus
1188 648 1215 686 a
1245 633 1473 697 minore,
1503 643 1567 684 ex
1621 625 1824 682 duabus
1848 625 1975 680 bne-

456 738 695 797 v‘ibuset
727 735 939 791 duabus
977 731 1184 801 iungis,
1223 736 1284 783 ut
1331 723 1635 789 Diomedes,
1674 730 1975 791 temporum

458 850 572 891 58X.

387 930 637 986 Decimus
674 926 872 990 nonas,
908 917 1287 981 Chotiambus,
1335 924 1407 971 ex
1456 914 1615 983 longa
1666 920 1722 966 et
1768 904 1977 967 duabus

453 1014 710 1075 brevibus
730 1020 784 1070 et
804 1010 989 1083 longa,
1013 1019 1071 1065 ut
1088 1010 1418 1079 WW8,
1444 1010 1753 1073 tenuiorum
1780 1016 1897 1059 sex.

390 1111 709 1183 Vigesi‘mus,
726 1106 988 1162 {enimsi
1008 1103 1232 1172 majore,
1248 1109 1315 1155 ex
1338 1100 1549 1154 duabus
1567 1096 1740 1167 longis
1768 1106 1823 1151 et
1841 1096 1973 1151 dua-

454 1205 559 1259 bus
580 1203 852 1265 mribus,
878 1206 935 1253 ut
956 1197 1236 1261 armenias,
1264 1200 1564 1265 temporum
1586 1202 1701 1246 sex.

390 1297 695 1370 Vigesi'rnus
718 1294 945 1365 primos,
971 1289 1269 1356 Diiambns,
1316 1300 1390 1342 ex
1414 1285 1565 1339 brevi
1614 1292 1673 1338 et
1708 1284 1890 1352 ionga,
1923 1290 1978 1336 et

460 1380 609 1447 brevi
633 1387 686 1444 et
711 1387 884 1455 inriga,
908 1391 965 1437 ut
991 1381 1358 1453 prapinquim,
1396 1385 1696 1445 temporum
1719 1385 1834 1430 SGX'.

391 1480 691 1553 “gestimus
732 1474 1026 1539 secundus,
1078 1472 1360 1527 Dichori‘us
1411 1471 1496 1525 vel
1528 1468 1878 1533 bitroehtens,
1908 1476 1976 1521 ex

459 1568 696 1645 longae!
717 1568 963 1635 [instiget
996 1566 1155 1637 longa
1190 1570 1251 1621 et
1279 1566 1446 1631 breVi,
1478 1572 1537 1619 ut
1569 1563 1819 1617 cmuitena
1842 1566 1981 1615 «ειη-ο

456 1672 649 1737 parum
669 1668 788 1719 sex.

389 1760 687 1830 Vigesimus
724 1756 937 1822 tertius,
985 1753 1435 1821 Antispastus,e‘x
1487 1749 1634 1803 brevi
1662 1756 1719 1803 et
1770 1748 1977 1803 duabus

464 1851 632 1918 longis
660 1846 715 1903 et
736 1844 907 1908 brevi,
936 1844 995 1900 ut
1020 1844 1313 1908 Saloninus,
1340 1846 1639 1911 temporum
1680 1848 1797 1895 sex.

388 1945 690 2015 Vigesimus
718 1939 956 2011 quantus,
984 1938 1240 2008 Epitritus
1283 1938 1506 2007 primus,
1538 1946 1601 1991 ex
1636 1936 1805 2004 prima
1832 1935 1979 1990 b’revi

462 2048 514 2093 et
542 2028 997 2103 tribasi'ongismt
1024 2026 1324 2094 sacerdotes,
1353 2036 1652 2098 temporum
1679 2038 1903 2097 septem.

390 2130 688 2202 Vigesim
724 2128 961 2196 quintus,
1017 2112 1270 2194 Epilritus
1310 2122 1594 2186 secundus,
1628 2138 1694 2177 ex
1742 2122 1978 2177 secunda

460 2222 611 2278 brevi
649 2229 703 2275 et
732 2210 903 2273 tribus
939 2210 1131 2288 longis,
1161 2218 1218 2269 ut
1246 2214 1551 2279 conditores,
1574 2224 1871 2284 temporum
1896 2230 1979 2267 sc-

458 2318 621 2386 ptem.

391 2407 691 2479 Vigcsimus
719 2413 919 2468 sextus,
952 2392 1209 2472 Epilrit‘us
1238 2392 1443 2465 tertius,
1476 2406 1541 2454 ex
1570 2401 1719 2454 tertia
1751 2398 1895 2454 brevi
1926 2410 1980 2455 et

463 2499 633 2554 tribus
662 2498 853 2566 longis,
897 2502 955 2549 'ut
984 2490 1360 2559 Demosthenes,
1391 2496 1688 2561 temporum
1716 2501 1941 2564 septem.

396 2584 690 2663 Vigesimus
744 2589 1021 2659 septimus,
1072 2586 1329 2656 Epitritus
1375 2592 1633 2655 quartus,
1679 2592 1746 2643 ex
1792 2596 1979 2657 quarm

459 2684 612 2742 brevi
634 2694 687 2739 et
708 2683 873 2738 tribus
898 2680 1087 2752 longis,
1112 2687 1169 2735 ut
1185 2672 1547 2749 Fescenninus,
1568 2687 1868 2752 temporum
1896 2696 1981 2736 se-

462 2788 627 2850 ptem.

394 2871 694 2952 Vigesimns
737 2876 977 2940 octavus,
1008 2864 1369 2942 Dispondeus,
1423 2885 1488 2924 ex
1535 2875 1763 2940 quatuor
1788 2868 1974 2939 longis,

464 2980 521 3029 ut
546 2982 790 3036 oratores,
821 2978 1121 3037 temporum
1149 2973 1269 3019 octo
1289 2964 1327 3015 ί.

642 3081 868 3140 CAPUT
906 3080 1086 3136 lX.——
1114 3079 1193 3133 De
1233 3078 1416 3150 pedum
1459 3084 1727 3131 structura.

465 3200 559 3255 l6.
595 3198 663 3251 Β.
696 3196 879 3252 Habeo
923 3195 1044 3249 ista.
1080 3193 1231 3248 Nunc
1272 3191 1505 3257 dissere,
1536 3189 1627 3259 qui
1663 3189 1767 3244 sibi
1818 3188 1980 3258 pedes

397 3294 730 3365 copulentur.
766 3289 842 3343 Μ.
881 3286 1152 3343 .ludicabis
1198 3286 1297 3339 hoc
1338 3283 1509 3347 facile,
1554 3283 1597 3337 si
1624 3283 1979 3351 mqualitatem

395 3398 457 3441 ac
508 3382 907 3439 similitudinem
940 3378 1280 3448 inacquaiitati
1306 3390 1368 3429 ac
1395 3374 1809 3429 dissimilitudini
1841 3389 1978 3442 prcc-

394 3477 697 3533 stantiorem
729 3486 847 3529 esse
883 3471 1111 3542 judicas.
1153 3468 1221 3523 ι).
1252 3468 1529 3523 Neminem
1573 3482 1690 3521 esse
1726 3466 1975 3530 arbitror,

394 3571 482 3640 qui
509 3582 611 3621 non
642 3567 712 3621 ita
752 3564 975 3635 judieet.
1013 3561 1090 3616 Μ.
1125 3562 1271 3616 Hanc
1300 3574 1427 3631 ergo
1457 3559 1601 3629 prius
1656 3558 1884 3613 maxime
1926 3558 1979 3612 in

394 3659 739 3716 contexendis
766 3657 990 3728 pedibus
1013 3656 1161 3726 sequi
1191 3662 1419 3725 oportet,
1458 3668 1557 3708 nec
1581 3654 1648 3707 ab
1672 3666 1735 3709 ea
1759 3654 1979 3706 omnino

393 3752 729 3817 deviandum,
761 3749 862 3805 nisi
889 3763 1009 3804 cum
1039 3749 1233 3819 aliqua.
1265 3760 1423 3801 causa
1450 3747 1742 3815 justissima
1772 3754 1874 3800 est.
1908 3744 1975 3801 ι).

392 3846 687 3901 Assentior.
713 3838 788 3895 Μ.
812 3841 927 3895 Νοιι
950 3841 1106 3910 igitur
1122 3840 1385 3895 dubitabis
1412 3839 1745 3910 pyrrhichius
1763 3837 1979 3892 sibimet

391 3936 559 4006 pedes
581 3942 887 3999 contexere,
910 3944 1011 3987 nec
1030 3933 1256 3999 iambos,
1286 3947 1384 3987 nec
1411 3933 1671 3987 trochaeos
1698 3933 1787 4003 qui
1818 3934 1977 3988 etiam

391 4027 559 4085 chorii
580 4027 945 4090 nominantur,
973 4040 1072 4081 nec
1106 4025 1403 4094 spondeos;
1445 4031 1603 4095 atque
1639 4026 1707 4080 ita
1753 4034 1977 4081 caeteros

390 4123 472 4178 sui
502 4119 714 4192 generis
738 4119 976 4190 proiecto
1022 4119 1235 4174 sibimet
1262 4120 1378 4172 sine
1402 4118 1508 4172 ulla
1536 4120 1866 4175 dubitatione
1883 4128 1975 4174 eos

391 4215 599 4287 pulabls
631 4233 643 4268 :
674 4218 755 4269 εει
782 4214 923 4268 enim
945 4222 1151 4268 summa
1176 4212 1448 4282 aequalitas
1474 4226 1591 4267 cum
1620 4212 1859 4282 ejusdem
1891 4224 1980 4284 ge-

392 4309 536 4365 neris
556 4312 609 4363 et
624 4307 851 4362 nominis
880 4306 1041 4377 pedes
1062 4318 1182 4362 sese
1206 4310 1622 4375 cunscquuntur.
1640 4307 1721 4359 An
1749 4307 1843 4362 tibi
1872 4314 1976 4362 non

392 4398 636 4455 videtur?
667 4395 736 4451 Β.
767 4395 924 4453 Nullo
960 4395 1121 4451 modo
1150 4396 1279 4449 mihi
1308 4394 1463 4450 aliter
1488 4394 1656 4450 videri
1684 4402 1875 4467 potest.
1898 4395 1975 4451 Μ.

394 4488 567 4564 Quid?
593 4488 720 4549 illud
751 4498 928 4548 nonne
947 4490 1230 4563 approbas,
1268 4490 1400 4546 alios
1428 4489 1548 4547 aliis
1570 4488 1732 4561 pedes
1758 4490 1977 4563 {equali-

392 4582 503 4642 tate
547 4586 753 4641 servata
783 4601 902 4641 esse
930 4582 1270 4640 miscendos?
1293 4582 1431 4651 Quid
1476 4582 1617 4639 enim
1643 4578 1857 4640 auribus
1886 4594 1979 4654 pce

395 4675 497 4735 tes‘t
515 4676 798 4749 jucundius
828 4686 1139 4749 esse,quam
1163 4686 1281 4732 cum
1300 4686 1353 4733 et
1376 4678 1631 4734 varietate
1656 4674 1975 4746 mulcentur,

394 4780 493 4827 nec
520 4770 819 4840 aqualitate
866 4766 1211 4824 fraudantur?
1238 4764 1305 4821 Ι).
1340 4769 1480 4824 Satis
1505 4764 1693 4840 probo.
1726 4768 1804 4825 Μ.
1841 4770 1976 4828 Num

392 4866 578 4919 censes
598 4858 729 4918 alios
748 4858 978 4932 arquaics
1001 4858 1271 4916 habendos
1292 4860 1473 4931 pedes,
1502 4864 1603 4918 nisi
1623 4864 1711 4934 qui
1740 4864 1977 4935 ejusdem

396 4962 661 5011 mensurae
708 4952 868 5011 sunt?
896 4954 968 5011 D.
999 4952 1075 5010 Ita
1120 4955 1385 5011 existimo.
1434 4950 1513 5010 Μ.
1545 4955 1718 5023 Quid?
1742 4952 1977 5029 ejusdem

396 5060 661 5106 mensura:
688 5049 975 5121 putandine
1021 5056 1165 5115 sunt,
1197 5049 1299 5105 nisi
1336 5048 1424 5120 qui
1454 5050 1707 5121 temporis
1750 5060 1980 5109 tantum-

397 5142 522 5199 dem
550 5144 846 5215 occupant?
874 5140 939 5197 D.
970 5141 1168 5199 Verum
1197 5146 1296 5199 eSt.
1325 5136 1404 5199 Μ.
1433 5142 1575 5212 Quos
1601 5159 1728 5217 ergo
1760 5140 1977 5202 invene-

395 5228 470 5291 ris
495 5234 660 5307 pedes
706 5233 924 5291 totidem
952 5242 1269 5305 temporum,
1301 5235 1416 5292 sine
1452 5236 1659 5293 aurium
1688 5237 1980 5295 oﬂ'ensione

394 5334 665 5384 conteres.
693 5322 764 5382 D.
794 5322 961 5383 Video
985 5341 1105 5384 esse
1131 5342 1480 5401 consequens.

459 5496 851 5579 “mll'iyeteres
868 5503 1055 5579 absque
1078 5502 1400 5579 explicatione
1436 5511 1491 5579 et
1528 5506 1756 5579 εμρᾳιριο
1792 5506 1890 5558 uno
1910 5510 1982 5561 sic

396 5564 554 5639 ιξθάθρ
570 5575 836 5639 resanuit
851 5581 880 5639 ¹ε
899 5564 1089 5639 Primus
1107 5564 1189 5631 pes
1212 5574 1403 5639 uocatur
1426 5564 1739 5633 Pyrrhia/tius
1756 5609 1771 5633 ,
1804 5581 1980 5639 see-up-

397 5628 490 5679 dus
514 5629 723 5696 1mm,
754 5628 950 5696 Tertius,
978 5628 1115 5696 etc,
1134 5628 1484 5695 scriptumque
1499 5628 1775 5696 constanter
1813 5635 1982 5696 praefe-

396 5694 514 5766 runt
1113 5688 1267 5766 ptem},
1288 5688 1649 5766 prgam-rideas,
1662 5688 1979 5766 dispondeus,

397 5755 1579 5883 maneremanere
1599 5755 1980 5824 ωειίελυίιν

1692 325 1899 381 LIBER
1976 321 2357 381 SECUNDUS.

3530 330 3670 390 mo

2083 437 2307 494 CAPUT
2340 438 2889 511 X.—Amphibrachus
2917 460 3006 499 nec
3026 461 3118 515 per
3144 464 3198 503 se
3221 464 3309 503 nec
3335 448 3449 504 aliis
3484 450 3669 509 mixtus

2261 548 2456 588 versum
2487 536 2710 603 conﬁcit.
2742 537 2817 592 De
2855 536 3101 595 (ovatione
3142 550 3188 595 et
3218 543 3487 613 positione.

2156 628 2241 681 17.
2288 627 2364 685 Μ.
2400 629 2562 686 Recte
2590 632 2800 702 quidem
2837 649 2851 687 :
2882 636 2974 689 sed
3015 635 3191 693 adhuc
3229 638 3471 694 nonnihil
3518 657 3668 712 qua:-

2083 724 2271 780 stionis
2290 742 2376 780 res
2400 727 2579 783 habet.
2596 729 2725 784 Nam
2742 745 2863 785 cum
2882 732 3306 801 Ampbibracbus
3337 742 3427 803 p‘es
3444 745 3672 805 quatuor

2084 817 2152 871 sit
2176 827 2493 887 temporum,
2523 830 2717 892 negant
2744 839 2866 879 eum
2889 824 3103 893 quidam
3128 841 3290 896 posse
3320 826 3554 892 misceri,
3589 830 3672 883 vel

2084 909 2306 982 damyiis
2337 912 2416 966 vel
2437 916 2721 983 auapwstis
2755 916 2835 969 vel
2863 916 3115 986 spondeis
3143 918 3226 973 vel
3260 919 3671 988 proceleumati-

2082 1006 2160 1059 eis
2189 1023 2200 1058 :
2231 1022 2351 1059 nam
2390 1007 2440 1060 hi
2470 1017 2595 1062 sunt
2622 1016 2809 1064 omues
2840 1020 3220 1081 quaternorutn
3253 1021 3551 1083 temporum
3582 1030 3675 1083 pe—

2085 1098 2181 1155 des
2214 1117 2225 1152 :
2256 1110 2309 1154 ct
2344 1114 2447 1156 non
2480 1103 2648 1157 solum
2695 1104 2812 1159 istis
2842 1116 2961 1159 eum
3004 1118 3197 1176 negant
3235 1122 3391 1177 posse
3434 1108 3669 1171 misceri,

2084 1195 2177 1250 sed
2204 1206 2303 1250 nec
2325 1206 2387 1250 ex
2416 1198 2530 1266 ipso
2558 1197 2671 1252 solo
2690 1199 2914 1267 repetito
2933 1206 2988 1254 et
3007 1200 3217 1257 sibimet
3245 1215 3505 1263 conuexo,
3522 1214 3673 1256 recte

2085 1294 2139 1343 et
2187 1290 2334 1357 quasi
2374 1290 2603 1359 legitime
2654 1290 2943 1359 procedere
2972 1302 3248 1347 numerum
3288 1303 3491 1362 putant.
3523 1294 3671 1361 Quo-

2084 1395 2203 1436 rum
2231 1384 2533 1451 opinionem
2556 1385 2894 1440 considerare
2944 1398 3041 1441 nos
3065 1396 3292 1457 oportet,
3324 1403 3391 1443 ne
3419 1388 3545 1459 quid
3574 1390 3669 1443 ha-

2084 1473 2205 1529 beat
2238 1476 2479 1541 rationis,
2510 1477 2649 1545 quod
2680 1479 2829 1546 sequi
2862 1488 2916 1534 et
2944 1480 3240 1550 approbare
3268 1482 3564 1537 conveniat.
3603 1482 3669 1535 ι).

2084 1568 2251 1639 Cupio
2277 1578 2437 1639 atque
2480 1579 2618 1625 aveo
2648 1578 2866 1641 prorsus
2912 1574 3099 1628 audire
3126 1575 3248 1644 quid
3279 1573 3518 1629 afferant.
3555 1575 3667 1629 Non

2085 1662 2229 1718 enim
2256 1670 2444 1734 parum
2464 1678 2547 1717 me
2578 1668 2775 1732 meret,
2793 1680 2915 1719 cum
2940 1667 3330 1737 duodetriginta
3359 1669 3521 1740 pedes
3544 1670 3668 1736 sint,

2085 1768 2218 1828 quos
2241 1759 2376 1812 ratio
2393 1762 2669 1827 persecuta
2697 1767 2797 1827 est,
2831 1760 2971 1815 hunc
3000 1762 3169 1816 solum
3198 1762 3407 1817 ckcludi
3436 1778 3464 1816 a
3496 1766 3671 1818 ronti-

2085 1853 2335 1907 nuatione
2366 1852 2728 1917 numerorum,
2772 1856 2891 1907 Cum
2942 1857 3143 1907 tantum
3194 1855 3349 1924 Spatii
3399 1862 3578 1909 teneat
3618 1857 3671 1911 in

2088 1952 2327 2013 tempore
2357 1954 2613 2014 quantum
2654 1946 2891 2017 dactylus
2921 1944 2971 2000 et
2995 1943 3083 1999 alii
3110 1952 3240 2015 quos
3270 1952 3426 2014 pares
3457 1952 3675 2003 citume-

2085 2039 2237 2107 rasti,
2288 2052 2421 2108 quos
2460 2033 2777 2094 conneblerc
2825 2044 2981 2094 nemo
3023 2040 3349 2110 prohibetur.
3387 2028 3462 2094 Μ.
3516 2043 3674 2111 Atqui

2085 2140 2218 2201 opus
2247 2134 2347 2194 est,
2374 2132 2428 2185 ut
2448 2135 2547 2187 hoc
2577 2130 2837 2202 dispicere
2857 2130 3052 2199 taleas,
3074 2126 3416 2187 considerare
3451 2143 3675 2188 ceteros

2085 2222 2266 2295 pedes,
2290 2218 2963 2295 quemadmodumsibimet
2990 2233 3174 2281 eorum
3203 2228 3375 2294 partes
3397 2214 3679 2285 contemn—

2086 2324 2173 2374 tur
2206 2338 2217 2373 :
2249 2322 2318 2373 ita
2345 2320 2487 2374 enim
2513 2319 2714 2374 videbis
2746 2316 2869 2378 huic
2894 2314 2985 2378 imi
3024 2318 3274 2394 quiddam
3306 2322 3548 2378 accidere
3577 2338 3676 2377 no-

2084 2425 2209 2466 vum
2240 2427 2303 2469 ac
2342 2411 2628 2485 singulare,
2662 2420 2718 2470 ut
2747 2422 2851 2471 non
2882 2406 3074 2471 frustra
3099 2415 3319 2472 minime
3343 2414 3674 2471 adhibendus

2086 2500 2152 2560 ad
2179 2512 2431 2561 numeros
2451 2495 2715 2575 judicatus
2738 2508 2824 2561 sit.

2160 2597 2246 2652 18.
2290 2596 2392 2653 Sed
2427 2592 2527 2653 hoc
2572 2599 2724 2654 nobis
2750 2582 3226 2667 considerantibus,
3279 2612 3411 2670 opus
3441 2598 3522 2655 est
3560 2594 3675 2654 hanc

2086 2686 2193 2747 duo
2233 2693 2446 2746 nomina
2474 2691 2729 2747 mandare
2766 2682 3061 2759 memoriae,
3091 2680 3406 2747 levationem
3439 2700 3493 2747 et
3529 2690 3673 2761 posi-

2090 2774 2306 2840 tionem.
2338 2784 2402 2853 in
2434 2783 2731 2853 plaudendo
2762 2783 2905 2838 enim
2960 2785 3081 2853 quia
3123 2776 3326 2838 levatur
3376 2793 3427 2838 et
3456 2784 3668 2851 ponitur

2089 2892 2297 2945 manus,
2328 2878 2528 2947 partem
2557 2877 2708 2948 pedis
2732 2864 2833 2931 sibi
2862 2874 3055 2931 levatio
3073 2875 3321 2942 'vindicat,
3356 2882 3561 2945 partem
3590 2890 3676 2943 po-

2086 2971 2227 3025 sitio.
2260 2968 2446 3025 Partes
2471 2981 2645 3025 autem
2676 2970 2869 3039 pedum
2896 2966 3013 3024 ilico
3035 2956 3171 3037 illas,
3204 2968 3270 3023 de
3290 2966 3482 3040 quibus
3512 2983 3675 3037 supc—

2012 3055 2031 3073 ⁸
2087 3065 2218 3130 rius,
2237 3080 2357 3118 cum
2376 3080 2468 3119 eos
2490 3064 2675 3118 ordine
2701 3068 3161 3134 persequerentur,
3188 3063 3315 3117 Satis
3346 3063 3543 3118 dictum
3574 3068 3674 3116 est.

2086 3156 2341 3225 Quocirca
2370 3158 2415 3213 si
2459 3157 2560 3212 hoc
2608 3158 2820 3228 probas,
2880 3155 3054 3225 incipe
3109 3162 3391 3210 recensere
3444 3156 3679 3212 breviter

2086 3266 2365 3306 mensuras
2396 3251 2621 3321 partium
2654 3249 2704 3304 in
2748 3238 2993 3304 omnibus
3018 3236 3259 3318 pedibus,
3294 3250 3353 3302 ut
3385 3236 3513 3318 quid
3557 3246 3678 3302 huic

2087 3346 2177 3399 uni
2203 3343 2269 3398 de
2298 3360 2402 3414 quo
2427 3344 2598 3415 agitur
2625 3344 2895 3413 proprium
2926 3341 3200 3407 aeeiderit,
3235 3341 3465 3396 noveris.
3486 3330 3557 3392 D.
3586 3340 3679 3394 Vi«
3711 3380 3717 3385 .

2087 3432 2188 3490 deo
2230 3435 2458 3505 primum
2491 3428 2854 3506 pyrrhichium
2884 3432 3085 3488 tantum
3120 3426 3315 3488 habere
3338 3432 3391 3487 in
3415 3424 3678 3489 ierationc

2076 3536 2340 3599 quantum
2386 3528 2438 3582 in
2483 3528 2765 3599 positione.
2821 3520 3102 3598 spondeus
3135 3526 3367 3597 qucque,
3414 3514 3677 3597 dactylus,

2086 3632 2408 3690 anapaestus,
2459 3608 2954 3689 proceleumaticus,
2986 3604 3347 3685 clioriatnbus,
3391 3610 3676 3685 diiambus,

2085 3712 2389 3781 diehorius,
2430 3715 2790 3784 antis‘pastus,
2838 3698 3195 3784 diSpondeus,
3240 3711 3442 3780 eadem
3472 3714 3680 3769 ratione

2085 3794 2435 3861 dividuntur:
2465 3822 2587 3861 nam
2638 3796 2971 3861 tantumdem
3025 3802 3280 3877 temporis
3331 3806 3383 3860 in
3413 3805 3494 3860 his
3531 3805 3681 3875 ponit

2084 3901 2321 3970 plausus,
2370 3910 2625 3970 quantum
2677 3888 2836 3954 levat.
2887 3884 3050 3953 Video
3086 3890 3401 3965 secundum,
3442 3888 3678 3954 iambum

2084 3995 2261 4066 simpli
2288 3993 2495 4064 etdupli
2518 3980 2714 4049 habere
2740 3994 3032 4059 rationem;
3053 4008 3211 4062 quam
3233 3993 3493 4047 rationem
3513 4006 3677 4046 cerno

2084 4096 2141 4144 et
2169 4089 2221 4143 in
2242 4088 2426 4142 chorio
2453 4097 2506 4143 et
2531 4088 2583 4141 in
2614 4072 2881 4142 tribracho
2906 4094 2960 4141 et
2988 4085 3040 4140 in
3072 4086 3328 4152 molosso,
3351 4092 3408 4140 et
3441 4084 3493 4139 in
3520 4091 3676 4139 utro-

2084 4197 2188 4252 que
2209 4182 2405 4235 ionico.
2452 4181 2570 4235 Jam
2605 4180 2761 4250 hujus
2790 4178 3158 4251 amphibrachi
3178 4179 3372 4234 levatio
3401 4174 3453 4233 et
3479 4166 3675 4249 positio

2086 4274 2231 4345 (nam
2261 4276 2373 4344 ipsa
2403 4274 2533 4328 mihi
2563 4290 2627 4329 ex
2656 4274 2843 4330 ordine
2868 4273 3121 4339 occurrit,
3154 4262 3239 4328 cui
3268 4288 3424 4342 pares
3452 4278 3677 4327 czeteros

2084 4370 2362 4437 quaeram),
2394 4366 2570 4435 simpli
2600 4374 2654 4421 et
2680 4366 2823 4435 tripli
2845 4365 3051 4421 ratione
3080 4372 3309 4421 constat.
3332 4352 3437 4421 Sed
3455 4364 3677 4448 non.in-

2086 4458 2245 4512 venio
2272 4472 2491 4527 prorsus
2518 4458 2678 4511 alium
2700 4457 2973 4527 deinceps,
3018 4456 3169 4527 cujus
3196 4457 3297 4512 sibi
3321 4466 3498 4527 partes
3524 4466 3675 4513 tanto

2084 4550 2364 4606 intervallo
2389 4548 2747 4604 conferantur.
2763 4548 2897 4604 Nam
2924 4564 3044 4604 cum
3061 4564 3153 4605 eos
3174 4550 3455 4606 considero
3479 4551 3535 4605 in
3565 4549 3679 4621 qui-

2084 4643 2185 4701 bus
2212 4658 2316 4698 una
2367 4642 2542 4697 brevis
2581 4650 2664 4696 est
2705 4650 2759 4697 et
2786 4641 2905 4696 duae
2936 4642 3137 4713 longua,
3166 4642 3220 4697 id
3260 4650 3343 4698 est
3368 4643 3671 4713 bacchium,

2085 4740 2335 4793 creticum
2373 4745 2427 4792 et
2452 4736 2914 4806 palimbacchium,
2970 4736 3303 4808 sesquialteri
3350 4734 3561 4791 numeri
3588 4752 3677 4793 ra-

2088 4830 2233 4885 tione
2282 4830 2600 4885 levationem
2652 4844 2715 4883 ac
2755 4829 3077 4900 positionem
3129 4830 3182 4883 in
3231 4828 3315 4883 his
3341 4827 3456 4883 ﬁeri
3493 4829 3673 4886 video.

2086 4921 2285 4977 Eadem
2299 4922 2435 4975 ratio
2461 4929 2544 4975 est
2572 4930 2624 4976 et
2647 4921 2700 4976 in
2716 4922 2781 4976 iis
2804 4930 3048 4992 quatuor,
3078 4921 3133 4975 in
3166 4920 3355 4990 quibus
3381 4935 3484 4975 una
3511 4921 3671 4993 longa

2086 5025 2169 5070 est
2190 5023 2244 5069 et
2270 5024 2376 5071 tres
2410 5014 2620 5082 breves,
2655 5014 2747 5085 qui
2768 5025 2996 5085 quatuor
3016 5026 3231 5083 paeones
3253 5027 3319 5069 ex
3356 5013 3543 5069 ordine
3571 5030 3675 5072 no-

2086 5106 2374 5160 minantur.
2410 5106 2616 5175 Reliqui
2654 5114 2777 5160 sunt
2802 5113 3031 5175 quatuor
3079 5104 3277 5174 epitriti
3321 5104 3565 5159 similiter
3600 5120 3675 5161 ex

2086 5199 2271 5253 ordine
2314 5198 2631 5270 nuncnpati,
2664 5198 2890 5268 quorum
2932 5190 3247 5253 levationem
3263 5213 3325 5253 ac
3355 5198 3674 5267 pusitionem

2087 5293 2457 5363 sesquitertlus
2485 5300 2742 5346 numerus
2770 5290 3024 5345 continet.

2158 5385 2246 5440 19.
2289 5380 2368 5437 Μ.
2394 5372 2537 5437 Num
2568 5384 2724 5453 igitur
2747 5398 2936 5454 parum
2967 5382 3060 5437 tibi
3098 5381 3242 5453 justa
3278 5395 3437 5437 causa
3462 5382 3673 5439 Videtur

2089 5490 2229 5542 esse,
2259 5490 2357 5530 cur
2392 5474 2493 5529 iste
2533 5488 2627 5543 pes
2674 5472 2749 5547 (ιι)
2792 5474 2857 5529 ad
2888 5474 3080 5530 seriem
3113 5489 3450 5530 numerosam
3479 5490 3672 5533 vocum

2086 5587 2193 5626 non
2222 5568 2549 5632 admittatur,
2570 5568 2710 5637 quod
2735 5568 2900 5623 solius
2927 5572 3106 5637 partes
3129 5572 3237 5623 tam
3258 5567 3413 5640 longe
3438 5583 3466 5622 τι
3492 5583 3551 5624 se
3576 5570 3670 5625 dii-

2090 5664 2283 5730 t‘erant,
2312 5670 2370 5716 ut
2401 5676 2499 5715 una
2526 5661 2714 5731 simpla
2755 5661 2844 5730 sit,
2884 5660 2983 5716 alia
3030 5644 3219 5731 triplai
3250 5660 3500 5718 Vicinitas
3526 5662 3665 5719 enim

2151 5822 2224 5887 (α)
2246 5820 2633 5885 Αωρωωαώιιε.
