4096 6368
292 371 432 430 1115

288 497 383 543 aut
409 485 667 542 suavitate
690 482 982 539 fraudavit?
1020 480 1089 535 ι).
1120 480 1272 535 Nullo
1292 477 1469 534 modo.
1495 475 1573 530 Μ.
1606 475 1850 530 Delecta-

288 581 434 639 vitne
459 576 693 647 aliquid?
721 589 1018 646 quanquam
1047 574 1148 628 hoc
1176 571 1389 642 quidem
1417 583 1744 638 consequens
1773 576 1855 622 est

291 671 345 728 in
374 670 474 724 hoc
497 683 710 739 genere,
737 675 796 721 ut
817 666 1044 722 delectet
1067 679 1224 721 omne
1255 663 1395 735 quod
1420 678 1525 719 non
1553 659 1852 718 offenderit.

291 761 361 816 D.
390 760 505 816 Non
545 774 759 831 possum
787 759 937 813 aliter
962 772 1049 813 me
1084 758 1263 812 dicere
1302 755 1567 820 aﬁ‘ectum,
1590 768 1749 824 quam
1772 753 1854 807 vi-

291 856 451 911 detur
474 853 585 907 tibi.
616 850 694 905 Μ.
724 849 922 905 Probas
944 864 1072 920 ergo
1107 864 1294 904 omnes
1321 849 1450 903 istos
1474 846 1633 917 pedes
1668 860 1857 901 senum

293 956 593 1015 temporum
630 953 774 998 recte
811 942 911 998 sibi
947 957 1103 1013 posse
1130 942 1369 1013 copulari
1398 950 1555 1013 atque
1577 941 1595 973 ί
1625 939 1854 996 misceri.

290 1035 362 1091 D.
402 1036 593 1090 Probo.

348 1125 571 1183 CAPUT
605 1123 741 1179 XIII.
782 1153 853 1165 -—
886 1124 1025 1179 Ordo
1070 1123 1253 1196 pedum
1293 1123 1539 1192 quomodo
1589 1130 1802 1176 mutetur

957 1236 1212 1276 εοησυιηε.

364 1319 456 1374 24.
488 1318 565 1372 Μ.
595 1317 805 1373 Nihilne
845 1315 1116 1382 formidas,
1162 1329 1230 1369 ne
1272 1313 1389 1384 quis
1434 1312 1714 1367 arbitretur
1752 1319 1861 1366 tam

295 1410 570 1480 aequaliter
615 1408 744 1463 istos
796 1407 958 1477 pedes
1010 1404 1113 1460 hoc
1164 1404 1351 1458 ordine
1404 1402 1624 1458 collatos
1668 1414 1862 1456 sonare

296 1500 563 1569 potuisse;
592 1498 636 1553 si
664 1506 840 1552 autem
864 1496 1101 1551 ordinem
1128 1502 1416 1565 permutes,
1441 1508 1544 1549 non
1573 1493 1708 1547 idem
1741 1506 1862 1561 pos-

296 1591 388 1644 se?
421 1589 491 1643 D.
522 1588 769 1644 Nonnihil
800 1588 1011 1657 quidem
1054 1585 1225 1651 affert,
1262 1586 1355 1640 sed
1384 1584 1613 1655 experiri
1649 1600 1754 1639 non
1782 1592 1864 1638 est

298 1678 532 1735 difﬁcile.
565 1677 642 1731 Μ.
667 1677 809 1732 Istud
830 1693 955 1747 ergo
976 1676 1131 1731 facito
1154 1692 1276 1731 cum
1302 1676 1508 1730 vacabit
1538 1693 1549 1728 :
1581 1691 1683 1730 non
1713 1674 1864 1728 aliter

298 1770 536 1824 invenies
572 1784 727 1838 quam
753 1783 967 1823 sensum
997 1775 1141 1821 tuum
1188 1765 1498 1820 multiformi
1526 1767 1777 1821 varietate
1806 1772 1861 1820 et

300 1877 403 1916 una
432 1860 727 1930 mqualitate
768 1859 1005 1913 mulceri.
1044 1857 1111 1910 D.
1150 1856 1359 1911 Faciam
1389 1875 1401 1911 :
1439 1872 1736 1927 quanquam
1764 1856 1865 1910 hoc

302 1952 545 2020 exemplo
572 1965 729 2005 nemo
758 1958 858 2016 est,
888 1949 977 2019 qui
1018 1965 1123 2002 non
1166 1948 1449 2018 praevideat
1486 1948 1785 2004 necessario
1813 1948 1866 2002 id

300 2052 629 2098 eventurum.
670 2041 744 2096 Μ.
774 2042 936 2096 Recte
961 2041 1229 2095 existimas
1261 2058 1273 2093 :
1306 2040 1400 2095 sed
1423 2041 1559 2110 quod
1580 2040 1646 2094 ad
1674 2054 1868 2111 pr0po-

301 2135 459 2195 situm
498 2133 741 2203 pertinet,
771 2132 983 2187 admoto
1010 2132 1199 2202 plausu
1224 2132 1324 2187 ista
1352 2146 1674 2202 percurram,
1719 2141 1775 2185 ut
1800 2131 1868 2186 de

302 2224 403 2279 hoc
425 2239 632 2293 quoque
657 2222 944 2290 dijudicare
974 2222 1142 2291 possis
1169 2230 1344 2275 utrum
1386 2220 1606 2290 aliquid,
1638 2236 1705 2275 an
1732 2219 1865 2275 nihil

300 2316 557 2371 claudicet
590 2333 601 2368 :
645 2323 801 2384 atque
823 2323 878 2367 ut
908 2314 1062 2368 simul
1085 2312 1279 2383 aliquid
1314 2313 1604 2383 experiaris
1629 2312 1693 2367 de
1718 2327 1867 2366 com-

302 2407 592 2463 mutatione
613 2406 753 2460 illius
781 2405 999 2469 ordinis,
1027 2420 1183 2474 quam
1213 2403 1342 2457 nihil
1372 2402 1767 2457 claudicationis
1806 2403 1870 2456 il-

303 2499 527 2554 laturam
571 2515 689 2554 esse
715 2498 1083 2568 prmdiximus;
1127 2497 1237 2565 jam
1267 2512 1405 2551 nunc
1440 2496 1610 2565 ipsum
1630 2496 1870 2551 ordinem

302 2603 463 2657 muta,
491 2600 542 2645 ct
576 2600 632 2645 ut
658 2591 862 2645 libitum
891 2599 991 2656 est,
1019 2588 1231 2644 eosdem
1260 2588 1421 2660 pedes
1449 2588 1736 2644 collocatos
1773 2587 1871 2641 ali-

305 2696 383 2742 ter
409 2696 565 2755 atque
590 2701 619 2738 a
636 2701 719 2739 me
744 2684 985 2739 collocati
1004 2692 1144 2748 sunt,
1180 2681 1537 2751 personandos
1566 2681 1693 2735 mihi
1721 2680 1873 2750 plau-

302 2777 605 2846 dendosque
636 2774 898 2844 permitte.
927 2773 995 2827 Β.
1030 2774 1261 2828 Primum
1290 2773 1411 2828 volo
1441 2787 1558 2828 esse
1590 2773 1815 2827 ionicum
1842 2788 1871 2826 a

305 2872 527 2935 minore,
569 2869 855 2924 secundum
894 2867 1123 2922 ionicum
1163 2882 1191 2918 a
1234 2866 1454 2934 majore,
1502 2866 1711 2921 tertium
1740 2864 1875 2919 cho—

302 2964 586 3027 riambum,
619 2971 861 3031 quartum
892 2960 1178 3014 diiambum
1198 2999 1212 3023 ,
1240 2958 1477 3028 quintum
1502 2958 1871 3026 antispastum,

309 3065 514 3112 sextum
545 3054 861 3119 dichorium,
895 3053 1179 3122 septimum
1204 3051 1513 3106 molossum.
1545 3049 1623 3103 Μ.
1658 3050 1875 3105 Intende

307 3162 431 3216 ergo
454 3154 507 3201 et
536 3162 715 3200 aurem
744 3146 796 3199 in
823 3160 1032 3211 sonum,
1056 3152 1109 3199 et
1149 3144 1201 3196 in
1231 3143 1473 3212 plausum
1509 3141 1686 3196 oculos
1716 3159 1728 3195 :
1771 3156 1874 3194 non

308 3241 447 3294 enim
477 3239 667 3305 audiri,
691 3238 781 3292 sed
808 3237 974 3293 videri
1000 3251 1132 3307 opus
1158 3245 1238 3291 est
1264 3234 1600 3304 plaudentem
1639 3249 1873 3301 manum,

309 3339 362 3384 et
386 3329 732 3384 animadverti
757 3330 949 3384 acriter
978 3336 1171 3398 quanta
1195 3328 1448 3397 temporis
1478 3342 1626 3382 mora
1658 3328 1708 3381 in
1727 3328 1875 3381 leva-

311 3421 475 3485 tione,
523 3430 715 3490 quanta
746 3422 798 3475 in
829 3422 1089 3490 positione
1135 3422 1220 3477 sit.
1263 3421 1332 3476 ο.
1378 3423 1540 3477 Totus
1580 3423 1700 3479 istic
1738 3437 1874 3489 sum,

312 3524 563 3583 quantum
588 3515 753 3569 valeo.
802 3513 877 3568 M.
911 3516 1104 3585 Accipe
1132 3514 1288 3585 igitur
1316 3515 1713 3572 collocationem
1736 3517 1877 3572 illam

312 3619 428 3658 cum
459 3605 638 3673 plausu
669 3615 806 3659 tuam
830 3624 841 3659 :
872 3606 1179 3675 Moderatus,
1207 3608 1489 3674 concedere,
1510 3610 1770 3679 percipies,
1798 3609 1883 3664 be—

314 3696 550 3765 nignitas,
578 3698 874 3768 voletjusta,
902 3700 1185 3768 civitasque,
1217 3700 1437 3754 virtutes.
1469 3698 1536 3753 ι).
1557 3699 1742 3755 Sentio
1768 3700 1883 3771 qui-

313 3788 434 3841 dem
459 3804 787 3859 nequaquam
816 3792 1049 3859 plausum
1077 3791 1234 3846 istum
1256 3791 1571 3858 claudicare,
1604 3801 1656 3845 et
1682 3800 1881 3847 tantum

315 3864 491 3932 levare
532 3890 781 3947 quantum
831 3896 1062 3948 ponere;
1112 3881 1206 3935 sed
1263 3882 1608 3937 vehementer
1650 3883 1883 3939 admiror

314 3970 581 4040 quomodo
602 3986 665 4024 eo
693 3972 893 4039 percuti
930 3974 1193 4041 potuerint
1236 3974 1308 4027 illi
1338 3974 1520 4043 pedes,
1550 3991 1771 4045 quorum
1801 3976 1880 4031 di-

316 4064 449 4117 visio
480 4062 654 4131 simpli
679 4072 730 4115 et
758 4062 899 4130 dupli
928 4064 1133 4118 ratione
1157 4072 1382 4132 constat,
1412 4066 1563 4120 sicuti
1586 4077 1707 4121 sunt
1729 4069 1884 4123 ambo

316 4154 477 4208 ionici
507 4162 560 4207 et
585 4154 866 4207 molossus.
885 4154 959 4207 Μ.
983 4154 1120 4222 Quid
1146 4154 1229 4210 hic
1255 4155 1367 4210 tieri
1398 4165 1571 4211 tamen
1588 4158 1881 4224 arbitraris,

323 4261 435 4302 cum
468 4247 520 4299 in
548 4246 627 4300 his
651 4246 745 4299 tria
772 4247 1010 4301 leventur
1035 4255 1293 4316 tempora,
1334 4248 1655 4318 totidemque
1681 4265 1885 4319 ponan-

321 4339 438 4391 tur?
467 4335 538 4391 D.
564 4336 703 4390 Nihil
724 4336 863 4390 aliud
892 4337 978 4391 hic
1008 4352 1224 4407 prorsus
1244 4338 1397 4393 video
1431 4354 1588 4409 quam
1617 4355 1733 4395 eam
1774 4341 1891 4395 lon-

321 4445 436 4499 gam
470 4430 743 4500 syllabam,
770 4446 887 4499 qua:
918 4431 971 4485 in
996 4431 1169 4485 ionico
1201 4445 1230 4485 a
1260 4432 1459 4501 majore
1484 4441 1537 4486 et
1575 4432 1626 4485 in
1656 4432 1889 4488 molosso

325 4521 573 4584 secunda,
607 4520 658 4575 in
686 4521 857 4576 ionico
880 4530 1055 4576 autem
1090 4537 1118 4575 a
1152 4523 1357 4577 minore
1386 4524 1538 4578 tertia
1568 4534 1669 4591 est,
1703 4524 1889 4594 plausu

325 4612 439 4681 ipso
468 4612 665 4676 dividi;
713 4620 768 4666 ut
806 4614 1053 4683 quoniam
1082 4613 1186 4669 duo
1230 4614 1388 4670 habet
1423 4624 1680 4686 tempora,
1728 4634 1888 4672 unum

328 4702 447 4756 inde
474 4703 729 4769 superiori
748 4705 903 4773 parti,
933 4704 1159 4759 alterum
1184 4707 1461 4775 posteriori
1492 4708 1705 4774 tribuat,
1733 4718 1890 4780 atque

329 4792 397 4846 ita
419 4802 566 4847 terna
592 4802 829 4863 tempora
857 4796 1046 4849 levatio
1075 4797 1367 4866 positioquc
1394 4799 1692 4854 sortiantur.

395 4884 483 4941 25.
528 4884 603 4937 Μ.
633 4886 774 4941 Nihil
805 4886 891 4940 hic
910 4887 1124 4940 omnino
1141 4887 1283 4941 aliud
1309 4888 1410 4941 dici
1431 4901 1520 4943 aut
1546 4891 1760 4962 intelligi
1794 4908 1891 4963 po-

330 4984 450 5029 test.
479 4975 585 5030 Sed
614 4991 708 5031 cur
733 4991 839 5030 non
866 4977 1022 5031 etiam
1062 4977 1151 5051 ille
1174 4978 1603 5048 amphibrachus,
1642 4999 1799 5052 quem
1825 4986 1891 5041 ab

329 5067 423 5122 ista
451 5069 827 5122 numerositate
856 5070 1065 5138 penitus
1089 5069 1448 5138 ejiciebamus,
1470 5072 1567 5128 hac
1593 5075 1893 5131 conditione

332 5157 611 5213 misceatur
636 5157 889 5227 spondeo,
918 5158 1147 5229 dactylo,
1196 5168 1247 5213 et
1274 5170 1561 5229 anapazsto,
1608 5164 1689 5218 vel
1718 5179 1809 5232 per
1836 5181 1894 5219 se

338 5246 440 5315 ipse
488 5264 829 5304 numerosum
855 5253 874 5282 ³
903 5250 1097 5318 aliquid
1131 5252 1181 5305 in
1215 5254 1412 5307 musica
1439 5256 1772 5310 continuatus
1815 5258 1894 5313 ef-

340 5337 466 5393 ﬁciat
487 5339 509 5391 ?
534 5339 714 5393 Potest
742 5341 881 5394 enim
912 5340 1067 5394 simili
1094 5342 1297 5396 ratione
1311 5344 1482 5397 media
1509 5360 1716 5415 quoque
1746 5347 1894 5416 pedis

341 5427 441 5496 ejus
476 5431 696 5501 syllaba,
728 5447 844 5501 qua:
871 5433 1024 5503 longa
1071 5442 1171 5501 est,
1215 5434 1403 5502 plausu
1437 5435 1632 5501 dividi;
1687 5447 1743 5491 ut
1778 5454 1895 5494 cum

403 5580 484 5628 ‘tn
508 5586 592 5651 By
616 5585 697 5630 aut
717 5593 736 5642 ;
758 5583 940 5632 rectius
953 5596 1063 5633 cum
1083 5585 1311 5647 Er.Lugd.
1330 5594 1445 5636 ven.
1466 5593 1574 5636 Lov.
1608 5593 1660 5636 et
1693 5593 1798 5638 Mss.
1825 5599 1897 5651 A.,

339 5646 506 5815 ἰφξὴ
526 5648 670 5767 Illas;
717 5712 768 5758 at
796 5713 904 5759 Lov.
930 5707 1135 5773 aliaque
1165 5708 1404 5761 editiones
1433 5711 1646 5775 habent,
1678 5725 1899 5765 numero-

1618 360 1823 417 LIBER
1857 358 2223 417 SECUNDUS.

2977 250 3195 273 ’κενὴ-ηπ...
3248 266 3251 269 ι

3387 364 3526 425 1114

1958 472 2159 541 singula
2206 480 2442 541 tempora
2470 472 2687 544 singulis
2716 472 2969 545 iateribus
3008 473 3233 546 dederit,
3264 492 3371 533 non
3408 478 3519 549 jam

1957 578 2121 618 unum
2160 572 2215 625 et
2242 566 2359 629 tria,
2412 565 2503 621 sed
2540 566 2660 621 bina
2703 574 2941 636 tempora
2992 566 3185 622 levatio
3231 568 3526 639 positioque

1957 653 2057 708 sibi
2114 654 2378 709 vindicent
2425 671 2438 708 :
2483 656 2583 711 nisi
2635 656 2797 713 habes
2849 657 3045 728 aliquid
3096 659 3239 729 quod
3293 659 3522 716 resistat.

1958 742 2030 798 D.
2052 744 2191 800 Nihil
2219 762 2346 802 sane
2362 745 2532 802 habeo
2556 747 2694 818 quod
2718 748 2916 818 dicam,
2940 749 3041 805 nisi
3060 750 3199 806 hunc
3224 752 3381 807 etiam
3408 766 3527 809 esse

1959 836 2359 893 admittendum.
2385 837 2464 892 Μ.
2496 839 2705 910 Aliquid
2746 856 2872 912 ergo
2907 841 3217 912 plaudamus
3242 852 3526 915 quaterno—

1959 944 2075 984 rum
2104 939 2397 999 temporum
2427 931 2645 1000 pedibus
2666 932 2968 989 ordinatum
3007 943 3169 1006 atque
3193 945 3525 1007 contextum,

1959 1022 2150 1091 quibus
2193 1024 2292 1077 iste
2329 1024 2643 1080 commixtus
2692 1026 2778 1091 sit,
2831 1035 2887 1082 et
2936 1027 3122 1083 eodem
3170 1028 3329 1085 modo
3367 1044 3525 1087 sensu

1960 1112 2295 1180 exploremus
2320 1120 2491 1168 utrum
2514 1114 2645 1169 nihil
2664 1115 2904 1185 imparile
2932 1115 3179 1172 oﬂ‘endat.
3210 1118 3276 1173 Et
3302 1119 3421 1174 ideo
3449 1128 3524 1175 at-

1964 1201 2122 1256 tende
2146 1202 2198 1256 in
2218 1202 2362 1258 hunc
2388 1220 2662 1260 numerum
2699 1214 2914 1276 propter
2928 1207 3197 1277 iudicandi
3224 1208 3526 1266 facilitatem

1963 1308 2083 1348 cum
2112 1295 2296 1363 plausu
2348 1297 2502 1352 tertio
2544 1298 2845 1368 repetitum.
2895 1299 3082 1355 Sumas
3123 1301 3334 1373 optima,
3371 1304 3529 1375 facias

1964 1388 2188 1444 honesta.
2220 1390 2408 1445 Sumus
2429 1392 2638 1461 optima,
2668 1394 2825 1464 facias
2854 1393 3081 1460 honesta,
3108 1394 3296 1451 Sumas
3319 1398 3529 1467 optima,

1963 1483 2122 1553 facias
2163 1484 2386 1539 honesta.
2435 1484 2503 1540 D.
2557 1487 2803 1557 Jamjam,
2855 1490 3096 1557 obsecro,
3133 1504 3291 1560 parce
3317 1490 3533 1546 auribus

1965 1577 2098 1632 meis
2127 1596 2140 1632 :
2169 1593 2289 1633 nam
2321 1579 2479 1634 etiam
2506 1580 2689 1650 plausu
2718 1597 2822 1637 non
2853 1582 3087 1650 admoto,
3108 1582 3221 1653 ipse
3242 1598 3337 1653 per
3354 1598 3413 1638 se
3430 1581 3531 1638 ho-

1966 1684 2083 1723 rum
2105 1669 2295 1738 pedum
2312 1685 2499 1726 cursus
2516 1672 2566 1726 in
2580 1672 2671 1727 illo
2681 1672 3057 1743 amphibracho
3070 1672 3535 1729 vehementissime

1967 1762 2248 1819 claudicat.
2284 1764 2361 1818 Μ.
2401 1765 2538 1831 Quid
2565 1767 2722 1836 igitur
2760 1767 3047 1836 putandum
3088 1777 3170 1824 est
3193 1784 3311 1825 esse
3334 1783 3529 1837 causae,

1968 1864 2027 1910 ut
2048 1857 2098 1911 in
2125 1856 2227 1911 hoc
2248 1856 2358 1911 ﬁeri
2379 1874 2485 1911 non
2515 1858 2682 1928 possit
2709 1859 2849 1929 quod
2895 1860 2949 1914 in
2976 1860 3207 1915 molosso
3257 1868 3312 1915 et
3350 1860 3536 1916 ionicis

1971 1949 2179 2018 potuit?
2201 1963 2267 2002 an
2290 1950 2538 2019 quoniam
2559 1950 2613 2004 Ii
2640 1950 2743 2005 illis
2761 1950 2983 2020 aequalia
3009 1957 3134 2005 sunt
3148 1950 3321 2007 medio
3338 1950 3538 2006 latera?

1970 2039 2023 2095 in
2051 2056 2269 2097 numero
2285 2042 2424 2096 enim
2456 2043 2588 2112 pari,
2612 2042 2702 2098 ubi
2726 2042 2795 2099 sit
2822 2043 3055 2099 medium
3092 2044 3203 2100 suis
3230 2044 3433 2114 aequale
3458 2044 3538 2099 la-

1971 2135 2190 2202 teribus,
2238 2135 2441 2207 primus
2488 2136 2727 2191 senarius
2760 2137 3005 2190 occurrit.
3060 2137 3201 2207 Ergo
3237 2136 3315 2191 illi
3352 2151 3540 2192 senum

1973 2235 2269 2297 temporum
2318 2228 2478 2298 pedes
2532 2229 2781 2299 quoniam
2834 2228 2939 2283 duo
2977 2239 3214 2299 tempora
3268 2228 3322 2283 in
3364 2228 3541 2284 medio

1974 2320 2265 2389 possident,
2297 2328 2350 2375 et
2365 2320 2487 2375 bina
2518 2320 2570 2375 in
2600 2320 2881 2387 lateribus;
2911 2320 3135 2376 libenter
3153 2320 3541 2391 quodammodo

1975 2411 2100 2465 illud
2136 2411 2368 2467 medium
2409 2410 2598 2467 cecidit
2637 2412 2688 2467 in
2729 2412 2890 2467 latera
2917 2454 2932 2480 ,
2987 2412 3177 2483 quibus
3221 2413 3541 2469 amicissima

1975 2503 2275 2573 aequalitate
2340 2503 2692 2573 conjungitur.
2746 2502 2862 2557 Non
2916 2512 3090 2558 autem
3151 2503 3290 2559 idem
3343 2504 3434 2559 lict
3486 2504 3543 2559 in

1975 2595 2373 2664 amphibracho,
2406 2596 2494 2651 ubi
2513 2604 2635 2649 sunt
2654 2595 2872 2665 imparia
2883 2596 3057 2651 medio
3075 2596 3259 2662 latera,
3283 2596 3542 2667 siquidem

1976 2687 2031 2741 in
2063 2687 2165 2740 illis
2194 2687 2418 2756 singula,
2456 2686 2509 2740 in
2539 2686 2629 2743 illo
2658 2686 2761 2741 duo
2783 2694 3017 2757 tempora
3046 2697 3187 2742 sunt.
3209 2688 3322 2744 Huc
3339 2688 3545 2744 accedit

1978 2780 2121 2850 quod
2168 2781 2222 2834 in
2256 2780 2441 2835 ionicis
2484 2788 2536 2835 et
2579 2778 2809 2834 molosso
2854 2778 3029 2834 medio
3072 2780 3126 2834 in
3142 2780 3306 2835 latera
3348 2780 3540 2847 soluto,

1978 2878 2125 2925 terna
2158 2870 2289 2924 ﬁunt
2315 2878 2585 2938 tempora,
2616 2868 2670 2922 in
2694 2868 2883 2940 quibus
2927 2882 3137 2924 rursum
3183 2870 3356 2925 medio
3380 2871 3493 2940 pari
3526 2871 3543 2901 ¹

1977 2963 2123 3033 paria
2174 2962 2337 3017 latera
2390 2961 2754 3025 inveniuntur;
2811 2962 2953 3031 quod
3009 2962 3136 3017 item
3166 2962 3294 3018 delit
3336 2961 3545 3033 amphi-

1977 3053 2196 3111 bracho.
2223 3052 2290 3105 D.
2315 3052 2393 3106 lta
2419 3068 2505 3107 res
2540 3062 2622 3108 est
2648 3062 2706 3107 ut
2737 3053 2907 3109 dicis:
2936 3069 3033 3109 nec
3058 3054 3321 3110 immerito
3340 3054 3548 3125 amphi-

1978 3144 2205 3202 brachus
2227 3144 2278 3197 in
2305 3143 2392 3197 illa
2420 3143 2556 3198 serie
2587 3142 2806 3199 oli‘endit
2842 3143 3098 3213 auditum,
3137 3144 3192 3200 bi
3220 3161 3347 3201 vero
3388 3148 3550 3204 etiam

1979 3235 2258 3292 delectant.

2121 3328 2344 3385 CAPUT
2368 3328 2579 3384 XlV.—
2604 3328 2701 3395 Qui
2714 3329 2863 3400 pedes
2886 3328 3063 3399 quibus
3090 3329 3409 3384 misceantur.

2052 3422 2140 3478 26.
2183 3421 2259 3476 Μ.
2288 3424 2429 3492 Age,
2454 3436 2595 3477 nunc
2621 3431 2674 3476 tu
2709 3437 2800 3490 per
2829 3430 2879 3475 te
2907 3421 2973 3475 ab
2998 3420 3114 3491 ipso
3161 3420 3405 3477 exordire
3431 3437 3554 3493 pyr-

1982 3512 2209 3579 rhichio,
2226 3524 2278 3569 et
2296 3514 2584 3569 secundum
2603 3527 2759 3582 supra
2779 3511 2944 3566 dictas
2968 3511 3219 3579 rationes,
3238 3528 3372 3583 quos
3394 3512 3554 3582 pedes

1984 3607 2174 3675 quibus
2222 3604 2431 3660 misceri
2470 3611 2741 3674 Oporteat,
2795 3610 3045 3672 quantum
3087 3612 3273 3673 potes,
3325 3603 3555 3660 breviter

1984 3698 2209 3767 eXplica.
2242 3695 2311 3748 1).
2343 3695 2526 3749 Nullus
2554 3694 2857 3766 pyrrhichio
2890 3712 2902 3747 :
2933 3708 3038 3749 non
3072 3694 3213 3750 enim
3240 3695 3374 3750 alius
3410 3696 3556 3750 inve-

1986 3789 2129 3843 nitur
2156 3786 2376 3842 totidem
2410 3797 2724 3856 temporum.
2768 3786 2946 3840 lambo
2971 3795 3150 3855 posset
3169 3786 3415 3851 chorius;
3460 3788 3553 3842 sed

1986 3893 2204 3954 propter
2229 3882 2538 3951 intequalcm
2570 3882 2808 3951 plausum
2834 3879 3103 3935 vitandum
3132 3888 3234 3945 est,
3264 3880 3402 3951 quod
3421 3880 3557 3935 alter

1986 3991 2019 4031 a
2047 3975 2255 4044 simplo,
2286 3991 2315 4029 a
2342 3973 2503 4044 duplo
2534 3974 2667 4028 alter
2696 3972 2897 4042 incipit.
2934 3971 3075 4041 Ergo
3100 3970 3393 4026 tribrachus
3425 3971 3555 4025 utri-

1988 4083 2091 4138 que
2116 4064 2506 4121 accommodari
2544 4073 2736 4135 potest.
2768 4063 3070 4133 Spondeum
3116 4072 3172 4118 et
3216 4063 3474 4133 dactylum
3505 4071 3560 4118 et

1989 4167 2335 4227 anapaestum,
2363 4166 2413 4210 et
2435 4156 2929 4225 proceleumaticum
2954 4154 3153 4210 amicos
3178 4155 3314 4209 inter
3334 4162 3559 4224 seatque

1990 4247 2313 4318 copulabiles
2338 4247 2491 4301 video
2533 4265 2545 4299 :
2579 4261 2683 4302 non
2709 4247 2849 4301 enim
2874 4254 3075 4301 tantum
3108 4246 3444 4315 temporibus,
3467 4246 3560 4301 sed

1992 4338 2182 4408 plausu
2245 4338 2403 4392 etiam
2454 4337 2555 4392 sibi
2602 4347 2916 4409 congruunt.
2977 4337 3262 4392 Enimvero
3317 4339 3561 4393 exclusus

1992 4428 2445 4498 amphibrachus,
2501 4428 2645 4481 nulla
2706 4428 2880 4497 potuit
2944 4428 3147 4483 ratione
3210 4428 3424 4496 reduci,
3477 4430 3562 4484 cui

1996 4522 2236 4593 parilitas
2273 4530 2574 4589 temporum
2618 4520 2859 4574 auxiliari
2908 4520 3064 4589 quid,
3119 4520 3374 4578 divisione
3415 4523 3564 4592 plau-

1995 4627 2161 4681 suque
2211 4610 2581 4677 discordante,
2625 4625 2731 4665 non
2776 4611 2964 4679 potuit.
3006 4610 3234 4667 Bacchio
3277 4614 3559 4680 creticum,

1995 4714 2050 4761 et
2077 4720 2289 4775 paeones
2344 4705 2605 4773 primum,
2651 4703 2939 4757 secundum
2984 4715 3039 4759 et
3077 4715 3337 4775 quartum.
3366 4705 3560 4759 Palim-

1996 4797 2218 4852 bacchio
2244 4806 2420 4851 autem
2452 4794 2695 4850 eumdem
2726 4796 3000 4861 creticum,
3024 4804 3076 4851 et
3100 4811 3309 4864 paeones
3336 4795 3562 4863 primum

1998 4898 2052 4944 et
2090 4890 2300 4944 tertium
2336 4896 2391 4941 et
2442 4898 2689 4958 quartum
2715 4929 2727 4951 ,
2781 4895 2837 4941 et
2864 4890 2883 4919 ²
2913 4888 3234 4956 temporibus
3278 4894 3332 4941 et
3376 4887 3564 4955 plausu

1998 4979 2325 5035 concordare
2368 4978 2707 5034 manifestum
2737 4986 2837 5032 est.
2889 4978 3027 5046 Ergo
3069 4976 3264 5031 cretico
3289 4986 3341 5031 et
3368 4979 3566 5045 paeoni-

1999 5070 2097 5125 bns
2133 5071 2303 5140 primo
2344 5079 2397 5124 et
2442 5078 2633 5138 quarto
2662 5110 2676 5133 ,
2713 5068 2957 5138 quoniam
3000 5074 3054 5121 et
3094 5082 3123 5119 a
3178 5067 3381 5121 duobus
3435 5077 3488 5122 et
3534 5083 3567 5123 a

2002 5161 2168 5216 tribus
2218 5160 2544 5230 temporibus
2570 5174 2751 5213 eorum
2778 5158 3011 5227 incipere
3028 5156 3215 5210 divisio
3244 5166 3434 5225 potest,
3460 5173 3564 5211 cae-

2002 5253 2099 5307 teri
2140 5266 2331 5306 omnes
2374 5252 2591 5321 quinum
2628 5258 2926 5318 temporum
2982 5247 3143 5317 pedes
3178 5256 3401 5317 possunt
3454 5248 3568 5304 sine

2002 5343 2109 5396 ulla
2133 5341 2517 5397 claudicatione
2546 5338 2802 5408 copulari.
2828 5338 2942 5392 Jam
2973 5337 3181 5391 illorum
3204 5337 3291 5407 qui
3319 5351 3410 5394 sex
3431 5345 3565 5393 tem-

2007 5435 2221 5504 poribus
2252 5441 2513 5500 constant,
2540 5430 2777 5486 onmium
2810 5431 2946 5485 inter
2988 5444 3046 5484 se
3075 5433 3261 5483 miram
3287 5429 3569 5499 quamdam

2066 5594 2083 5625 ί
2110 5600 2157 5641 In
2179 5594 2312 5653 prius
2333 5591 2476 5639 editis
2514 5589 2745 5653 omittitur
2768 5586 3057 5653 pari,quam
3077 5598 3244 5653 vocem
3275 5587 3573 5653 restituinms

2004 5668 2068 5707 ex
2086 5646 2213 5712 Issi,
2236 5665 2425 5702 necnon
2448 5664 2511 5700 ex
2534 5646 2865 5712 iisdempaulo
2900 5646 3021 5712 infra
3038 5681 3053 5706 ,
3096 5646 3148 5712 Iri
3168 5661 3277 5712 pero
3311 5646 3453 5698 etiam
3483 5648 3570 5699 de-

2006 5708 2210 5775 lectam;
2234 5715 2315 5763 ubi
2341 5714 2457 5763 editi
2482 5713 2681 5775 habent,
2705 5708 2782 5760 hic
2808 5723 2918 5759 vero
2930 5709 3076 5760 etiam
3098 5708 3312 5759 delectat.

2085 5782 2105 5813 ³
2130 5773 2259 5836 tnB.,
2283 5775 2333 5828 in
2356 5773 2639 5836 temporibus
2660 5782 2873 5837 ,{rectms
2893 5785 3003 5824 cum
3023 5781 3227 5835 utroque
3242 5779 3345 5836 Ms,
3361 5779 3422 5834 et.
3479 5778 3537 5823 at.
