4096 6368
567 337 708 398 1115

563 465 686 506 esse
715 445 1082 516 concordiam,
1109 447 1238 504 satis
1257 445 1582 520 disputatum
1596 455 1694 502 est.
1710 445 2148 522 Quandoquidem

565 543 643 600 illi
669 551 884 614 quoque
903 537 970 597 ab
995 533 1114 598 aliis
1131 537 1188 595 in
1215 535 1514 612 plaudendo
1553 555 1658 594 non
1687 539 1982 610 dissonant,
2013 557 2147 614 quos

563 627 716 691 aliter
745 627 906 688 dividi
935 629 1075 703 cogit
1116 627 1350 687 conditio
1389 629 1710 703 syllabarum
1754 650 1766 686 :
1801 641 1996 690 tantam
2037 635 2146 691 vim

561 719 724 783 habet
750 739 871 781 cum
897 719 1074 780 medio
1095 719 1326 780 laterum
1351 725 1644 794 aequalitas.
1673 725 1838 780 Porro
1866 735 2144 798 septenum

561 827 855 890 temporum
899 815 1064 888 pedes
1101 827 1222 871 cum
1268 813 1373 870 sint
1400 823 1645 888 quatuor,
1676 816 1766 887 qui
1813 818 2012 886 cpitriti
2041 836 2140 874 no-

560 907 847 978 minantur,
893 909 1123 978 primum
1173 915 1229 964 et
1273 905 1565 964 secundum
1611 909 1822 966 invenio
1855 911 1955 966 sibi
1987 927 2144 982 posse

557 995 794 1076 copulari
829 1022 841 1058 :
871 995 1146 1058 ambOrum
1175 999 1316 1054 enim
1348 993 1538 1055 divisio
1565 999 1748 1072 incipit
1774 1018 1805 1057 a
1823 1003 1988 1059 tribus
2005 1013 2142 1061 tem-

556 1095 795 1166 poribus,
827 1091 1025 1150 idcirco
1051 1093 1152 1150 nec
1181 1094 1354 1164 spatio
1381 1095 1637 1164 temporis
1668 1111 1766 1150 nec
1805 1097 1988 1166 plausu
2023 1099 2129 1155 dis-

555 1185 749 1244 sident.
781 1179 986 1243 Rursus
1003 1181 1233 1242 libenter
1257 1179 1355 1240 sibi
1379 1187 1673 1257 junguntur
1703 1189 1885 1244 tertius
1915 1201 1966 1246 et
1991 1207 2140 1262 quar-

558 1291 645 1334 tus-
665 1323 679 1346 ,
713 1277 833 1350 quia
863 1288 1086 1349 uterque
1113 1277 1166 1333 in
1192 1271 1476 1334 dividendo
1505 1279 1687 1350 incipit
1713 1295 1742 1334 a
1766 1291 1990 1350 quatuor
2007 1291 2138 1339 tem-

553 1367 792 1442 poribus,
825 1379 989 1443 quare
1011 1380 1064 1426 ct
1087 1369 1378 1426 metiuntur
1410 1380 1464 1426 et
1489 1372 1809 1442 plauduntur
1838 1375 2128 1446 aequaliter.

1749 337 1838 394 DE
1876 337 2148 408 MUSIGA,
2179 340 2242 398 ὃ.
2279 341 2643 402 AUGUSTINI

3693 363 3854 424 11ίῦ

2253 451 2437 510 Restat
2461 465 2585 510 octo
2637 468 2938 530 temporum
2959 475 3060 532 pes
3083 465 3174 534 qui
3215 465 3544 538 dispendens
3574 484 3802 532 vocatur
3823 519 3842 545 ,

2251 546 2336 601 cui
2364 547 2499 602 sicut
2519 550 2833 618 pyrrhichio
2855 569 2956 624 par
2979 557 3158 612 nullus
3189 569 3292 614 est.
3323 561 3500 618 Habes
3525 579 3556 618 a
3579 577 3674 622 me
3693 568 3848 637 quod

2249 641 2534 708 poposcisti
2566 651 2621 696 et
2655 641 2832 700 facere
2859 648 3029 716 potui.
3067 649 3240 722 Perge
3265 653 3331 708 ad
3361 655 3688 726 reliqumll.
3735 661 3844 716 Fa-

2249 731 2386 786 ciam
2415 749 2429 786 :
2455 733 2550 789 sed
2577 743 2702 806 post
2735 745 2847 794 tam
2897 741 3110 813 longum
3156 759 3456 804 sermonem
3507 753 3846 822 respirem;

2247 823 2670 896 aliquantulum;
2719 840 2774 886 et
2823 832 3036 890 illorum
3079 853 3334 896 versuum
3389 846 3842 917 meminerimus,

2247 931 2378 988 quos
2405 919 2533 974 mihi
2557 926 2946 994 extemporales
2967 929 3126 997 paulo
3147 941 3272 988 ante
3291 933 3406 1004 ipsa
3429 935 3690 993 lassitudo
3713 955 3844 1008 sug-

2246 1011 2433 1079 gessit.

2429 1103 2553 1182 Solo
2564 1107 2763 1182 tandem
2783 1109 2868 1160 tibi
2885 1125 3074 1174 parcas,
3097 1113 3232 1182 le.th-
3256 1125 3334 1169 est
3355 1120 3404 1168 in
3417 1121 3624 1182 chartis,

2505 1177 2726 1243 apertum
2749 1169 2822 1221 ire
2847 1163 3100 1243 perauras
3120 1163 3332 1228 animum
3357 1163 3626 1243 inﬁda;

2429 1227 2588 1299 Placet
2609 1231 2700 1299 hoc
2723 1245 2831 1282 nam
2849 1227 3120 1299 sapienter,
3141 1227 3668 1296 remﬁterre'inie—aun)

2427 1291 2590 1340 Aciem
2609 1294 2764 1344 rebus
2783 1291 2986 1360 mendis
3007 1291 3245 1352 decenter
3265 1291 3518 1356 intentam;

2313 1384 2379 1440 D.
2407 1387 2588 1446 Placet
2605 1407 2758 1462 sane,
2787 1411 2852 1452 ac
2873 1398 3109 1456 libenter
3137 1401 3476 1476 obtempero.

561 1481 3826 1690 Μ

550 1731 601 1777 In
613 1731 718 1790 quo
739 1721 998 1790 meum
1015 1717 1138 1790 quid
1155 1719 1351 1774 intersit
1372 1721 1659 1774 discriminis
1681 1723 1809 1773 inter
1833 1723 2122 1798 rhythmum,
2147 1739 2354 1806 metrum
2377 1744 2428 1786 et
2451 1751 2673 1805 versum;
2690 1751 2792 1794 tum
2811 1748 2972 1810 agitur
2983 1753 3190 1804 ωσι-εἰη
3207 1755 3276 1806 de
3293 1758 3548 1825 rhythmo;
3571 1775 3630 1815 ac
3645 1765 3836 1818 me

1799 1789 2022 1825 tractauit
2041 1790 2107 1825 rh:
2129 1801 2288 1825 "Iahn
2309 1798 2556 1825 malum...

1799 1789 2022 1836 tractatio
2041 1790 2107 1839 de
2129 1801 2288 1844 metro
2309 1798 2572 1850 inchoatur.

1971 1891 2386 1952 assererem

619 1989 852 2052 CAPUT
879 1987 1164 2050 HMM.
1181 2017 1253 2032 -α
1273 1985 1563 2061 Bhgtfmms
1593 1999 1652 2043 ac
1673 1999 1889 2044 metrum
1917 1989 2056 2062 quid.

623 2107 676 2162 1.
721 2105 796 2162 Η.
825 2101 1035 2162 Tertius
1061 2101 1149 2158 hic
1201 2117 1380 2158 sermo
1435 2101 2035 2172 postulat,utquoniam
2071 2101 2139 2158 de

551 2197 750 2271 pedum
796 2199 1022 2252 amicitia
1077 2195 1302 2267 quadam
1351 2193 1738 2264 concordiaque
1766 2195 1894 2247 satis
1937 2193 2138 2250 dictum

551 2297 633 2348 cst
657 2335 671 2358 ,
699 2291 974 2347 videamus
1015 2287 1138 2361 quid
1174 2305 1238 2346 ex
1291 2287 1370 2344 his
1413 2289 1674 2344 contextis
1713 2287 2138 2360 continuatisrpie

546 2383 803 2458 gignatur.
833 2381 1010 2452 Quare
1031 2385 1261 2452 primum
1311 2399 1372 2437 ex
1403 2389 1454 2437 te
1486 2399 1690 2451 quatro,
1719 2391 1892 2436 utrum
1935 2383 2138 2452 possint

546 2473 781 2548 copulati
799 2473 898 2532 sibi
923 2471 1104 2546 pedes,
1129 2491 1260 2544 quos
1284 2473 1516 2542 copulari
1548 2483 1778 2542 Oportet,
1825 2483 2136 2544 perpetuum

545 2569 826 2641 quemdam
869 2583 1153 2624 numerum
1197 2581 1401 2630 creare,
1447 2563 1536 2620 ubi
1577 2565 1760 2620 nullus
1793 2565 1911 2619 ﬁnis
1956 2574 2135 2622 certus

549 2671 803 2736 appareat
826 2680 838 2717 :
869 2661 1019 2716 velut
1037 2675 1156 2716 cum
1179 2655 1542 2730 symplioniari
1565 2655 1792 2759 scaliella
1808 2665 1872 2760 et
1891 2655 2134 2760 cymbala

547 2753 772 2829 pedibus
798 2753 1014 2820 feriunt,
1036 2749 1196 2807 certis
1219 2745 1432 2820 quidem
1463 2747 1698 2802 numeris
1728 2755 1780 2803 ct
1808 2747 1890 2801 bis
1917 2749 2004 2818 qui
2032 2747 2133 2802 sibi

544 2863 665 2905 cum
713 2845 920 2901 aurium
948 2839 1218 2912 voluptate
1241 2839 1566 2911 junguntur;
1612 2839 1703 2893 sed
1736 2849 1911 2892 tamen

547 2943 827 3010 perpetuo,
859 2935 932 2990 ita
951 2935 1009 2988 ut
1035 2927 1083 2988 si
1114 2927 1266 2988 tibias
1295 2947 1402 2986 non
1431 2929 1635 2998 audias,
1670 2929 1814 2983 nullo
1863 2929 2022 2984 modo
2061 2927 2133 2984 ibi

544 3039 729 3087 notare
745 3027 917 3099 possis
931 3039 1205 3097 quousque
1231 3033 1528 3122 procurrat_
1545 3023 1806 3122 conuenio
1837 3021 2047 3122 pedum,
2079 3031 2134 3077 et

546 3119 690 3178 unde
716 3134 897 3174 rursus
923 3111 990 3172 ad
1019 3125 1176 3187 caput
1202 3115 1472 3170 redeatur.
1504 3111 1664 3169 Velut
1692 3115 1736 3170 si
1768 3125 1820 3170 tu
1851 3111 1979 3170 velis
1999 3129 2130 3170 ρεη-

543 3225 659 3272 tum
681 3213 762 3270 vel
789 3211 1038 3283 amplius,
1059 3225 1334 3280 quousque
1349 3207 1556 3262 libitum
1577 3217 1678 3274 est,
1699 3207 2029 3280 pyrrhichius
2049 3205 2131 3262 vel

549 3308 685 3364 alios
713 3305 805 3376 qui
853 3305 992 3359 inter
1033 3319 1093 3359 se
1128 3293 1442 3356 amici'sunt
1479 3299 1664 3370 pedes,
1711 3301 1960 3400 continua
2006 3315 2132 3353 con-

544 3399 774 3455 nexionc
818 3389 1127 3451 decurrere.
1185 3385 1254 3445 D.
1300 3385 1415 3446 Jam
1461 3389 1714 3460 intelligo,
1745 3400 1797 3445 et
1825 3387 1936 3443 ﬁeri
1975 3403 2133 3458 posse

545 3487 784 3549 concedo
813 3485 1097 3559 quamdam
1129 3481 1324 3556 pedum
1353 3481 1780 3584 connexionenr,
1805 3479 1856 3536 in
1873 3497 1986 3584 qua
2011 3497 2130 3584 cer—

543 3591 658 3640 tum
709 3587 792 3638 est
837 3593 1005 3650 usque
1055 3571 1122 3631 ad
1155 3583 1283 3646 quot
1327 3573 1490 3646 pedes
1539 3573 1978 3646 progrediendum
2021 3575 2130 3643 sit,

437 3697 444 3700 -
544 3681 705 3746 atque
751 3671 874 3732 inde
911 3665 1262 3725 redeundum.
1314 3665 1390 3720 Μ.
1419 3665 1554 3720 Num
1583 3665 1739 3736 hujus
1769 3665 1978 3735 generis
2015 3679 2134 3720 esse

541 3769 755 3826 dubitas
787 3761 828 3836 λ,
857 3781 976 3822 cum
1007 3773 1210 3821 certam
1239 3761 1601 3817 faciendorum
1619 3775 1868 3815 versuum
1894 3755 2132 3828 discipli-

543 3877 669 3917 nam
698 3875 820 3917 esse
845 3875 952 3914 non
981 3872 1174 3927 neges,
1206 3865 1259 3910 et
1300 3853 1390 3925 qui
1438 3865 1624 3908 versus
1675 3859 1726 3906 te
1774 3865 1984 3920 semper
2010 3865 2132 3904 cum

545 3955 815 4024 voluptate
837 3947 1051 4006 audisse
1079 3945 1352 4002 confessus
1377 3941 1489 3999 sis?
1517 3939 1586 3996 D.
1615 3939 1948 3996 Manifestum
1970 3947 2052 3998 est
2080 3949 2134 3996 et

548 4048 653 4103 hoc
677 4061 819 4112 esse,
842 4052 898 4098 ct
924 4041 991 4096 ab
1017 4039 1106 4096 illo
1136 4037 1408 4110 superiore
1427 4051 1622 4108 genere
1647 4035 1864 4089 distare.

613 4139 670 4194 2.
699 4135 778 4192 Μ.
811 4135 952 4206 Ergo
980 4129 1228 4204 quoniam
1265 4137 1472 4199 oportet
1501 4127 1746 4197 distingui
1776 4127 1932 4182 etiam
1975 4141 2134 4182 voca-

541 4229 681 4287 bulis
709 4241 774 4282 ea
799 4241 918 4296 qua:
945 4239 1004 4278 re
1029 4223 1097 4278 ab
1136 4237 1194 4276 se
1239 4217 1484 4276 distincta
1533 4227 1677 4286 sunt,
1706 4219 1844 4322 scias
1881 4217 2010 4322 illud
2029 4234 2130 4322 ‘su—

542 4321 727 4396 perius
755 4333 921 4392 genus
947 4311 1320 4386 c0pulationis,
1353 4307 1660 4384 rhythmum
1695 4327 1726 4416 a
1753 4309 1984 4378 Grmcis;

545 4425 729 4470 autem
776 4411 1024 4478 alterum,
1077 4416 1306 4462 metrum
1357 4403 1532 4470 vocari
1578 4405 1785 4461 :latine
1825 4413 2000 4460 autem
2025 4403 2131 4460 dici

545 4513 786 4578 possent,
835 4499 963 4556 illud
1023 4511 1300 4563 numerus,
1353 4493 1455 4551 hoc
1507 4497 1714 4552 mensio
1744 4497 1824 4552 vel
1861 4512 2126 4553 mensura.

548 4597 656 4655 Sed
699 4595 946 4668 quoniam
989 4589 1108 4648 haec
1151 4587 1290 4660 apud
1333 4605 1430 4645 nos
1469 4589 1681 4644 nomina
1711 4589 1818 4644 late
1849 4595 2133 4692 patent-aet

545 4683 846 4748 cavendum
891 4694 975 4742 est
1040 4699 1108 4739 ne
1154 4681 1400 4752 ambigue
1443 4681 1758 4750 loquamur,
1803 4681 2132 4736 commodius

544 4783 745 4839 utimur
773 4777 980 4851 grmcis.
1015 4773 1177 4831 Vides
1205 4782 1404 4840 tamen,
1451 4782 1507 4826 ut
1551 4773 1758 4841 Opinor,
1787 4787 1942 4842 quam
1987 4781 2132 4826 recte

545 4885 831 4944 utrumque
861 4884 1054 4925 nomen
1088 4867 1156 4922 sit
1183 4865 1268 4920 his
1287 4863 1443 4920 rebus
1469 4863 1794 4935 impositum.
1823 4863 1952 4918 Nam
1993 4879 2128 4968 quo-

553 4971 695 5025 niam
721 4965 851 5022 illud
881 4963 1105 5036 pedibus
1137 4959 1298 5015 certis
1323 4957 1668 5028 provolvitur,
1699 4965 2050 5027 peccaturque
2077 4957 2130 5010 in

545 5077 612 5118 eo
657 5057 704 5114 si
733 5055 895 5128 pedes
934 5053 1135 5110 dissoni
1163 5051 1505 5152 misceantur,
1547 5057 1708 5152 recte.
1733 5047 2014 5152 appetatus

545 5151 852 5225 rhythmus,
873 5147 926 5202 id
954 5155 1035 5202 est
1066 5158 1320 5200 numerus
1349 5160 1363 5197 :
1395 5139 1492 5196 sed
1532 5141 1653 5211 quia
1693 5140 1808 5209 ipsa
1835 5137 2132 5210 provolutio

548 5261 657 5300 non
705 5241 866 5297 habet
916 5237 1156 5304 modum,
1184 5249 1284 5291 nec
1310 5240 1565 5289 statutum
1605 5239 1686 5286 est
1713 5232 1768 5286 in
1797 5239 1960 5302 quoto
1997 5231 2133 5301 pede

547 5335 671 5391 linis
695 5334 888 5404 aliquis
917 5331 1176 5392 emineat;
1205 5334 1421 5398 prapter
1447 5325 1644 5380 nullam
1674 5339 1974 5380 mensuram
2001 5337 2131 5378 con—

551 5425 858 5484 tinuationis
900 5439 1008 5478 non
1061 5419 1243 5476 debuit
1281 5427 1510 5476 metrum
1552 5415 1750 5472 vocari.
1799 5415 1910 5471 Hoc
1953 5423 2132 5472 autem

617 5564 632 5594 ι
648 5569 906 5612 [omnem
915 5563 1098 5610 certum
1113 5569 1214 5608 esse
1229 5553 1440 5616 dubitas;
1458 5561 1507 5604 at
1521 5560 1649 5614 Mss,
1659 5565 1774 5602 mon
1791 5551 1932 5614 hujus
1947 5552 2135 5618 generis

549 5635 652 5678 esse
689 5620 1180 5688 ﬁrmamentum
1215 5621 1362 5688 etiam
1401 5617 1641 5688 editiones
1672 5621 1864 5688 Am._'et
1905 5617 1978 5688 Er.
2001 5627 2135 5688 “quin

551 5685 734 5740 addunt
747 5719 764 5746 ,
777 5687 826 5736 et
838 5677 924 5735 hoc
951 5677 1012 5734 ἇθ
1025 5681 1112 5752 illo
1123 5680 1370 5752 superiore
1393 5677 1922 5752 distarecmmqlisi—f
1937 5685 1986 5752 tn
2001 5677 2082 5752 tus.
2101 5685 2134 5726 Α

551 5751 696 5814 deest
729 5739 872 5814 Indus
907 5744 1131 5814 galeris,
1171 5739 1366 5808 fertque
1399 5739 1710 5805 simpliciter,
1751 5747 1867 5790 nam
1891 5751 1994 5790 esse
2033 5740 2126 5792 du-

2243 2001 2530 2074 ulrumque
2559 2006 2718 2066 habet
2751 2031 2764 2068 :
2795 2029 2918 2070 nam
2959 2027 3014 2072 et
3041 2023 3203 2077 certis
3247 2026 3476 2094 pedibus
3509 2032 3678 2088 currit
3705 2037 3746 2102 ⁸,
3773 2048 3835 2094 et

2243 2103 2389 2148 certo
2417 2101 2727 2158 terminatur
2773 2108 2951 2164 modo.
2987 2109 3170 2182 Itaque
3223 2133 3330 2172 non
3373 2121 3546 2178 solum
3593 2135 3832 2182 metrum

2245 2195 2463 2257 prepter
2501 2191 2760 2264 insignem
2799 2197 2982 2268 tinea],
3035 2205 3130 2260 sed
3179 2209 3343 2264 etiam
3387 2212 3672 2283 rhythmos
3707 2230 3822 2286 est,

2245 2288 2462 2348 preptcr
2492 2283 2686 2352 pedum
2727 2289 3096 2348 rationabilem
3133 2303 3540 2358 connexionem.
3565 2283 3830 2373 Quocirca

2243 2381 2402 2424 omne
2431 2381 2658 2428 metrum
2679 2375 2978 2448 rhytlmus,
3011 2399 3117 2438 non
3157 2389 3332 2443 omnis
3363 2391 3642 2463 rhythmos
3657 2398 3832 2453 etiam

2243 2469 2470 2516 metrum
2497 2473 2597 2520 est.
2629 2467 2884 2539 Rhythmi
2907 2474 3050 2528 enim
3081 2493 3276 2534 nomen
3331 2481 3386 2536 in
3431 2487 3627 2541 musica
3655 2499 3832 2559 usque

2241 2549 2377 2607 adeo
2405 2553 2512 2612 late
2539 2569 2702 2628 patet,
2741 2573 2796 2617 ut
2825 2564 2940 2620 hznc
2967 2575 3076 2624 tota
3099 2585 3221 2640 pars
3248 2574 3364 2643 ejus
3385 2591 3506 2646 quae
3539 2580 3610 2635 ad
3635 2549 3831 2639 diu-et

2241 2658 2345 2696 non
2374 2643 2464 2699 diu
2491 2651 2738 2720 pertinet,
2767 2655 3051 2727 rhythmus
3079 2665 3346 2720 nominata
3371 2643 3462 2722 sit.
3485 2671 3594 2726 Sed
3613 2672 3686 2728 de
3729 2691 3832 2730 nos

2241 2737 2403 2802 mine,
2430 2755 2550 2794 cum
2597 2759 2684 2798 res
2728 2759 3000 2817 appareat,
3051 2769 3156 2808 non
3201 2770 3322 2814 esse
3369 2763 3739 2832 satagendum.
3769 2775 3830 2822 et

2241 2825 2414 2886 doctis
2439 2841 2494 2886 et
2515 2836 2850 2904 sapientibus
2877 2842 3095 2910 placuit.
3123 2847 3208 2901 An
3235 2849 3432 2920 aliquid
3453 2825 3830 2913 contradicen-

2239 2919 2365 2974 dum
2415 2935 2506 2979 aut
2553 2927 2900 2986 dubitandum
2935 2943 3088 3002 putas
3133 2937 3203 2994 de
3227 2919 3448 3012 hisqua
3477 2960 3512 3000 a
3551 2961 3638 3002 me
3675 2947 3826 3004 diota

2241 3013 2400 3067 sunt?
2433 3013 2497 3068 ι).
2527 3017 2639 3074 lmo
2669 3037 2886 3090 prorsus
2914 3029 3196 3084 assentior.

2276 3101 2667 3168 CaiPUT'lL—
2694 3118 2829 3184 Quid
2855 3121 3052 3176 intersit
3077 3122 3206 3180 inter
3231 3141 3428 3182 verum
3453 3139 3504 3185 et
3545 3140 3783 3190 metrum.

2311 3203 2363 3257 5.
2387 3203 2461 3261 Μ.
2482 3205 2633 3262 Nunc
2663 3225 2790 3281 ergo
2815 3229 3024 3270 mecum
3047 3216 3176 3272 illud
3197 3221 3490 3288 considera,
3513 3233 3688 3280 utrum
3713 3227 3826 3284 sica

2239 3302 2296 3347 ut
2329 3298 2502 3352 omnis
2540 3315 2725 3354 versus
2753 3313 2980 3360 metrtun
3011 3317 3112 3376 est,
3143 3309 3214 3364 ita
3241 3327 3400 3369 onme
3415 3323 3642 3372 metuam
3657 3320 3822 3376 etiam

2237 3401 2424 3442 versus
2448 3389 2536 3444 sit.
2561 3391 2628 3446 D.
2645 3393 2936 3452 Considera
2957 3398 3196 3471 quidem,
3213 3403 3306 3460 sed
3325 3406 3448 3475 quid
3468 3411 3822 3478 respondeam

2239 3493 2344 3532 non
2367 3479 2600 3538 invenio.
2627 3484 2703 3538 Μ.
2728 3485 2880 3543 Unde
2897 3489 2950 3544 id
2981 3491 3074 3546 tibi
3097 3497 3583 3556 censesaccidisse?
3609 3517 3673 3556 an
3693 3507 3822 3573 quia

2237 3567 2304 3624 de
2328 3575 2598 3631 vocabulis
2625 3579 2848 3647 quaestio
2875 3583 2993 3638 est?
3029 3583 3145 3640 Non
3175 3587 3316 3641 enim
3343 3599 3400 3644 ut
3433 3591 3502 3646 de
3547 3593 3707 3650 rebus
3749 3597 3822 3654 ad

2238 3655 2569 3735 disciplinam
2595 3673 3003 3743 pertinentibus,
3021 3678 3094 3733 ita
3113 3679 3182 3734 de
3205 3684 3506 3742 nominibus
3535 3703 3822 3758 possmus

2237 3761 2565 3828 respondere
2593 3763 2900 3838 interrogati
2929 3787 2944 3824 :
2989 3781 3268 3842 propterea
3295 3777 3422 3846 quia
3457 3795 3542 3835 res
3579 3785 3820 3839 omnium

2237 3851 2502 3908 mentibus
2529 3859 2883 3914 communiter
2911 3871 3033 3917 sum
3071 3863 3270 3933 insitte;
3305 3870 3516 3926 nomina
3541 3887 3668 3929 vero
3689 3913 3708 3942 ,
3755 3883 3822 3932 ut

2236 3943 2428 4012 cuique
2451 3945 2671 4014 placuit,
2699 3949 3206 4024 imposita,quorum
3221 3959 3298 4014 vis
3321 3965 3632 4020 auctoritate
3659 3977 3822 4038 atque

2237 4037 2623 4094 consuetudine
2669 4042 2900 4098 maxime
2935 4046 3122 4100 nititur
3151 4063 3166 4100 :
3199 4051 3338 4106 unde
3363 4053 3528 4109 etiam
3553 4071 3676 4112 esse
3717 4037 3824 4114 lin-

2236 4141 2454 4198 gnarum
2483 4129 2767 4186 diversitas
2787 4142 2980 4203 potest,
3001 4151 3176 4193 rerum
3189 4149 3365 4197 autem
3389 4143 3442 4199 in
3459 4143 3574 4214 ipsa
3593 4149 3824 4208 veritate

2238 4221 2647 4276 constitutarum
2675 4224 2912 4294 proiecto
2939 4241 3046 4282 non
3073 4237 3268 4298 potest.
3295 4235 3336 4286 A
3355 4249 3442 4290 me
3455 4235 3614 4306 igitur
3635 4241 3824 4310 accipe

2237 4309 2376 4379 quod
2405 4311 2520 4380 ipse
2557 4313 2702 4368 nullo
2729 4324 2882 4383 pacto
2901 4319 3226 4388 respondere
3245 4337 3425 4390 posses
3445 4337 3578 4381 :non
3603 4309 3820 4387 versum

2239 4403 2432 4470 solum,
2477 4413 2704 4459 metrum
2729 4415 2938 4463 veteres
2963 4423 3240 4466 vocavere.
3273 4413 3454 4485 Itaque
3493 4419 3636 4488 quod
3661 4422 3730 4476 ad
3765 4434 3824 4480 te

2237 4493 2445 4558 attinet,
2475 4491 2594 4549 vide
2614 4503 2771 4566 atque
2799 4499 3084 4567 responde,
3117 4516 3221 4556 non
3251 4505 3392 4560 enim
3413 4505 3522 4576 jam
3548 4509 3616 4564 de
3641 4513 3823 4567 nomi-

2236 4581 2391 4638 nibus
2422 4583 2631 4653 agitur,
2673 4595 2850 4641 utrum
2887 4588 3026 4645 inter
3055 4590 3170 4646 haec
3221 4593 3327 4650 duo
3369 4597 3570 4668 aliquid
3623 4601 3818 4671 distet,

2235 4673 2376 4746 quod
2402 4675 2615 4745 quidam
2641 4693 2891 4734 numerus
2909 4681 3104 4750 pedum
3125 4683 3196 4738 ita
3223 4695 3370 4742 certo
3391 4687 3496 4744 line
3519 4691 3820 4762 claudatur,

2235 4777 2293 4823 ut
2320 4765 2451 4822 nihil
2477 4767 2543 4822 ad
2571 4783 2682 4823 rem
2723 4773 3014 4840 pertineat.
3069 4776 3156 4832 ubi
3199 4777 3291 4832 Iiat
3317 4780 3532 4849 quidam
3562 4785 3824 4844 articulus

2233 4869 2520 4930 antequam
2545 4862 2788 4916 veniatur
2825 4862 2892 4918 ad
2917 4863 3107 4934 ﬁnem;
3137 4869 3270 4924 alius
3293 4879 3470 4926 autem
3499 4889 3610 4930 non
3645 4879 3821 4934 solum

2235 4957 2382 5005 certo
2412 4951 2516 5005 fine
2539 4951 2832 5022 claudatur,
2851 4955 2944 5010 scd
2961 4957 3120 5012 etiam
3145 4969 3270 5016 ante
3292 4963 3450 5020 tinem
3477 4967 3497 4998 ²
3517 4976 3666 5025 certo
3686 4983 3824 5039 quo-

2235 5041 2357 5099 dam
2403 5045 2520 5100 loeo
2565 5047 2806 5115 quaedam
2860 5049 2974 5119 ejus
3025 5054 3238 5121 partitio
3279 5057 3532 5128 emineat,
3581 5069 3642 5115 ut
3667 5065 3826 5133 quasi

2235 5137 2487 5194 membris
2506 5139 2813 5196 conﬁciatur
2839 5141 3064 5199 duobus.
3087 5145 3158 5202 D.
3181 5147 3297 5205 Non
3323 5151 3580 5226 intelligo.
3607 5155 3688 5211 ll.
3717 5159 3814 5214 Δι’

2237 5231 2396 5288 tende
2421 5247 2548 5304 ergo
2573 5232 2629 5288 in
2657 5232 2771 5288 haec
2797 5237 3042 5305 exempla
3073 5255 3088 5293 :

2727 5331 2798 5398 {te
2821 5327 2988 5398 ἓξςῑιξινν
3005 5333 3241 5398 caream

2723 5385 2981 5454 Foutioolze'
2991 5387 3191 5454 puellae,

2726 5457 2838 5509 Quaa
2858 5451 3028 5501 canitis
3047 5455 3138 5502 sub
3159 5451 3306 5507 antris

2727 5511 2976 5576 Mellitluos
2995 5526 3224 5576 sonores,

2728 5580 2841 5631 Quae
2861 5573 3023 5626 lavitis
3041 5573 3266 5640 capillum

2305 5677 2322 5748 ξ
2349 5684 2396 5748 tn
2417 5683 2464 5725 Β.
2481 5712 2495 5736 ,
2520 5677 2749 5748 curritur.
2779 5685 2846 5730 Ex
2867 5689 2968 5732 γαί.
2991 5689 3043 5748 et
3061 5689 3146 5748 ius.
3171 5693 3223 5748 Α,
3250 5687 3420 5740 currit.
3479 5697 3540 5748 Μ.

2303 5741 2324 5822 ξ
2349 5743 2447 5822 Huc
2461 5741 2791 5822 revogavimlus
2807 5745 3175 5822 crussis}me
3190 5741 3338 5822 verba
3354 5785 3369 5810 ,
3385 5759 3492 5822 ante
3681 5769 3818 5822 ,φη

2239 5802 2290 5852 in
2305 5801 2538 5852 hactenus
2551 5803 2696 5855 editis
2705 5803 3074 5858 desum—Non
3087 5809 3266 5864 desunt
3291 5813 3342 5865 in
3355 5801 3531 5868 satis:
3542 5801 3630 5870 ri.
