4096 6368
268 400 408 479 liii

757 525 1390 598 W.W9

757 592 930 655 fonte,
951 595 1036 643 ubi
1058 592 1191 644 fusus
1212 592 1331 643 olim

760 662 964 720 Spumea
990 655 1104 705 lavit
1125 657 1282 720 almus

759 715 853 766 'o'ra
863 717 993 780 jubis
1015 719 1207 781 aquosis

763 786 990 843 Pegasus,
1014 780 1325 843 innuentem

756 841 1098 908 Pervolaturus
1119 841 1334 890 aethram.

261 911 455 978 Cernis
479 911 724 992 profecto
751 906 982 989 quinque
1010 918 1308 987 superiores
1337 913 1628 971 versiculos
1657 903 1848 988 eodem

259 1013 385 1069 loco
428 1015 633 1084 partem
662 1009 917 1066 'orationis
944 995 1142 1063 habere
1183 1009 1541 1074 terminatam,
1583 1007 1635 1061 id
1674 1016 1756 1062 est
1797 997 1850 1062 in

262 1104 583 1162 choriambo
619 1102 770 1174 pede,
805 1101 890 1156 cui
917 1099 1256 1171 Subjungitur
1280 1099 1561 1169 bacchius,
1593 1110 1652 1156 ut
1681 1101 1848 1155 versi-

268 1196 451 1252 culum
477 1193 741 1266 compleat
771 1194 1022 1265 (namque
1055 1191 1109 1247 hi
1148 1193 1388 1248 undecim
1408 1233 1424 1255 .
1464 1189 1771 1249 choriambo
1798 1202 1851 1247 et

259 1280 487 1348 bacchio
515 1283 736 1361 pedibus
755 1287 1063 1359 constant);
1086 1296 1308 1343 caeteros
1332 1303 1458 1342 vero
1477 1296 1700 1358 excepto
1721 1301 1847 1354 uno,

260 1385 467 1440 scilicet
521 1375 626 1438 Ora
657 1383 800 1456 jubis
844 1375 1079 1452 aquosis,
1127 1396 1229 1435 non
1271 1377 1460 1436 eodem
1503 1376 1624 1434 loco
1655 1373 1850 1434 habere

265 1476 602 1531 terminatam
626 1471 834 1544 partem
861 1463 1135 1527 orationis.
1154 1459 1223 1525 D.
1253 1472 1428 1526 Cerno
1446 1469 1588 1526 istud
1613 1469 1848 1540 quidem,

262 1553 358 1624 sed
390 1571 493 1639 quo
521 1567 780 1636 pertineat
820 1579 926 1618 non
955 1561 1130 1619 video.
1163 1561 1241 1618 Μ.
1273 1553 1354 1618 Eo
1377 1563 1580 1618 scilicet
1607 1569 1665 1616 ut
1691 1559 1850 1618 intel-

264 1660 417 1732 ligas,
443 1647 549 1716 hoc
573 1667 798 1714 metrum
818 1674 921 1713 non
940 1656 1092 1728 quasi
1115 1657 1410 1727 legitimum
1435 1655 1610 1711 locum
1628 1653 1847 1722 habere,

262 1754 353 1807 ubi
381 1752 504 1807 ante
536 1749 701 1806 'finem
724 1754 907 1805 versus
935 1738 1145 1803 finiatur
1174 1764 1296 1818 pars
1335 1749 1588 1802 orationis
1619 1765 1633 1803 :
1663 1763 1783 1802 nam
1805 1745 1851 1803 si

264 1845 335 1900 ita
364 1853 521 1910 esset,
548 1858 733 1898 omnes
754 1841 942 1898 eodem
959 1840 1078 1895 loco
1100 1833 1240 1895 hunc
1267 1839 1526 1896 haberent
1546 1826 1846 1905 articulum,

265 1933 357 1994 aut
397 1947 542 1992 certe
577 1934 851 1991 rarissime
877 1925 931 1988 in
964 1932 1048 1989 his
1079 1934 1406 1988 inveniretur
1435 1931 1523 2002 qui
1553 1946 1658 1985 non
1686 1927 1852 1984 habe-

265 2041 348 2085 ret
379 2048 391 2082 :
419 2044 559 2084 nunc
585 2044 711 2083 vero
738 2043 857 2082 cum
889 2025 995 2082 sint
1020 2025 1288 2091 undecim,
1314 2039 1406 2079 sex
1437 2015 1507 2077 ita
1535 2031 1676 2087 sunt,
1693 2022 1850 2092 quin-

263 2137 370 2190 que
395 2133 498 2174 non
527 2118 618 2172 ita.
651 2109 718 2171 D.
748 2115 815 2172 Et
845 2115 946 2171 hoc
975 2116 1198 2185 accipio,
1247 2125 1298 2170 et
1342 2109 1517 2169 adhuc
1545 2129 1670 2183 quo
1715 2111 1852 2168 ratio

268 2206 448 2266 tendat
491 2219 758 2279 exspecto.
795 2194 872 2262 Η.
903 2206 1132 2262 Attende
1163 2220 1289 2276 ergo
1331 2203 1488 2260 etiam
1519 2199 1570 2258 in
1601 2205 1700 2258 ista
1732 2219 1850 2274 per-

268 2301 629 2371 vulgatissima
664 2319 678 2354 :
709 2293 865 2353 Arma
895 2298 1152 2368 virumque
1176 2313 1321 2361 cano,
1355 2287 1522 2366 Trij
1546 2294 1632 2363 qui
1659 2294 1852 2364 primus

266 2397 333 2450 ab
362 2395 484 2449 oris.
509 2387 580 2448 Et
605 2409 672 2448 ne
702 2387 919 2467 longum
947 2391 1220 2455 faciamus,
1253 2389 1373 2459 quia
1399 2403 1614 2444 carmen
1641 2387 1854 2442 notissi-

269 2504 414 2544 mqu
456 2494 554 2551 est,
598 2486 664 2539 ab
689 2471 797 2540 hoc
835 2499 990 2539 versu
1030 2498 1196 2554 usque
1225 2482 1288 2536 ad
1319 2497 1476 2554 quem
1507 2481 1737 2536 volueris
1761 2495 1855 2536 ex-

269 2579 416 2649 plora
447 2575 714 2648 singulos;
747 2575 984 2631 invenies
1021 2574 1221 2630 ﬁnitam
1261 2583 1468 2646 partem
1508 2573 1762 2629 orationis
1799 2573 1853 2628 in

270 2669 458 2740 quinto
486 2661 777 2738 semipede,
808 2659 858 2721 id
890 2674 990 2731 est,
1021 2667 1074 2720 in
1104 2661 1308 2721 duobus
1332 2661 1556 2738 pedibus
1585 2674 1639 2720 et
1667 2659 1856 2720 semis-

271 2776 330 2818 se
374 2778 389 2815 :
429 2775 553 2816 nam
598 2760 655 2814 hi
693 2773 877 2815 versus
922 2766 1170 2814 constant
1212 2757 1430 2826 pedibus
1477 2765 1855 2826 quaternorum

271 2849 573 2921 temporum
605 2866 620 2904 :
652 2864 818 2920 quare
847 2849 948 2905 iste
976 2847 1097 2904 ﬁnis
1125 2845 1192 2904 de
1219 2861 1325 2919 quo
1348 2848 1518 2920 agi-tur
1544 2848 1709 2919 partis
1737 2863 1857 2902 ora-

271 2938 455 3007 iionis,
487 2941 637 3012 quasi
662 2939 926 3011 legitimus
952 2939 1006 2995 in
1031 2933 1240 2996 decimo
1269 2948 1507 3011 tempore
1531 2947 1630 2996 est.
1659 2937 1730 2994 D.
1749 2938 1856 2996 Ma-

273 3033 522 3090 nifestum
551 3027 653 3087 est.

342 3127 398 3182 4.
427 3123 507 3182 Μ.
525 3117 642 3181 Jam
670 3133 797 3196 ergo
818 3121 1068 3194 intelligis
1093 3113 1232 3180 inter
1251 3114 1342 3179 iila
1374 3125 1480 3180 duo
1506 3140 1702 3194 genera
1737 3140 1857 3196 qua:

273 3226 396 3275 ante
447 3219 546 3273 ista
590 3217 831 3286 exempla
876 3223 1287 3286 proposueram,
1329 3215 1569 3271 nonnihil
1613 3215 1853 3272 distare:

273 3309 416 3382 quod
443 3307 586 3366 aliud
615 3300 822 3366 scilicet
849 3318 1078 3365 metrum
1104 3320 1387 3379 antequam
1414 3301 1688 3365 claudatur
1707 3351 1720 3375 ,
1750 3327 1856 3365 non

275 3401 439 3460 habet
463 3411 667 3458 certum
695 3410 748 3457 et
772 3412 1025 3458 statutum
1052 3403 1279 3472 aliquem
1308 3403 1608 3466 artiCulum,
1637 3403 1779 3458 sicut
1803 3403 1856 3458 in

275 3493 380 3548 illis
426 3487 672 3548 undecim
723 3492 998 3548 versiculis
1046 3491 1438 3561 exploravimus
1486 3511 1500 3547 :
1545 3491 1689 3547 aliud
1729 3508 1858 3550 vero

276 3583 456 3650 habet,
485 3585 621 3638 sicut
663 3584 715 3638 in
741 3583 961 3640 heroico
999 3590 1169 3638 metro
1207 3581 1418 3654 quintus
1455 3585 1685 3655 semipes
1731 3579 1860 3641 satis

276 3675 493 3731 indicat.
547 3661 615 3731 D.
665 3673 781 3731 Jam
829 3675 995 3746 liquet
1031 3675 1169 3746 quod
1208 3675 1360 3730 dicis.
1395 3671 1471 3729 Μ.
1515 3671 1674 3748 Atqui
1721 3679 1860 3734 scia's

276 3765 507 3835 oportet,
537 3781 567 3820 a
596 3765 867 3821 veteribus
897 3765 1088 3832 doctis,
1137 3767 1188 3820 in
1222 3765 1412 3836 quibus
1440 3782 1629 3838 magna
1659 3776 1741 3822 est
1767 3783 1860 3822 au-

274 3857 512 3925 ctoritas,
541 3856 668 3911 illud
699 3860 944 3925 superius
968 3873 1135 3926 genus
1165 3873 1270 3911 non
1301 3873 1421 3913 esse
1446 3873 1656 3913 versum
1679 3860 1859 3931 appel-

275 3948 477 4011 latum;
507 3937 602 4000 sed
631 3948 771 4000 nunc
801 3945 1076 4000 definitum
1108 3955 1160 4001 et
1187 3959 1430 4002 vocatum
1459 3963 1577 4002 esse
1603 3963 1814 4004 versum
1835 3989 1856 4017 ,

275 4039 364 4111 qui
408 4030 613 4092 duobus
654 4038 804 4108 quasi
834 4037 1086 4092 membris
1112 4047 1413 4105 constaret,
1441 4049 1584 4093 certa
1607 4055 1858 4095 mensura

275 4141 327 4185 et
352 4129 561 4183 ratione
586 4127 900 4198 conjunctis.
940 4127 1044 4183 Sed
1087 4138 1140 4183 tu
1179 4144 1285 4183 non
1311 4130 1532 4184 multum
1559 4131 1768 4188 labores
1794 4132 1860 4189 d‘e

277 4220 512 4284 nomine,
543 4217 682 4289 quod
726 4219 828 4274 nisi
863 4235 894 4274 a
921 4234 1008 4275 me
1033 4219 1114 4276 vel
1143 4235 1173 4274 a
1204 4215 1436 4290 quolibet
1464 4221 1573 4277 alio
1595 4221 1689 4278 tibi
1721 4224 1857 4278 indi-

275 4315 508 4376 'c'are‘tur,
537 4312 683 4366 nullo
709 4309 868 4367 modo
905 4311 974 4368 de
1011 4311 1114 4366 hoc
1143 4315 1499 4384 interrogatus
1538 4315 1860 4384 respondere

275 4407 480 4472 posses.
510 4401 615 4458 Sed
643 4401 785 4474 quod
816 4403 952 4458 ratio
977 4403 1152 4471 docet,
1173 4404 1224 4459 in
1250 4404 1298 4459 id
1331 4401 1595 4476 praecipue
1613 4417 1667 4463 et
1695 4404 1862 4462 maxi-

277 4509 362 4550 me
387 4496 621 4550 animnm
652 4496 888 4564 intende,
921 4497 1063 4552 velut
1091 4495 1195 4553 hoc
1219 4495 1388 4568 ipsum
1417 4495 1561 4569 quod
1589 4513 1730 4554 nunc
1751 4499 1860 4569 agi-

276 4601 395 4642 mus
426 4604 438 4640 :
477 4588 610 4642 ratio
637 4589 780 4643 enim
806 4589 965 4644 docet
991 4588 1131 4644 inter
1167 4589 1281 4643 lucc
1306 4590 1412 4644 duo
1445 4601 1639 4660 genera
1664 4584 1860 4647 distare

276 4675 493 4746 aliquid,
542 4677 864 4746 quibuslibet
897 4679 1168 4734 vocabulis
1215 4691 1586 4752 nuncupentur
1629 4699 1642 4735 :
1685 4682 1860 4752 itaque

277 4767 381 4822 hoc
417 4758 561 4822 bene
616 4769 967 4838 interrogatus
1012 4785 1198 4839 posses
1263 4769 1442 4828 dicere
1484 4774 1595 4842 ipsa
1640 4774 1861 4832 veritate

274 4851 540 4927 conﬁsus;
563 4853 700 4920 illud
740 4869 917 4915 autem
960 4861 1063 4916 nisi
1093 4863 1459 4918 auctoritatem
1485 4875 1721 4936 secutus,
1754 4884 1859 4924 non

274 4971 482 5028 posses.
531 4945 601 5008 D.
647 4954 1002 5023 Aperti‘ssime
1035 4954 1146 5024 jam
1187 4955 1285 5008 ista
1323 4959 1567 5027 cognovi,
1595 4970 1651 5016 et
1676 4961 1859 5031 quanti

276 5048 478 5120 pendas
517 5046 638 5111 hoc,
671 5045 739 5100 de
768 5060 874 5114 quo
911 5059 997 5100 mc
1042 5054 1148 5099 tam
1186 5046 1376 5102 crebro
1417 5047 1706 5116 admones,
1747 5052 1858 5121 jam

275 5139 544 5196 existimo.
581 5129 656 5192 Μ.
691 5137 816 5192 Haec
845 5152 975 5207 ergo
1005 5138 1104 5192 tria
1150 5140 1398 5208 nomina,
1451 5143 1644 5213 quibus
1692 5143 1860 5201 disse-

275 5229 427 5284 rendi
452 5243 610 5283 causa
638 5229 942 5284 necessario
958 5229 1105 5283 usuri
1121 5244 1323 5296 sumus,
1345 5234 1618 5288 memoriae
1641 5237 1859 5292 mandes

278 5322 435 5376 Velim
470 5341 483 5378 :
509 5322 840 5392 rhythmum,
866 5330 1119 5388 metrum,
1149 5337 1380 5378 versum.
1412 5325 1540 5393 Quae
1569 5327 1646 5380 sic
1666 5327 1858 5383 distin-

273 5423 524 5484 guuntur,
561 5423 616 5468 ut
644 5429 806 5469 omne
837 5423 1064 5469 metrum
1108 5414 1269 5470 etiam
1313 5415 1593 5488 rhythmus
1632 5421 1720 5486 sit,
1753 5437 1859 5477 non

277 5505 451 5559 omnis
491 5505 774 5577 rhythmns
800 5507 962 5562 etiam
998 5516 1245 5562 metrum.
1288 5507 1418 5564 Item
1466 5512 1637 5566 omnis
1675 5528 1859 5568 versus

276 5597 436 5651 etiam
467 5606 694 5652 metrum
736 5599 837 5664 sit,
880 5615 984 5654 non
1011 5615 1169 5656 omne
1195 5610 1422 5657 metrum
1464 5604 1625 5659 etiam
1653 5619 1855 5660 versus.

277 5685 417 5756 Ergo
432 5689 604 5743 omnis
621 5705 807 5746 versus
834 5699 915 5745 est
935 5685 1216 5764 rhythmus
1236 5703 1288 5749 et
1308 5705 1538 5751 metrum
1561 5713 1573 5750 :
1599 5713 1718 5752 nam
1738 5697 1854 5764 hoc,

276 5783 334 5832 ιιι
362 5777 620 5846 arbitror,
660 5795 778 5835 esse
821 5797 1156 5855 consequens
1187 5786 1352 5844 vides.
1387 5783 1454 5842 D.
1488 5787 1655 5846 Video
1685 5805 1853 5846 sane:

277 5885 403 5929 nam
429 5877 513 5929 est
535 5872 653 5932 luce
688 5874 902 5931 clarius.

1615 399 1816 467 LIBER
1852 397 2164 467 TERTIUS.

3399 403 3535 472 ltlB

2169 523 2392 586 CAPUT
2429 519 2517 585 ut.
2542 559 2611 571 _
2637 520 2881 602 Rhyih‘mt
2901 537 2966 586 ea:
2988 508 3313 603 pyrrhichiis.

2026 645 2078 700 5.
2107 642 2185 698 M.
2211 643 2365 699 Prius
2392 645 2566 714 igitur,
2611 643 2654 698 si
2692 641 2882 714 placet,
2929 635 2996 700 de
3040 639 3292 716 rhythmo
3338 641 3389 697 in
3426 657 3533 715 quo

1957 737 2157 792 nullum
2188 747 2412 793 metrum
2442 747 2553 804 est,
2584 729 2775 793 deinde
2800 733 2864 792 de
2891 748 3060 793 metro
3097 737 3186 792 ubi
3214 749 3397 792 versus
3426 751 3533 794 non

1955 840 2058 898 est,
2080 841 2347 902 postremo
2375 831 2443 886 de
2467 831 2580 902 ipso
2606 847 2784 898 versu,
2813 841 3066 902 quantum
3089 846 3390 900 possumus,
3420 829 3532 886 dis-

1955 938 2214 979 seramus.
2259 922 2325 976 D.
2355 924 2534 978 Placet
2562 939 2707 979 vero.
2736 919 2811 976 Μ.
2849 923 3010 980 Sume
3046 938 3172 992 ergo
3210 919 3302 977 tibi
3327 917 3392 978 ab
3418 921 3535 992 ipso

1955 1015 2126 1085 capite
2167 1014 2327 1084 pedes
2357 1016 2707 1086 pyrrhichios,
2749 1025 2803 1070 et
2839 1016 2906 1072 de
2950 1017 3030 1072 his
3073 1015 3376 1086 rhythmum
3405 1031 3534 1071 con-

1957 1115 2095 1162 texe.
2126 1105 2195 1159 D.
2227 1101 2399 1162 Etiam
2431 1106 2477 1160 si
2508 1097 2557 1161 id
2587 1108 2783 1178 possim
2816 1107 3010 1172 facere,
3042 1107 3130 1178 qui
3175 1108 3364 1163 modus
3391 1109 3530 1164 erit?

1957 1199 2035 1254 Μ.
2066 1199 2205 1255 Satis
2231 1210 2345 1266 est,
2377 1209 2432 1254 ut
2460 1216 2580 1254 eum
2613 1195 2797 1256 tcndas
2824 1199 3082 1272 (exempli
3110 1200 3249 1254 enim
3280 1199 3446 1272 gratia
3480 1199 3532 1256 id

1953 1290 2212 1362 facimus)
2245 1307 2409 1362 usque
2435 1289 2500 1346 ad
2529 1291 2711 1347 decem
2740 1289 2901 1362 pedes
2927 1311 2939 1346 :
2969 1305 3088 1347 nam
3116 1309 3280 1364 usque
3308 1293 3372 1347 ad
3395 1292 3535 1349 hunc

1955 1383 2146 1454 pedum
2177 1398 2458 1437 numerum
2506 1399 2611 1438 non
2658 1381 2990 1456 progreditur
3016 1401 3232 1451 versus,
3269 1384 3410 1455 quod
3437 1401 3533 1441 suo

1953 1467 2074 1532 loco
2113 1475 2392 1545 diligenter
2434 1471 2761 1530 tractabitur.
2808 1471 2893 1530 D.'
2918 1474 3062 1532 Bene
3100 1475 3310 1547 quidem
3339 1486 3396 1531 tu
3427 1493 3532 1531 non

1955 1571 2149 1626 multos
2177 1569 2340 1639 pedes
2369 1569 2498 1623 mihi
2529 1562 2844 1640 proposuisti
2875 1567 3236 1640 c0pulandos;
3271 1567 3363 1623 sed
3389 1568 3534 1625 vide-

1953 1662 2030 1720 ris
2059 1663 2186 1717 mihi
2215 1677 2318 1718 non
2349 1663 2637 1731 recordari,
2665 1662 2774 1732 jam
2805 1672 2856 1717 te
2881 1663 3009 1717 satis
3035 1660 3372 1730 discrevisse,
3408 1661 3534 1733 quiti

1957 1756 2096 1811 inter
2119 1757 2518 1828 grammaticum
2548 1763 2602 1810 et
2631 1755 2890 1810 musicum
2917 1755 3144 1823 intersit,
3175 1771 3294 1810 cum
3320 1771 3419 1826 ego
3443 1756 3533 1811 tibi

1953 1847 2370 1917 respondissem,
2395 1847 2712 1918 syllabarum
2738 1846 3010 1918 longarum
3029 1857 3080 1901 et
3097 1847 3339 1904 brevium
3355 1843 3535 1917 eogni-
3575 1853 3578 1856 ’

1956 1941 2155 1997 tionem
2187 1956 2273 1996 me
2298 1956 2402 1996 non
2429 1941 2646 2008 habere,
2674 1957 2792 2012 qum
2818 1957 2848 1996 a
2879 1939 3237 2012 grammaticis
3266 1941 3492 1996 traditur
3520 1958 3534 1996 :

1955 2035 2056 2089 nisi
2080 2034 2221 2089 forte
2252 2035 2531 2105 permittis,
2561 2044 2617 2090 ut
2644 2050 2749 2090 non
2776 2034 2972 2101 verbis,
3007 2033 3100 2089 sed
3141 2034 3317 2104 aliquo
3345 2033 3536 2104 plausu

1953 2125 2260 2199 rhythmum
2287 2128 2442 2182 istum
2465 2125 2744 2183 exhibeam
2775 2144 2788 2180 :
2821 2143 2942 2181 nam
2968 2125 3223 2196 judicium
3246 2126 3450 2180 aurium
3472 2125 3539 2181 ad

1957 2225 2251 2289 temporum
2279 2227 2551 2274 momenta
2581 2218 2900 2274 moderanda
2925 2233 3011 2272 me
3032 2232 3188 2286 posse
3211 2216 3406 2272 habere
3431 2230 3537 2273 non

1957 2324 2121 2380 nego;
2155 2326 2271 2380 quae
2311 2326 2436 2365 vero
2478 2311 2677 2382 syllaba
2713 2309 3053 2380 producenda
3089 2309 3173 2364 vel
3203 2309 3538 2380 corripienda

1955 2400 2048 2467 sit,
2080 2401 2220 2472 quod
2256 2402 2306 2455 in
2339 2403 2653 2456 auctoritate
2680 2403 2837 2456 situm
2863 2409 2964 2464 est,
2994 2401 3212 2456 omnino
3234 2401 3431 2456 nescio.
3457 2397 3535 2455 M.

1957 2489 2151 2547 Fateor
2177 2507 2274 2548 nos
2304 2494 2395 2560 ita,
2427 2499 2487 2548 ut
2513 2494 2666 2560 dicis,
2707 2494 3108 2564 grammaticum
3139 2508 3168 2546 a
3198 2494 3400 2548 musico
3427 2494 3536 2548 dis-

1958 2585 2212 2648 crevisse,
2239 2595 2292 2641 et
2317 2585 2367 2639 in
2389 2584 2490 2640 hoc
2513 2594 2566 2641 te
2593 2601 2788 2656 genere
2818 2585 3079 2640 inscitiam
3110 2593 3250 2639 tuam
3271 2600 3390 2640 esse
3406 2600 3538 2640 con-

1957 2665 2178 2731 fessum.
2206 2671 2380 2744 Quare
2407 2692 2437 2730 a
2470 2693 2554 2732 me
2583 2676 2765 2749 accipe
2795 2677 2896 2732 hoc
2934 2676 3161 2746 exempli
3191 2692 3356 2747 genus
3384 2695 3401 2732 :
3430 2677 3538 2750 Ago

1958 2768 2186 2824 celeriter
2205 2769 2337 2841 agile
2361 2768 2496 2841 quod
2524 2786 2620 2841 ago
2646 2770 2733 2823 tibi
2757 2769 2893 2842 quod
2918 2771 3087 2825 anima
3114 2768 3250 2824 velit.
3274 2769 3340 2824 D.
3355 2769 3541 2827 Habeo

1960 2859 2115 2915 istuc.
3440 2876 3442 2878 -

2033 2954 2084 3007 6.
2129 2952 2206 3008 Μ.
2249 2952 2360 3007 Hoc
2396 2967 2523 3024 ergo
2563 2953 2770 3024 quoties
2817 2954 2944 3010 libet
2985 2953 3291 3026 repetendo,
3342 2953 3542 3011 efﬁcies

1959 3043 2192 3115 rhythmi
2247 3044 2402 3112 hujus
2452 3043 2833 3115 longitudinem
2881 3055 3128 3115 quantam
3161 3045 3328 3114 voles,
3369 3061 3541 3118 quan-

1960 3152 2120 3208 quam
2159 3135 2212 3192 hi
2253 3137 2437 3192 decem
2481 3137 2647 3206 pedes
2675 3137 2740 3192 ad
2769 3139 3072 3206 exemplum
3111 3139 3391 3194 sufﬁciant.
3429 3137 3541 3195 Sed

1962 3227 2092 3282 illud
2119 3243 2323 3297 quiero,
2351 3227 2396 3281 si
2437 3227 2528 3281 tibi
2559 3228 2820 3296 quispiam
2851 3227 3008 3292 dicat,
3041 3242 3146 3282 non
3177 3229 3494 3299 pyrrhichiis
3525 3271 3540 3294 ,

1961 3319 2054 3374 sed
2075 3319 2531 3388 proceleumaticis
2549 3319 2770 3389 pedibus
2792 3321 2928 3373 hunc
2945 3319 3252 3390 rhythmum
3273 3330 3538 3386 constare,

1963 3413 2088 3483 quid
2131 3407 2513 3482 respondebis?
2544 3411 2611 3465 D.
2648 3412 2871 3467 Prorsus
2914 3411 3099 3481 ignoro
3128 3429 3141 3465 :
3175 3427 3296 3466 nam
3327 3411 3413 3466 ubi
3444 3412 3542 3466 de—

1962 3517 2077 3558 cem
2100 3502 2387 3572 pyrrhichii
2409 3511 2550 3569 sunt,
2575 3503 2806 3572 quinque
2829 3502 3299 3571 proceleumaticus
3319 3503 3540 3564 metior;

1962 3603 2016 3651 et
2043 3611 2108 3649 eo
2137 3594 2305 3664 major
2327 3592 2587 3647 dubitatio
2616 3601 2717 3660 est,
2757 3593 2896 3662 quod
2931 3592 2996 3647 de
3027 3592 3278 3663 rhythmo
3305 3593 3540 3646 consuli-

1961 3702 2113 3751 mnr,
2155 3686 2244 3756 qui
2281 3685 2483 3740 scilicet
2510 3696 2767 3754 perpetuo
2798 3684 2930 3737 ﬁuit.
2963 3685 3216 3740 Undceim
3253 3684 3391 3739 enim
3423 3700 3543 3756 pyr~

1963 3777 2154 3831 rhichii
2182 3776 2267 3830 vel
2301 3777 2572 3840 tredecim,
2605 3785 2658 3831 et
2686 3777 2922 3845 quolibet
2957 3777 3142 3846 impari
3168 3792 3408 3841 numero,
3436 3792 3542 3832 non

1962 3876 2187 3938 possunt
2216 3867 2411 3922 habere
2442 3868 2702 3937 integrum
2745 3867 3308 3937 procclcumalicorum
3356 3885 3542 3924 nume-

1957 3975 2102 4015 rum.
2151 3959 2207 4015 Si
2246 3974 2373 4029 ergo
2413 3967 2554 4014 esset
2581 3968 2758 4014 certus
2788 3958 2904 4013 ﬁnis
2935 3961 2987 4014 in
3019 3959 3119 4014 hoc
3147 3960 3213 4014 dc
3242 3975 3347 4031 quo
3374 3961 3546 4032 agitur

1963 4049 2236 4122 rhythmo,
2268 4050 2340 4105 ibi
2369 4052 2554 4106 saltem
2583 4051 2761 4106 dicere
2787 4067 3067 4121 possemus
3103 4053 3405 4126 pyrrhichio
3447 4071 3546 4125 p0-

1965 4141 2070 4196 tius
2111 4156 2267 4212 quam
2317 4143 2758 4212 proceleumatico
2806 4159 2927 4198 eum
2964 4160 3196 4212 currere,
3230 4146 3316 4200 ubi
3360 4161 3546 4202 omnes

1963 4233 2152 4304 integri
2187 4235 2616 4303 proceleumatici
2655 4252 2763 4290 non
2801 4229 3161 4293 invenirentur
3194 4257 3206 4292 :
3239 4255 3378 4294 nunc
3421 4256 3547 4296 vero

1963 4337 2016 4384 et
2065 4329 2237 4398 ipsum
2282 4329 2546 4383 inﬁnitum
2593 4329 2746 4384 nobis
2797 4331 3080 4385 conturbat
3103 4331 3376 4400 judicium,
3413 4341 3465 4388 et
3500 4334 3547 4389 si

1963 4421 2174 4490 quando
2202 4421 2464 4475 numerati
2489 4420 2703 4491 quidem
2731 4422 2913 4490 pedes,
2945 4421 3039 4475 sed
3071 4425 3180 4490 pari
3201 4439 3424 4478 numero
3453 4440 3547 4479 no-

1963 4511 2045 4566 bis
2073 4521 2460 4582 propommtur,
2490 4512 2624 4566 sicut
2650 4512 2734 4566 isti
2763 4521 2885 4566 sunt
2913 4512 3118 4567 decem.
3153 4513 3229 4567 Μ.
3260 4515 3420 4586 Atqui
3449 4531 3548 4570 nec

1964 4602 2031 4659 de
2062 4606 2176 4675 ipso
2208 4604 2393 4673 impari
2423 4619 2647 4659 numero
2675 4604 3123 4675 pyrrhichiorum,
3160 4607 3300 4676 quod
3340 4609 3431 4662 tibi
3470 4609 3548 4662 vi-

1963 4711 2081 4752 sum
2109 4705 2209 4759 est,
2237 4694 2432 4766 liquido
2447 4697 2616 4750 visum
2645 4706 2744 4750 est.
2771 4696 2904 4764 Quid
2924 4698 3061 4752 enim
3089 4698 3132 4752 si
3160 4700 3403 4754 undecim
3427 4715 3548 4767 pro-

1964 4789 2154 4861 positis
2175 4788 2394 4858 pcdihus
2420 4787 2742 4859 pyrrhichiis
2773 4789 2980 4844 dicatur
3007 4788 3288 4861 rhythmus
3315 4790 3546 4859 quinque

1966 4875 2166 4935 habere
2197 4880 2669 4949 proceleumaticos
2696 4891 2748 4935 et
2776 4881 3141 4950 semipedem?
3183 4880 3435 4950 numquid
3462 4895 3548 4962 re-

1961 4973 2075 5026 sisti
2105 4981 2297 5042 potest,
2329 4987 2448 5026 cum
2489 4972 2688 5025 multos
2709 4971 3039 5026 inveniamus
3061 4986 3243 5026 versus
3269 4970 3438 5025 claudi
3461 4987 3548 5028 sc-

1965 5060 2212 5132 mipede?
2242 5059 2311 5114 D.
2339 5061 2452 5116 Jam
2485 5061 2590 5116 dixi
2621 5077 2706 5114 mc
2739 5061 2945 5114 nescire
2973 5061 3098 5130 quid
3137 5060 3202 5114 dc
3231 5061 3330 5115 hac
3358 5077 3415 5116 re
3439 5061 3546 5116 dici

1965 5153 2153 5222 possit.
2188 5151 2265 5206 Μ.
2298 5152 2434 5206 Num
2480 5153 2638 5206 etiam
2685 5151 2809 5204 illud
2849 5151 3022 5205 nescis
3047 5191 3061 5215 ,
3103 5152 3549 5221 proceleumatico

1963 5245 2193 5314 priorem
2222 5258 2339 5297 esse
2383 5241 2785 5313 pyrrhichium?
2815 5241 3075 5311 siquidem
3096 5242 3301 5296 duobus
3331 5241 3545 5313 pyrrhi-

1963 5333 2097 5390 chiis
2138 5332 2611 5403 proceleumaticus
2655 5334 2848 5397 confit;
2889 5334 3024 5387 sicut
3066 5335 3214 5404 prius
3253 5343 3335 5390 est
3383 5351 3547 5392 unum

1963 5440 2120 5496 quam
2162 5424 2288 5488 duo,
2321 5434 2373 5477 et
2404 5417 2508 5477 duo
2537 5438 2694 5492 quam
2725 5433 2969 5494 quatuor,
3002 5425 3072 5478 ita
3104 5427 3551 5495 proceleumatico

1955 5517 2107 5587 prior
2156 5524 2238 5570 est
2276 5514 2629 5586 pyrrhichius.
2659 5513 2726 5568 D.
2763 5515 3106 5571 Verissimum
3149 5523 3248 5573 est.
3295 5511 3372 5572 ΙΙΙ.
3411 5519 3544 5574 Cum

1957 5622 2089 5677 ergo
2137 5608 2191 5660 in
2235 5605 2798 5676 hance—mhiguitatem
2839 5608 3145 5677 incidimus,
3190 5618 3258 5666 ut
3295 5613 3460 5683 possit
3487 5614 3546 5668 “in
3592 5630 3622 5641 "

1950 5697 2214 5771 rhythmo
2240 5707 2306 5759 ‘et
2347 5693 2677 5771 pyrrhichius
2717 5701 2890 5755 metiri
2940 5709 2992 5756 et
3035 5701 3504 5772 proceleumaticus
3529 5747 3543 5770 ,
3622 5727 3624 5730 ν

1963 5791 2047 5845 cui
2101 5790 2449 5859 principatum
2499 5790 2670 5845 daturi
2723 5792 2938 5846 sumus?
2985 5794 3162 5862 priori,
3197 5811 3261 5849 ex
3303 5811 3408 5864 quo
3445 5798 3545 5851 iste

1965 5893 2200 5946 coitstat;
2230 5900 2293 5939 an
2334 5884 2639 5950 posteriori,
2671 5901 2735 5944 ex
2763 5899 2869 5955 quo
2906 5885 2996 5946 ille
3032 5902 3138 5944 non
3180 5888 3422 5946 constat?
3463 5886 3570 5956 D.._
