  <div class='ocr_page' id='page_1' title='image "/cluster/home/n/w/nwhite01/storage/ocr_20150623/32/hvd.32044015706328/579.png"; bbox 0 0 4096 6368; ppageno 0'>
   <div class='ocr_carea' id='block_1_1' title="bbox 918 302 1016 333">
    <p class='ocr_par' dir='ltr' id='par_1_1' title="bbox 918 302 1016 333">
     <span class='ocr_line' id='line_1_1' title="bbox 918 302 1016 333; baseline 0.01 -1"><span class='ocrx_word' id='word_1_1' title='bbox 918 319 946 332; x_wconf 58' lang='lat' dir='ltr'><strong>&quot;s</strong></span> <span class='ocrx_word' id='word_1_2' title='bbox 953 302 1016 333; x_wconf 53' lang='lat' dir='ltr'><strong>II&quot;-</strong></span> 
     </span>
    </p>
   </div>
   <div class='ocr_carea' id='block_1_2' title="bbox 566 363 707 425">
    <p class='ocr_par' dir='ltr' id='par_1_2' title="bbox 566 363 707 425">
     <span class='ocr_line' id='line_1_2' title="bbox 566 363 707 425; baseline -0.035 0"><span class='ocrx_word' id='word_1_3' title='bbox 566 363 707 425; x_wconf 70' lang='grc'><strong>1119</strong></span> 
     </span>
    </p>
   </div>
   <div class='ocr_carea' id='block_1_3' title="bbox 567 463 2141 546">
    <p class='ocr_par' dir='ltr' id='par_1_3' title="bbox 567 463 2141 546">
     <span class='ocr_line' id='line_1_3' title="bbox 567 463 2141 546; baseline -0.015 -6"><span class='ocrx_word' id='word_1_4' title='bbox 567 478 733 540; x_wconf 82' lang='lat' dir='ltr'><strong>Nemo</strong></span> <span class='ocrx_word' id='word_1_5' title='bbox 761 474 1025 534; x_wconf 78' lang='lat' dir='ltr'><strong>dubitabit</strong></span> <span class='ocrx_word' id='word_1_6' title='bbox 1068 472 1233 546; x_wconf 83' lang='lat' dir='ltr'><strong>priori</strong></span> <span class='ocrx_word' id='word_1_7' title='bbox 1273 485 1393 528; x_wconf 86' lang='lat' dir='ltr'><strong>esse</strong></span> <span class='ocrx_word' id='word_1_8' title='bbox 1429 466 1681 525; x_wconf 90' lang='lat' dir='ltr'><strong>dandum.</strong></span> <span class='ocrx_word' id='word_1_9' title='bbox 1730 463 1807 519; x_wconf 86' lang='grc' dir='ltr'><strong>Μ.</strong></span> <span class='ocrx_word' id='word_1_10' title='bbox 1840 464 1972 531; x_wconf 89' lang='lat' dir='ltr'><strong>Quid</strong></span> <span class='ocrx_word' id='word_1_11' title='bbox 2016 478 2141 533; x_wconf 88' lang='lat' dir='ltr'><strong>ergo</strong></span> 
     </span>
    </p>
   </div>
   <div class='ocr_carea' id='block_1_4' title="bbox 567 556 2141 633">
    <p class='ocr_par' dir='ltr' id='par_1_4' title="bbox 567 556 2141 633">
     <span class='ocr_line' id='line_1_4' title="bbox 567 556 2141 633; baseline -0.016 -1"><span class='ocrx_word' id='word_1_12' title='bbox 567 573 780 633; x_wconf 78' lang='lat' dir='ltr'><strong>dubitas</strong></span> <span class='ocrx_word' id='word_1_13' title='bbox 801 570 868 625; x_wconf 91' lang='lat' dir='ltr'><strong>de</strong></span> <span class='ocrx_word' id='word_1_14' title='bbox 894 569 992 625; x_wconf 81' lang='lat' dir='ltr'><strong>hac</strong></span> <span class='ocrx_word' id='word_1_15' title='bbox 1016 583 1075 623; x_wconf 91' lang='lat' dir='ltr'><strong>re</strong></span> <span class='ocrx_word' id='word_1_16' title='bbox 1098 565 1371 622; x_wconf 89' lang='lat' dir='ltr'><strong>consultus</strong></span> <span class='ocrx_word' id='word_1_17' title='bbox 1395 558 1718 631; x_wconf 89' lang='lat' dir='ltr'><strong>respondere</strong></span> <span class='ocrx_word' id='word_1_18' title='bbox 1737 599 1751 623; x_wconf 96' lang='lat'><strong>,</strong></span> <span class='ocrx_word' id='word_1_19' title='bbox 1783 556 2141 629; x_wconf 81' lang='lat' dir='ltr'><strong>pyrrhichium</strong></span> 
     </span>
    </p>
   </div>
   <div class='ocr_carea' id='block_1_5' title="bbox 568 652 2143 742">
    <p class='ocr_par' dir='ltr' id='par_1_5' title="bbox 568 652 2143 742">
     <span class='ocr_line' id='line_1_5' title="bbox 568 652 2143 742; baseline -0.012 -19"><span class='ocrx_word' id='word_1_20' title='bbox 568 669 743 742; x_wconf 78' lang='lat' dir='ltr'><strong>potius</strong></span> <span class='ocrx_word' id='word_1_21' title='bbox 772 681 934 737; x_wconf 90' lang='lat' dir='ltr'><strong>quam</strong></span> <span class='ocrx_word' id='word_1_22' title='bbox 969 658 1469 734; x_wconf 79' lang='lat' dir='ltr'><strong>proceleumaticum</strong></span> <span class='ocrx_word' id='word_1_23' title='bbox 1496 656 1655 711; x_wconf 91' lang='lat' dir='ltr'><strong>istum</strong></span> <span class='ocrx_word' id='word_1_24' title='bbox 1692 652 1996 725; x_wconf 74' lang='lat' dir='ltr'><strong>rhythmum</strong></span> <span class='ocrx_word' id='word_1_25' title='bbox 2025 664 2143 742; x_wconf 88' lang='lat' dir='ltr'><strong>esse</strong></span> 
     </span>
    </p>
   </div>
   <div class='ocr_carea' id='block_1_6' title="bbox 568 741 2141 830">
    <p class='ocr_par' dir='ltr' id='par_1_6' title="bbox 568 741 2141 830">
     <span class='ocr_line' id='line_1_6' title="bbox 568 741 2141 830; baseline -0.015 -12"><span class='ocrx_word' id='word_1_26' title='bbox 568 741 1012 830; x_wconf 85' lang='lat' dir='ltr'><strong>nuncupandum?</strong></span> <span class='ocrx_word' id='word_1_27' title='bbox 1040 753 1111 808; x_wconf 88' lang='lat' dir='ltr'><strong>D.</strong></span> <span class='ocrx_word' id='word_1_28' title='bbox 1153 753 1270 808; x_wconf 83' lang='lat' dir='ltr'><strong>Jam</strong></span> <span class='ocrx_word' id='word_1_29' title='bbox 1307 750 1524 807; x_wconf 88' lang='lat' dir='ltr'><strong>omnino</strong></span> <span class='ocrx_word' id='word_1_30' title='bbox 1570 761 1675 802; x_wconf 91' lang='lat' dir='ltr'><strong>non</strong></span> <span class='ocrx_word' id='word_1_31' title='bbox 1720 744 1904 800; x_wconf 92' lang='lat' dir='ltr'><strong>dubito</strong></span> <span class='ocrx_word' id='word_1_32' title='bbox 1935 758 1949 797; x_wconf 89' lang='lat'>:</span> <span class='ocrx_word' id='word_1_33' title='bbox 1978 741 2141 812; x_wconf 88' lang='lat' dir='ltr'><strong>pudet</strong></span> 
     </span>
    </p>
   </div>
   <div class='ocr_carea' id='block_1_7' title="bbox 566 834 2142 910">
    <p class='ocr_par' dir='ltr' id='par_1_7' title="bbox 566 834 2142 910">
     <span class='ocr_line' id='line_1_7' title="bbox 566 834 2142 910; baseline -0.013 -1"><span class='ocrx_word' id='word_1_34' title='bbox 566 862 674 910; x_wconf 88' lang='lat' dir='ltr'><strong>tam</strong></span> <span class='ocrx_word' id='word_1_35' title='bbox 719 848 1051 906; x_wconf 79' lang='lat' dir='ltr'><strong>manifestam</strong></span> <span class='ocrx_word' id='word_1_36' title='bbox 1091 844 1350 901; x_wconf 89' lang='lat' dir='ltr'><strong>rationem</strong></span> <span class='ocrx_word' id='word_1_37' title='bbox 1394 856 1502 898; x_wconf 91' lang='lat' dir='ltr'><strong>non</strong></span> <span class='ocrx_word' id='word_1_38' title='bbox 1550 853 1636 895; x_wconf 90' lang='lat' dir='ltr'><strong>me</strong></span> <span class='ocrx_word' id='word_1_39' title='bbox 1678 837 1783 893; x_wconf 88' lang='lat' dir='ltr'><strong>cito</strong></span> <span class='ocrx_word' id='word_1_40' title='bbox 1810 834 2142 891; x_wconf 88' lang='lat' dir='ltr'><strong>animadver-</strong></span> 
     </span>
    </p>
   </div>
   <div class='ocr_carea' id='block_1_8' title="bbox 566 946 713 1000">
    <p class='ocr_par' dir='ltr' id='par_1_8' title="bbox 566 946 713 1000">
     <span class='ocr_line' id='line_1_8' title="bbox 566 946 713 1000; baseline -0.014 0"><span class='ocrx_word' id='word_1_41' title='bbox 566 946 713 1000; x_wconf 90' lang='lat' dir='ltr'><strong>tisse.</strong></span> 
     </span>
    </p>
   </div>
   <div class='ocr_carea' id='block_1_9' title="bbox 809 1023 1891 1098">
    <p class='ocr_par' dir='ltr' id='par_1_9' title="bbox 809 1023 1891 1098">
     <span class='ocr_line' id='line_1_9' title="bbox 809 1023 1891 1098; baseline -0.011 -10"><span class='ocrx_word' id='word_1_42' title='bbox 809 1030 1035 1088; x_wconf 82' lang='lat' dir='ltr'><strong>CAPUT</strong></span> <span class='ocrx_word' id='word_1_43' title='bbox 1054 1029 1163 1085; x_wconf 74' lang='grc' dir='ltr'><strong>Ἰν.</strong></span> <span class='ocrx_word' id='word_1_44' title='bbox 1190 1056 1259 1071; x_wconf 89' lang='grc'><strong><em>--</em></strong></span> <span class='ocrx_word' id='word_1_45' title='bbox 1286 1026 1579 1098; x_wconf 71' lang='lat' dir='ltr'><strong>Rhymmus</strong></span> <span class='ocrx_word' id='word_1_46' title='bbox 1608 1023 1891 1078; x_wconf 76' lang='lat' dir='ltr'><strong>continuus.</strong></span> 
     </span>
    </p>
   </div>
   <div class='ocr_carea' id='block_1_10' title="bbox 635 1113 2140 1185">
    <p class='ocr_par' dir='ltr' id='par_1_10' title="bbox 635 1113 2140 1185">
     <span class='ocr_line' id='line_1_10' title="bbox 635 1113 2140 1185; baseline -0.011 -2"><span class='ocrx_word' id='word_1_47' title='bbox 635 1129 689 1183; x_wconf 89' lang='lat'><strong>7.</strong></span> <span class='ocrx_word' id='word_1_48' title='bbox 715 1125 793 1180; x_wconf 86' lang='grc' dir='ltr'><strong>Μ.</strong></span> <span class='ocrx_word' id='word_1_49' title='bbox 821 1124 1054 1180; x_wconf 72' lang='lat' dir='ltr'><strong>Videsne</strong></span> <span class='ocrx_word' id='word_1_50' title='bbox 1083 1121 1210 1178; x_wconf 91' lang='lat' dir='ltr'><strong>illud</strong></span> <span class='ocrx_word' id='word_1_51' title='bbox 1234 1121 1391 1175; x_wconf 90' lang='lat' dir='ltr'><strong>etiam</strong></span> <span class='ocrx_word' id='word_1_52' title='bbox 1419 1121 1518 1173; x_wconf 89' lang='lat' dir='ltr'><strong>ista</strong></span> <span class='ocrx_word' id='word_1_53' title='bbox 1540 1118 1743 1172; x_wconf 86' lang='lat' dir='ltr'><strong>ratione</strong></span> <span class='ocrx_word' id='word_1_54' title='bbox 1767 1115 1904 1185; x_wconf 92' lang='lat' dir='ltr'><strong>cogi,</strong></span> <span class='ocrx_word' id='word_1_55' title='bbox 1938 1123 1995 1169; x_wconf 89' lang='lat' dir='ltr'><strong>ut</strong></span> <span class='ocrx_word' id='word_1_56' title='bbox 2021 1113 2140 1184; x_wconf 82' lang='lat' dir='ltr'><strong>qui-</strong></span> 
     </span>
    </p>
   </div>
   <div class='ocr_carea' id='block_1_11' title="bbox 562 1210 2142 1290">
    <p class='ocr_par' dir='ltr' id='par_1_11' title="bbox 562 1210 2142 1290">
     <span class='ocr_line' id='line_1_11' title="bbox 562 1210 2142 1290; baseline -0.011 -13"><span class='ocrx_word' id='word_1_57' title='bbox 562 1221 686 1278; x_wconf 90' lang='lat' dir='ltr'><strong>dam</strong></span> <span class='ocrx_word' id='word_1_58' title='bbox 733 1218 895 1290; x_wconf 90' lang='lat' dir='ltr'><strong>pedes</strong></span> <span class='ocrx_word' id='word_1_59' title='bbox 924 1217 1049 1283; x_wconf 92' lang='lat' dir='ltr'><strong>sint,</strong></span> <span class='ocrx_word' id='word_1_60' title='bbox 1080 1215 1172 1286; x_wconf 88' lang='lat' dir='ltr'><strong>qui</strong></span> <span class='ocrx_word' id='word_1_61' title='bbox 1204 1213 1508 1284; x_wconf 90' lang='lat' dir='ltr'><strong>rhythmum</strong></span> <span class='ocrx_word' id='word_1_62' title='bbox 1537 1210 1848 1266; x_wconf 83' lang='lat' dir='ltr'><strong>continuare</strong></span> <span class='ocrx_word' id='word_1_63' title='bbox 1877 1223 1984 1262; x_wconf 91' lang='lat' dir='ltr'><strong>non</strong></span> <span class='ocrx_word' id='word_1_64' title='bbox 2021 1221 2142 1276; x_wconf 87' lang='lat' dir='ltr'><strong>pos-</strong></span> 
     </span>
    </p>
   </div>
   <div class='ocr_carea' id='block_1_12' title="bbox 560 1298 2140 1381">
    <p class='ocr_par' dir='ltr' id='par_1_12' title="bbox 560 1298 2140 1381">
     <span class='ocr_line' id='line_1_12' title="bbox 560 1298 2140 1381; baseline -0.011 -12"><span class='ocrx_word' id='word_1_65' title='bbox 560 1313 703 1369; x_wconf 85' lang='lat' dir='ltr'><strong>sint?</strong></span> <span class='ocrx_word' id='word_1_66' title='bbox 731 1311 862 1367; x_wconf 86' lang='lat' dir='ltr'><strong>Nam</strong></span> <span class='ocrx_word' id='word_1_67' title='bbox 890 1308 1029 1381; x_wconf 92' lang='lat' dir='ltr'><strong>quod</strong></span> <span class='ocrx_word' id='word_1_68' title='bbox 1055 1306 1123 1362; x_wconf 92' lang='lat' dir='ltr'><strong>de</strong></span> <span class='ocrx_word' id='word_1_69' title='bbox 1151 1303 1592 1377; x_wconf 90' lang='lat' dir='ltr'><strong>proceleumatico</strong></span> <span class='ocrx_word' id='word_1_70' title='bbox 1632 1302 1898 1355; x_wconf 90' lang='lat' dir='ltr'><strong>inventum</strong></span> <span class='ocrx_word' id='word_1_71' title='bbox 1931 1308 2031 1365; x_wconf 88' lang='lat' dir='ltr'><strong>est,</strong></span> <span class='ocrx_word' id='word_1_72' title='bbox 2054 1298 2140 1353; x_wconf 93' lang='lat' dir='ltr'><strong>eui</strong></span> 
     </span>
    </p>
   </div>
   <div class='ocr_carea' id='block_1_13' title="bbox 561 1390 2141 1476">
    <p class='ocr_par' dir='ltr' id='par_1_13' title="bbox 561 1390 2141 1476">
     <span class='ocr_line' id='line_1_13' title="bbox 561 1390 2141 1476; baseline -0.01 -16"><span class='ocrx_word' id='word_1_73' title='bbox 561 1405 702 1461; x_wconf 89' lang='lat' dir='ltr'><strong>tollit</strong></span> <span class='ocrx_word' id='word_1_74' title='bbox 745 1400 1080 1476; x_wconf 87' lang='lat' dir='ltr'><strong>pyrrhichius</strong></span> <span class='ocrx_word' id='word_1_75' title='bbox 1119 1397 1492 1468; x_wconf 86' lang='lat' dir='ltr'><strong>principatum,</strong></span> <span class='ocrx_word' id='word_1_76' title='bbox 1524 1394 1627 1448; x_wconf 90' lang='lat' dir='ltr'><strong>hoc</strong></span> <span class='ocrx_word' id='word_1_77' title='bbox 1650 1401 1703 1447; x_wconf 92' lang='lat' dir='ltr'><strong>et</strong></span> <span class='ocrx_word' id='word_1_78' title='bbox 1732 1390 1798 1447; x_wconf 92' lang='lat' dir='ltr'><strong>de</strong></span> <span class='ocrx_word' id='word_1_79' title='bbox 1831 1391 2062 1446; x_wconf 89' lang='lat' dir='ltr'><strong>diiambo</strong></span> <span class='ocrx_word' id='word_1_80' title='bbox 2088 1398 2141 1445; x_wconf 88' lang='lat' dir='ltr'><strong>et</strong></span> 
     </span>
    </p>
   </div>
   <div class='ocr_carea' id='block_1_14' title="bbox 561 1483 2140 1560">
    <p class='ocr_par' dir='ltr' id='par_1_14' title="bbox 561 1483 2140 1560">
     <span class='ocr_line' id='line_1_14' title="bbox 561 1483 2140 1560; baseline -0.011 -7"><span class='ocrx_word' id='word_1_81' title='bbox 561 1498 631 1554; x_wconf 90' lang='lat' dir='ltr'><strong>de</strong></span> <span class='ocrx_word' id='word_1_82' title='bbox 656 1494 894 1552; x_wconf 91' lang='lat' dir='ltr'><strong>dichorio</strong></span> <span class='ocrx_word' id='word_1_83' title='bbox 916 1503 972 1549; x_wconf 94' lang='lat' dir='ltr'><strong>et</strong></span> <span class='ocrx_word' id='word_1_84' title='bbox 998 1492 1064 1547; x_wconf 92' lang='lat' dir='ltr'><strong>de</strong></span> <span class='ocrx_word' id='word_1_85' title='bbox 1089 1489 1382 1560; x_wconf 91' lang='lat' dir='ltr'><strong>dispondeo</strong></span> <span class='ocrx_word' id='word_1_86' title='bbox 1408 1488 1679 1542; x_wconf 91' lang='lat' dir='ltr'><strong>inventum</strong></span> <span class='ocrx_word' id='word_1_87' title='bbox 1718 1492 1846 1553; x_wconf 90' lang='lat' dir='ltr'><strong>puto</strong></span> <span class='ocrx_word' id='word_1_88' title='bbox 1878 1501 1891 1536; x_wconf 90' lang='lat'><strong>:</strong></span> <span class='ocrx_word' id='word_1_89' title='bbox 1919 1483 2019 1537; x_wconf 90' lang='lat' dir='ltr'><strong>nisi</strong></span> <span class='ocrx_word' id='word_1_90' title='bbox 2046 1483 2140 1537; x_wconf 87' lang='lat' dir='ltr'><strong>tibi</strong></span> 
     </span>
    </p>
   </div>
   <div class='ocr_carea' id='block_1_15' title="bbox 562 1576 2141 1649">
    <p class='ocr_par' dir='ltr' id='par_1_15' title="bbox 562 1576 2141 1649">
     <span class='ocr_line' id='line_1_15' title="bbox 562 1576 2141 1649; baseline -0.013 -3"><span class='ocrx_word' id='word_1_91' title='bbox 562 1589 709 1647; x_wconf 86' lang='lat' dir='ltr'><strong>aliud</strong></span> <span class='ocrx_word' id='word_1_92' title='bbox 746 1586 975 1642; x_wconf 89' lang='lat' dir='ltr'><strong>videtur.</strong></span> <span class='ocrx_word' id='word_1_93' title='bbox 1004 1584 1071 1637; x_wconf 91' lang='lat' dir='ltr'><strong>D.</strong></span> <span class='ocrx_word' id='word_1_94' title='bbox 1099 1580 1236 1649; x_wconf 85' lang='lat' dir='ltr'><strong>Quid</strong></span> <span class='ocrx_word' id='word_1_95' title='bbox 1261 1580 1388 1634; x_wconf 90' lang='lat' dir='ltr'><strong>mihi</strong></span> <span class='ocrx_word' id='word_1_96' title='bbox 1415 1578 1555 1632; x_wconf 90' lang='lat' dir='ltr'><strong>aliud</strong></span> <span class='ocrx_word' id='word_1_97' title='bbox 1586 1576 1751 1631; x_wconf 91' lang='lat' dir='ltr'><strong>videri</strong></span> <span class='ocrx_word' id='word_1_98' title='bbox 1780 1582 1990 1646; x_wconf 91' lang='lat' dir='ltr'><strong>potest,</strong></span> <span class='ocrx_word' id='word_1_99' title='bbox 2019 1587 2141 1627; x_wconf 91' lang='lat' dir='ltr'><strong>cum</strong></span> 
     </span>
    </p>
   </div>
   <div class='ocr_carea' id='block_1_16' title="bbox 563 1666 2140 1755">
    <p class='ocr_par' dir='ltr' id='par_1_16' title="bbox 563 1666 2140 1755">
     <span class='ocr_line' id='line_1_16' title="bbox 563 1666 2140 1755; baseline -0.011 -18"><span class='ocrx_word' id='word_1_100' title='bbox 563 1682 785 1755; x_wconf 90' lang='lat' dir='ltr'><strong>probata</strong></span> <span class='ocrx_word' id='word_1_101' title='bbox 810 1678 895 1732; x_wconf 90' lang='lat' dir='ltr'><strong>illa</strong></span> <span class='ocrx_word' id='word_1_102' title='bbox 926 1676 1130 1730; x_wconf 87' lang='lat' dir='ltr'><strong>ratione</strong></span> <span class='ocrx_word' id='word_1_103' title='bbox 1154 1673 1257 1728; x_wconf 90' lang='lat' dir='ltr'><strong>hoc</strong></span> <span class='ocrx_word' id='word_1_104' title='bbox 1280 1670 1419 1741; x_wconf 88' lang='lat' dir='ltr'><strong>quod</strong></span> <span class='ocrx_word' id='word_1_105' title='bbox 1446 1668 1683 1739; x_wconf 90' lang='lat' dir='ltr'><strong>sequitur</strong></span> <span class='ocrx_word' id='word_1_106' title='bbox 1710 1666 2010 1736; x_wconf 87' lang='lat' dir='ltr'><strong>improbare</strong></span> <span class='ocrx_word' id='word_1_107' title='bbox 2034 1680 2140 1720; x_wconf 88' lang='lat' dir='ltr'><strong>non</strong></span> 
     </span>
    </p>
   </div>
   <div class='ocr_carea' id='block_1_17' title="bbox 562 1756 2137 1844">
    <p class='ocr_par' dir='ltr' id='par_1_17' title="bbox 562 1756 2137 1844">
     <span class='ocr_line' id='line_1_17' title="bbox 562 1756 2137 1844; baseline -0.011 -18"><span class='ocrx_word' id='word_1_108' title='bbox 562 1769 804 1844; x_wconf 86' lang='lat' dir='ltr'><strong>possim?</strong></span> <span class='ocrx_word' id='word_1_109' title='bbox 834 1768 904 1822; x_wconf 87' lang='grc' dir='ltr'><strong>Μ.</strong></span> <span class='ocrx_word' id='word_1_110' title='bbox 936 1765 1068 1821; x_wconf 85' lang='lat' dir='ltr'><strong>Vide</strong></span> <span class='ocrx_word' id='word_1_111' title='bbox 1097 1764 1257 1820; x_wconf 88' lang='lat' dir='ltr'><strong>etiam</strong></span> <span class='ocrx_word' id='word_1_112' title='bbox 1286 1762 1406 1826; x_wconf 90' lang='lat' dir='ltr'><strong>ista,</strong></span> <span class='ocrx_word' id='word_1_113' title='bbox 1454 1769 1509 1815; x_wconf 92' lang='lat' dir='ltr'><strong>et</strong></span> <span class='ocrx_word' id='word_1_114' title='bbox 1550 1773 1798 1827; x_wconf 89' lang='lat' dir='ltr'><strong>compara</strong></span> <span class='ocrx_word' id='word_1_115' title='bbox 1843 1772 1905 1811; x_wconf 87' lang='lat' dir='ltr'><strong>ae</strong></span> <span class='ocrx_word' id='word_1_116' title='bbox 1940 1756 2137 1826; x_wconf 91' lang='lat' dir='ltr'><strong>judiea.</strong></span> 
     </span>
    </p>
   </div>
   <div class='ocr_carea' id='block_1_18' title="bbox 562 1847 2142 1924">
    <p class='ocr_par' dir='ltr' id='par_1_18' title="bbox 562 1847 2142 1924">
     <span class='ocr_line' id='line_1_18' title="bbox 562 1847 2142 1924; baseline -0.011 -5"><span class='ocrx_word' id='word_1_117' title='bbox 562 1860 694 1922; x_wconf 81' lang='lat' dir='ltr'><strong>Nam</strong></span> <span class='ocrx_word' id='word_1_118' title='bbox 718 1859 947 1924; x_wconf 89' lang='lat' dir='ltr'><strong>videtur,</strong></span> <span class='ocrx_word' id='word_1_119' title='bbox 976 1872 1094 1912; x_wconf 91' lang='lat' dir='ltr'><strong>cum</strong></span> <span class='ocrx_word' id='word_1_120' title='bbox 1129 1856 1230 1909; x_wconf 91' lang='lat' dir='ltr'><strong>tale</strong></span> <span class='ocrx_word' id='word_1_121' title='bbox 1258 1853 1514 1908; x_wconf 89' lang='lat' dir='ltr'><strong>incertum</strong></span> <span class='ocrx_word' id='word_1_122' title='bbox 1540 1849 1740 1916; x_wconf 84' lang='lat' dir='ltr'><strong>evenit,</strong></span> <span class='ocrx_word' id='word_1_123' title='bbox 1761 1848 1945 1918; x_wconf 91' lang='lat' dir='ltr'><strong>plausu</strong></span> <span class='ocrx_word' id='word_1_124' title='bbox 1969 1847 2142 1917; x_wconf 91' lang='lat' dir='ltr'><strong>potius</strong></span> 
     </span>
    </p>
   </div>
   <div class='ocr_carea' id='block_1_19' title="bbox 561 1937 2140 2016">
    <p class='ocr_par' dir='ltr' id='par_1_19' title="bbox 561 1937 2140 2016">
     <span class='ocr_line' id='line_1_19' title="bbox 561 1937 2140 2016; baseline -0.012 -6"><span class='ocrx_word' id='word_1_125' title='bbox 561 1954 761 2010; x_wconf 89' lang='lat' dir='ltr'><strong>debere</strong></span> <span class='ocrx_word' id='word_1_126' title='bbox 785 1948 1015 2005; x_wconf 85' lang='lat' dir='ltr'><strong>discerni</strong></span> <span class='ocrx_word' id='word_1_127' title='bbox 1048 1948 1065 1978; x_wconf 75' lang='grc' dir='ltr'>ί</span> <span class='ocrx_word' id='word_1_128' title='bbox 1096 1960 1201 2016; x_wconf 92' lang='lat' dir='ltr'><strong>quo</strong></span> <span class='ocrx_word' id='word_1_129' title='bbox 1222 1943 1356 2015; x_wconf 88' lang='lat' dir='ltr'><strong>pede</strong></span> <span class='ocrx_word' id='word_1_130' title='bbox 1374 1950 1615 1998; x_wconf 91' lang='lat' dir='ltr'><strong>curratur</strong></span> <span class='ocrx_word' id='word_1_131' title='bbox 1645 1956 1658 1991; x_wconf 91' lang='lat'>:</span> <span class='ocrx_word' id='word_1_132' title='bbox 1687 1948 1746 1993; x_wconf 90' lang='lat' dir='ltr'><strong>ut</strong></span> <span class='ocrx_word' id='word_1_133' title='bbox 1768 1939 1813 1992; x_wconf 90' lang='lat' dir='ltr'><strong>si</strong></span> <span class='ocrx_word' id='word_1_134' title='bbox 1836 1937 2140 2009; x_wconf 87' lang='lat' dir='ltr'><strong>pyrrhichio</strong></span> 
     </span>
    </p>
   </div>
   <div class='ocr_carea' id='block_1_20' title="bbox 560 2029 2140 2105">
    <p class='ocr_par' dir='ltr' id='par_1_20' title="bbox 560 2029 2140 2105">
     <span class='ocr_line' id='line_1_20' title="bbox 560 2029 2140 2105; baseline -0.013 -5"><span class='ocrx_word' id='word_1_135' title='bbox 560 2044 696 2101; x_wconf 83' lang='lat' dir='ltr'><strong>velis</strong></span> <span class='ocrx_word' id='word_1_136' title='bbox 736 2055 971 2105; x_wconf 85' lang='lat' dir='ltr'><strong>currere,</strong></span> <span class='ocrx_word' id='word_1_137' title='bbox 1017 2052 1179 2092; x_wconf 92' lang='lat' dir='ltr'><strong>unum</strong></span> <span class='ocrx_word' id='word_1_138' title='bbox 1230 2035 1324 2090; x_wconf 89' lang='lat' dir='ltr'><strong>tibi</strong></span> <span class='ocrx_word' id='word_1_139' title='bbox 1379 2042 1587 2103; x_wconf 90' lang='lat' dir='ltr'><strong>tempus</strong></span> <span class='ocrx_word' id='word_1_140' title='bbox 1628 2029 1947 2094; x_wconf 87' lang='lat' dir='ltr'><strong>levandum,</strong></span> <span class='ocrx_word' id='word_1_141' title='bbox 1979 2042 2140 2082; x_wconf 91' lang='lat' dir='ltr'><strong>unum</strong></span> 
     </span>
    </p>
   </div>
   <div class='ocr_carea' id='block_1_21' title="bbox 560 2121 2143 2209">
    <p class='ocr_par' dir='ltr' id='par_1_21' title="bbox 560 2121 2143 2209">
     <span class='ocr_line' id='line_1_21' title="bbox 560 2121 2143 2209; baseline -0.012 -16"><span class='ocrx_word' id='word_1_142' title='bbox 560 2135 866 2209; x_wconf 89' lang='lat' dir='ltr'><strong>ponendum</strong></span> <span class='ocrx_word' id='word_1_143' title='bbox 896 2133 995 2198; x_wconf 92' lang='lat' dir='ltr'><strong>sit;</strong></span> <span class='ocrx_word' id='word_1_144' title='bbox 1023 2130 1070 2187; x_wconf 93' lang='lat' dir='ltr'><strong>si</strong></span> <span class='ocrx_word' id='word_1_145' title='bbox 1097 2127 1559 2200; x_wconf 89' lang='lat' dir='ltr'><strong>proceleumatico,</strong></span> <span class='ocrx_word' id='word_1_146' title='bbox 1594 2123 1699 2178; x_wconf 91' lang='lat' dir='ltr'><strong>duo</strong></span> <span class='ocrx_word' id='word_1_147' title='bbox 1740 2132 1793 2178; x_wconf 90' lang='lat' dir='ltr'><strong>et</strong></span> <span class='ocrx_word' id='word_1_148' title='bbox 1818 2122 1921 2177; x_wconf 91' lang='lat' dir='ltr'><strong>duo</strong></span> <span class='ocrx_word' id='word_1_149' title='bbox 1950 2140 1963 2176; x_wconf 91' lang='lat'><strong>:</strong></span> <span class='ocrx_word' id='word_1_150' title='bbox 1994 2121 2061 2175; x_wconf 86' lang='lat' dir='ltr'><strong>ita</strong></span> <span class='ocrx_word' id='word_1_151' title='bbox 2090 2130 2143 2175; x_wconf 93' lang='lat' dir='ltr'><strong>et</strong></span> 
     </span>
    </p>
   </div>
   <div class='ocr_carea' id='block_1_22' title="bbox 561 2212 2143 2301">
    <p class='ocr_par' dir='ltr' id='par_1_22' title="bbox 561 2212 2143 2301">
     <span class='ocr_line' id='line_1_22' title="bbox 561 2212 2143 2301; baseline -0.012 -19"><span class='ocrx_word' id='word_1_152' title='bbox 561 2242 659 2301; x_wconf 88' lang='lat' dir='ltr'><strong>pes</strong></span> <span class='ocrx_word' id='word_1_153' title='bbox 702 2223 994 2296; x_wconf 89' lang='lat' dir='ltr'><strong>apparebit,</strong></span> <span class='ocrx_word' id='word_1_154' title='bbox 1036 2231 1090 2276; x_wconf 92' lang='lat' dir='ltr'><strong>et</strong></span> <span class='ocrx_word' id='word_1_155' title='bbox 1116 2219 1292 2274; x_wconf 90' lang='lat' dir='ltr'><strong>nullus</strong></span> <span class='ocrx_word' id='word_1_156' title='bbox 1321 2216 1512 2287; x_wconf 90' lang='lat' dir='ltr'><strong>pedum</strong></span> <span class='ocrx_word' id='word_1_157' title='bbox 1539 2215 1688 2270; x_wconf 90' lang='lat' dir='ltr'><strong>erita</strong></span> <span class='ocrx_word' id='word_1_158' title='bbox 1718 2212 1953 2283; x_wconf 90' lang='lat' dir='ltr'><strong>rhythmi</strong></span> <span class='ocrx_word' id='word_1_159' title='bbox 1973 2212 2143 2266; x_wconf 89' lang='lat' dir='ltr'><strong>conti-</strong></span> 
     </span>
    </p>
   </div>
   <div class='ocr_carea' id='block_1_23' title="bbox 562 2305 2138 2379">
    <p class='ocr_par' dir='ltr' id='par_1_23' title="bbox 562 2305 2138 2379">
     <span class='ocr_line' id='line_1_23' title="bbox 562 2305 2138 2379; baseline -0.011 -4"><span class='ocrx_word' id='word_1_160' title='bbox 562 2320 815 2376; x_wconf 89' lang='lat' dir='ltr'><strong>nuatione</strong></span> <span class='ocrx_word' id='word_1_161' title='bbox 858 2315 1112 2372; x_wconf 88' lang='lat' dir='ltr'><strong>seclusus.</strong></span> <span class='ocrx_word' id='word_1_162' title='bbox 1141 2312 1211 2369; x_wconf 90' lang='lat' dir='ltr'><strong>D.</strong></span> <span class='ocrx_word' id='word_1_163' title='bbox 1253 2311 1382 2366; x_wconf 91' lang='lat' dir='ltr'><strong>Huic</strong></span> <span class='ocrx_word' id='word_1_164' title='bbox 1422 2309 1589 2379; x_wconf 90' lang='lat' dir='ltr'><strong>magis</strong></span> <span class='ocrx_word' id='word_1_165' title='bbox 1636 2306 1788 2361; x_wconf 83' lang='lat' dir='ltr'><strong>faveo</strong></span> <span class='ocrx_word' id='word_1_166' title='bbox 1822 2305 2099 2362; x_wconf 65' lang='lat' dir='ltr'><strong>sententia:</strong></span> <span class='ocrx_word' id='word_1_167' title='bbox 2122 2345 2138 2371; x_wconf 95' lang='lat'><strong>,</strong></span> 
     </span>
    </p>
   </div>
   <div class='ocr_carea' id='block_1_24' title="bbox 562 2398 2142 2483">
    <p class='ocr_par' dir='ltr' id='par_1_24' title="bbox 562 2398 2142 2483">
     <span class='ocr_line' id='line_1_24' title="bbox 562 2398 2142 2483; baseline -0.011 -14"><span class='ocrx_word' id='word_1_168' title='bbox 562 2428 682 2483; x_wconf 83' lang='lat' dir='ltr'><strong>quae</strong></span> <span class='ocrx_word' id='word_1_169' title='bbox 705 2411 904 2466; x_wconf 93' lang='lat' dir='ltr'><strong>nullum</strong></span> <span class='ocrx_word' id='word_1_170' title='bbox 923 2407 1111 2477; x_wconf 90' lang='lat' dir='ltr'><strong>pedem</strong></span> <span class='ocrx_word' id='word_1_171' title='bbox 1132 2406 1197 2461; x_wconf 89' lang='lat' dir='ltr'><strong>ab</strong></span> <span class='ocrx_word' id='word_1_172' title='bbox 1224 2403 1324 2459; x_wconf 89' lang='lat' dir='ltr'><strong>hac</strong></span> <span class='ocrx_word' id='word_1_173' title='bbox 1347 2401 1682 2458; x_wconf 80' lang='lat' dir='ltr'><strong>contextione</strong></span> <span class='ocrx_word' id='word_1_174' title='bbox 1712 2414 1830 2455; x_wconf 90' lang='lat' dir='ltr'><strong>esse</strong></span> <span class='ocrx_word' id='word_1_175' title='bbox 1851 2398 2142 2453; x_wconf 91' lang='lat' dir='ltr'><strong>immunem</strong></span> 
     </span>
    </p>
   </div>
   <div class='ocr_carea' id='block_1_25' title="bbox 562 2489 2139 2564">
    <p class='ocr_par' dir='ltr' id='par_1_25' title="bbox 562 2489 2139 2564">
     <span class='ocr_line' id='line_1_25' title="bbox 562 2489 2139 2564; baseline -0.01 -5"><span class='ocrx_word' id='word_1_176' title='bbox 562 2502 712 2559; x_wconf 86' lang='lat' dir='ltr'><strong>sinit.</strong></span> <span class='ocrx_word' id='word_1_177' title='bbox 744 2499 821 2555; x_wconf 89' lang='grc' dir='ltr'><strong>Μ.</strong></span> <span class='ocrx_word' id='word_1_178' title='bbox 854 2500 1020 2553; x_wconf 90' lang='lat' dir='ltr'><strong>Recte</strong></span> <span class='ocrx_word' id='word_1_179' title='bbox 1048 2496 1199 2563; x_wconf 80' lang='lat' dir='ltr'><strong>facis,</strong></span> <span class='ocrx_word' id='word_1_180' title='bbox 1241 2504 1295 2550; x_wconf 90' lang='lat' dir='ltr'><strong>et</strong></span> <span class='ocrx_word' id='word_1_181' title='bbox 1340 2510 1443 2564; x_wconf 91' lang='lat' dir='ltr'><strong>quo</strong></span> <span class='ocrx_word' id='word_1_182' title='bbox 1487 2493 1654 2563; x_wconf 91' lang='lat' dir='ltr'><strong>magis</strong></span> <span class='ocrx_word' id='word_1_183' title='bbox 1697 2492 1799 2546; x_wconf 90' lang='lat' dir='ltr'><strong>hoc</strong></span> <span class='ocrx_word' id='word_1_184' title='bbox 1838 2489 2099 2561; x_wconf 86' lang='lat' dir='ltr'><strong>approbes</strong></span> <span class='ocrx_word' id='word_1_185' title='bbox 2124 2532 2139 2559; x_wconf 93' lang='lat'><strong>,</strong></span> 
     </span>
    </p>
   </div>
   <div class='ocr_carea' id='block_1_26' title="bbox 562 2582 2140 2655">
    <p class='ocr_par' dir='ltr' id='par_1_26' title="bbox 562 2582 2140 2655">
     <span class='ocr_line' id='line_1_26' title="bbox 562 2582 2140 2655; baseline -0.008 -7"><span class='ocrx_word' id='word_1_186' title='bbox 562 2592 841 2648; x_wconf 92' lang='lat' dir='ltr'><strong>considera</strong></span> <span class='ocrx_word' id='word_1_187' title='bbox 856 2590 923 2644; x_wconf 89' lang='lat' dir='ltr'><strong>de</strong></span> <span class='ocrx_word' id='word_1_188' title='bbox 940 2586 1206 2644; x_wconf 87' lang='lat' dir='ltr'><strong>tribracho</strong></span> <span class='ocrx_word' id='word_1_189' title='bbox 1226 2585 1359 2655; x_wconf 89' lang='lat' dir='ltr'><strong>pede</strong></span> <span class='ocrx_word' id='word_1_190' title='bbox 1374 2583 1500 2655; x_wconf 90' lang='lat' dir='ltr'><strong>quid</strong></span> <span class='ocrx_word' id='word_1_191' title='bbox 1520 2582 1843 2653; x_wconf 80' lang='lat' dir='ltr'><strong>reSpondere</strong></span> <span class='ocrx_word' id='word_1_192' title='bbox 1856 2583 2140 2652; x_wconf 89' lang='lat' dir='ltr'><strong>possimus,</strong></span> 
     </span>
    </p>
   </div>
   <div class='ocr_carea' id='block_1_27' title="bbox 563 2672 2189 2752">
    <p class='ocr_par' dir='ltr' id='par_1_27' title="bbox 563 2672 2189 2752">
     <span class='ocr_line' id='line_1_27' title="bbox 563 2672 2189 2752; baseline -0.008 -14"><span class='ocrx_word' id='word_1_193' title='bbox 563 2684 611 2738; x_wconf 92' lang='lat' dir='ltr'><strong>si</strong></span> <span class='ocrx_word' id='word_1_194' title='bbox 638 2682 981 2737; x_wconf 90' lang='lat' dir='ltr'><strong>nihilominus</strong></span> <span class='ocrx_word' id='word_1_195' title='bbox 1021 2679 1243 2748; x_wconf 86' lang='lat' dir='ltr'><strong>quisque</strong></span> <span class='ocrx_word' id='word_1_196' title='bbox 1279 2674 1565 2752; x_wconf 78' lang='lat' dir='ltr'><strong>contendat</strong></span> <span class='ocrx_word' id='word_1_197' title='bbox 1592 2690 1694 2729; x_wconf 93' lang='lat' dir='ltr'><strong>non</strong></span> <span class='ocrx_word' id='word_1_198' title='bbox 1723 2672 2028 2745; x_wconf 85' lang='lat' dir='ltr'><strong>pyrrhichio</strong></span> <span class='ocrx_word' id='word_1_199' title='bbox 2054 2681 2144 2727; x_wconf 89' lang='lat' dir='ltr'><strong>aut</strong></span> <span class='ocrx_word' id='word_1_200' title='bbox 2174 2700 2189 2721; x_wconf 76' lang='grc' dir='ltr'><strong>ο</strong></span> 
     </span>
    </p>
   </div>
   <div class='ocr_carea' id='block_1_28' title="bbox 561 2765 2141 2845">
    <p class='ocr_par' dir='ltr' id='par_1_28' title="bbox 561 2765 2141 2845">
     <span class='ocr_line' id='line_1_28' title="bbox 561 2765 2141 2845; baseline -0.006 -17"><span class='ocrx_word' id='word_1_201' title='bbox 561 2770 1010 2845; x_wconf 90' lang='lat' dir='ltr'><strong>proceleumatico</strong></span> <span class='ocrx_word' id='word_1_202' title='bbox 1039 2770 1197 2824; x_wconf 91' lang='lat' dir='ltr'><strong>istum</strong></span> <span class='ocrx_word' id='word_1_203' title='bbox 1226 2766 1555 2838; x_wconf 88' lang='lat' dir='ltr'><strong>rhythmum,</strong></span> <span class='ocrx_word' id='word_1_204' title='bbox 1599 2765 1693 2821; x_wconf 86' lang='lat' dir='ltr'><strong>sed</strong></span> <span class='ocrx_word' id='word_1_205' title='bbox 1735 2766 1997 2820; x_wconf 88' lang='lat' dir='ltr'><strong>tribracho</strong></span> <span class='ocrx_word' id='word_1_206' title='bbox 2022 2780 2141 2820; x_wconf 93' lang='lat' dir='ltr'><strong>cur-</strong></span> 
     </span>
    </p>
   </div>
   <div class='ocr_carea' id='block_1_29' title="bbox 563 2856 2139 2930">
    <p class='ocr_par' dir='ltr' id='par_1_29' title="bbox 563 2856 2139 2930">
     <span class='ocr_line' id='line_1_29' title="bbox 563 2856 2139 2930; baseline -0.004 -12"><span class='ocrx_word' id='word_1_207' title='bbox 563 2878 702 2918; x_wconf 84' lang='lat' dir='ltr'><strong>rere.</strong></span> <span class='ocrx_word' id='word_1_208' title='bbox 735 2860 803 2915; x_wconf 90' lang='lat' dir='ltr'><strong>D.</strong></span> <span class='ocrx_word' id='word_1_209' title='bbox 832 2860 1000 2916; x_wconf 77' lang='lat' dir='ltr'><strong>Video</strong></span> <span class='ocrx_word' id='word_1_210' title='bbox 1023 2859 1278 2930; x_wconf 86' lang='lat' dir='ltr'><strong>judicium</strong></span> <span class='ocrx_word' id='word_1_211' title='bbox 1308 2857 1373 2912; x_wconf 91' lang='lat' dir='ltr'><strong>ad</strong></span> <span class='ocrx_word' id='word_1_212' title='bbox 1402 2857 1641 2926; x_wconf 88' lang='lat' dir='ltr'><strong>plausum</strong></span> <span class='ocrx_word' id='word_1_213' title='bbox 1674 2856 1817 2910; x_wconf 90' lang='lat' dir='ltr'><strong>illum</strong></span> <span class='ocrx_word' id='word_1_214' title='bbox 1845 2871 1964 2911; x_wconf 90' lang='lat' dir='ltr'><strong>esse</strong></span> <span class='ocrx_word' id='word_1_215' title='bbox 1984 2872 2139 2911; x_wconf 89' lang='lat' dir='ltr'><strong>revo-</strong></span> 
     </span>
    </p>
   </div>
   <div class='ocr_carea' id='block_1_30' title="bbox 565 2948 2142 3020">
    <p class='ocr_par' dir='ltr' id='par_1_30' title="bbox 565 2948 2142 3020">
     <span class='ocr_line' id='line_1_30' title="bbox 565 2948 2142 3020; baseline -0.002 -12"><span class='ocrx_word' id='word_1_216' title='bbox 565 2953 813 3017; x_wconf 89' lang='lat' dir='ltr'><strong>candum,</strong></span> <span class='ocrx_word' id='word_1_217' title='bbox 847 2960 905 3005; x_wconf 91' lang='lat' dir='ltr'><strong>ut</strong></span> <span class='ocrx_word' id='word_1_218' title='bbox 941 2952 987 3004; x_wconf 91' lang='lat' dir='ltr'><strong>si</strong></span> <span class='ocrx_word' id='word_1_219' title='bbox 1027 2966 1189 3005; x_wconf 91' lang='lat' dir='ltr'><strong>unum</strong></span> <span class='ocrx_word' id='word_1_220' title='bbox 1228 2959 1435 3020; x_wconf 87' lang='lat' dir='ltr'><strong>tempus</strong></span> <span class='ocrx_word' id='word_1_221' title='bbox 1461 2958 1541 3003; x_wconf 89' lang='lat' dir='ltr'><strong>est</strong></span> <span class='ocrx_word' id='word_1_222' title='bbox 1571 2949 1621 3002; x_wconf 93' lang='lat' dir='ltr'><strong>in</strong></span> <span class='ocrx_word' id='word_1_223' title='bbox 1651 2948 1932 3015; x_wconf 91' lang='lat' dir='ltr'><strong>levatione,</strong></span> <span class='ocrx_word' id='word_1_224' title='bbox 1958 2950 2064 3004; x_wconf 94' lang='lat' dir='ltr'><strong>duo</strong></span> <span class='ocrx_word' id='word_1_225' title='bbox 2089 2950 2142 3005; x_wconf 90' lang='lat' dir='ltr'><strong>in</strong></span> 
     </span>
    </p>
   </div>
   <div class='ocr_carea' id='block_1_31' title="bbox 568 3041 2143 3116">
    <p class='ocr_par' dir='ltr' id='par_1_31' title="bbox 568 3041 2143 3116">
     <span class='ocr_line' id='line_1_31' title="bbox 568 3041 2143 3116; baseline -0.003 -16"><span class='ocrx_word' id='word_1_226' title='bbox 568 3046 849 3116; x_wconf 92' lang='lat' dir='ltr'><strong>positione,</strong></span> <span class='ocrx_word' id='word_1_227' title='bbox 874 3044 926 3098; x_wconf 92' lang='lat' dir='ltr'><strong>id</strong></span> <span class='ocrx_word' id='word_1_228' title='bbox 947 3053 1045 3109; x_wconf 91' lang='lat' dir='ltr'><strong>est,</strong></span> <span class='ocrx_word' id='word_1_229' title='bbox 1066 3058 1167 3097; x_wconf 88' lang='lat' dir='ltr'><strong>una</strong></span> <span class='ocrx_word' id='word_1_230' title='bbox 1198 3050 1251 3098; x_wconf 88' lang='lat' dir='ltr'><strong>et</strong></span> <span class='ocrx_word' id='word_1_231' title='bbox 1277 3042 1394 3096; x_wconf 79' lang='lat' dir='ltr'><strong>dua:</strong></span> <span class='ocrx_word' id='word_1_232' title='bbox 1423 3041 1673 3113; x_wconf 67' lang='lat' dir='ltr'><strong>syllaba);</strong></span> <span class='ocrx_word' id='word_1_233' title='bbox 1704 3050 1794 3095; x_wconf 93' lang='lat' dir='ltr'><strong>aut</strong></span> <span class='ocrx_word' id='word_1_234' title='bbox 1816 3050 1995 3096; x_wconf 88' lang='lat' dir='ltr'><strong>contra</strong></span> <span class='ocrx_word' id='word_1_235' title='bbox 2023 3042 2143 3095; x_wconf 83' lang='lat' dir='ltr'><strong>dua:</strong></span> 
     </span>
    </p>
   </div>
   <div class='ocr_carea' id='block_1_32' title="bbox 566 3133 2143 3206">
    <p class='ocr_par' dir='ltr' id='par_1_32' title="bbox 566 3133 2143 3206">
     <span class='ocr_line' id='line_1_32' title="bbox 566 3133 2143 3206; baseline -0.003 -12"><span class='ocrx_word' id='word_1_236' title='bbox 566 3140 622 3194; x_wconf 92' lang='lat' dir='ltr'><strong>in</strong></span> <span class='ocrx_word' id='word_1_237' title='bbox 653 3138 919 3193; x_wconf 90' lang='lat' dir='ltr'><strong>levatione</strong></span> <span class='ocrx_word' id='word_1_238' title='bbox 938 3177 953 3203; x_wconf 95' lang='lat'><strong>,</strong></span> <span class='ocrx_word' id='word_1_239' title='bbox 982 3152 1084 3191; x_wconf 92' lang='lat' dir='ltr'><strong>una</strong></span> <span class='ocrx_word' id='word_1_240' title='bbox 1113 3137 1164 3191; x_wconf 91' lang='lat' dir='ltr'><strong>in</strong></span> <span class='ocrx_word' id='word_1_241' title='bbox 1194 3135 1486 3206; x_wconf 91' lang='lat' dir='ltr'><strong>positione;</strong></span> <span class='ocrx_word' id='word_1_242' title='bbox 1530 3133 1827 3189; x_wconf 90' lang='lat' dir='ltr'><strong>tribrachus</strong></span> <span class='ocrx_word' id='word_1_243' title='bbox 1864 3133 2143 3204; x_wconf 90' lang='lat' dir='ltr'><strong>rhythmus</strong></span> 
     </span>
    </p>
   </div>
   <div class='ocr_carea' id='block_1_33' title="bbox 563 3232 929 3288">
    <p class='ocr_par' dir='ltr' id='par_1_33' title="bbox 563 3232 929 3288">
     <span class='ocr_line' id='line_1_33' title="bbox 563 3232 929 3288; baseline -0.011 0"><span class='ocrx_word' id='word_1_244' title='bbox 563 3247 686 3288; x_wconf 90' lang='lat' dir='ltr'><strong>esse</strong></span> <span class='ocrx_word' id='word_1_245' title='bbox 708 3232 929 3286; x_wconf 87' lang='lat' dir='ltr'><strong>dicatur.</strong></span> 
     </span>
    </p>
   </div>
   <div class='ocr_carea' id='block_1_34' title="bbox 633 3317 2143 3388">
    <p class='ocr_par' dir='ltr' id='par_1_34' title="bbox 633 3317 2143 3388">
     <span class='ocr_line' id='line_1_34' title="bbox 633 3317 2143 3388; baseline -0.003 -10"><span class='ocrx_word' id='word_1_246' title='bbox 633 3322 689 3378; x_wconf 89' lang='lat'><strong>8.</strong></span> <span class='ocrx_word' id='word_1_247' title='bbox 718 3320 796 3374; x_wconf 85' lang='lat' dir='ltr'><strong>M.</strong></span> <span class='ocrx_word' id='word_1_248' title='bbox 828 3321 992 3376; x_wconf 81' lang='lat' dir='ltr'><strong>Recte</strong></span> <span class='ocrx_word' id='word_1_249' title='bbox 1035 3319 1305 3388; x_wconf 83' lang='lat' dir='ltr'><strong>intelligis.</strong></span> <span class='ocrx_word' id='word_1_250' title='bbox 1337 3318 1692 3387; x_wconf 86' lang='lat' dir='ltr'><strong>Quamobrem</strong></span> <span class='ocrx_word' id='word_1_251' title='bbox 1736 3318 1844 3388; x_wconf 85' lang='lat' dir='ltr'><strong>jam</strong></span> <span class='ocrx_word' id='word_1_252' title='bbox 1892 3317 1976 3372; x_wconf 93' lang='lat' dir='ltr'><strong>dic</strong></span> <span class='ocrx_word' id='word_1_253' title='bbox 2014 3317 2143 3373; x_wconf 91' lang='lat' dir='ltr'><strong>mihi</strong></span> 
     </span>
    </p>
   </div>
   <div class='ocr_carea' id='block_1_35' title="bbox 569 3409 2141 3483">
    <p class='ocr_par' dir='ltr' id='par_1_35' title="bbox 569 3409 2141 3483">
     <span class='ocr_line' id='line_1_35' title="bbox 569 3409 2141 3483; baseline -0.002 -14"><span class='ocrx_word' id='word_1_254' title='bbox 569 3423 746 3469; x_wconf 88' lang='lat' dir='ltr'><strong>utrum</strong></span> <span class='ocrx_word' id='word_1_255' title='bbox 799 3412 1065 3481; x_wconf 90' lang='lat' dir='ltr'><strong>spondeus</strong></span> <span class='ocrx_word' id='word_1_256' title='bbox 1106 3426 1197 3481; x_wconf 87' lang='lat' dir='ltr'><strong>pes</strong></span> <span class='ocrx_word' id='word_1_257' title='bbox 1237 3412 1539 3482; x_wconf 89' lang='lat' dir='ltr'><strong>pyrrhichio</strong></span> <span class='ocrx_word' id='word_1_258' title='bbox 1576 3409 1825 3483; x_wconf 89' lang='lat' dir='ltr'><strong>rhythmo</strong></span> <span class='ocrx_word' id='word_1_259' title='bbox 1865 3413 2028 3481; x_wconf 85' lang='lat' dir='ltr'><strong>possit</strong></span> <span class='ocrx_word' id='word_1_260' title='bbox 2052 3412 2141 3466; x_wconf 88' lang='lat' dir='ltr'><strong>ad-</strong></span> 
     </span>
    </p>
   </div>
   <div class='ocr_carea' id='block_1_36' title="bbox 570 3503 2141 3577">
    <p class='ocr_par' dir='ltr' id='par_1_36' title="bbox 570 3503 2141 3577">
     <span class='ocr_line' id='line_1_36' title="bbox 570 3503 2141 3577; baseline -0.002 -17"><span class='ocrx_word' id='word_1_261' title='bbox 570 3506 739 3577; x_wconf 81' lang='lat' dir='ltr'><strong>jungi.</strong></span> <span class='ocrx_word' id='word_1_262' title='bbox 774 3505 839 3558; x_wconf 80' lang='grc' dir='ltr'><strong>Ι).</strong></span> <span class='ocrx_word' id='word_1_263' title='bbox 868 3504 1021 3559; x_wconf 86' lang='lat' dir='ltr'><strong>Nullo</strong></span> <span class='ocrx_word' id='word_1_264' title='bbox 1048 3504 1206 3558; x_wconf 91' lang='lat' dir='ltr'><strong>modo</strong></span> <span class='ocrx_word' id='word_1_265' title='bbox 1235 3521 1247 3556; x_wconf 91' lang='lat'><strong>:</strong></span> <span class='ocrx_word' id='word_1_266' title='bbox 1279 3519 1381 3557; x_wconf 93' lang='lat' dir='ltr'><strong>non</strong></span> <span class='ocrx_word' id='word_1_267' title='bbox 1409 3505 1551 3558; x_wconf 91' lang='lat' dir='ltr'><strong>enim</strong></span> <span class='ocrx_word' id='word_1_268' title='bbox 1577 3504 1966 3558; x_wconf 87' lang='lat' dir='ltr'><strong>continuabitur</strong></span> <span class='ocrx_word' id='word_1_269' title='bbox 1990 3503 2141 3572; x_wconf 89' lang='lat' dir='ltr'><strong>plau-</strong></span> 
     </span>
    </p>
   </div>
   <div class='ocr_carea' id='block_1_37' title="bbox 570 3595 2146 3670">
    <p class='ocr_par' dir='ltr' id='par_1_37' title="bbox 570 3595 2146 3670">
     <span class='ocr_line' id='line_1_37' title="bbox 570 3595 2146 3670; baseline -0.003 -16"><span class='ocrx_word' id='word_1_270' title='bbox 570 3615 663 3654; x_wconf 92' lang='lat' dir='ltr'><strong>sus</strong></span> <span class='ocrx_word' id='word_1_271' title='bbox 688 3598 937 3670; x_wconf 63' lang='lat' dir='ltr'><strong>a‘qualis;</strong></span> <span class='ocrx_word' id='word_1_272' title='bbox 970 3612 1088 3651; x_wconf 92' lang='lat' dir='ltr'><strong>cum</strong></span> <span class='ocrx_word' id='word_1_273' title='bbox 1119 3597 1309 3651; x_wconf 89' lang='lat' dir='ltr'><strong>levatio</strong></span> <span class='ocrx_word' id='word_1_274' title='bbox 1335 3606 1388 3651; x_wconf 90' lang='lat' dir='ltr'><strong>et</strong></span> <span class='ocrx_word' id='word_1_275' title='bbox 1412 3597 1603 3666; x_wconf 90' lang='lat' dir='ltr'><strong>positio</strong></span> <span class='ocrx_word' id='word_1_276' title='bbox 1633 3597 1682 3649; x_wconf 90' lang='lat' dir='ltr'><strong>in</strong></span> <span class='ocrx_word' id='word_1_277' title='bbox 1711 3595 2011 3666; x_wconf 82' lang='lat' dir='ltr'><strong>pyrrhichio</strong></span> <span class='ocrx_word' id='word_1_278' title='bbox 2038 3596 2146 3649; x_wconf 88' lang='lat' dir='ltr'><strong>sin-</strong></span> 
     </span>
    </p>
   </div>
   <div class='ocr_carea' id='block_1_38' title="bbox 566 3686 2144 3760">
    <p class='ocr_par' dir='ltr' id='par_1_38' title="bbox 566 3686 2144 3760">
     <span class='ocr_line' id='line_1_38' title="bbox 566 3686 2144 3760; baseline -0.003 -15"><span class='ocrx_word' id='word_1_279' title='bbox 566 3692 709 3760; x_wconf 90' lang='lat' dir='ltr'><strong>gula,</strong></span> <span class='ocrx_word' id='word_1_280' title='bbox 733 3690 784 3741; x_wconf 89' lang='lat' dir='ltr'><strong>in</strong></span> <span class='ocrx_word' id='word_1_281' title='bbox 807 3688 1041 3758; x_wconf 79' lang='lat' dir='ltr'><strong>Spondeo</strong></span> <span class='ocrx_word' id='word_1_282' title='bbox 1064 3702 1190 3741; x_wconf 86' lang='lat' dir='ltr'><strong>vero</strong></span> <span class='ocrx_word' id='word_1_283' title='bbox 1210 3687 1331 3741; x_wconf 88' lang='lat' dir='ltr'><strong>bina</strong></span> <span class='ocrx_word' id='word_1_284' title='bbox 1354 3696 1589 3756; x_wconf 89' lang='lat' dir='ltr'><strong>tempora</strong></span> <span class='ocrx_word' id='word_1_285' title='bbox 1609 3695 1838 3741; x_wconf 87' lang='lat' dir='ltr'><strong>teneant.</strong></span> <span class='ocrx_word' id='word_1_286' title='bbox 1858 3686 1934 3739; x_wconf 87' lang='grc' dir='ltr'><strong>Μ.</strong></span> <span class='ocrx_word' id='word_1_287' title='bbox 1966 3688 2144 3741; x_wconf 81' lang='lat' dir='ltr'><strong>P01est</strong></span> 
     </span>
    </p>
   </div>
   <div class='ocr_carea' id='block_1_39' title="bbox 566 3776 2143 3852">
    <p class='ocr_par' dir='ltr' id='par_1_39' title="bbox 566 3776 2143 3852">
     <span class='ocr_line' id='line_1_39' title="bbox 566 3776 2143 3852; baseline -0.003 -15"><span class='ocrx_word' id='word_1_288' title='bbox 566 3797 694 3852; x_wconf 88' lang='lat' dir='ltr'><strong>ergo</strong></span> <span class='ocrx_word' id='word_1_289' title='bbox 724 3780 1162 3851; x_wconf 88' lang='lat' dir='ltr'><strong>proceleumatico</strong></span> <span class='ocrx_word' id='word_1_290' title='bbox 1182 3778 1411 3848; x_wconf 88' lang='lat' dir='ltr'><strong>adjungi.</strong></span> <span class='ocrx_word' id='word_1_291' title='bbox 1436 3776 1503 3831; x_wconf 90' lang='lat' dir='ltr'><strong>D.</strong></span> <span class='ocrx_word' id='word_1_292' title='bbox 1533 3779 1731 3832; x_wconf 89' lang='lat' dir='ltr'><strong>Potest.</strong></span> <span class='ocrx_word' id='word_1_293' title='bbox 1763 3776 1838 3831; x_wconf 87' lang='grc' dir='ltr'><strong>Μ.</strong></span> <span class='ocrx_word' id='word_1_294' title='bbox 1871 3778 2005 3844; x_wconf 88' lang='lat' dir='ltr'><strong>Quid</strong></span> <span class='ocrx_word' id='word_1_295' title='bbox 2024 3794 2143 3833; x_wconf 92' lang='lat' dir='ltr'><strong>cum</strong></span> 
     </span>
    </p>
   </div>
   <div class='ocr_carea' id='block_1_40' title="bbox 565 3868 2143 3943">
    <p class='ocr_par' dir='ltr' id='par_1_40' title="bbox 565 3868 2143 3943">
     <span class='ocr_line' id='line_1_40' title="bbox 565 3868 2143 3943; baseline -0.002 -16"><span class='ocrx_word' id='word_1_296' title='bbox 565 3873 614 3928; x_wconf 92' lang='lat' dir='ltr'><strong>ei</strong></span> <span class='ocrx_word' id='word_1_297' title='bbox 658 3872 995 3943; x_wconf 85' lang='lat' dir='ltr'><strong>adjnngitur?</strong></span> <span class='ocrx_word' id='word_1_298' title='bbox 1046 3870 1352 3939; x_wconf 79' lang='lat' dir='ltr'><strong>interrogati</strong></span> <span class='ocrx_word' id='word_1_299' title='bbox 1401 3878 1575 3923; x_wconf 91' lang='lat' dir='ltr'><strong>utrum</strong></span> <span class='ocrx_word' id='word_1_300' title='bbox 1636 3868 1914 3940; x_wconf 88' lang='lat' dir='ltr'><strong>rhythmus</strong></span> <span class='ocrx_word' id='word_1_301' title='bbox 1960 3885 2143 3937; x_wconf 76' lang='lat' dir='ltr'><strong>proce-</strong></span> 
     </span>
    </p>
   </div>
   <div class='ocr_carea' id='block_1_41' title="bbox 564 3961 2143 4031">
    <p class='ocr_par' dir='ltr' id='par_1_41' title="bbox 564 3961 2143 4031">
     <span class='ocr_line' id='line_1_41' title="bbox 564 3961 2143 4031; baseline -0.002 -12"><span class='ocrx_word' id='word_1_302' title='bbox 564 3965 879 4020; x_wconf 89' lang='lat' dir='ltr'><strong>leumatieus</strong></span> <span class='ocrx_word' id='word_1_303' title='bbox 908 3978 973 4015; x_wconf 89' lang='lat' dir='ltr'><strong>an</strong></span> <span class='ocrx_word' id='word_1_304' title='bbox 1005 3961 1319 4031; x_wconf 90' lang='lat' dir='ltr'><strong>spondiaeus</strong></span> <span class='ocrx_word' id='word_1_305' title='bbox 1362 3961 1459 4026; x_wconf 88' lang='lat' dir='ltr'><strong>sit,</strong></span> <span class='ocrx_word' id='word_1_306' title='bbox 1503 3961 1630 4031; x_wconf 89' lang='lat' dir='ltr'><strong>quid</strong></span> <span class='ocrx_word' id='word_1_307' title='bbox 1659 3962 2143 4030; x_wconf 86' lang='lat' dir='ltr'><strong>respondebimus?</strong></span> 
     </span>
    </p>
   </div>
   <div class='ocr_carea' id='block_1_42' title="bbox 564 4057 2141 4129">
    <p class='ocr_par' dir='ltr' id='par_1_42' title="bbox 564 4057 2141 4129">
     <span class='ocr_line' id='line_1_42' title="bbox 564 4057 2141 4129; baseline -0.003 -12"><span class='ocrx_word' id='word_1_308' title='bbox 564 4061 636 4117; x_wconf 89' lang='lat' dir='ltr'><strong>D.</strong></span> <span class='ocrx_word' id='word_1_309' title='bbox 664 4061 799 4129; x_wconf 91' lang='lat' dir='ltr'><strong>Quid</strong></span> <span class='ocrx_word' id='word_1_310' title='bbox 824 4074 1032 4124; x_wconf 91' lang='lat' dir='ltr'><strong>censes,</strong></span> <span class='ocrx_word' id='word_1_311' title='bbox 1066 4059 1164 4112; x_wconf 91' lang='lat' dir='ltr'><strong>nisi</strong></span> <span class='ocrx_word' id='word_1_312' title='bbox 1195 4057 1431 4127; x_wconf 82' lang='lat' dir='ltr'><strong>Spondeo</strong></span> <span class='ocrx_word' id='word_1_313' title='bbox 1460 4057 1689 4112; x_wconf 90' lang='lat' dir='ltr'><strong>dandum</strong></span> <span class='ocrx_word' id='word_1_314' title='bbox 1719 4073 1837 4114; x_wconf 86' lang='lat' dir='ltr'><strong>esse</strong></span> <span class='ocrx_word' id='word_1_315' title='bbox 1876 4060 2141 4129; x_wconf 89' lang='lat' dir='ltr'><strong>principa-</strong></span> 
     </span>
    </p>
   </div>
   <div class='ocr_carea' id='block_1_43' title="bbox 566 4150 2144 4223">
    <p class='ocr_par' dir='ltr' id='par_1_43' title="bbox 566 4150 2144 4223">
     <span class='ocr_line' id='line_1_43' title="bbox 566 4150 2144 4223; baseline 0 -14"><span class='ocrx_word' id='word_1_316' title='bbox 566 4155 716 4210; x_wconf 89' lang='lat' dir='ltr'><strong>tum?</strong></span> <span class='ocrx_word' id='word_1_317' title='bbox 745 4155 875 4208; x_wconf 87' lang='lat' dir='ltr'><strong>Cum</strong></span> <span class='ocrx_word' id='word_1_318' title='bbox 906 4153 1046 4206; x_wconf 90' lang='lat' dir='ltr'><strong>enim</strong></span> <span class='ocrx_word' id='word_1_319' title='bbox 1074 4153 1258 4221; x_wconf 90' lang='lat' dir='ltr'><strong>plausu</strong></span> <span class='ocrx_word' id='word_1_320' title='bbox 1298 4152 1399 4206; x_wconf 89' lang='lat' dir='ltr'><strong>ista</strong></span> <span class='ocrx_word' id='word_1_321' title='bbox 1436 4150 1793 4207; x_wconf 86' lang='lat' dir='ltr'><strong>controversia</strong></span> <span class='ocrx_word' id='word_1_322' title='bbox 1820 4168 1924 4208; x_wconf 91' lang='lat' dir='ltr'><strong>non</strong></span> <span class='ocrx_word' id='word_1_323' title='bbox 1952 4153 2144 4223; x_wconf 89' lang='lat' dir='ltr'><strong>dijudi-</strong></span> 
     </span>
    </p>
   </div>
   <div class='ocr_carea' id='block_1_44' title="bbox 568 4242 2145 4313">
    <p class='ocr_par' dir='ltr' id='par_1_44' title="bbox 568 4242 2145 4313">
     <span class='ocr_line' id='line_1_44' title="bbox 568 4242 2145 4313; baseline 0.001 -15"><span class='ocrx_word' id='word_1_324' title='bbox 568 4256 738 4308; x_wconf 89' lang='lat' dir='ltr'><strong>cetur,</strong></span> <span class='ocrx_word' id='word_1_325' title='bbox 760 4258 883 4295; x_wconf 87' lang='lat' dir='ltr'><strong>nam</strong></span> <span class='ocrx_word' id='word_1_326' title='bbox 917 4243 967 4295; x_wconf 93' lang='lat' dir='ltr'><strong>in</strong></span> <span class='ocrx_word' id='word_1_327' title='bbox 995 4252 1217 4311; x_wconf 90' lang='lat' dir='ltr'><strong>utroque</strong></span> <span class='ocrx_word' id='word_1_328' title='bbox 1244 4242 1364 4297; x_wconf 90' lang='lat' dir='ltr'><strong>bina</strong></span> <span class='ocrx_word' id='word_1_329' title='bbox 1392 4243 1627 4298; x_wconf 90' lang='lat' dir='ltr'><strong>levamus</strong></span> <span class='ocrx_word' id='word_1_330' title='bbox 1652 4258 1715 4298; x_wconf 89' lang='lat' dir='ltr'><strong>ac</strong></span> <span class='ocrx_word' id='word_1_331' title='bbox 1742 4245 1985 4313; x_wconf 84' lang='lat' dir='ltr'><strong>ponimus</strong></span> <span class='ocrx_word' id='word_1_332' title='bbox 2012 4255 2145 4300; x_wconf 91' lang='lat' dir='ltr'><strong>tem-</strong></span> 
     </span>
    </p>
   </div>
   <div class='ocr_carea' id='block_1_45' title="bbox 568 4332 2142 4407">
    <p class='ocr_par' dir='ltr' id='par_1_45' title="bbox 568 4332 2142 4407">
     <span class='ocr_line' id='line_1_45' title="bbox 568 4332 2142 4407; baseline 0.002 -18"><span class='ocrx_word' id='word_1_333' title='bbox 568 4350 733 4407; x_wconf 90' lang='lat' dir='ltr'><strong>pora;</strong></span> <span class='ocrx_word' id='word_1_334' title='bbox 766 4332 890 4403; x_wconf 88' lang='lat' dir='ltr'><strong>quid</strong></span> <span class='ocrx_word' id='word_1_335' title='bbox 914 4333 1053 4388; x_wconf 88' lang='lat' dir='ltr'><strong>aliud</strong></span> <span class='ocrx_word' id='word_1_336' title='bbox 1083 4341 1265 4397; x_wconf 89' lang='lat' dir='ltr'><strong>restat,</strong></span> <span class='ocrx_word' id='word_1_337' title='bbox 1302 4334 1404 4388; x_wconf 90' lang='lat' dir='ltr'><strong>nisi</strong></span> <span class='ocrx_word' id='word_1_338' title='bbox 1430 4343 1486 4388; x_wconf 92' lang='lat' dir='ltr'><strong>ut</strong></span> <span class='ocrx_word' id='word_1_339' title='bbox 1511 4334 1599 4390; x_wconf 93' lang='lat' dir='ltr'><strong>ille</strong></span> <span class='ocrx_word' id='word_1_340' title='bbox 1634 4345 1817 4406; x_wconf 90' lang='lat' dir='ltr'><strong>regnet</strong></span> <span class='ocrx_word' id='word_1_341' title='bbox 1842 4337 1930 4405; x_wconf 90' lang='lat' dir='ltr'><strong>qui</strong></span> <span class='ocrx_word' id='word_1_342' title='bbox 1954 4337 2004 4390; x_wconf 92' lang='lat' dir='ltr'><strong>in</strong></span> <span class='ocrx_word' id='word_1_343' title='bbox 2026 4336 2142 4406; x_wconf 88' lang='lat' dir='ltr'><strong>ipso</strong></span> 
     </span>
    </p>
   </div>
   <div class='ocr_carea' id='block_1_46' title="bbox 567 4422 2142 4499">
    <p class='ocr_par' dir='ltr' id='par_1_46' title="bbox 567 4422 2142 4499">
     <span class='ocr_line' id='line_1_46' title="bbox 567 4422 2142 4499; baseline 0.004 -22"><span class='ocrx_word' id='word_1_344' title='bbox 567 4424 760 4496; x_wconf 89' lang='lat' dir='ltr'><strong>pedum</strong></span> <span class='ocrx_word' id='word_1_345' title='bbox 789 4423 973 4477; x_wconf 90' lang='lat' dir='ltr'><strong>ordine</strong></span> <span class='ocrx_word' id='word_1_346' title='bbox 999 4425 1144 4499; x_wconf 92' lang='lat' dir='ltr'><strong>prior</strong></span> <span class='ocrx_word' id='word_1_347' title='bbox 1161 4424 1279 4478; x_wconf 91' lang='lat' dir='ltr'><strong>est?</strong></span> <span class='ocrx_word' id='word_1_348' title='bbox 1295 4422 1372 4477; x_wconf 85' lang='grc' dir='ltr'><strong>Μ.</strong></span> <span class='ocrx_word' id='word_1_349' title='bbox 1393 4425 1671 4480; x_wconf 89' lang='lat' dir='ltr'><strong>Rationem</strong></span> <span class='ocrx_word' id='word_1_350' title='bbox 1694 4434 1745 4480; x_wconf 92' lang='lat' dir='ltr'><strong>te</strong></span> <span class='ocrx_word' id='word_1_351' title='bbox 1766 4437 2003 4482; x_wconf 90' lang='lat' dir='ltr'><strong>secutum</strong></span> <span class='ocrx_word' id='word_1_352' title='bbox 2023 4444 2142 4484; x_wconf 90' lang='lat' dir='ltr'><strong>esse</strong></span> 
     </span>
    </p>
   </div>
   <div class='ocr_carea' id='block_1_47' title="bbox 573 4514 2138 4589">
    <p class='ocr_par' dir='ltr' id='par_1_47' title="bbox 573 4514 2138 4589">
     <span class='ocr_line' id='line_1_47' title="bbox 573 4514 2138 4589; baseline 0.001 -17"><span class='ocrx_word' id='word_1_353' title='bbox 573 4517 704 4572; x_wconf 88' lang='lat' dir='ltr'><strong>satis</strong></span> <span class='ocrx_word' id='word_1_354' title='bbox 732 4514 999 4584; x_wconf 89' lang='lat' dir='ltr'><strong>approbo;</strong></span> <span class='ocrx_word' id='word_1_355' title='bbox 1032 4525 1085 4568; x_wconf 86' lang='lat' dir='ltr'><strong>et</strong></span> <span class='ocrx_word' id='word_1_356' title='bbox 1112 4515 1277 4579; x_wconf 88' lang='lat' dir='ltr'><strong>vides,</strong></span> <span class='ocrx_word' id='word_1_357' title='bbox 1322 4524 1378 4568; x_wconf 95' lang='lat' dir='ltr'><strong>ut</strong></span> <span class='ocrx_word' id='word_1_358' title='bbox 1414 4516 1660 4581; x_wconf 89' lang='lat' dir='ltr'><strong>arbitror,</strong></span> <span class='ocrx_word' id='word_1_359' title='bbox 1699 4518 1825 4587; x_wconf 91' lang='lat' dir='ltr'><strong>quid</strong></span> <span class='ocrx_word' id='word_1_360' title='bbox 1866 4529 2138 4589; x_wconf 86' lang='lat' dir='ltr'><strong>sequatur.</strong></span> 
     </span>
    </p>
   </div>
   <div class='ocr_carea' id='block_1_48' title="bbox 566 4605 2141 4685">
    <p class='ocr_par' dir='ltr' id='par_1_48' title="bbox 566 4605 2141 4685">
     <span class='ocr_line' id='line_1_48' title="bbox 566 4605 2141 4685; baseline 0.004 -24"><span class='ocrx_word' id='word_1_361' title='bbox 566 4606 637 4661; x_wconf 87' lang='lat' dir='ltr'><strong>D.</strong></span> <span class='ocrx_word' id='word_1_362' title='bbox 659 4605 794 4672; x_wconf 86' lang='lat' dir='ltr'><strong>Quid</strong></span> <span class='ocrx_word' id='word_1_363' title='bbox 826 4605 1075 4685; x_wconf 79' lang='lat' dir='ltr'><strong>tandem?</strong></span> <span class='ocrx_word' id='word_1_364' title='bbox 1098 4605 1173 4659; x_wconf 84' lang='grc' dir='ltr'><strong>Μ.</strong></span> <span class='ocrx_word' id='word_1_365' title='bbox 1198 4606 1331 4673; x_wconf 87' lang='lat' dir='ltr'><strong>Quid</strong></span> <span class='ocrx_word' id='word_1_366' title='bbox 1370 4616 1540 4676; x_wconf 87' lang='lat' dir='ltr'><strong>putas,</strong></span> <span class='ocrx_word' id='word_1_367' title='bbox 1570 4608 1670 4663; x_wconf 85' lang='lat' dir='ltr'><strong>nisi</strong></span> <span class='ocrx_word' id='word_1_368' title='bbox 1699 4610 2141 4678; x_wconf 89' lang='lat' dir='ltr'><strong>proceleumatico</strong></span> 
     </span>
    </p>
   </div>
   <div class='ocr_carea' id='block_1_49' title="bbox 560 4697 2141 4773">
    <p class='ocr_par' dir='ltr' id='par_1_49' title="bbox 560 4697 2141 4773">
     <span class='ocr_line' id='line_1_49' title="bbox 560 4697 2141 4773; baseline 0.004 -19"><span class='ocrx_word' id='word_1_369' title='bbox 560 4699 809 4771; x_wconf 89' lang='lat' dir='ltr'><strong>rhythmo</strong></span> <span class='ocrx_word' id='word_1_370' title='bbox 825 4701 844 4730; x_wconf 80' lang='grc'>³</span> <span class='ocrx_word' id='word_1_371' title='bbox 862 4697 1061 4751; x_wconf 90' lang='lat' dir='ltr'><strong>nullum</strong></span> <span class='ocrx_word' id='word_1_372' title='bbox 1083 4700 1241 4753; x_wconf 90' lang='lat' dir='ltr'><strong>alium</strong></span> <span class='ocrx_word' id='word_1_373' title='bbox 1266 4700 1449 4769; x_wconf 89' lang='lat' dir='ltr'><strong>pedem</strong></span> <span class='ocrx_word' id='word_1_374' title='bbox 1462 4716 1620 4771; x_wconf 91' lang='lat' dir='ltr'><strong>posse</strong></span> <span class='ocrx_word' id='word_1_375' title='bbox 1638 4703 1878 4758; x_wconf 87' lang='lat' dir='ltr'><strong>misceri?</strong></span> <span class='ocrx_word' id='word_1_376' title='bbox 1894 4706 2141 4773; x_wconf 87' lang='lat' dir='ltr'><strong>quoniam</strong></span> 
     </span>
    </p>
   </div>
   <div class='ocr_carea' id='block_1_50' title="bbox 564 4791 2139 4861">
    <p class='ocr_par' dir='ltr' id='par_1_50' title="bbox 564 4791 2139 4861">
     <span class='ocr_line' id='line_1_50' title="bbox 564 4791 2139 4861; baseline 0.003 -15"><span class='ocrx_word' id='word_1_377' title='bbox 564 4792 803 4861; x_wconf 89' lang='lat' dir='ltr'><strong>quisquis</strong></span> <span class='ocrx_word' id='word_1_378' title='bbox 843 4792 1148 4845; x_wconf 90' lang='lat' dir='ltr'><strong>miscebitur</strong></span> <span class='ocrx_word' id='word_1_379' title='bbox 1193 4791 1408 4845; x_wconf 90' lang='lat' dir='ltr'><strong>totidem</strong></span> <span class='ocrx_word' id='word_1_380' title='bbox 1462 4801 1797 4861; x_wconf 90' lang='lat' dir='ltr'><strong>temporum,</strong></span> <span class='ocrx_word' id='word_1_381' title='bbox 1846 4810 1951 4848; x_wconf 90' lang='lat' dir='ltr'><strong>non</strong></span> <span class='ocrx_word' id='word_1_382' title='bbox 2000 4797 2139 4851; x_wconf 90' lang='lat' dir='ltr'><strong>cnim</strong></span> 
     </span>
    </p>
   </div>
   <div class='ocr_carea' id='block_1_51' title="bbox 563 4880 2142 4952">
    <p class='ocr_par' dir='ltr' id='par_1_51' title="bbox 563 4880 2142 4952">
     <span class='ocr_line' id='line_1_51' title="bbox 563 4880 2142 4952; baseline 0.004 -16"><span class='ocrx_word' id='word_1_383' title='bbox 563 4882 717 4937; x_wconf 89' lang='lat' dir='ltr'><strong>aliter</strong></span> <span class='ocrx_word' id='word_1_384' title='bbox 744 4890 914 4951; x_wconf 88' lang='lat' dir='ltr'><strong>potest</strong></span> <span class='ocrx_word' id='word_1_385' title='bbox 941 4880 1182 4949; x_wconf 88' lang='lat' dir='ltr'><strong>misceri,</strong></span> <span class='ocrx_word' id='word_1_386' title='bbox 1210 4881 1262 4935; x_wconf 93' lang='lat' dir='ltr'><strong>in</strong></span> <span class='ocrx_word' id='word_1_387' title='bbox 1288 4896 1407 4935; x_wconf 90' lang='lat' dir='ltr'><strong>eum</strong></span> <span class='ocrx_word' id='word_1_388' title='bbox 1434 4883 1667 4952; x_wconf 84' lang='lat' dir='ltr'><strong>rhythmi</strong></span> <span class='ocrx_word' id='word_1_389' title='bbox 1694 4900 1889 4940; x_wconf 87' lang='lat' dir='ltr'><strong>nomen</strong></span> <span class='ocrx_word' id='word_1_390' title='bbox 1918 4887 2142 4942; x_wconf 83' lang='lat' dir='ltr'><strong>transfe-</strong></span> 
     </span>
    </p>
   </div>
   <div class='ocr_carea' id='block_1_52' title="bbox 560 4972 2140 5049">
    <p class='ocr_par' dir='ltr' id='par_1_52' title="bbox 560 4972 2140 5049">
     <span class='ocr_line' id='line_1_52' title="bbox 560 4972 2140 5049; baseline 0.003 -21"><span class='ocrx_word' id='word_1_391' title='bbox 560 4982 709 5029; x_wconf 64' lang='lat' dir='ltr'><strong>ratur</strong></span> <span class='ocrx_word' id='word_1_392' title='bbox 739 4988 956 5027; x_wconf 90' lang='lat' dir='ltr'><strong>necesse</strong></span> <span class='ocrx_word' id='word_1_393' title='bbox 983 4982 1083 5028; x_wconf 88' lang='lat' dir='ltr'><strong>est.</strong></span> <span class='ocrx_word' id='word_1_394' title='bbox 1112 4972 1310 5027; x_wconf 89' lang='lat' dir='ltr'><strong>Omnes</strong></span> <span class='ocrx_word' id='word_1_395' title='bbox 1340 4974 1479 5028; x_wconf 90' lang='lat' dir='ltr'><strong>enim</strong></span> <span class='ocrx_word' id='word_1_396' title='bbox 1510 4976 1712 5043; x_wconf 90' lang='lat' dir='ltr'><strong>priores</strong></span> <span class='ocrx_word' id='word_1_397' title='bbox 1751 4975 1839 5031; x_wconf 87' lang='lat' dir='ltr'><strong>illo</strong></span> <span class='ocrx_word' id='word_1_398' title='bbox 1877 4987 2020 5045; x_wconf 90' lang='lat' dir='ltr'><strong>sunt,</strong></span> <span class='ocrx_word' id='word_1_399' title='bbox 2052 4980 2140 5049; x_wconf 88' lang='lat' dir='ltr'><strong>qui</strong></span> 
     </span>
    </p>
   </div>
   <div class='ocr_carea' id='block_1_53' title="bbox 564 5063 2142 5138">
    <p class='ocr_par' dir='ltr' id='par_1_53' title="bbox 564 5063 2142 5138">
     <span class='ocr_line' id='line_1_53' title="bbox 564 5063 2142 5138; baseline 0.003 -19"><span class='ocrx_word' id='word_1_400' title='bbox 564 5063 780 5122; x_wconf 85' lang='lat' dir='ltr'><strong>totidem</strong></span> <span class='ocrx_word' id='word_1_401' title='bbox 802 5063 1129 5133; x_wconf 87' lang='lat' dir='ltr'><strong>temporibus</strong></span> <span class='ocrx_word' id='word_1_402' title='bbox 1151 5072 1413 5118; x_wconf 88' lang='lat' dir='ltr'><strong>constant.</strong></span> <span class='ocrx_word' id='word_1_403' title='bbox 1444 5065 1510 5117; x_wconf 86' lang='lat' dir='ltr'><strong>Et</strong></span> <span class='ocrx_word' id='word_1_404' title='bbox 1534 5066 1781 5133; x_wconf 86' lang='lat' dir='ltr'><strong>quoniam</strong></span> <span class='ocrx_word' id='word_1_405' title='bbox 1804 5066 1866 5120; x_wconf 88' lang='lat' dir='ltr'><strong>iis</strong></span> <span class='ocrx_word' id='word_1_406' title='bbox 1891 5068 1979 5136; x_wconf 88' lang='lat' dir='ltr'><strong>qui</strong></span> <span class='ocrx_word' id='word_1_407' title='bbox 2000 5071 2142 5138; x_wconf 82' lang='lat' dir='ltr'><strong>prio-</strong></span> 
     </span>
    </p>
   </div>
   <div class='ocr_carea' id='block_1_54' title="bbox 569 5153 2137 5227">
    <p class='ocr_par' dir='ltr' id='par_1_54' title="bbox 569 5153 2137 5227">
     <span class='ocr_line' id='line_1_54' title="bbox 569 5153 2137 5227; baseline 0.004 -18"><span class='ocrx_word' id='word_1_408' title='bbox 569 5170 655 5211; x_wconf 89' lang='lat' dir='ltr'><strong>res</strong></span> <span class='ocrx_word' id='word_1_409' title='bbox 686 5155 887 5210; x_wconf 90' lang='lat' dir='ltr'><strong>inventi</strong></span> <span class='ocrx_word' id='word_1_410' title='bbox 919 5153 1149 5221; x_wconf 82' lang='lat' dir='ltr'><strong>luerint,</strong></span> <span class='ocrx_word' id='word_1_411' title='bbox 1194 5155 1338 5223; x_wconf 88' lang='lat' dir='ltr'><strong>cogit</strong></span> <span class='ocrx_word' id='word_1_412' title='bbox 1381 5170 1482 5209; x_wconf 91' lang='lat' dir='ltr'><strong>nos</strong></span> <span class='ocrx_word' id='word_1_413' title='bbox 1531 5157 1698 5221; x_wconf 89' lang='lat' dir='ltr'><strong>ratio,</strong></span> <span class='ocrx_word' id='word_1_414' title='bbox 1762 5174 1916 5227; x_wconf 85' lang='lat' dir='ltr'><strong>quam</strong></span> <span class='ocrx_word' id='word_1_415' title='bbox 1962 5161 2137 5217; x_wconf 88' lang='lat' dir='ltr'><strong>vidisti</strong></span> 
     </span>
    </p>
   </div>
   <div class='ocr_carea' id='block_1_55' title="bbox 563 5245 2136 5323">
    <p class='ocr_par' dir='ltr' id='par_1_55' title="bbox 563 5245 2136 5323">
     <span class='ocr_line' id='line_1_55' title="bbox 563 5245 2136 5323; baseline 0.007 -24"><span class='ocrx_word' id='word_1_416' title='bbox 563 5246 917 5315; x_wconf 88' lang='lat' dir='ltr'><strong>principatum</strong></span> <span class='ocrx_word' id='word_1_417' title='bbox 944 5245 1093 5311; x_wconf 91' lang='lat' dir='ltr'><strong>dare,</strong></span> <span class='ocrx_word' id='word_1_418' title='bbox 1120 5246 1171 5299; x_wconf 92' lang='lat' dir='ltr'><strong>id</strong></span> <span class='ocrx_word' id='word_1_419' title='bbox 1193 5254 1293 5311; x_wconf 91' lang='lat' dir='ltr'><strong>est,</strong></span> <span class='ocrx_word' id='word_1_420' title='bbox 1322 5262 1384 5300; x_wconf 80' lang='lat' dir='ltr'><strong>ex</strong></span> <span class='ocrx_word' id='word_1_421' title='bbox 1403 5261 1468 5301; x_wconf 89' lang='lat' dir='ltr'><strong>eo</strong></span> <span class='ocrx_word' id='word_1_422' title='bbox 1483 5247 1788 5319; x_wconf 91' lang='lat' dir='ltr'><strong>rhythmum</strong></span> <span class='ocrx_word' id='word_1_423' title='bbox 1807 5268 2136 5323; x_wconf 88' lang='lat' dir='ltr'><strong>nuncupare;</strong></span> 
     </span>
    </p>
   </div>
   <div class='ocr_carea' id='block_1_56' title="bbox 563 5337 2141 5415">
    <p class='ocr_par' dir='ltr' id='par_1_56' title="bbox 563 5337 2141 5415">
     <span class='ocr_line' id='line_1_56' title="bbox 563 5337 2141 5415; baseline 0.008 -23"><span class='ocrx_word' id='word_1_424' title='bbox 563 5353 669 5394; x_wconf 92' lang='lat' dir='ltr'><strong>non</strong></span> <span class='ocrx_word' id='word_1_425' title='bbox 700 5338 801 5393; x_wconf 91' lang='lat' dir='ltr'><strong>erit</strong></span> <span class='ocrx_word' id='word_1_426' title='bbox 838 5338 945 5406; x_wconf 88' lang='lat' dir='ltr'><strong>jam</strong></span> <span class='ocrx_word' id='word_1_427' title='bbox 978 5337 1452 5406; x_wconf 83' lang='lat' dir='ltr'><strong>proceleumaticus</strong></span> <span class='ocrx_word' id='word_1_428' title='bbox 1497 5339 1793 5411; x_wconf 89' lang='lat' dir='ltr'><strong>rhythmus,</strong></span> <span class='ocrx_word' id='word_1_429' title='bbox 1825 5345 2002 5415; x_wconf 85' lang='lat' dir='ltr'><strong>aliquo</strong></span> <span class='ocrx_word' id='word_1_430' title='bbox 2036 5349 2141 5405; x_wconf 89' lang='lat' dir='ltr'><strong>alio</strong></span> 
     </span>
    </p>
   </div>
   <div class='ocr_carea' id='block_1_57' title="bbox 624 5446 1313 5510">
    <p class='ocr_par' dir='ltr' id='par_1_57' title="bbox 624 5446 1313 5510">
     <span class='ocr_line' id='line_1_57' title="bbox 624 5446 1313 5510; baseline 0.003 -13"><span class='ocrx_word' id='word_1_431' title='bbox 624 5450 643 5480; x_wconf 77' lang='grc' dir='ltr'><strong><em>ι</em></strong></span> <span class='ocrx_word' id='word_1_432' title='bbox 663 5446 1131 5510; x_wconf 52' lang='lat' dir='ltr'><strong>Decerniduxtalls.</strong></span> <span class='ocrx_word' id='word_1_433' title='bbox 1151 5457 1200 5498; x_wconf 75' lang='grc' dir='ltr'><strong>Α.</strong></span> <span class='ocrx_word' id='word_1_434' title='bbox 1256 5456 1313 5499; x_wconf 82' lang='grc' dir='ltr'><strong>ιι.</strong></span> 
     </span>
    </p>
   </div>
   <div class='ocr_carea' id='block_1_58' title="bbox 564 5507 2143 5587">
    <p class='ocr_par' dir='ltr' id='par_1_58' title="bbox 564 5507 2143 5587">
     <span class='ocr_line' id='line_1_58' title="bbox 564 5507 2143 5587; baseline 0.017 -35"><span class='ocrx_word' id='word_1_435' title='bbox 564 5512 619 5587; x_wconf 53' lang='grc' dir='ltr'>τί</span> <span class='ocrx_word' id='word_1_436' title='bbox 627 5507 1073 5587; x_wconf 48' lang='lat' dir='ltr'><strong>ing.</strong></span> <span class='ocrx_word' id='word_1_437' title='bbox 1082 5510 1180 5563; x_wconf 63' lang='grc' dir='ltr'><strong>ηἱηςὶ</strong></span> <span class='ocrx_word' id='word_1_438' title='bbox 1190 5516 1289 5587; x_wconf 45' lang='lat' dir='ltr'><strong>eam</strong></span> <span class='ocrx_word' id='word_1_439' title='bbox 1302 5514 1692 5575; x_wconf 78' lang='lat' dir='ltr'><strong>proceleumatico</strong></span> <span class='ocrx_word' id='word_1_440' title='bbox 1864 5524 2143 5587; x_wconf 74' lang='lat' dir='ltr'><strong>pyrrhichio</strong></span> 
     </span>
    </p>
   </div>
   <div class='ocr_carea' id='block_1_59' title="bbox 492 5570 2143 5647">
    <p class='ocr_par' dir='ltr' id='par_1_59' title="bbox 492 5570 2143 5647">
     <span class='ocr_line' id='line_1_59' title="bbox 492 5570 2143 5647; baseline -0.007 4"><span class='ocrx_word' id='word_1_441' title='bbox 492 5594 497 5601; x_wconf 92' lang='lat'><strong>&#39;</strong></span> <span class='ocrx_word' id='word_1_442' title='bbox 558 5570 785 5647; x_wconf 53' lang='lat' dir='ltr'><strong>“MM?</strong></span> <span class='ocrx_word' id='word_1_443' title='bbox 808 5570 1085 5647; x_wconf 60' lang='lat' dir='ltr'><strong>_-&#39;_°.9?&#39;“Pte</strong></span> <span class='ocrx_word' id='word_1_444' title='bbox 1108 5570 1352 5647; x_wconf 58' lang='grc' dir='ltr'><strong>υνοτβειὸά</strong></span> <span class='ocrx_word' id='word_1_445' title='bbox 1379 5588 1488 5626; x_wconf 79' lang='lat' dir='ltr'><strong>nam</strong></span> <span class='ocrx_word' id='word_1_446' title='bbox 1513 5570 2143 5647; x_wconf 57' lang='grc' dir='ltr'><strong>θυωρῑὴιιίοιιῖιῖἐόῶιὶᾶ</strong></span> 
     </span>
    </p>
   </div>
   <div class='ocr_carea' id='block_1_60' title="bbox 560 5631 2142 5705">
    <p class='ocr_par' dir='ltr' id='par_1_60' title="bbox 560 5631 2142 5705">
     <span class='ocr_line' id='line_1_60' title="bbox 560 5631 2142 5705; baseline 0.014 -25"><span class='ocrx_word' id='word_1_447' title='bbox 560 5631 686 5705; x_wconf 71' lang='lat' dir='ltr'><strong>glios</strong></span> <span class='ocrx_word' id='word_1_448' title='bbox 700 5633 939 5705; x_wconf 54' lang='lat' dir='ltr'><strong>precedat</strong></span> <span class='ocrx_word' id='word_1_449' title='bbox 954 5631 1145 5705; x_wconf 77' lang='lat' dir='ltr'><strong>pedes,</strong></span> <span class='ocrx_word' id='word_1_450' title='bbox 1158 5637 1224 5705; x_wconf 30' lang='lat' dir='ltr'><strong>.ei</strong></span> <span class='ocrx_word' id='word_1_451' title='bbox 1238 5631 1813 5705; x_wconf 69' lang='lat' dir='ltr'><strong>maleaceommodaretur</strong></span> <span class='ocrx_word' id='word_1_452' title='bbox 1838 5631 1959 5699; x_wconf 57' lang='grc' dir='ltr'><strong>ὦῶ</strong></span> <span class='ocrx_word' id='word_1_453' title='bbox 1976 5631 2142 5701; x_wconf 59' lang='lat' dir='ltr'><strong>3172i;</strong></span> 
     </span>
    </p>
   </div>
   <div class='ocr_carea' id='block_1_61' title="bbox 565 5695 2142 5807">
    <p class='ocr_par' dir='ltr' id='par_1_61' title="bbox 565 5695 2142 5807">
     <span class='ocr_line' id='line_1_61' title="bbox 565 5695 2142 5807; baseline 0.018 -68"><span class='ocrx_word' id='word_1_454' title='bbox 565 5695 753 5807; x_wconf 49' lang='lat'><strong>23:33.0</strong></span> <span class='ocrx_word' id='word_1_455' title='bbox 766 5696 1015 5805; x_wconf 56' lang='lat' dir='ltr'><strong>llsubjecta,</strong></span> <span class='ocrx_word' id='word_1_456' title='bbox 1031 5710 1139 5759; x_wconf 64' lang='lat' dir='ltr'><strong>quae</strong></span> <span class='ocrx_word' id='word_1_457' title='bbox 1155 5699 1204 5747; x_wconf 91' lang='lat' dir='ltr'><strong>in</strong></span> <span class='ocrx_word' id='word_1_458' title='bbox 1218 5698 1673 5760; x_wconf 86' lang='lat' dir='ltr'><strong>proceleumaticum</strong></span> <span class='ocrx_word' id='word_1_459' title='bbox 1686 5695 2142 5765; x_wconf 59' lang='lat' dir='ltr'><strong>movemenussime</strong></span> 
     </span>
    </p>
   </div>
   <div class='ocr_carea' id='block_1_62' title="bbox 1726 347 2629 417">
    <p class='ocr_par' dir='ltr' id='par_1_62' title="bbox 1726 347 2629 417">
     <span class='ocr_line' id='line_1_62' title="bbox 1726 347 2629 417; baseline 0.001 -11"><span class='ocrx_word' id='word_1_460' title='bbox 1726 351 1816 408; x_wconf 86' lang='lat' dir='ltr'><strong>DE</strong></span> <span class='ocrx_word' id='word_1_461' title='bbox 1850 349 2126 417; x_wconf 82' lang='lat' dir='ltr'><strong>MUSICA,</strong></span> <span class='ocrx_word' id='word_1_462' title='bbox 2167 347 2225 405; x_wconf 89' lang='lat' dir='ltr'><strong>S.</strong></span> <span class='ocrx_word' id='word_1_463' title='bbox 2264 348 2629 409; x_wconf 83' lang='lat' dir='ltr'><strong>AUGUSTINI</strong></span> 
     </span>
    </p>
   </div>
   <div class='ocr_carea' id='block_1_63' title="bbox 3687 360 3839 418">
    <p class='ocr_par' dir='ltr' id='par_1_63' title="bbox 3687 360 3839 418">
     <span class='ocr_line' id='line_1_63' title="bbox 3687 360 3839 418; baseline 0.007 -1"><span class='ocrx_word' id='word_1_464' title='bbox 3687 360 3839 418; x_wconf 72' lang='lat'><strong>“20</strong></span> 
     </span>
    </p>
   </div>
   <div class='ocr_carea' id='block_1_64' title="bbox 2246 468 3837 548">
    <p class='ocr_par' dir='ltr' id='par_1_64' title="bbox 2246 468 3837 548">
     <span class='ocr_line' id='line_1_64' title="bbox 2246 468 3837 548; baseline 0.01 -32"><span class='ocrx_word' id='word_1_465' title='bbox 2246 472 2471 532; x_wconf 84' lang='lat' dir='ltr'><strong>quatuor</strong></span> <span class='ocrx_word' id='word_1_466' title='bbox 2504 474 2801 536; x_wconf 89' lang='lat' dir='ltr'><strong>temporum</strong></span> <span class='ocrx_word' id='word_1_467' title='bbox 2829 468 2996 525; x_wconf 82' lang='lat' dir='ltr'><strong>mixto</strong></span> <span class='ocrx_word' id='word_1_468' title='bbox 3014 510 3030 539; x_wconf 92' lang='lat'><strong>,</strong></span> <span class='ocrx_word' id='word_1_469' title='bbox 3062 469 3157 527; x_wconf 89' lang='lat' dir='ltr'><strong>sed</strong></span> <span class='ocrx_word' id='word_1_470' title='bbox 3181 472 3500 542; x_wconf 87' lang='lat' dir='ltr'><strong>spondiacus</strong></span> <span class='ocrx_word' id='word_1_471' title='bbox 3526 483 3619 529; x_wconf 87' lang='lat' dir='ltr'><strong>aut</strong></span> <span class='ocrx_word' id='word_1_472' title='bbox 3645 472 3837 548; x_wconf 86' lang='lat' dir='ltr'><strong>dacty-</strong></span> 
     </span>
    </p>
   </div>
   <div class='ocr_carea' id='block_1_65' title="bbox 2247 555 3829 633">
    <p class='ocr_par' dir='ltr' id='par_1_65' title="bbox 2247 555 3829 633">
     <span class='ocr_line' id='line_1_65' title="bbox 2247 555 3829 633; baseline 0.009 -23"><span class='ocrx_word' id='word_1_473' title='bbox 2247 555 2378 611; x_wconf 94' lang='lat' dir='ltr'><strong>licus</strong></span> <span class='ocrx_word' id='word_1_474' title='bbox 2405 567 2498 612; x_wconf 87' lang='lat' dir='ltr'><strong>aut</strong></span> <span class='ocrx_word' id='word_1_475' title='bbox 2527 560 2894 629; x_wconf 69' lang='lat' dir='ltr'><strong>anapaesticus.</strong></span> <span class='ocrx_word' id='word_1_476' title='bbox 2940 561 3393 633; x_wconf 84' lang='lat' dir='ltr'><strong>Amphibrachum</strong></span> <span class='ocrx_word' id='word_1_477' title='bbox 3431 567 3571 621; x_wconf 91' lang='lat' dir='ltr'><strong>enim</strong></span> <span class='ocrx_word' id='word_1_478' title='bbox 3597 568 3667 624; x_wconf 91' lang='lat' dir='ltr'><strong>ab</strong></span> <span class='ocrx_word' id='word_1_479' title='bbox 3692 566 3829 624; x_wconf 84' lang='lat' dir='ltr'><strong>isto-</strong></span> 
     </span>
    </p>
   </div>
   <div class='ocr_carea' id='block_1_66' title="bbox 2246 650 3827 718">
    <p class='ocr_par' dir='ltr' id='par_1_66' title="bbox 2246 650 3827 718">
     <span class='ocr_line' id='line_1_66' title="bbox 2246 650 3827 718; baseline 0.011 -18"><span class='ocrx_word' id='word_1_480' title='bbox 2246 661 2367 701; x_wconf 90' lang='lat' dir='ltr'><strong>rum</strong></span> <span class='ocrx_word' id='word_1_481' title='bbox 2430 650 2763 718; x_wconf 90' lang='lat' dir='ltr'><strong>copulationc</strong></span> <span class='ocrx_word' id='word_1_482' title='bbox 2807 668 3147 709; x_wconf 91' lang='lat' dir='ltr'><strong>numerorum</strong></span> <span class='ocrx_word' id='word_1_483' title='bbox 3206 664 3351 712; x_wconf 85' lang='lat' dir='ltr'><strong>recte</strong></span> <span class='ocrx_word' id='word_1_484' title='bbox 3398 667 3664 714; x_wconf 88' lang='lat' dir='ltr'><strong>remotum</strong></span> <span class='ocrx_word' id='word_1_485' title='bbox 3703 675 3827 717; x_wconf 84' lang='lat' dir='ltr'><strong>esse</strong></span> 
     </span>
    </p>
   </div>
   <div class='ocr_carea' id='block_1_67' title="bbox 2245 741 3093 802">
    <p class='ocr_par' dir='ltr' id='par_1_67' title="bbox 2245 741 3093 802">
     <span class='ocr_line' id='line_1_67' title="bbox 2245 741 3093 802; baseline 0.007 -9"><span class='ocrx_word' id='word_1_486' title='bbox 2245 741 2509 795; x_wconf 89' lang='lat' dir='ltr'><strong>convenit.</strong></span> <span class='ocrx_word' id='word_1_487' title='bbox 2535 742 2604 796; x_wconf 77' lang='grc' dir='ltr'><strong>Β.</strong></span> <span class='ocrx_word' id='word_1_488' title='bbox 2634 742 2827 798; x_wconf 87' lang='lat' dir='ltr'><strong>Fateor</strong></span> <span class='ocrx_word' id='word_1_489' title='bbox 2852 743 2925 800; x_wconf 83' lang='lat' dir='ltr'><strong>ita</strong></span> <span class='ocrx_word' id='word_1_490' title='bbox 2952 760 3093 802; x_wconf 90' lang='lat' dir='ltr'><strong>esse.</strong></span> 
     </span>
    </p>
   </div>
   <div class='ocr_carea' id='block_1_68' title="bbox 2250 832 3825 907">
    <p class='ocr_par' dir='ltr' id='par_1_68' title="bbox 2250 832 3825 907">
     <span class='ocr_line' id='line_1_68' title="bbox 2250 832 3825 907; baseline 0.008 -21"><span class='ocrx_word' id='word_1_491' title='bbox 2250 839 2257 867; x_wconf 75' lang='grc' dir='ltr'><strong>ί</strong></span> <span class='ocrx_word' id='word_1_492' title='bbox 2316 832 2369 887; x_wconf 89' lang='lat'><strong>9.</strong></span> <span class='ocrx_word' id='word_1_493' title='bbox 2421 833 2497 888; x_wconf 89' lang='grc' dir='ltr'><strong>Μ.</strong></span> <span class='ocrx_word' id='word_1_494' title='bbox 2532 834 2683 890; x_wconf 89' lang='lat' dir='ltr'><strong>Nunc</strong></span> <span class='ocrx_word' id='word_1_495' title='bbox 2717 851 2843 907; x_wconf 89' lang='lat' dir='ltr'><strong>ergo</strong></span> <span class='ocrx_word' id='word_1_496' title='bbox 2881 853 2946 892; x_wconf 85' lang='lat' dir='ltr'><strong>ex</strong></span> <span class='ocrx_word' id='word_1_497' title='bbox 2992 838 3179 894; x_wconf 90' lang='lat' dir='ltr'><strong>ordine</strong></span> <span class='ocrx_word' id='word_1_498' title='bbox 3218 840 3498 897; x_wconf 89' lang='lat' dir='ltr'><strong>considera</strong></span> <span class='ocrx_word' id='word_1_499' title='bbox 3528 841 3825 899; x_wconf 86' lang='lat' dir='ltr'><strong>iambicum</strong></span> 
     </span>
    </p>
   </div>
   <div class='ocr_carea' id='block_1_69' title="bbox 2244 924 3830 1003">
    <p class='ocr_par' dir='ltr' id='par_1_69' title="bbox 2244 924 3830 1003">
     <span class='ocr_line' id='line_1_69' title="bbox 2244 924 3830 1003; baseline 0.006 -24"><span class='ocrx_word' id='word_1_500' title='bbox 2244 924 2555 996; x_wconf 86' lang='lat' dir='ltr'><strong>rhythmum</strong></span> <span class='ocrx_word' id='word_1_501' title='bbox 2576 968 2592 995; x_wconf 92' lang='lat'><strong>,</strong></span> <span class='ocrx_word' id='word_1_502' title='bbox 2623 928 2872 998; x_wconf 90' lang='lat' dir='ltr'><strong>quoniam</strong></span> <span class='ocrx_word' id='word_1_503' title='bbox 2920 929 3281 1000; x_wconf 88' lang='lat' dir='ltr'><strong>pyrrhichium</strong></span> <span class='ocrx_word' id='word_1_504' title='bbox 3325 942 3379 987; x_wconf 91' lang='lat' dir='ltr'><strong>et</strong></span> <span class='ocrx_word' id='word_1_505' title='bbox 3414 933 3830 1003; x_wconf 83' lang='lat' dir='ltr'><strong>proceleumati-</strong></span> 
     </span>
    </p>
   </div>
   <div class='ocr_carea' id='block_1_70' title="bbox 2243 1019 3831 1095">
    <p class='ocr_par' dir='ltr' id='par_1_70' title="bbox 2243 1019 3831 1095">
     <span class='ocr_line' id='line_1_70' title="bbox 2243 1019 3831 1095; baseline 0.005 -23"><span class='ocrx_word' id='word_1_506' title='bbox 2243 1032 2385 1085; x_wconf 89' lang='lat' dir='ltr'><strong>cum,</strong></span> <span class='ocrx_word' id='word_1_507' title='bbox 2417 1020 2506 1089; x_wconf 89' lang='lat' dir='ltr'><strong>qui</strong></span> <span class='ocrx_word' id='word_1_508' title='bbox 2533 1019 2797 1090; x_wconf 88' lang='lat' dir='ltr'><strong>duplicato</strong></span> <span class='ocrx_word' id='word_1_509' title='bbox 2823 1021 3128 1092; x_wconf 88' lang='lat' dir='ltr'><strong>pyrrhichio</strong></span> <span class='ocrx_word' id='word_1_510' title='bbox 3153 1022 3417 1095; x_wconf 86' lang='lat' dir='ltr'><strong>gignitur,</strong></span> <span class='ocrx_word' id='word_1_511' title='bbox 3463 1024 3591 1079; x_wconf 87' lang='lat' dir='ltr'><strong>satis</strong></span> <span class='ocrx_word' id='word_1_512' title='bbox 3615 1025 3831 1080; x_wconf 87' lang='lat' dir='ltr'><strong>discus-</strong></span> 
     </span>
    </p>
   </div>
   <div class='ocr_carea' id='block_1_71' title="bbox 2247 1109 3831 1186">
    <p class='ocr_par' dir='ltr' id='par_1_71' title="bbox 2247 1109 3831 1186">
     <span class='ocr_line' id='line_1_71' title="bbox 2247 1109 3831 1186; baseline 0.005 -23"><span class='ocrx_word' id='word_1_513' title='bbox 2247 1109 2433 1165; x_wconf 86' lang='lat' dir='ltr'><strong>simus.</strong></span> <span class='ocrx_word' id='word_1_514' title='bbox 2486 1111 2661 1179; x_wconf 89' lang='lat' dir='ltr'><strong>Quare</strong></span> <span class='ocrx_word' id='word_1_515' title='bbox 2686 1111 2832 1168; x_wconf 88' lang='lat' dir='ltr'><strong>dicas</strong></span> <span class='ocrx_word' id='word_1_516' title='bbox 2875 1114 3034 1169; x_wconf 86' lang='lat' dir='ltr'><strong>velim</strong></span> <span class='ocrx_word' id='word_1_517' title='bbox 3077 1113 3200 1171; x_wconf 90' lang='lat' dir='ltr'><strong>huic</strong></span> <span class='ocrx_word' id='word_1_518' title='bbox 3227 1131 3387 1186; x_wconf 91' lang='lat' dir='ltr'><strong>quem</strong></span> <span class='ocrx_word' id='word_1_519' title='bbox 3425 1131 3615 1172; x_wconf 90' lang='lat' dir='ltr'><strong>censes</strong></span> <span class='ocrx_word' id='word_1_520' title='bbox 3657 1117 3831 1171; x_wconf 81' lang='lat' dir='ltr'><strong>admi—</strong></span> 
     </span>
    </p>
   </div>
   <div class='ocr_carea' id='block_1_72' title="bbox 2243 1203 3831 1280">
    <p class='ocr_par' dir='ltr' id='par_1_72' title="bbox 2243 1203 3831 1280">
     <span class='ocr_line' id='line_1_72' title="bbox 2243 1203 3831 1280; baseline 0.006 -23"><span class='ocrx_word' id='word_1_521' title='bbox 2243 1203 2501 1258; x_wconf 79' lang='lat' dir='ltr'><strong>scendum</strong></span> <span class='ocrx_word' id='word_1_522' title='bbox 2532 1207 2742 1274; x_wconf 88' lang='lat' dir='ltr'><strong>pedem,</strong></span> <span class='ocrx_word' id='word_1_523' title='bbox 2766 1215 2824 1261; x_wconf 90' lang='lat' dir='ltr'><strong>ut</strong></span> <span class='ocrx_word' id='word_1_524' title='bbox 2844 1207 3099 1263; x_wconf 90' lang='lat' dir='ltr'><strong>iambicus</strong></span> <span class='ocrx_word' id='word_1_525' title='bbox 3125 1208 3404 1280; x_wconf 89' lang='lat' dir='ltr'><strong>rhythmus</strong></span> <span class='ocrx_word' id='word_1_526' title='bbox 3431 1226 3585 1265; x_wconf 78' lang='lat' dir='ltr'><strong>suum</strong></span> <span class='ocrx_word' id='word_1_527' title='bbox 3625 1226 3831 1266; x_wconf 90' lang='lat' dir='ltr'><strong>nomen</strong></span> 
     </span>
    </p>
   </div>
   <div class='ocr_carea' id='block_1_73' title="bbox 2243 1297 3830 1375">
    <p class='ocr_par' dir='ltr' id='par_1_73' title="bbox 2243 1297 3830 1375">
     <span class='ocr_line' id='line_1_73' title="bbox 2243 1297 3830 1375; baseline 0.005 -23"><span class='ocrx_word' id='word_1_528' title='bbox 2243 1297 2501 1353; x_wconf 88' lang='lat' dir='ltr'><strong>obtineat.</strong></span> <span class='ocrx_word' id='word_1_529' title='bbox 2522 1298 2590 1353; x_wconf 90' lang='lat' dir='ltr'><strong>D.</strong></span> <span class='ocrx_word' id='word_1_530' title='bbox 2613 1298 2802 1367; x_wconf 91' lang='lat' dir='ltr'><strong>Quem,</strong></span> <span class='ocrx_word' id='word_1_531' title='bbox 2822 1300 2922 1355; x_wconf 92' lang='lat' dir='ltr'><strong>nisi</strong></span> <span class='ocrx_word' id='word_1_532' title='bbox 2947 1302 3291 1369; x_wconf 89' lang='lat' dir='ltr'><strong>tribracbum,</strong></span> <span class='ocrx_word' id='word_1_533' title='bbox 3311 1304 3400 1374; x_wconf 90' lang='lat' dir='ltr'><strong>qui</strong></span> <span class='ocrx_word' id='word_1_534' title='bbox 3421 1312 3478 1359; x_wconf 88' lang='lat' dir='ltr'><strong>et</strong></span> <span class='ocrx_word' id='word_1_535' title='bbox 3496 1306 3830 1375; x_wconf 85' lang='lat' dir='ltr'><strong>temporibus</strong></span> 
     </span>
    </p>
   </div>
   <div class='ocr_carea' id='block_1_74' title="bbox 2242 1392 3829 1469">
    <p class='ocr_par' dir='ltr' id='par_1_74' title="bbox 2242 1392 3829 1469">
     <span class='ocr_line' id='line_1_74' title="bbox 2242 1392 3829 1469; baseline 0.005 -24"><span class='ocrx_word' id='word_1_536' title='bbox 2242 1399 2298 1446; x_wconf 90' lang='lat' dir='ltr'><strong>et</strong></span> <span class='ocrx_word' id='word_1_537' title='bbox 2323 1392 2507 1461; x_wconf 90' lang='lat' dir='ltr'><strong>plausu</strong></span> <span class='ocrx_word' id='word_1_538' title='bbox 2533 1395 2802 1463; x_wconf 87' lang='lat' dir='ltr'><strong>congruit;</strong></span> <span class='ocrx_word' id='word_1_539' title='bbox 2836 1404 2891 1450; x_wconf 91' lang='lat' dir='ltr'><strong>et</strong></span> <span class='ocrx_word' id='word_1_540' title='bbox 2916 1395 3037 1465; x_wconf 89' lang='lat' dir='ltr'><strong>quia</strong></span> <span class='ocrx_word' id='word_1_541' title='bbox 3067 1397 3328 1466; x_wconf 87' lang='lat' dir='ltr'><strong>posterior</strong></span> <span class='ocrx_word' id='word_1_542' title='bbox 3355 1406 3471 1466; x_wconf 88' lang='lat' dir='ltr'><strong>est,</strong></span> <span class='ocrx_word' id='word_1_543' title='bbox 3501 1413 3669 1469; x_wconf 85' lang='lat' dir='ltr'><strong>regno</strong></span> <span class='ocrx_word' id='word_1_544' title='bbox 3706 1399 3829 1469; x_wconf 87' lang='lat' dir='ltr'><strong>pol-</strong></span> 
     </span>
    </p>
   </div>
   <div class='ocr_carea' id='block_1_75' title="bbox 2242 1481 3826 1560">
    <p class='ocr_par' dir='ltr' id='par_1_75' title="bbox 2242 1481 3826 1560">
     <span class='ocr_line' id='line_1_75' title="bbox 2242 1481 3826 1560; baseline 0.006 -23"><span class='ocrx_word' id='word_1_545' title='bbox 2242 1481 2354 1538; x_wconf 87' lang='lat' dir='ltr'><strong>lere</strong></span> <span class='ocrx_word' id='word_1_546' title='bbox 2380 1498 2484 1538; x_wconf 92' lang='lat' dir='ltr'><strong>non</strong></span> <span class='ocrx_word' id='word_1_547' title='bbox 2516 1486 2722 1555; x_wconf 89' lang='lat' dir='ltr'><strong>potest?</strong></span> <span class='ocrx_word' id='word_1_548' title='bbox 2751 1486 2883 1541; x_wconf 88' lang='lat' dir='ltr'><strong>Nam</strong></span> <span class='ocrx_word' id='word_1_549' title='bbox 2924 1487 3139 1543; x_wconf 90' lang='lat' dir='ltr'><strong>chorius</strong></span> <span class='ocrx_word' id='word_1_550' title='bbox 3167 1498 3248 1544; x_wconf 90' lang='lat' dir='ltr'><strong>est</strong></span> <span class='ocrx_word' id='word_1_551' title='bbox 3276 1490 3488 1559; x_wconf 91' lang='lat' dir='ltr'><strong>quidem</strong></span> <span class='ocrx_word' id='word_1_552' title='bbox 3537 1493 3826 1560; x_wconf 89' lang='lat' dir='ltr'><strong>posterior,</strong></span> 
     </span>
    </p>
   </div>
   <div class='ocr_carea' id='block_1_76' title="bbox 2243 1576 3830 1652">
    <p class='ocr_par' dir='ltr' id='par_1_76' title="bbox 2243 1576 3830 1652">
     <span class='ocr_line' id='line_1_76' title="bbox 2243 1576 3830 1652; baseline 0.004 -22"><span class='ocrx_word' id='word_1_553' title='bbox 2243 1582 2299 1630; x_wconf 91' lang='lat' dir='ltr'><strong>et</strong></span> <span class='ocrx_word' id='word_1_554' title='bbox 2325 1576 2539 1631; x_wconf 90' lang='lat' dir='ltr'><strong>totidem</strong></span> <span class='ocrx_word' id='word_1_555' title='bbox 2572 1587 2890 1649; x_wconf 90' lang='lat' dir='ltr'><strong>temporum,</strong></span> <span class='ocrx_word' id='word_1_556' title='bbox 2924 1580 3016 1636; x_wconf 89' lang='lat' dir='ltr'><strong>sed</strong></span> <span class='ocrx_word' id='word_1_557' title='bbox 3062 1597 3167 1636; x_wconf 94' lang='lat' dir='ltr'><strong>non</strong></span> <span class='ocrx_word' id='word_1_558' title='bbox 3194 1582 3383 1637; x_wconf 90' lang='lat' dir='ltr'><strong>eodem</strong></span> <span class='ocrx_word' id='word_1_559' title='bbox 3428 1582 3588 1637; x_wconf 91' lang='lat' dir='ltr'><strong>modo</strong></span> <span class='ocrx_word' id='word_1_560' title='bbox 3614 1583 3830 1652; x_wconf 83' lang='lat' dir='ltr'><strong>plaudi-</strong></span> 
     </span>
    </p>
   </div>
   <div class='ocr_carea' id='block_1_77' title="bbox 2244 1666 3827 1742">
    <p class='ocr_par' dir='ltr' id='par_1_77' title="bbox 2244 1666 3827 1742">
     <span class='ocr_line' id='line_1_77' title="bbox 2244 1666 3827 1742; baseline 0.004 -21"><span class='ocrx_word' id='word_1_561' title='bbox 2244 1675 2347 1721; x_wconf 90' lang='lat' dir='ltr'><strong>tur.</strong></span> <span class='ocrx_word' id='word_1_562' title='bbox 2380 1666 2455 1720; x_wconf 89' lang='grc' dir='ltr'><strong>Μ.</strong></span> <span class='ocrx_word' id='word_1_563' title='bbox 2488 1669 2598 1738; x_wconf 84' lang='lat' dir='ltr'><strong>Age</strong></span> <span class='ocrx_word' id='word_1_564' title='bbox 2618 1711 2632 1735; x_wconf 93' lang='lat'><strong>,</strong></span> <span class='ocrx_word' id='word_1_565' title='bbox 2656 1670 2765 1739; x_wconf 90' lang='lat' dir='ltr'><strong>jam</strong></span> <span class='ocrx_word' id='word_1_566' title='bbox 2799 1671 2921 1727; x_wconf 89' lang='lat' dir='ltr'><strong>vide</strong></span> <span class='ocrx_word' id='word_1_567' title='bbox 2951 1670 3259 1742; x_wconf 87' lang='lat' dir='ltr'><strong>rhythmum</strong></span> <span class='ocrx_word' id='word_1_568' title='bbox 3286 1673 3640 1740; x_wconf 89' lang='lat' dir='ltr'><strong>trochaicum,</strong></span> <span class='ocrx_word' id='word_1_569' title='bbox 3670 1684 3726 1728; x_wconf 89' lang='lat' dir='ltr'><strong>et</strong></span> <span class='ocrx_word' id='word_1_570' title='bbox 3756 1674 3827 1729; x_wconf 92' lang='lat' dir='ltr'><strong>ad</strong></span> 
     </span>
    </p>
   </div>
   <div class='ocr_carea' id='block_1_78' title="bbox 2242 1757 3828 1834">
    <p class='ocr_par' dir='ltr' id='par_1_78' title="bbox 2242 1757 3828 1834">
     <span class='ocr_line' id='line_1_78' title="bbox 2242 1757 3828 1834; baseline 0.006 -23"><span class='ocrx_word' id='word_1_571' title='bbox 2242 1757 2428 1812; x_wconf 91' lang='lat' dir='ltr'><strong>eadem</strong></span> <span class='ocrx_word' id='word_1_572' title='bbox 2455 1758 2521 1813; x_wconf 93' lang='lat' dir='ltr'><strong>de</strong></span> <span class='ocrx_word' id='word_1_573' title='bbox 2550 1759 2651 1814; x_wconf 91' lang='lat' dir='ltr'><strong>hoc</strong></span> <span class='ocrx_word' id='word_1_574' title='bbox 2677 1776 2884 1831; x_wconf 86' lang='lat' dir='ltr'><strong>quoque</strong></span> <span class='ocrx_word' id='word_1_575' title='bbox 2912 1762 3193 1831; x_wconf 91' lang='lat' dir='ltr'><strong>responde.</strong></span> <span class='ocrx_word' id='word_1_576' title='bbox 3217 1762 3283 1817; x_wconf 88' lang='lat' dir='ltr'><strong>D.</strong></span> <span class='ocrx_word' id='word_1_577' title='bbox 3316 1763 3458 1820; x_wconf 89' lang='lat' dir='ltr'><strong>Idem</strong></span> <span class='ocrx_word' id='word_1_578' title='bbox 3491 1764 3828 1834; x_wconf 86' lang='lat' dir='ltr'><strong>respondeo:</strong></span> 
     </span>
    </p>
   </div>
   <div class='ocr_carea' id='block_1_79' title="bbox 2244 1853 3832 1927">
    <p class='ocr_par' dir='ltr' id='par_1_79' title="bbox 2244 1853 3832 1927">
     <span class='ocr_line' id='line_1_79' title="bbox 2244 1853 3832 1927; baseline 0.004 -22"><span class='ocrx_word' id='word_1_579' title='bbox 2244 1865 2367 1905; x_wconf 89' lang='lat' dir='ltr'><strong>nam</strong></span> <span class='ocrx_word' id='word_1_580' title='bbox 2397 1861 2571 1921; x_wconf 91' lang='lat' dir='ltr'><strong>potest</strong></span> <span class='ocrx_word' id='word_1_581' title='bbox 2608 1862 2661 1908; x_wconf 93' lang='lat' dir='ltr'><strong>et</strong></span> <span class='ocrx_word' id='word_1_582' title='bbox 2705 1853 2830 1909; x_wconf 91' lang='lat' dir='ltr'><strong>huic</strong></span> <span class='ocrx_word' id='word_1_583' title='bbox 2859 1871 2963 1909; x_wconf 90' lang='lat' dir='ltr'><strong>non</strong></span> <span class='ocrx_word' id='word_1_584' title='bbox 2992 1857 3162 1910; x_wconf 91' lang='lat' dir='ltr'><strong>solum</strong></span> <span class='ocrx_word' id='word_1_585' title='bbox 3192 1857 3364 1926; x_wconf 92' lang='lat' dir='ltr'><strong>spatio</strong></span> <span class='ocrx_word' id='word_1_586' title='bbox 3393 1858 3645 1927; x_wconf 90' lang='lat' dir='ltr'><strong>temporis</strong></span> <span class='ocrx_word' id='word_1_587' title='bbox 3665 1899 3679 1921; x_wconf 93' lang='lat'><strong>,</strong></span> <span class='ocrx_word' id='word_1_588' title='bbox 3727 1856 3832 1912; x_wconf 87' lang='lat' dir='ltr'><strong>sed</strong></span> 
     </span>
    </p>
   </div>
   <div class='ocr_carea' id='block_1_80' title="bbox 2245 1940 3831 2009">
    <p class='ocr_par' dir='ltr' id='par_1_80' title="bbox 2245 1940 3831 2009">
     <span class='ocr_line' id='line_1_80' title="bbox 2245 1940 3831 2009; baseline 0.005 -16"><span class='ocrx_word' id='word_1_589' title='bbox 2245 1940 2431 2009; x_wconf 84' lang='lat' dir='ltr'><strong>plausu</strong></span> <span class='ocrx_word' id='word_1_590' title='bbox 2456 1943 2615 1997; x_wconf 90' lang='lat' dir='ltr'><strong>etiam</strong></span> <span class='ocrx_word' id='word_1_591' title='bbox 2640 1946 2926 2000; x_wconf 87' lang='lat' dir='ltr'><strong>concinere</strong></span> <span class='ocrx_word' id='word_1_592' title='bbox 2955 1946 3275 2002; x_wconf 87' lang='lat' dir='ltr'><strong>tribrachus.</strong></span> <span class='ocrx_word' id='word_1_593' title='bbox 3310 1946 3613 2002; x_wconf 81' lang='lat' dir='ltr'><strong>Cavendum</strong></span> <span class='ocrx_word' id='word_1_594' title='bbox 3644 1956 3831 2002; x_wconf 86' lang='lat' dir='ltr'><strong>autem</strong></span> 
     </span>
    </p>
   </div>
   <div class='ocr_carea' id='block_1_81' title="bbox 2246 2028 3830 2108">
    <p class='ocr_par' dir='ltr' id='par_1_81' title="bbox 2246 2028 3830 2108">
     <span class='ocr_line' id='line_1_81' title="bbox 2246 2028 3830 2108; baseline 0.006 -24"><span class='ocrx_word' id='word_1_595' title='bbox 2246 2028 2477 2086; x_wconf 88' lang='lat' dir='ltr'><strong>iambum</strong></span> <span class='ocrx_word' id='word_1_596' title='bbox 2503 2033 2620 2102; x_wconf 89' lang='lat' dir='ltr'><strong>quis</strong></span> <span class='ocrx_word' id='word_1_597' title='bbox 2650 2050 2753 2089; x_wconf 94' lang='lat' dir='ltr'><strong>non</strong></span> <span class='ocrx_word' id='word_1_598' title='bbox 2773 2035 2982 2091; x_wconf 88' lang='lat' dir='ltr'><strong>videat?</strong></span> <span class='ocrx_word' id='word_1_599' title='bbox 3012 2039 3099 2107; x_wconf 90' lang='lat' dir='ltr'><strong>qui</strong></span> <span class='ocrx_word' id='word_1_600' title='bbox 3125 2038 3283 2093; x_wconf 88' lang='lat' dir='ltr'><strong>etiam</strong></span> <span class='ocrx_word' id='word_1_601' title='bbox 3304 2039 3349 2093; x_wconf 92' lang='lat' dir='ltr'><strong>si</strong></span> <span class='ocrx_word' id='word_1_602' title='bbox 3375 2039 3651 2108; x_wconf 61' lang='lat' dir='ltr'><strong>aequaliter</strong></span> <span class='ocrx_word' id='word_1_603' title='bbox 3671 2040 3830 2108; x_wconf 84' lang='lat' dir='ltr'><strong>pian-</strong></span> 
     </span>
    </p>
   </div>
   <div class='ocr_carea' id='block_1_82' title="bbox 2243 2121 3833 2198">
    <p class='ocr_par' dir='ltr' id='par_1_82' title="bbox 2243 2121 3833 2198">
     <span class='ocr_line' id='line_1_82' title="bbox 2243 2121 3833 2198; baseline 0.006 -23"><span class='ocrx_word' id='word_1_604' title='bbox 2243 2121 2479 2187; x_wconf 79' lang='lat' dir='ltr'><strong>deretur,</strong></span> <span class='ocrx_word' id='word_1_605' title='bbox 2500 2124 2849 2195; x_wconf 87' lang='lat' dir='ltr'><strong>principatum</strong></span> <span class='ocrx_word' id='word_1_606' title='bbox 2871 2137 3046 2183; x_wconf 90' lang='lat' dir='ltr'><strong>tamen</strong></span> <span class='ocrx_word' id='word_1_607' title='bbox 3066 2129 3262 2184; x_wconf 82' lang='lat' dir='ltr'><strong>mixtus</strong></span> <span class='ocrx_word' id='word_1_608' title='bbox 3279 2128 3532 2185; x_wconf 82' lang='lat' dir='ltr'><strong>auferret.</strong></span> <span class='ocrx_word' id='word_1_609' title='bbox 3556 2130 3632 2183; x_wconf 84' lang='grc' dir='ltr'><strong>Μ.</strong></span> <span class='ocrx_word' id='word_1_610' title='bbox 3652 2130 3833 2198; x_wconf 85' lang='lat' dir='ltr'><strong>Quid?</strong></span> 
     </span>
    </p>
   </div>
   <div class='ocr_carea' id='block_1_83' title="bbox 2244 2214 3834 2292">
    <p class='ocr_par' dir='ltr' id='par_1_83' title="bbox 2244 2214 3834 2292">
     <span class='ocr_line' id='line_1_83' title="bbox 2244 2214 3834 2292; baseline 0.005 -24"><span class='ocrx_word' id='word_1_611' title='bbox 2244 2214 2531 2283; x_wconf 90' lang='lat' dir='ltr'><strong>spondiaco</strong></span> <span class='ocrx_word' id='word_1_612' title='bbox 2578 2217 2833 2289; x_wconf 89' lang='lat' dir='ltr'><strong>rhythmo</strong></span> <span class='ocrx_word' id='word_1_613' title='bbox 2862 2235 3017 2289; x_wconf 89' lang='lat' dir='ltr'><strong>quem</strong></span> <span class='ocrx_word' id='word_1_614' title='bbox 3059 2220 3272 2275; x_wconf 88' lang='lat' dir='ltr'><strong>tandem</strong></span> <span class='ocrx_word' id='word_1_615' title='bbox 3320 2222 3682 2290; x_wconf 88' lang='lat' dir='ltr'><strong>copulabimus</strong></span> <span class='ocrx_word' id='word_1_616' title='bbox 3728 2238 3834 2292; x_wconf 89' lang='lat' dir='ltr'><strong>pe-</strong></span> 
     </span>
    </p>
   </div>
   <div class='ocr_carea' id='block_1_84' title="bbox 2243 2304 3834 2383">
    <p class='ocr_par' dir='ltr' id='par_1_84' title="bbox 2243 2304 3834 2383">
     <span class='ocr_line' id='line_1_84' title="bbox 2243 2304 3834 2383; baseline 0.004 -24"><span class='ocrx_word' id='word_1_617' title='bbox 2243 2304 2363 2359; x_wconf 90' lang='lat' dir='ltr'><strong>dem</strong></span> <span class='ocrx_word' id='word_1_618' title='bbox 2384 2306 2493 2360; x_wconf 90' lang='lat' dir='ltr'><strong>?D.</strong></span> <span class='ocrx_word' id='word_1_619' title='bbox 2521 2307 2660 2363; x_wconf 89' lang='lat' dir='ltr'><strong>Sane</strong></span> <span class='ocrx_word' id='word_1_620' title='bbox 2686 2309 2738 2364; x_wconf 94' lang='lat' dir='ltr'><strong>in</strong></span> <span class='ocrx_word' id='word_1_621' title='bbox 2757 2309 2857 2365; x_wconf 90' lang='lat' dir='ltr'><strong>hoc</strong></span> <span class='ocrx_word' id='word_1_622' title='bbox 2873 2310 3164 2381; x_wconf 89' lang='lat' dir='ltr'><strong>largissima</strong></span> <span class='ocrx_word' id='word_1_623' title='bbox 3182 2312 3336 2383; x_wconf 89' lang='lat' dir='ltr'><strong>copia</strong></span> <span class='ocrx_word' id='word_1_624' title='bbox 3361 2321 3443 2368; x_wconf 90' lang='lat' dir='ltr'><strong>est</strong></span> <span class='ocrx_word' id='word_1_625' title='bbox 3474 2330 3486 2365; x_wconf 93' lang='lat'>:</span> <span class='ocrx_word' id='word_1_626' title='bbox 3508 2328 3627 2367; x_wconf 89' lang='lat' dir='ltr'><strong>nam</strong></span> <span class='ocrx_word' id='word_1_627' title='bbox 3652 2321 3707 2367; x_wconf 90' lang='lat' dir='ltr'><strong>et</strong></span> <span class='ocrx_word' id='word_1_628' title='bbox 3726 2312 3834 2366; x_wconf 87' lang='lat' dir='ltr'><strong>da-</strong></span> 
     </span>
    </p>
   </div>
   <div class='ocr_carea' id='block_1_85' title="bbox 2244 2398 3836 2474">
    <p class='ocr_par' dir='ltr' id='par_1_85' title="bbox 2244 2398 3836 2474">
     <span class='ocr_line' id='line_1_85' title="bbox 2244 2398 3836 2474; baseline 0.005 -23"><span class='ocrx_word' id='word_1_629' title='bbox 2244 2398 2443 2469; x_wconf 91' lang='lat' dir='ltr'><strong>ctylum</strong></span> <span class='ocrx_word' id='word_1_630' title='bbox 2476 2408 2529 2454; x_wconf 88' lang='lat' dir='ltr'><strong>et</strong></span> <span class='ocrx_word' id='word_1_631' title='bbox 2554 2412 2879 2471; x_wconf 66' lang='lat' dir='ltr'><strong>anapaastum</strong></span> <span class='ocrx_word' id='word_1_632' title='bbox 2923 2412 2976 2458; x_wconf 92' lang='lat' dir='ltr'><strong>et</strong></span> <span class='ocrx_word' id='word_1_633' title='bbox 3004 2405 3507 2474; x_wconf 90' lang='lat' dir='ltr'><strong>proceleumaticum</strong></span> <span class='ocrx_word' id='word_1_634' title='bbox 3552 2406 3693 2459; x_wconf 89' lang='lat' dir='ltr'><strong>nulla</strong></span> <span class='ocrx_word' id='word_1_635' title='bbox 3722 2406 3836 2459; x_wconf 78' lang='lat' dir='ltr'><strong>im-</strong></span> 
     </span>
    </p>
   </div>
   <div class='ocr_carea' id='block_1_86' title="bbox 2243 2491 3834 2565">
    <p class='ocr_par' dir='ltr' id='par_1_86' title="bbox 2243 2491 3834 2565">
     <span class='ocr_line' id='line_1_86' title="bbox 2243 2491 3834 2565; baseline 0.006 -22"><span class='ocrx_word' id='word_1_636' title='bbox 2243 2491 2504 2559; x_wconf 89' lang='lat' dir='ltr'><strong>parilitate</strong></span> <span class='ocrx_word' id='word_1_637' title='bbox 2559 2502 2888 2565; x_wconf 91' lang='lat' dir='ltr'><strong>temporum,</strong></span> <span class='ocrx_word' id='word_1_638' title='bbox 2934 2496 3078 2551; x_wconf 91' lang='lat' dir='ltr'><strong>nulla</strong></span> <span class='ocrx_word' id='word_1_639' title='bbox 3126 2497 3513 2552; x_wconf 91' lang='lat' dir='ltr'><strong>claudicatione</strong></span> <span class='ocrx_word' id='word_1_640' title='bbox 3568 2498 3789 2565; x_wconf 90' lang='lat' dir='ltr'><strong>plausus</strong></span> <span class='ocrx_word' id='word_1_641' title='bbox 3818 2540 3834 2563; x_wconf 94' lang='lat'><strong>,</strong></span> 
     </span>
    </p>
   </div>
   <div class='ocr_carea' id='block_1_87' title="bbox 2244 2582 3837 2658">
    <p class='ocr_par' dir='ltr' id='par_1_87' title="bbox 2244 2582 3837 2658">
     <span class='ocr_line' id='line_1_87' title="bbox 2244 2582 3837 2658; baseline 0.006 -23"><span class='ocrx_word' id='word_1_642' title='bbox 2244 2582 2384 2636; x_wconf 83' lang='lat' dir='ltr'><strong>nulla</strong></span> <span class='ocrx_word' id='word_1_643' title='bbox 2414 2583 2738 2655; x_wconf 90' lang='lat' dir='ltr'><strong>principatus</strong></span> <span class='ocrx_word' id='word_1_644' title='bbox 2773 2586 3111 2658; x_wconf 89' lang='lat' dir='ltr'><strong>ademptione</strong></span> <span class='ocrx_word' id='word_1_645' title='bbox 3138 2588 3482 2658; x_wconf 88' lang='lat' dir='ltr'><strong>impediente,</strong></span> <span class='ocrx_word' id='word_1_646' title='bbox 3518 2587 3641 2643; x_wconf 88' lang='lat' dir='ltr'><strong>huic</strong></span> <span class='ocrx_word' id='word_1_647' title='bbox 3671 2588 3837 2644; x_wconf 88' lang='lat' dir='ltr'><strong>video</strong></span> 
     </span>
    </p>
   </div>
   <div class='ocr_carea' id='block_1_88' title="bbox 2243 2677 2657 2746">
    <p class='ocr_par' dir='ltr' id='par_1_88' title="bbox 2243 2677 2657 2746">
     <span class='ocr_line' id='line_1_88' title="bbox 2243 2677 2657 2746; baseline -0.01 -15"><span class='ocrx_word' id='word_1_648' title='bbox 2243 2677 2454 2731; x_wconf 89' lang='lat' dir='ltr'><strong>misceri</strong></span> <span class='ocrx_word' id='word_1_649' title='bbox 2486 2692 2657 2746; x_wconf 91' lang='lat' dir='ltr'><strong>posse.</strong></span> 
     </span>
    </p>
   </div>
   <div class='ocr_carea' id='block_1_89' title="bbox 2317 2767 3836 2840">
    <p class='ocr_par' dir='ltr' id='par_1_89' title="bbox 2317 2767 3836 2840">
     <span class='ocr_line' id='line_1_89' title="bbox 2317 2767 3836 2840; baseline 0.003 -18"><span class='ocrx_word' id='word_1_650' title='bbox 2317 2768 2402 2822; x_wconf 84' lang='grc'><strong>10.</strong></span> <span class='ocrx_word' id='word_1_651' title='bbox 2436 2767 2513 2822; x_wconf 86' lang='grc' dir='ltr'><strong>Μ.</strong></span> <span class='ocrx_word' id='word_1_652' title='bbox 2561 2768 2725 2824; x_wconf 84' lang='lat' dir='ltr'><strong>Video</strong></span> <span class='ocrx_word' id='word_1_653' title='bbox 2768 2769 2876 2839; x_wconf 88' lang='lat' dir='ltr'><strong>jam</strong></span> <span class='ocrx_word' id='word_1_654' title='bbox 2919 2777 2970 2825; x_wconf 88' lang='lat' dir='ltr'><strong>te</strong></span> <span class='ocrx_word' id='word_1_655' title='bbox 3015 2769 3169 2825; x_wconf 81' lang='lat' dir='ltr'><strong>facile</strong></span> <span class='ocrx_word' id='word_1_656' title='bbox 3207 2785 3363 2840; x_wconf 90' lang='lat' dir='ltr'><strong>posse</strong></span> <span class='ocrx_word' id='word_1_657' title='bbox 3402 2780 3593 2827; x_wconf 79' lang='lat' dir='ltr'><strong>caetera</strong></span> <span class='ocrx_word' id='word_1_658' title='bbox 3638 2771 3836 2827; x_wconf 89' lang='lat' dir='ltr'><strong>ordine</strong></span> 
     </span>
    </p>
   </div>
   <div class='ocr_carea' id='block_1_90' title="bbox 2246 2857 3833 2930">
    <p class='ocr_par' dir='ltr' id='par_1_90' title="bbox 2246 2857 3833 2930">
     <span class='ocr_line' id='line_1_90' title="bbox 2246 2857 3833 2930; baseline 0.003 -20"><span class='ocrx_word' id='word_1_659' title='bbox 2246 2857 2494 2927; x_wconf 88' lang='lat' dir='ltr'><strong>persequi</strong></span> <span class='ocrx_word' id='word_1_660' title='bbox 2531 2876 2543 2910; x_wconf 92' lang='lat'><strong>:</strong></span> <span class='ocrx_word' id='word_1_661' title='bbox 2587 2858 2832 2928; x_wconf 86' lang='lat' dir='ltr'><strong>quocirca</strong></span> <span class='ocrx_word' id='word_1_662' title='bbox 2877 2867 3080 2914; x_wconf 91' lang='lat' dir='ltr'><strong>remota</strong></span> <span class='ocrx_word' id='word_1_663' title='bbox 3109 2860 3519 2930; x_wconf 84' lang='lat' dir='ltr'><strong>interrogatione</strong></span> <span class='ocrx_word' id='word_1_664' title='bbox 3560 2876 3697 2927; x_wconf 87' lang='lat' dir='ltr'><strong>mea,</strong></span> <span class='ocrx_word' id='word_1_665' title='bbox 3740 2863 3833 2916; x_wconf 75' lang='lat' dir='ltr'><strong>vel</strong></span> 
     </span>
    </p>
   </div>
   <div class='ocr_carea' id='block_1_91' title="bbox 2245 2948 3833 3022">
    <p class='ocr_par' dir='ltr' id='par_1_91' title="bbox 2245 2948 3833 3022">
     <span class='ocr_line' id='line_1_91' title="bbox 2245 2948 3833 3022; baseline 0.004 -21"><span class='ocrx_word' id='word_1_666' title='bbox 2245 2948 2421 3018; x_wconf 93' lang='lat' dir='ltr'><strong>potius</strong></span> <span class='ocrx_word' id='word_1_667' title='bbox 2463 2959 2710 3019; x_wconf 89' lang='lat' dir='ltr'><strong>tanquam</strong></span> <span class='ocrx_word' id='word_1_668' title='bbox 2754 2949 2820 3004; x_wconf 90' lang='lat' dir='ltr'><strong>de</strong></span> <span class='ocrx_word' id='word_1_669' title='bbox 2858 2951 3105 3005; x_wconf 91' lang='lat' dir='ltr'><strong>omnibus</strong></span> <span class='ocrx_word' id='word_1_670' title='bbox 3159 2952 3513 3022; x_wconf 86' lang='lat' dir='ltr'><strong>interrogatus</strong></span> <span class='ocrx_word' id='word_1_671' title='bbox 3560 2953 3833 3022; x_wconf 89' lang='lat' dir='ltr'><strong>responde</strong></span> 
     </span>
    </p>
   </div>
   <div class='ocr_carea' id='block_1_92' title="bbox 2245 3042 3836 3115">
    <p class='ocr_par' dir='ltr' id='par_1_92' title="bbox 2245 3042 3836 3115">
     <span class='ocr_line' id='line_1_92' title="bbox 2245 3042 3836 3115; baseline 0.003 -19"><span class='ocrx_word' id='word_1_672' title='bbox 2245 3042 2492 3107; x_wconf 89' lang='lat' dir='ltr'><strong>breviter,</strong></span> <span class='ocrx_word' id='word_1_673' title='bbox 2537 3042 2871 3114; x_wconf 91' lang='lat' dir='ltr'><strong>dilucideque</strong></span> <span class='ocrx_word' id='word_1_674' title='bbox 2908 3056 3164 3114; x_wconf 88' lang='lat' dir='ltr'><strong>quantum</strong></span> <span class='ocrx_word' id='word_1_675' title='bbox 3209 3052 3391 3113; x_wconf 90' lang='lat' dir='ltr'><strong>potes,</strong></span> <span class='ocrx_word' id='word_1_676' title='bbox 3421 3044 3689 3115; x_wconf 90' lang='lat' dir='ltr'><strong>quomodo</strong></span> <span class='ocrx_word' id='word_1_677' title='bbox 3717 3046 3836 3100; x_wconf 77' lang='lat' dir='ltr'><strong>sin-</strong></span> 
     </span>
    </p>
   </div>
   <div class='ocr_carea' id='block_1_93' title="bbox 2242 3137 3834 3208">
    <p class='ocr_par' dir='ltr' id='par_1_93' title="bbox 2242 3137 3834 3208">
     <span class='ocr_line' id='line_1_93' title="bbox 2242 3137 3834 3208; baseline 0.003 -19"><span class='ocrx_word' id='word_1_678' title='bbox 2242 3137 2352 3208; x_wconf 91' lang='lat' dir='ltr'><strong>guli</strong></span> <span class='ocrx_word' id='word_1_679' title='bbox 2388 3138 2479 3207; x_wconf 90' lang='lat' dir='ltr'><strong>qui</strong></span> <span class='ocrx_word' id='word_1_680' title='bbox 2508 3145 2711 3192; x_wconf 89' lang='lat' dir='ltr'><strong>restant</strong></span> <span class='ocrx_word' id='word_1_681' title='bbox 2738 3137 2922 3207; x_wconf 89' lang='lat' dir='ltr'><strong>pedes,</strong></span> <span class='ocrx_word' id='word_1_682' title='bbox 2960 3138 3078 3193; x_wconf 84' lang='lat' dir='ltr'><strong>aliis</strong></span> <span class='ocrx_word' id='word_1_683' title='bbox 3119 3139 3353 3208; x_wconf 88' lang='lat' dir='ltr'><strong>legitime</strong></span> <span class='ocrx_word' id='word_1_684' title='bbox 3380 3139 3652 3205; x_wconf 82' lang='lat' dir='ltr'><strong>immixtis,</strong></span> <span class='ocrx_word' id='word_1_685' title='bbox 3684 3138 3834 3194; x_wconf 86' lang='lat' dir='ltr'><strong>obti-</strong></span> 
     </span>
    </p>
   </div>
   <div class='ocr_carea' id='block_1_94' title="bbox 2247 3227 3832 3300">
    <p class='ocr_par' dir='ltr' id='par_1_94' title="bbox 2247 3227 3832 3300">
     <span class='ocr_line' id='line_1_94' title="bbox 2247 3227 3832 3300; baseline 0.002 -19"><span class='ocrx_word' id='word_1_686' title='bbox 2247 3234 2408 3281; x_wconf 88' lang='lat' dir='ltr'><strong>neant</strong></span> <span class='ocrx_word' id='word_1_687' title='bbox 2436 3243 2588 3281; x_wconf 92' lang='lat' dir='ltr'><strong>suum</strong></span> <span class='ocrx_word' id='word_1_688' title='bbox 2618 3242 2815 3281; x_wconf 90' lang='lat' dir='ltr'><strong>nomen</strong></span> <span class='ocrx_word' id='word_1_689' title='bbox 2846 3228 2896 3280; x_wconf 91' lang='lat' dir='ltr'><strong>in</strong></span> <span class='ocrx_word' id='word_1_690' title='bbox 2928 3227 3196 3298; x_wconf 89' lang='lat' dir='ltr'><strong>rhythmo.</strong></span> <span class='ocrx_word' id='word_1_691' title='bbox 3245 3227 3313 3282; x_wconf 79' lang='grc' dir='ltr'><strong>ι).</strong></span> <span class='ocrx_word' id='word_1_692' title='bbox 3345 3227 3557 3283; x_wconf 89' lang='lat' dir='ltr'><strong>Faciam</strong></span> <span class='ocrx_word' id='word_1_693' title='bbox 3591 3248 3603 3282; x_wconf 93' lang='lat'>:</span> <span class='ocrx_word' id='word_1_694' title='bbox 3649 3245 3832 3300; x_wconf 89' lang='lat' dir='ltr'><strong>neque</strong></span> 
     </span>
    </p>
   </div>
   <div class='ocr_carea' id='block_1_95' title="bbox 2245 3319 3828 3391">
    <p class='ocr_par' dir='ltr' id='par_1_95' title="bbox 2245 3319 3828 3391">
     <span class='ocr_line' id='line_1_95' title="bbox 2245 3319 3828 3391; baseline 0.005 -18"><span class='ocrx_word' id='word_1_695' title='bbox 2245 3319 2388 3373; x_wconf 90' lang='lat' dir='ltr'><strong>enim</strong></span> <span class='ocrx_word' id='word_1_696' title='bbox 2410 3319 2566 3374; x_wconf 85' lang='lat' dir='ltr'><strong>ullius</strong></span> <span class='ocrx_word' id='word_1_697' title='bbox 2588 3320 2784 3389; x_wconf 84' lang='lat' dir='ltr'><strong>negotii</strong></span> <span class='ocrx_word' id='word_1_698' title='bbox 2814 3328 2915 3385; x_wconf 92' lang='lat' dir='ltr'><strong>est,</strong></span> <span class='ocrx_word' id='word_1_699' title='bbox 2943 3328 3083 3374; x_wconf 86' lang='lat' dir='ltr'><strong>tanta</strong></span> <span class='ocrx_word' id='word_1_700' title='bbox 3106 3322 3369 3375; x_wconf 90' lang='lat' dir='ltr'><strong>rationum</strong></span> <span class='ocrx_word' id='word_1_701' title='bbox 3383 3321 3498 3377; x_wconf 90' lang='lat' dir='ltr'><strong>luce</strong></span> <span class='ocrx_word' id='word_1_702' title='bbox 3524 3322 3828 3391; x_wconf 67' lang='lat' dir='ltr'><strong>przemissa.</strong></span> 
     </span>
    </p>
   </div>
   <div class='ocr_carea' id='block_1_96' title="bbox 2245 3409 3825 3483">
    <p class='ocr_par' dir='ltr' id='par_1_96' title="bbox 2245 3409 3825 3483">
     <span class='ocr_line' id='line_1_96' title="bbox 2245 3409 3825 3483; baseline 0.003 -19"><span class='ocrx_word' id='word_1_703' title='bbox 2245 3409 2376 3464; x_wconf 84' lang='lat' dir='ltr'><strong>Nam</strong></span> <span class='ocrx_word' id='word_1_704' title='bbox 2407 3410 2674 3465; x_wconf 90' lang='lat' dir='ltr'><strong>tribracho</strong></span> <span class='ocrx_word' id='word_1_705' title='bbox 2706 3411 2879 3465; x_wconf 89' lang='lat' dir='ltr'><strong>nullus</strong></span> <span class='ocrx_word' id='word_1_706' title='bbox 2908 3410 3251 3479; x_wconf 88' lang='lat' dir='ltr'><strong>miscebitur;</strong></span> <span class='ocrx_word' id='word_1_707' title='bbox 3281 3427 3467 3467; x_wconf 93' lang='lat' dir='ltr'><strong>omnes</strong></span> <span class='ocrx_word' id='word_1_708' title='bbox 3496 3413 3638 3468; x_wconf 89' lang='lat' dir='ltr'><strong>enim</strong></span> <span class='ocrx_word' id='word_1_709' title='bbox 3672 3415 3825 3483; x_wconf 79' lang='lat' dir='ltr'><strong>prio-</strong></span> 
     </span>
    </p>
   </div>
   <div class='ocr_carea' id='block_1_97' title="bbox 2245 3504 3833 3575">
    <p class='ocr_par' dir='ltr' id='par_1_97' title="bbox 2245 3504 3833 3575">
     <span class='ocr_line' id='line_1_97' title="bbox 2245 3504 3833 3575; baseline 0.001 -17"><span class='ocrx_word' id='word_1_710' title='bbox 2245 3519 2334 3558; x_wconf 90' lang='lat' dir='ltr'><strong>res</strong></span> <span class='ocrx_word' id='word_1_711' title='bbox 2361 3512 2503 3572; x_wconf 87' lang='lat' dir='ltr'><strong>sunt,</strong></span> <span class='ocrx_word' id='word_1_712' title='bbox 2534 3504 2623 3573; x_wconf 91' lang='lat' dir='ltr'><strong>qui</strong></span> <span class='ocrx_word' id='word_1_713' title='bbox 2652 3504 2700 3558; x_wconf 94' lang='lat' dir='ltr'><strong>ei</strong></span> <span class='ocrx_word' id='word_1_714' title='bbox 2730 3512 2854 3558; x_wconf 92' lang='lat' dir='ltr'><strong>sunt</strong></span> <span class='ocrx_word' id='word_1_715' title='bbox 2880 3504 3207 3574; x_wconf 87' lang='lat' dir='ltr'><strong>temporibus</strong></span> <span class='ocrx_word' id='word_1_716' title='bbox 3235 3519 3408 3574; x_wconf 86' lang='lat' dir='ltr'><strong>pares.</strong></span> <span class='ocrx_word' id='word_1_717' title='bbox 3440 3505 3656 3575; x_wconf 87' lang='lat' dir='ltr'><strong>Daetylo</strong></span> <span class='ocrx_word' id='word_1_718' title='bbox 3690 3520 3833 3559; x_wconf 85' lang='lat' dir='ltr'><strong>ana-</strong></span> 
     </span>
    </p>
   </div>
   <div class='ocr_carea' id='block_1_98' title="bbox 2245 3595 3835 3664">
    <p class='ocr_par' dir='ltr' id='par_1_98' title="bbox 2245 3595 3835 3664">
     <span class='ocr_line' id='line_1_98' title="bbox 2245 3595 3835 3664; baseline 0.002 -16"><span class='ocrx_word' id='word_1_719' title='bbox 2245 3604 2445 3664; x_wconf 74' lang='lat' dir='ltr'><strong>paestus</strong></span> <span class='ocrx_word' id='word_1_720' title='bbox 2474 3604 2675 3664; x_wconf 89' lang='lat' dir='ltr'><strong>potest;</strong></span> <span class='ocrx_word' id='word_1_721' title='bbox 2704 3611 2824 3648; x_wconf 89' lang='lat' dir='ltr'><strong>nam</strong></span> <span class='ocrx_word' id='word_1_722' title='bbox 2854 3604 2907 3650; x_wconf 92' lang='lat' dir='ltr'><strong>et</strong></span> <span class='ocrx_word' id='word_1_723' title='bbox 2944 3603 3026 3649; x_wconf 91' lang='lat' dir='ltr'><strong>est</strong></span> <span class='ocrx_word' id='word_1_724' title='bbox 3054 3595 3333 3664; x_wconf 89' lang='lat' dir='ltr'><strong>posterior,</strong></span> <span class='ocrx_word' id='word_1_725' title='bbox 3364 3604 3419 3650; x_wconf 91' lang='lat' dir='ltr'><strong>et</strong></span> <span class='ocrx_word' id='word_1_726' title='bbox 3448 3597 3465 3626; x_wconf 77' lang='grc'>⁸</span> <span class='ocrx_word' id='word_1_727' title='bbox 3497 3605 3734 3664; x_wconf 89' lang='lat' dir='ltr'><strong>tempore</strong></span> <span class='ocrx_word' id='word_1_728' title='bbox 3760 3610 3835 3652; x_wconf 87' lang='lat' dir='ltr'><strong>ac</strong></span> 
     </span>
    </p>
   </div>
   <div class='ocr_carea' id='block_1_99' title="bbox 2246 3686 3835 3758">
    <p class='ocr_par' dir='ltr' id='par_1_99' title="bbox 2246 3686 3835 3758">
     <span class='ocr_line' id='line_1_99' title="bbox 2246 3686 3835 3758; baseline 0.001 -18"><span class='ocrx_word' id='word_1_729' title='bbox 2246 3688 2430 3756; x_wconf 89' lang='lat' dir='ltr'><strong>plausu</strong></span> <span class='ocrx_word' id='word_1_730' title='bbox 2468 3688 2633 3741; x_wconf 87' lang='lat' dir='ltr'><strong>currit</strong></span> <span class='ocrx_word' id='word_1_731' title='bbox 2661 3687 2976 3756; x_wconf 65' lang='lat' dir='ltr'><strong>aequaliter:</strong></span> <span class='ocrx_word' id='word_1_732' title='bbox 3010 3690 3217 3758; x_wconf 89' lang='lat' dir='ltr'><strong>utrique</strong></span> <span class='ocrx_word' id='word_1_733' title='bbox 3244 3695 3421 3741; x_wconf 89' lang='lat' dir='ltr'><strong>autem</strong></span> <span class='ocrx_word' id='word_1_734' title='bbox 3463 3686 3835 3756; x_wconf 83' lang='lat' dir='ltr'><strong>proceleuma-</strong></span> 
     </span>
    </p>
   </div>
   <div class='ocr_carea' id='block_1_100' title="bbox 2246 3776 3832 3848">
    <p class='ocr_par' dir='ltr' id='par_1_100' title="bbox 2246 3776 3832 3848">
     <span class='ocr_line' id='line_1_100' title="bbox 2246 3776 3832 3848; baseline 0.003 -18"><span class='ocrx_word' id='word_1_735' title='bbox 2246 3778 2381 3831; x_wconf 89' lang='lat' dir='ltr'><strong>ticus</strong></span> <span class='ocrx_word' id='word_1_736' title='bbox 2409 3776 2593 3832; x_wconf 90' lang='lat' dir='ltr'><strong>eadem</strong></span> <span class='ocrx_word' id='word_1_737' title='bbox 2644 3777 2849 3831; x_wconf 89' lang='lat' dir='ltr'><strong>scilicet</strong></span> <span class='ocrx_word' id='word_1_738' title='bbox 2888 3778 3089 3832; x_wconf 91' lang='lat' dir='ltr'><strong>ratione</strong></span> <span class='ocrx_word' id='word_1_739' title='bbox 3122 3778 3415 3848; x_wconf 89' lang='lat' dir='ltr'><strong>copulatur.</strong></span> <span class='ocrx_word' id='word_1_740' title='bbox 3457 3777 3572 3831; x_wconf 85' lang='lat' dir='ltr'><strong>Jam</strong></span> <span class='ocrx_word' id='word_1_741' title='bbox 3600 3776 3832 3834; x_wconf 89' lang='lat' dir='ltr'><strong>bacchio</strong></span> 
     </span>
    </p>
   </div>
   <div class='ocr_carea' id='block_1_101' title="bbox 2245 3867 3831 3938">
    <p class='ocr_par' dir='ltr' id='par_1_101' title="bbox 2245 3867 3831 3938">
     <span class='ocr_line' id='line_1_101' title="bbox 2245 3867 3831 3938; baseline 0.001 -17"><span class='ocrx_word' id='word_1_742' title='bbox 2245 3868 2493 3933; x_wconf 86' lang='lat' dir='ltr'><strong>creticus,</strong></span> <span class='ocrx_word' id='word_1_743' title='bbox 2523 3876 2575 3921; x_wconf 90' lang='lat' dir='ltr'><strong>et</strong></span> <span class='ocrx_word' id='word_1_744' title='bbox 2620 3867 2687 3921; x_wconf 94' lang='lat' dir='ltr'><strong>de</strong></span> <span class='ocrx_word' id='word_1_745' title='bbox 2716 3868 2989 3936; x_wconf 71' lang='lat' dir='ltr'><strong>peeonibus</strong></span> <span class='ocrx_word' id='word_1_746' title='bbox 3033 3869 3264 3938; x_wconf 90' lang='lat' dir='ltr'><strong>primus,</strong></span> <span class='ocrx_word' id='word_1_747' title='bbox 3303 3868 3562 3923; x_wconf 90' lang='lat' dir='ltr'><strong>secundus</strong></span> <span class='ocrx_word' id='word_1_748' title='bbox 3593 3877 3645 3923; x_wconf 90' lang='lat' dir='ltr'><strong>et</strong></span> <span class='ocrx_word' id='word_1_749' title='bbox 3675 3884 3831 3938; x_wconf 84' lang='lat' dir='ltr'><strong>quar-</strong></span> 
     </span>
    </p>
   </div>
   <div class='ocr_carea' id='block_1_102' title="bbox 2245 3958 3826 4032">
    <p class='ocr_par' dir='ltr' id='par_1_102' title="bbox 2245 3958 3826 4032">
     <span class='ocr_line' id='line_1_102' title="bbox 2245 3958 3826 4032; baseline 0.001 -18"><span class='ocrx_word' id='word_1_750' title='bbox 2245 3968 2330 4014; x_wconf 90' lang='lat' dir='ltr'><strong>tus</strong></span> <span class='ocrx_word' id='word_1_751' title='bbox 2372 3958 2581 4013; x_wconf 92' lang='lat' dir='ltr'><strong>misceri</strong></span> <span class='ocrx_word' id='word_1_752' title='bbox 2622 3968 2861 4029; x_wconf 88' lang='lat' dir='ltr'><strong>possunt.</strong></span> <span class='ocrx_word' id='word_1_753' title='bbox 2912 3959 3078 4015; x_wconf 88' lang='lat' dir='ltr'><strong>Porro</strong></span> <span class='ocrx_word' id='word_1_754' title='bbox 3106 3960 3206 4030; x_wconf 92' lang='lat' dir='ltr'><strong>ipsi</strong></span> <span class='ocrx_word' id='word_1_755' title='bbox 3241 3962 3473 4029; x_wconf 91' lang='lat' dir='ltr'><strong>cretico,</strong></span> <span class='ocrx_word' id='word_1_756' title='bbox 3503 3976 3692 4017; x_wconf 88' lang='lat' dir='ltr'><strong>omnes</strong></span> <span class='ocrx_word' id='word_1_757' title='bbox 3730 3962 3826 4032; x_wconf 87' lang='lat' dir='ltr'><strong>qui</strong></span> 
     </span>
    </p>
   </div>
   <div class='ocr_carea' id='block_1_103' title="bbox 2246 4049 3829 4122">
    <p class='ocr_par' dir='ltr' id='par_1_103' title="bbox 2246 4049 3829 4122">
     <span class='ocr_line' id='line_1_103' title="bbox 2246 4049 3829 4122; baseline 0.002 -19"><span class='ocrx_word' id='word_1_758' title='bbox 2246 4058 2364 4120; x_wconf 89' lang='lat' dir='ltr'><strong>post</strong></span> <span class='ocrx_word' id='word_1_759' title='bbox 2380 4049 2525 4103; x_wconf 88' lang='lat' dir='ltr'><strong>illum</strong></span> <span class='ocrx_word' id='word_1_760' title='bbox 2547 4058 2668 4104; x_wconf 89' lang='lat' dir='ltr'><strong>sunt</strong></span> <span class='ocrx_word' id='word_1_761' title='bbox 2692 4052 2923 4122; x_wconf 88' lang='lat' dir='ltr'><strong>quinque</strong></span> <span class='ocrx_word' id='word_1_762' title='bbox 2957 4060 3255 4122; x_wconf 90' lang='lat' dir='ltr'><strong>temporum</strong></span> <span class='ocrx_word' id='word_1_763' title='bbox 3277 4052 3436 4121; x_wconf 88' lang='lat' dir='ltr'><strong>pedes</strong></span> <span class='ocrx_word' id='word_1_764' title='bbox 3453 4053 3570 4121; x_wconf 89' lang='lat' dir='ltr'><strong>jure</strong></span> <span class='ocrx_word' id='word_1_765' title='bbox 3591 4051 3829 4107; x_wconf 87' lang='lat' dir='ltr'><strong>miscen-</strong></span> 
     </span>
    </p>
   </div>
   <div class='ocr_carea' id='block_1_104' title="bbox 2245 4142 3829 4217">
    <p class='ocr_par' dir='ltr' id='par_1_104' title="bbox 2245 4142 3829 4217">
     <span class='ocr_line' id='line_1_104' title="bbox 2245 4142 3829 4217; baseline 0.004 -21"><span class='ocrx_word' id='word_1_766' title='bbox 2245 4150 2351 4210; x_wconf 92' lang='lat' dir='ltr'><strong>tur,</strong></span> <span class='ocrx_word' id='word_1_767' title='bbox 2382 4142 2475 4197; x_wconf 90' lang='lat' dir='ltr'><strong>sed</strong></span> <span class='ocrx_word' id='word_1_768' title='bbox 2504 4158 2610 4198; x_wconf 91' lang='lat' dir='ltr'><strong>non</strong></span> <span class='ocrx_word' id='word_1_769' title='bbox 2637 4158 2823 4198; x_wconf 90' lang='lat' dir='ltr'><strong>omnes</strong></span> <span class='ocrx_word' id='word_1_770' title='bbox 2848 4144 3034 4199; x_wconf 90' lang='lat' dir='ltr'><strong>eadem</strong></span> <span class='ocrx_word' id='word_1_771' title='bbox 3062 4144 3339 4199; x_wconf 84' lang='lat' dir='ltr'><strong>divisione.</strong></span> <span class='ocrx_word' id='word_1_772' title='bbox 3368 4146 3472 4200; x_wconf 83' lang='lat' dir='ltr'><strong>Alii</strong></span> <span class='ocrx_word' id='word_1_773' title='bbox 3500 4161 3729 4217; x_wconf 90' lang='lat' dir='ltr'><strong>namque</strong></span> <span class='ocrx_word' id='word_1_774' title='bbox 3756 4146 3829 4202; x_wconf 89' lang='lat' dir='ltr'><strong>ad</strong></span> 
     </span>
    </p>
   </div>
   <div class='ocr_carea' id='block_1_105' title="bbox 2246 4233 3823 4308">
    <p class='ocr_par' dir='ltr' id='par_1_105' title="bbox 2246 4233 3823 4308">
     <span class='ocr_line' id='line_1_105' title="bbox 2246 4233 3823 4308; baseline 0.003 -19"><span class='ocrx_word' id='word_1_775' title='bbox 2246 4233 2352 4290; x_wconf 93' lang='lat' dir='ltr'><strong>duo</strong></span> <span class='ocrx_word' id='word_1_776' title='bbox 2378 4248 2431 4290; x_wconf 89' lang='lat' dir='ltr'><strong>et</strong></span> <span class='ocrx_word' id='word_1_777' title='bbox 2462 4237 2580 4303; x_wconf 91' lang='lat' dir='ltr'><strong>tria,</strong></span> <span class='ocrx_word' id='word_1_778' title='bbox 2628 4237 2717 4291; x_wconf 89' lang='lat' dir='ltr'><strong>alii</strong></span> <span class='ocrx_word' id='word_1_779' title='bbox 2745 4238 2811 4292; x_wconf 88' lang='lat' dir='ltr'><strong>ad</strong></span> <span class='ocrx_word' id='word_1_780' title='bbox 2842 4237 2940 4292; x_wconf 89' lang='lat' dir='ltr'><strong>tria</strong></span> <span class='ocrx_word' id='word_1_781' title='bbox 2979 4248 3031 4293; x_wconf 91' lang='lat' dir='ltr'><strong>et</strong></span> <span class='ocrx_word' id='word_1_782' title='bbox 3056 4238 3161 4292; x_wconf 90' lang='lat' dir='ltr'><strong>duo</strong></span> <span class='ocrx_word' id='word_1_783' title='bbox 3209 4248 3446 4308; x_wconf 90' lang='lat' dir='ltr'><strong>tempora</strong></span> <span class='ocrx_word' id='word_1_784' title='bbox 3492 4238 3823 4294; x_wconf 80' lang='lat' dir='ltr'><strong>dividuntur.</strong></span> 
     </span>
    </p>
   </div>
   <div class='ocr_carea' id='block_1_106' title="bbox 2246 4325 3827 4400">
    <p class='ocr_par' dir='ltr' id='par_1_106' title="bbox 2246 4325 3827 4400">
     <span class='ocr_line' id='line_1_106' title="bbox 2246 4325 3827 4400; baseline 0.004 -20"><span class='ocrx_word' id='word_1_785' title='bbox 2246 4325 2352 4381; x_wconf 91' lang='lat' dir='ltr'><strong>lste</strong></span> <span class='ocrx_word' id='word_1_786' title='bbox 2380 4337 2555 4381; x_wconf 91' lang='lat' dir='ltr'><strong>autem</strong></span> <span class='ocrx_word' id='word_1_787' title='bbox 2582 4328 2806 4383; x_wconf 89' lang='lat' dir='ltr'><strong>creticus</strong></span> <span class='ocrx_word' id='word_1_788' title='bbox 2837 4338 3059 4399; x_wconf 88' lang='lat' dir='ltr'><strong>utroque</strong></span> <span class='ocrx_word' id='word_1_789' title='bbox 3086 4329 3244 4384; x_wconf 90' lang='lat' dir='ltr'><strong>modo</strong></span> <span class='ocrx_word' id='word_1_790' title='bbox 3272 4329 3433 4384; x_wconf 87' lang='lat' dir='ltr'><strong>dividi</strong></span> <span class='ocrx_word' id='word_1_791' title='bbox 3474 4340 3664 4399; x_wconf 77' lang='lat' dir='ltr'><strong>potCSt,</strong></span> <span class='ocrx_word' id='word_1_792' title='bbox 3694 4330 3827 4400; x_wconf 86' lang='lat' dir='ltr'><strong>quia</strong></span> 
     </span>
    </p>
   </div>
   <div class='ocr_carea' id='block_1_107' title="bbox 2246 4416 3827 4487">
    <p class='ocr_par' dir='ltr' id='par_1_107' title="bbox 2246 4416 3827 4487">
     <span class='ocr_line' id='line_1_107' title="bbox 2246 4416 3827 4487; baseline 0.004 -18"><span class='ocrx_word' id='word_1_793' title='bbox 2246 4416 2420 4470; x_wconf 87' lang='lat' dir='ltr'><strong>media</strong></span> <span class='ocrx_word' id='word_1_794' title='bbox 2469 4416 2645 4473; x_wconf 85' lang='lat' dir='ltr'><strong>brevis</strong></span> <span class='ocrx_word' id='word_1_795' title='bbox 2670 4418 2886 4473; x_wconf 87' lang='lat' dir='ltr'><strong>cuilibet</strong></span> <span class='ocrx_word' id='word_1_796' title='bbox 2926 4420 3058 4487; x_wconf 87' lang='lat' dir='ltr'><strong>parti</strong></span> <span class='ocrx_word' id='word_1_797' title='bbox 3100 4420 3363 4474; x_wconf 90' lang='lat' dir='ltr'><strong>tribuitur.</strong></span> <span class='ocrx_word' id='word_1_798' title='bbox 3395 4420 3827 4476; x_wconf 85' lang='lat' dir='ltr'><strong>Palimbaechius</strong></span> 
     </span>
    </p>
   </div>
   <div class='ocr_carea' id='block_1_108' title="bbox 2246 4507 3821 4579">
    <p class='ocr_par' dir='ltr' id='par_1_108' title="bbox 2246 4507 3821 4579">
     <span class='ocr_line' id='line_1_108' title="bbox 2246 4507 3821 4579; baseline 0.004 -21"><span class='ocrx_word' id='word_1_799' title='bbox 2246 4515 2423 4559; x_wconf 88' lang='lat' dir='ltr'><strong>autem</strong></span> <span class='ocrx_word' id='word_1_800' title='bbox 2446 4548 2460 4572; x_wconf 94' lang='lat'><strong>,</strong></span> <span class='ocrx_word' id='word_1_801' title='bbox 2494 4507 2612 4576; x_wconf 90' lang='lat' dir='ltr'><strong>quia</strong></span> <span class='ocrx_word' id='word_1_802' title='bbox 2643 4507 2757 4575; x_wconf 86' lang='lat' dir='ltr'><strong>ejus</strong></span> <span class='ocrx_word' id='word_1_803' title='bbox 2786 4508 2975 4561; x_wconf 90' lang='lat' dir='ltr'><strong>divisio</strong></span> <span class='ocrx_word' id='word_1_804' title='bbox 3002 4524 3031 4561; x_wconf 89' lang='lat' dir='ltr'><strong>a</strong></span> <span class='ocrx_word' id='word_1_805' title='bbox 3081 4509 3286 4563; x_wconf 89' lang='lat' dir='ltr'><strong>duobus</strong></span> <span class='ocrx_word' id='word_1_806' title='bbox 3334 4509 3657 4579; x_wconf 87' lang='lat' dir='ltr'><strong>temporibus</strong></span> <span class='ocrx_word' id='word_1_807' title='bbox 3684 4511 3821 4565; x_wconf 87' lang='lat' dir='ltr'><strong>inci-</strong></span> 
     </span>
    </p>
   </div>
   <div class='ocr_carea' id='block_1_109' title="bbox 2244 4592 3890 4669">
    <p class='ocr_par' dir='ltr' id='par_1_109' title="bbox 2244 4592 3890 4669">
     <span class='ocr_line' id='line_1_109' title="bbox 2244 4592 3890 4669; baseline 0.005 -20"><span class='ocrx_word' id='word_1_808' title='bbox 2244 4596 2416 4665; x_wconf 91' lang='lat' dir='ltr'><strong>piens,</strong></span> <span class='ocrx_word' id='word_1_809' title='bbox 2446 4597 2499 4650; x_wconf 91' lang='lat' dir='ltr'><strong>in</strong></span> <span class='ocrx_word' id='word_1_810' title='bbox 2527 4598 2626 4650; x_wconf 89' lang='lat' dir='ltr'><strong>tria</strong></span> <span class='ocrx_word' id='word_1_811' title='bbox 2654 4597 2866 4661; x_wconf 84' lang='lat' dir='ltr'><strong>desinit,</strong></span> <span class='ocrx_word' id='word_1_812' title='bbox 2901 4613 3166 4669; x_wconf 89' lang='lat' dir='ltr'><strong>congruos</strong></span> <span class='ocrx_word' id='word_1_813' title='bbox 3214 4608 3267 4654; x_wconf 91' lang='lat' dir='ltr'><strong>et</strong></span> <span class='ocrx_word' id='word_1_814' title='bbox 3306 4600 3629 4669; x_wconf 88' lang='lat' dir='ltr'><strong>copulabiles</strong></span> <span class='ocrx_word' id='word_1_815' title='bbox 3660 4601 3829 4657; x_wconf 88' lang='lat' dir='ltr'><strong>habet</strong></span> <span class='ocrx_word' id='word_1_816' title='bbox 3878 4592 3890 4600; x_wconf 78' lang='grc'><em>’</em></span> 
     </span>
    </p>
   </div>
   <div class='ocr_carea' id='block_1_110' title="bbox 2244 4690 3826 4757">
    <p class='ocr_par' dir='ltr' id='par_1_110' title="bbox 2244 4690 3826 4757">
     <span class='ocr_line' id='line_1_110' title="bbox 2244 4690 3826 4757; baseline 0.004 -17"><span class='ocrx_word' id='word_1_817' title='bbox 2244 4701 2458 4757; x_wconf 68' lang='lat' dir='ltr'><strong>prcones</strong></span> <span class='ocrx_word' id='word_1_818' title='bbox 2504 4701 2710 4754; x_wconf 91' lang='lat' dir='ltr'><strong>omnes,</strong></span> <span class='ocrx_word' id='word_1_819' title='bbox 2763 4699 2957 4757; x_wconf 80' lang='lat' dir='ltr'><strong>praeter</strong></span> <span class='ocrx_word' id='word_1_820' title='bbox 2985 4690 3297 4744; x_wconf 92' lang='lat' dir='ltr'><strong>secundum.</strong></span> <span class='ocrx_word' id='word_1_821' title='bbox 3348 4690 3607 4746; x_wconf 85' lang='lat' dir='ltr'><strong>Molossus</strong></span> <span class='ocrx_word' id='word_1_822' title='bbox 3632 4692 3698 4746; x_wconf 90' lang='lat' dir='ltr'><strong>de</strong></span> <span class='ocrx_word' id='word_1_823' title='bbox 3725 4692 3826 4746; x_wconf 88' lang='lat' dir='ltr'><strong>tri-</strong></span> 
     </span>
    </p>
   </div>
   <div class='ocr_carea' id='block_1_111' title="bbox 2244 4777 3827 4853">
    <p class='ocr_par' dir='ltr' id='par_1_111' title="bbox 2244 4777 3827 4853">
     <span class='ocr_line' id='line_1_111' title="bbox 2244 4777 3827 4853; baseline 0.004 -22"><span class='ocrx_word' id='word_1_824' title='bbox 2244 4777 2461 4848; x_wconf 88' lang='lat' dir='ltr'><strong>syllabis</strong></span> <span class='ocrx_word' id='word_1_825' title='bbox 2496 4785 2684 4845; x_wconf 88' lang='lat' dir='ltr'><strong>restat,</strong></span> <span class='ocrx_word' id='word_1_826' title='bbox 2716 4794 2745 4833; x_wconf 92' lang='lat' dir='ltr'><strong>a</strong></span> <span class='ocrx_word' id='word_1_827' title='bbox 2773 4795 2877 4849; x_wconf 93' lang='lat' dir='ltr'><strong>quo</strong></span> <span class='ocrx_word' id='word_1_828' title='bbox 2906 4782 3077 4848; x_wconf 88' lang='lat' dir='ltr'><strong>primo</strong></span> <span class='ocrx_word' id='word_1_829' title='bbox 3105 4782 3363 4851; x_wconf 91' lang='lat' dir='ltr'><strong>incipiunt</strong></span> <span class='ocrx_word' id='word_1_830' title='bbox 3404 4798 3496 4838; x_wconf 80' lang='lat' dir='ltr'><strong>sex</strong></span> <span class='ocrx_word' id='word_1_831' title='bbox 3521 4794 3827 4853; x_wconf 88' lang='lat' dir='ltr'><strong>temporum</strong></span> 
     </span>
    </p>
   </div>
   <div class='ocr_carea' id='block_1_112' title="bbox 2244 4868 3827 4943">
    <p class='ocr_par' dir='ltr' id='par_1_112' title="bbox 2244 4868 3827 4943">
     <span class='ocr_line' id='line_1_112' title="bbox 2244 4868 3827 4943; baseline 0.004 -21"><span class='ocrx_word' id='word_1_832' title='bbox 2244 4868 2428 4938; x_wconf 89' lang='lat' dir='ltr'><strong>pedes,</strong></span> <span class='ocrx_word' id='word_1_833' title='bbox 2478 4869 2565 4937; x_wconf 93' lang='lat' dir='ltr'><strong>qui</strong></span> <span class='ocrx_word' id='word_1_834' title='bbox 2600 4883 2788 4924; x_wconf 88' lang='lat' dir='ltr'><strong>omnes</strong></span> <span class='ocrx_word' id='word_1_835' title='bbox 2835 4871 3007 4924; x_wconf 81' lang='lat' dir='ltr'><strong>eidem</strong></span> <span class='ocrx_word' id='word_1_836' title='bbox 3049 4872 3297 4942; x_wconf 88' lang='lat' dir='ltr'><strong>conjungi</strong></span> <span class='ocrx_word' id='word_1_837' title='bbox 3342 4883 3581 4943; x_wconf 90' lang='lat' dir='ltr'><strong>possunt,</strong></span> <span class='ocrx_word' id='word_1_838' title='bbox 3629 4874 3827 4942; x_wconf 89' lang='lat' dir='ltr'><strong>partim</strong></span> 
     </span>
    </p>
   </div>
   <div class='ocr_carea' id='block_1_113' title="bbox 2245 4959 3831 5032">
    <p class='ocr_par' dir='ltr' id='par_1_113' title="bbox 2245 4959 3831 5032">
     <span class='ocr_line' id='line_1_113' title="bbox 2245 4959 3831 5032; baseline 0.004 -21"><span class='ocrx_word' id='word_1_839' title='bbox 2245 4967 2463 5029; x_wconf 90' lang='lat' dir='ltr'><strong>propter</strong></span> <span class='ocrx_word' id='word_1_840' title='bbox 2513 4959 2690 5027; x_wconf 88' lang='lat' dir='ltr'><strong>simpli</strong></span> <span class='ocrx_word' id='word_1_841' title='bbox 2743 4959 2992 5029; x_wconf 89' lang='lat' dir='ltr'><strong>duplique</strong></span> <span class='ocrx_word' id='word_1_842' title='bbox 3041 4962 3331 5027; x_wconf 87' lang='lat' dir='ltr'><strong>rationem;</strong></span> <span class='ocrx_word' id='word_1_843' title='bbox 3374 4963 3565 5031; x_wconf 89' lang='lat' dir='ltr'><strong>partim</strong></span> <span class='ocrx_word' id='word_1_844' title='bbox 3607 4972 3831 5032; x_wconf 86' lang='lat' dir='ltr'><strong>propter</strong></span> 
     </span>
    </p>
   </div>
   <div class='ocr_carea' id='block_1_114' title="bbox 2245 5051 3830 5123">
    <p class='ocr_par' dir='ltr' id='par_1_114' title="bbox 2245 5051 3830 5123">
     <span class='ocr_line' id='line_1_114' title="bbox 2245 5051 3830 5123; baseline 0.003 -19"><span class='ocrx_word' id='word_1_845' title='bbox 2245 5051 2387 5104; x_wconf 89' lang='lat' dir='ltr'><strong>illam</strong></span> <span class='ocrx_word' id='word_1_846' title='bbox 2416 5066 2572 5121; x_wconf 90' lang='lat' dir='ltr'><strong>quam</strong></span> <span class='ocrx_word' id='word_1_847' title='bbox 2594 5051 2747 5106; x_wconf 90' lang='lat' dir='ltr'><strong>nobis</strong></span> <span class='ocrx_word' id='word_1_848' title='bbox 2778 5052 2988 5120; x_wconf 85' lang='lat' dir='ltr'><strong>plausus</strong></span> <span class='ocrx_word' id='word_1_849' title='bbox 3008 5053 3261 5118; x_wconf 89' lang='lat' dir='ltr'><strong>ostendit,</strong></span> <span class='ocrx_word' id='word_1_850' title='bbox 3285 5055 3620 5123; x_wconf 89' lang='lat' dir='ltr'><strong>partitionem</strong></span> <span class='ocrx_word' id='word_1_851' title='bbox 3648 5054 3830 5123; x_wconf 69' lang='lat' dir='ltr'><strong>longa:</strong></span> 
     </span>
    </p>
   </div>
   <div class='ocr_carea' id='block_1_115' title="bbox 2245 5146 3825 5217">
    <p class='ocr_par' dir='ltr' id='par_1_115' title="bbox 2245 5146 3825 5217">
     <span class='ocr_line' id='line_1_115' title="bbox 2245 5146 3825 5217; baseline 0 -16"><span class='ocrx_word' id='word_1_852' title='bbox 2245 5146 2484 5217; x_wconf 79' lang='lat' dir='ltr'><strong>syllabae,</strong></span> <span class='ocrx_word' id='word_1_853' title='bbox 2516 5160 2633 5214; x_wconf 70' lang='lat' dir='ltr'><strong>quae</strong></span> <span class='ocrx_word' id='word_1_854' title='bbox 2660 5146 2863 5216; x_wconf 88' lang='lat' dir='ltr'><strong>singula</strong></span> <span class='ocrx_word' id='word_1_855' title='bbox 2892 5157 3125 5216; x_wconf 88' lang='lat' dir='ltr'><strong>tempora</strong></span> <span class='ocrx_word' id='word_1_856' title='bbox 3157 5147 3292 5216; x_wconf 90' lang='lat' dir='ltr'><strong>parti</strong></span> <span class='ocrx_word' id='word_1_857' title='bbox 3320 5148 3528 5217; x_wconf 86' lang='lat' dir='ltr'><strong>utrique</strong></span> <span class='ocrx_word' id='word_1_858' title='bbox 3556 5146 3825 5215; x_wconf 87' lang='lat' dir='ltr'><strong>concedit,</strong></span> 
     </span>
    </p>
   </div>
   <div class='ocr_carea' id='block_1_116' title="bbox 2246 5234 3825 5307">
    <p class='ocr_par' dir='ltr' id='par_1_116' title="bbox 2246 5234 3825 5307">
     <span class='ocr_line' id='line_1_116' title="bbox 2246 5234 3825 5307; baseline 0.002 -18"><span class='ocrx_word' id='word_1_859' title='bbox 2246 5234 2367 5306; x_wconf 90' lang='lat' dir='ltr'><strong>quia</strong></span> <span class='ocrx_word' id='word_1_860' title='bbox 2396 5235 2448 5289; x_wconf 91' lang='lat' dir='ltr'><strong>in</strong></span> <span class='ocrx_word' id='word_1_861' title='bbox 2497 5235 2707 5289; x_wconf 90' lang='lat' dir='ltr'><strong>senario</strong></span> <span class='ocrx_word' id='word_1_862' title='bbox 2754 5252 2977 5291; x_wconf 91' lang='lat' dir='ltr'><strong>numero</strong></span> <span class='ocrx_word' id='word_1_863' title='bbox 3024 5252 3117 5307; x_wconf 90' lang='lat' dir='ltr'><strong>par</strong></span> <span class='ocrx_word' id='word_1_864' title='bbox 3159 5238 3412 5292; x_wconf 88' lang='lat' dir='ltr'><strong>lateribus</strong></span> <span class='ocrx_word' id='word_1_865' title='bbox 3453 5238 3687 5292; x_wconf 89' lang='lat' dir='ltr'><strong>medium</strong></span> <span class='ocrx_word' id='word_1_866' title='bbox 3718 5248 3825 5293; x_wconf 90' lang='lat' dir='ltr'><strong>est.</strong></span> 
     </span>
    </p>
   </div>
   <div class='ocr_carea' id='block_1_117' title="bbox 2247 5325 3830 5396">
    <p class='ocr_par' dir='ltr' id='par_1_117' title="bbox 2247 5325 3830 5396">
     <span class='ocr_line' id='line_1_117' title="bbox 2247 5325 3830 5396; baseline 0.001 -14"><span class='ocrx_word' id='word_1_867' title='bbox 2247 5325 2328 5382; x_wconf 80' lang='lat' dir='ltr'><strong>Ob</strong></span> <span class='ocrx_word' id='word_1_868' title='bbox 2348 5341 2506 5396; x_wconf 89' lang='lat' dir='ltr'><strong>quam</strong></span> <span class='ocrx_word' id='word_1_869' title='bbox 2533 5340 2747 5380; x_wconf 90' lang='lat' dir='ltr'><strong>causam</strong></span> <span class='ocrx_word' id='word_1_870' title='bbox 2774 5335 2829 5381; x_wconf 91' lang='lat' dir='ltr'><strong>et</strong></span> <span class='ocrx_word' id='word_1_871' title='bbox 2853 5329 3135 5393; x_wconf 90' lang='lat' dir='ltr'><strong>molossus,</strong></span> <span class='ocrx_word' id='word_1_872' title='bbox 3167 5335 3220 5382; x_wconf 91' lang='lat' dir='ltr'><strong>et</strong></span> <span class='ocrx_word' id='word_1_873' title='bbox 3247 5327 3403 5382; x_wconf 90' lang='lat' dir='ltr'><strong>ambo</strong></span> <span class='ocrx_word' id='word_1_874' title='bbox 3420 5328 3578 5382; x_wconf 89' lang='lat' dir='ltr'><strong>ionici</strong></span> <span class='ocrx_word' id='word_1_875' title='bbox 3607 5343 3713 5383; x_wconf 91' lang='lat' dir='ltr'><strong>non</strong></span> <span class='ocrx_word' id='word_1_876' title='bbox 3737 5344 3830 5383; x_wconf 81' lang='lat' dir='ltr'><strong>so-</strong></span> 
     </span>
    </p>
   </div>
   <div class='ocr_carea' id='block_1_118' title="bbox 2247 5416 3827 5490">
    <p class='ocr_par' dir='ltr' id='par_1_118' title="bbox 2247 5416 3827 5490">
     <span class='ocr_line' id='line_1_118' title="bbox 2247 5416 3827 5490; baseline 0.002 -19"><span class='ocrx_word' id='word_1_877' title='bbox 2247 5416 2356 5473; x_wconf 91' lang='lat' dir='ltr'><strong>lum</strong></span> <span class='ocrx_word' id='word_1_878' title='bbox 2390 5418 2442 5471; x_wconf 93' lang='lat' dir='ltr'><strong>in</strong></span> <span class='ocrx_word' id='word_1_879' title='bbox 2471 5418 2717 5488; x_wconf 90' lang='lat' dir='ltr'><strong>simplum</strong></span> <span class='ocrx_word' id='word_1_880' title='bbox 2746 5428 2800 5472; x_wconf 93' lang='lat' dir='ltr'><strong>et</strong></span> <span class='ocrx_word' id='word_1_881' title='bbox 2823 5418 3063 5488; x_wconf 90' lang='lat' dir='ltr'><strong>duplum,</strong></span> <span class='ocrx_word' id='word_1_882' title='bbox 3094 5419 3186 5473; x_wconf 88' lang='lat' dir='ltr'><strong>sed</strong></span> <span class='ocrx_word' id='word_1_883' title='bbox 3225 5420 3382 5474; x_wconf 89' lang='lat' dir='ltr'><strong>etiam</strong></span> <span class='ocrx_word' id='word_1_884' title='bbox 3409 5420 3460 5473; x_wconf 92' lang='lat' dir='ltr'><strong>in</strong></span> <span class='ocrx_word' id='word_1_885' title='bbox 3490 5434 3668 5490; x_wconf 65' lang='lat' dir='ltr'><strong>mquas</strong></span> <span class='ocrx_word' id='word_1_886' title='bbox 3697 5436 3827 5489; x_wconf 86' lang='lat' dir='ltr'><strong>par-</strong></span> 
     </span>
    </p>
   </div>
   <div class='ocr_carea' id='block_1_119' title="bbox 2247 5512 3827 5581">
    <p class='ocr_par' dir='ltr' id='par_1_119' title="bbox 2247 5512 3827 5581">
     <span class='ocr_line' id='line_1_119' title="bbox 2247 5512 3827 5581; baseline 0.003 -16"><span class='ocrx_word' id='word_1_887' title='bbox 2247 5519 2327 5566; x_wconf 93' lang='lat' dir='ltr'><strong>tes</strong></span> <span class='ocrx_word' id='word_1_888' title='bbox 2355 5526 2449 5580; x_wconf 88' lang='lat' dir='ltr'><strong>per</strong></span> <span class='ocrx_word' id='word_1_889' title='bbox 2467 5522 2612 5566; x_wconf 87' lang='lat' dir='ltr'><strong>terna</strong></span> <span class='ocrx_word' id='word_1_890' title='bbox 2634 5520 2868 5581; x_wconf 89' lang='lat' dir='ltr'><strong>tempora</strong></span> <span class='ocrx_word' id='word_1_891' title='bbox 2892 5512 3166 5568; x_wconf 85' lang='lat' dir='ltr'><strong>feriuntur.</strong></span> <span class='ocrx_word' id='word_1_892' title='bbox 3189 5513 3321 5567; x_wconf 84' lang='lat' dir='ltr'><strong>Hinc</strong></span> <span class='ocrx_word' id='word_1_893' title='bbox 3337 5514 3562 5567; x_wconf 75' lang='lat' dir='ltr'><strong>eliicitur</strong></span> <span class='ocrx_word' id='word_1_894' title='bbox 3583 5524 3639 5568; x_wconf 92' lang='lat' dir='ltr'><strong>ut</strong></span> <span class='ocrx_word' id='word_1_895' title='bbox 3667 5514 3827 5569; x_wconf 81' lang='lat' dir='ltr'><strong>dein-</strong></span> 
     </span>
    </p>
   </div>
   <div class='ocr_carea' id='block_1_120' title="bbox 2251 5603 3827 5674">
    <p class='ocr_par' dir='ltr' id='par_1_120' title="bbox 2251 5603 3827 5674">
     <span class='ocr_line' id='line_1_120' title="bbox 2251 5603 3827 5674; baseline 0.003 -15"><span class='ocrx_word' id='word_1_896' title='bbox 2251 5618 2376 5673; x_wconf 90' lang='lat' dir='ltr'><strong>eeps</strong></span> <span class='ocrx_word' id='word_1_897' title='bbox 2405 5603 2649 5658; x_wconf 87' lang='lat' dir='ltr'><strong>omnibus</strong></span> <span class='ocrx_word' id='word_1_898' title='bbox 2670 5618 2763 5658; x_wconf 80' lang='lat' dir='ltr'><strong>sex</strong></span> <span class='ocrx_word' id='word_1_899' title='bbox 2795 5612 3090 5673; x_wconf 91' lang='lat' dir='ltr'><strong>temporum</strong></span> <span class='ocrx_word' id='word_1_900' title='bbox 3120 5604 3360 5674; x_wconf 92' lang='lat' dir='ltr'><strong>pedibus,</strong></span> <span class='ocrx_word' id='word_1_901' title='bbox 3383 5620 3573 5660; x_wconf 90' lang='lat' dir='ltr'><strong>omnes</strong></span> <span class='ocrx_word' id='word_1_902' title='bbox 3601 5606 3827 5663; x_wconf 81' lang='lat' dir='ltr'><strong>totidem</strong></span> 
     </span>
    </p>
   </div>
   <div class='ocr_carea' id='block_1_121' title="bbox 2311 5716 3829 5779">
    <p class='ocr_par' dir='ltr' id='par_1_121' title="bbox 2311 5716 3829 5779">
     <span class='ocr_line' id='line_1_121' title="bbox 2311 5716 3829 5779; baseline 0.001 -12"><span class='ocrx_word' id='word_1_903' title='bbox 2311 5720 2326 5750; x_wconf 78' lang='grc' dir='ltr'><strong>ι</strong></span> <span class='ocrx_word' id='word_1_904' title='bbox 2358 5724 2468 5767; x_wconf 83' lang='lat' dir='ltr'><strong>tnB.</strong></span> <span class='ocrx_word' id='word_1_905' title='bbox 2500 5722 2551 5765; x_wconf 91' lang='lat' dir='ltr'><strong>et</strong></span> <span class='ocrx_word' id='word_1_906' title='bbox 2577 5717 2798 5779; x_wconf 89' lang='lat' dir='ltr'><strong>omnibus</strong></span> <span class='ocrx_word' id='word_1_907' title='bbox 2813 5716 2987 5775; x_wconf 88' lang='lat' dir='ltr'><strong>editis,</strong></span> <span class='ocrx_word' id='word_1_908' title='bbox 3016 5716 3247 5779; x_wconf 80' lang='lat' dir='ltr'><strong>posterior</strong></span> <span class='ocrx_word' id='word_1_909' title='bbox 3274 5719 3829 5779; x_wconf 78' lang='lat' dir='ltr'><strong>tempore,omissapar.</strong></span> 
     </span>
    </p>
   </div>
   <div class='ocr_carea' id='block_1_122' title="bbox 2249 5778 3826 5845">
    <p class='ocr_par' dir='ltr' id='par_1_122' title="bbox 2249 5778 3826 5845">
     <span class='ocr_line' id='line_1_122' title="bbox 2249 5778 3826 5845; baseline 0.002 -18"><span class='ocrx_word' id='word_1_910' title='bbox 2249 5780 2397 5831; x_wconf 83' lang='lat' dir='ltr'><strong>ticula</strong></span> <span class='ocrx_word' id='word_1_911' title='bbox 2418 5786 2647 5843; x_wconf 83' lang='lat' dir='ltr'><strong>et,quam</strong></span> <span class='ocrx_word' id='word_1_912' title='bbox 2676 5778 2770 5829; x_wconf 78' lang='lat' dir='ltr'><strong>fert</strong></span> <span class='ocrx_word' id='word_1_913' title='bbox 2796 5785 2876 5829; x_wconf 74' lang='lat' dir='ltr'><strong>Ms.</strong></span> <span class='ocrx_word' id='word_1_914' title='bbox 2894 5788 2947 5837; x_wconf 76' lang='grc' dir='ltr'><strong>Α,</strong></span> <span class='ocrx_word' id='word_1_915' title='bbox 2976 5778 3027 5829; x_wconf 82' lang='lat' dir='ltr'><strong>et</strong></span> <span class='ocrx_word' id='word_1_916' title='bbox 3053 5781 3161 5829; x_wconf 90' lang='lat' dir='ltr'><strong>sine</strong></span> <span class='ocrx_word' id='word_1_917' title='bbox 3187 5791 3284 5845; x_wconf 87' lang='lat' dir='ltr'><strong>qua</strong></span> <span class='ocrx_word' id='word_1_918' title='bbox 3295 5781 3448 5831; x_wconf 88' lang='lat' dir='ltr'><strong>oratio</strong></span> <span class='ocrx_word' id='word_1_919' title='bbox 3460 5778 3731 5831; x_wconf 47' lang='lat' dir='ltr'><strong>claudicat.’</strong></span> <span class='ocrx_word' id='word_1_920' title='bbox 3764 5786 3826 5830; x_wconf 76' lang='lat' dir='ltr'><strong>nt.</strong></span> 
     </span>
    </p>
   </div>
  </div>
