  <div class='ocr_page' id='page_1' title='image "/cluster/home/n/w/nwhite01/storage/ocr_20150623/32/hvd.32044015706328/581.png"; bbox 0 0 4096 6368; ppageno 0'>
   <div class='ocr_carea' id='block_1_1' title="bbox 532 392 671 459">
    <p class='ocr_par' dir='ltr' id='par_1_1' title="bbox 532 392 671 459">
     <span class='ocr_line' id='line_1_1' title="bbox 532 392 671 459; baseline 0.007 -10"><span class='ocrx_word' id='word_1_1' title='bbox 532 392 671 459; x_wconf 66' lang='grc'>1125</span> 
     </span>
    </p>
   </div>
   <div class='ocr_carea' id='block_1_2' title="bbox 540 489 2103 572">
    <p class='ocr_par' dir='ltr' id='par_1_2' title="bbox 540 489 2103 572">
     <span class='ocr_line' id='line_1_2' title="bbox 540 489 2103 572; baseline -0.012 -11"><span class='ocrx_word' id='word_1_2' title='bbox 540 506 700 561; x_wconf 89' lang='lat' dir='ltr'>etiam</span> <span class='ocrx_word' id='word_1_3' title='bbox 722 501 812 572; x_wconf 85' lang='lat' dir='ltr'>qui</span> <span class='ocrx_word' id='word_1_4' title='bbox 849 500 1022 569; x_wconf 81' lang='lat' dir='ltr'>longis</span> <span class='ocrx_word' id='word_1_5' title='bbox 1051 496 1269 570; x_wconf 82' lang='lat' dir='ltr'>syllabis</span> <span class='ocrx_word' id='word_1_6' title='bbox 1295 502 1519 552; x_wconf 87' lang='lat' dir='ltr'>constat.</span> <span class='ocrx_word' id='word_1_7' title='bbox 1552 492 1668 563; x_wconf 87' lang='lat' dir='ltr'>Quo</span> <span class='ocrx_word' id='word_1_8' title='bbox 1690 494 1745 547; x_wconf 80' lang='lat' dir='ltr'>fit</span> <span class='ocrx_word' id='word_1_9' title='bbox 1776 501 1833 553; x_wconf 85' lang='lat' dir='ltr'>ut</span> <span class='ocrx_word' id='word_1_10' title='bbox 1870 489 2103 549; x_wconf 87' lang='lat' dir='ltr'>adhibita</span> 
     </span>
    </p>
   </div>
   <div class='ocr_carea' id='block_1_3' title="bbox 535 583 2104 665">
    <p class='ocr_par' dir='ltr' id='par_1_3' title="bbox 535 583 2104 665">
     <span class='ocr_line' id='line_1_3' title="bbox 535 583 2104 665; baseline -0.01 -12"><span class='ocrx_word' id='word_1_11' title='bbox 535 610 721 653; x_wconf 79' lang='lat' dir='ltr'>rursus</span> <span class='ocrx_word' id='word_1_12' title='bbox 750 610 809 649; x_wconf 90' lang='lat' dir='ltr'>ea</span> <span class='ocrx_word' id='word_1_13' title='bbox 838 595 974 665; x_wconf 80' lang='lat' dir='ltr'>lege,</span> <span class='ocrx_word' id='word_1_14' title='bbox 1020 608 1139 661; x_wconf 71' lang='lat' dir='ltr'>qum</span> <span class='ocrx_word' id='word_1_15' title='bbox 1174 588 1417 659; x_wconf 81' lang='lat' dir='ltr'>abrogari</span> <span class='ocrx_word' id='word_1_16' title='bbox 1460 602 1563 640; x_wconf 91' lang='lat' dir='ltr'>non</span> <span class='ocrx_word' id='word_1_17' title='bbox 1606 594 1777 656; x_wconf 89' lang='lat' dir='ltr'>potest</span> <span class='ocrx_word' id='word_1_18' title='bbox 1798 627 1819 653; x_wconf 84' lang='lat'>,</span> <span class='ocrx_word' id='word_1_19' title='bbox 1841 600 1942 655; x_wconf 87' lang='lat' dir='ltr'>qua</span> <span class='ocrx_word' id='word_1_20' title='bbox 1972 583 2104 647; x_wconf 86' lang='lat' dir='ltr'>duas</span> 
     </span>
    </p>
   </div>
   <div class='ocr_carea' id='block_1_4' title="bbox 534 674 2103 755">
    <p class='ocr_par' dir='ltr' id='par_1_4' title="bbox 534 674 2103 755">
     <span class='ocr_line' id='line_1_4' title="bbox 534 674 2103 755; baseline -0.011 -12"><span class='ocrx_word' id='word_1_21' title='bbox 534 688 721 743; x_wconf 87' lang='lat' dir='ltr'>breves</span> <span class='ocrx_word' id='word_1_22' title='bbox 749 700 844 755; x_wconf 92' lang='lat' dir='ltr'>pro</span> <span class='ocrx_word' id='word_1_23' title='bbox 876 700 977 739; x_wconf 90' lang='lat' dir='ltr'>una</span> <span class='ocrx_word' id='word_1_24' title='bbox 1022 683 1176 752; x_wconf 87' lang='lat' dir='ltr'>longa</span> <span class='ocrx_word' id='word_1_25' title='bbox 1208 680 1330 749; x_wconf 86' lang='lat' dir='ltr'>poni</span> <span class='ocrx_word' id='word_1_26' title='bbox 1361 680 1518 743; x_wconf 92' lang='lat' dir='ltr'>licet,</span> <span class='ocrx_word' id='word_1_27' title='bbox 1549 678 1613 732; x_wconf 88' lang='lat' dir='ltr'>ad</span> <span class='ocrx_word' id='word_1_28' title='bbox 1645 676 1909 730; x_wconf 76' lang='lat' dir='ltr'>sexdecim</span> <span class='ocrx_word' id='word_1_29' title='bbox 1941 674 2103 745; x_wconf 82' lang='lat' dir='ltr'>sylla-</span> 
     </span>
    </p>
   </div>
   <div class='ocr_carea' id='block_1_5' title="bbox 527 767 2103 848">
    <p class='ocr_par' dir='ltr' id='par_1_5' title="bbox 527 767 2103 848">
     <span class='ocr_line' id='line_1_5' title="bbox 527 767 2103 848; baseline -0.01 -14"><span class='ocrx_word' id='word_1_30' title='bbox 527 778 623 845; x_wconf 81' lang='lat' dir='ltr'>bas</span> <span class='ocrx_word' id='word_1_31' title='bbox 662 775 1056 848; x_wconf 84' lang='lat' dir='ltr'>pertentlantus.</span> <span class='ocrx_word' id='word_1_32' title='bbox 1095 774 1189 831; x_wconf 85' lang='lat' dir='ltr'>Ubi</span> <span class='ocrx_word' id='word_1_33' title='bbox 1231 772 1276 825; x_wconf 85' lang='lat' dir='ltr'>si</span> <span class='ocrx_word' id='word_1_34' title='bbox 1318 784 1501 826; x_wconf 82' lang='lat' dir='ltr'>rursus</span> <span class='ocrx_word' id='word_1_35' title='bbox 1542 767 1690 839; x_wconf 89' lang='lat' dir='ltr'>pedis</span> <span class='ocrx_word' id='word_1_36' title='bbox 1720 768 2103 824; x_wconf 79' lang='lat' dir='ltr'>incrementum</span> 
     </span>
    </p>
   </div>
   <div class='ocr_carea' id='block_1_6' title="bbox 526 856 2101 932">
    <p class='ocr_par' dir='ltr' id='par_1_6' title="bbox 526 856 2101 932">
     <span class='ocr_line' id='line_1_6' title="bbox 526 856 2101 932; baseline -0.008 -9"><span class='ocrx_word' id='word_1_37' title='bbox 526 879 761 924; x_wconf 90' lang='lat' dir='ltr'>statuere</span> <span class='ocrx_word' id='word_1_38' title='bbox 797 868 1050 932; x_wconf 90' lang='lat' dir='ltr'>volueris,</span> <span class='ocrx_word' id='word_1_39' title='bbox 1084 865 1135 919; x_wconf 93' lang='lat' dir='ltr'>in</span> <span class='ocrx_word' id='word_1_40' title='bbox 1167 864 1379 932; x_wconf 76' lang='lat' dir='ltr'>triginta</span> <span class='ocrx_word' id='word_1_41' title='bbox 1422 861 1551 917; x_wconf 88' lang='lat' dir='ltr'>duas</span> <span class='ocrx_word' id='word_1_42' title='bbox 1584 859 1774 925; x_wconf 83' lang='lat' dir='ltr'>breves</span> <span class='ocrx_word' id='word_1_43' title='bbox 1813 856 2101 929; x_wconf 82' lang='lat' dir='ltr'>proﬁcisci-</span> 
     </span>
    </p>
   </div>
   <div class='ocr_carea' id='block_1_7' title="bbox 526 948 2101 1028">
    <p class='ocr_par' dir='ltr' id='par_1_7' title="bbox 526 948 2101 1028">
     <span class='ocr_line' id='line_1_7' title="bbox 526 948 2101 1028; baseline -0.01 -12"><span class='ocrx_word' id='word_1_44' title='bbox 526 977 647 1016; x_wconf 89' lang='lat' dir='ltr'>mur</span> <span class='ocrx_word' id='word_1_45' title='bbox 678 960 817 1015; x_wconf 89' lang='lat' dir='ltr'>:huc</span> <span class='ocrx_word' id='word_1_46' title='bbox 836 972 1043 1028; x_wconf 87' lang='lat' dir='ltr'>quoque</span> <span class='ocrx_word' id='word_1_47' title='bbox 1064 956 1199 1010; x_wconf 84' lang='lat' dir='ltr'>ratio</span> <span class='ocrx_word' id='word_1_48' title='bbox 1224 963 1310 1010; x_wconf 86' lang='lat' dir='ltr'>tua</span> <span class='ocrx_word' id='word_1_49' title='bbox 1342 953 1530 1023; x_wconf 83' lang='lat' dir='ltr'>pedem</span> <span class='ocrx_word' id='word_1_50' title='bbox 1560 961 1612 1007; x_wconf 85' lang='lat' dir='ltr'>te</span> <span class='ocrx_word' id='word_1_51' title='bbox 1636 950 1909 1020; x_wconf 84' lang='lat' dir='ltr'>compellit</span> <span class='ocrx_word' id='word_1_52' title='bbox 1933 948 2101 1009; x_wconf 85' lang='lat' dir='ltr'>addu-</span> 
     </span>
    </p>
   </div>
   <div class='ocr_carea' id='block_1_8' title="bbox 524 1039 2109 1116">
    <p class='ocr_par' dir='ltr' id='par_1_8' title="bbox 524 1039 2109 1116">
     <span class='ocr_line' id='line_1_8' title="bbox 524 1039 2109 1116; baseline -0.009 -8"><span class='ocrx_word' id='word_1_53' title='bbox 524 1068 667 1116; x_wconf 84' lang='lat' dir='ltr'>cere,</span> <span class='ocrx_word' id='word_1_54' title='bbox 710 1058 763 1107; x_wconf 91' lang='lat' dir='ltr'>et</span> <span class='ocrx_word' id='word_1_55' title='bbox 800 1064 982 1105; x_wconf 85' lang='lat' dir='ltr'><strong>rursus</strong></span> <span class='ocrx_word' id='word_1_56' title='bbox 1023 1048 1107 1107; x_wconf 81' lang='lat' dir='ltr'>lex</span> <span class='ocrx_word' id='word_1_57' title='bbox 1152 1046 1237 1101; x_wconf 89' lang='lat' dir='ltr'>illa</span> <span class='ocrx_word' id='word_1_58' title='bbox 1280 1044 1501 1114; x_wconf 90' lang='lat' dir='ltr'>duplum</span> <span class='ocrx_word' id='word_1_59' title='bbox 1544 1057 1821 1097; x_wconf 86' lang='lat' dir='ltr'>numerum</span> <span class='ocrx_word' id='word_1_60' title='bbox 1866 1039 2109 1107; x_wconf 77' lang='lat' dir='ltr'>brevium</span> 
     </span>
    </p>
   </div>
   <div class='ocr_carea' id='block_1_9' title="bbox 522 1134 2100 1217">
    <p class='ocr_par' dir='ltr' id='par_1_9' title="bbox 522 1134 2100 1217">
     <span class='ocr_line' id='line_1_9' title="bbox 522 1134 2100 1217; baseline -0.011 -15"><span class='ocrx_word' id='word_1_61' title='bbox 522 1162 620 1217; x_wconf 89' lang='lat' dir='ltr'>pro</span> <span class='ocrx_word' id='word_1_62' title='bbox 645 1144 815 1215; x_wconf 81' lang='lat' dir='ltr'>longis</span> <span class='ocrx_word' id='word_1_63' title='bbox 861 1144 1033 1209; x_wconf 85' lang='lat' dir='ltr'>locare</span> <span class='ocrx_word' id='word_1_64' title='bbox 1072 1159 1085 1197; x_wconf 92' lang='lat'><strong>:</strong></span> <span class='ocrx_word' id='word_1_65' title='bbox 1123 1147 1278 1217; x_wconf 85' lang='lat' dir='ltr'>atque</span> <span class='ocrx_word' id='word_1_66' title='bbox 1306 1138 1385 1201; x_wconf 38' lang='lat' dir='ltr'>ita,</span> <span class='ocrx_word' id='word_1_67' title='bbox 1403 1135 1576 1199; x_wconf 86' lang='lat' dir='ltr'>nullus</span> <span class='ocrx_word' id='word_1_68' title='bbox 1604 1134 1954 1191; x_wconf 81' lang='lat' dir='ltr'>constituetur</span> <span class='ocrx_word' id='word_1_69' title='bbox 1980 1146 2100 1187; x_wconf 85' lang='lat' dir='ltr'>mo-</span> 
     </span>
    </p>
   </div>
   <div class='ocr_carea' id='block_1_10' title="bbox 523 1226 2100 1298">
    <p class='ocr_par' dir='ltr' id='par_1_10' title="bbox 523 1226 2100 1298">
     <span class='ocr_line' id='line_1_10' title="bbox 523 1226 2100 1298; baseline -0.012 -5"><span class='ocrx_word' id='word_1_70' title='bbox 523 1237 643 1293; x_wconf 90' lang='lat' dir='ltr'><strong>dus.</strong></span> <span class='ocrx_word' id='word_1_71' title='bbox 672 1234 741 1289; x_wconf 79' lang='grc' dir='ltr'>Ι).</span> <span class='ocrx_word' id='word_1_72' title='bbox 771 1235 891 1293; x_wconf 80' lang='lat' dir='ltr'>lam</span> <span class='ocrx_word' id='word_1_73' title='bbox 917 1233 1048 1289; x_wconf 88' lang='lat' dir='ltr'>cedo</span> <span class='ocrx_word' id='word_1_74' title='bbox 1083 1229 1296 1297; x_wconf 78' lang='lat' dir='ltr'>rationi,</span> <span class='ocrx_word' id='word_1_75' title='bbox 1339 1242 1440 1298; x_wconf 88' lang='lat' dir='ltr'>qua</span> <span class='ocrx_word' id='word_1_76' title='bbox 1490 1241 1657 1298; x_wconf 89' lang='lat' dir='ltr'>usque</span> <span class='ocrx_word' id='word_1_77' title='bbox 1700 1226 1765 1289; x_wconf 83' lang='lat' dir='ltr'>ad</span> <span class='ocrx_word' id='word_1_78' title='bbox 1808 1234 2100 1294; x_wconf 85' lang='lat' dir='ltr'>quaterna-</span> 
     </span>
    </p>
   </div>
   <div class='ocr_carea' id='block_1_11' title="bbox 521 1302 2101 1398">
    <p class='ocr_par' dir='ltr' id='par_1_11' title="bbox 521 1302 2101 1398">
     <span class='ocr_line' id='line_1_11' title="bbox 521 1302 2101 1398; baseline -0.011 -15"><span class='ocrx_word' id='word_1_79' title='bbox 521 1328 661 1383; x_wconf 89' lang='lat' dir='ltr'><strong>rium</strong></span> <span class='ocrx_word' id='word_1_80' title='bbox 701 1324 1023 1398; x_wconf 85' lang='lat' dir='ltr'>syllabarum</span> <span class='ocrx_word' id='word_1_81' title='bbox 1051 1336 1327 1387; x_wconf 77' lang='lat' dir='ltr'>numerum</span> <span class='ocrx_word' id='word_1_82' title='bbox 1360 1302 1734 1388; x_wconf 79' lang='lat' dir='ltr'>promovenius</span> <span class='ocrx_word' id='word_1_83' title='bbox 1762 1314 1966 1395; x_wconf 84' lang='lat' dir='ltr'>pedem.</span> <span class='ocrx_word' id='word_1_84' title='bbox 2000 1312 2101 1381; x_wconf 86' lang='lat' dir='ltr'>Pro</span> 
     </span>
    </p>
   </div>
   <div class='ocr_carea' id='block_1_12' title="bbox 526 1406 2099 1486">
    <p class='ocr_par' dir='ltr' id='par_1_12' title="bbox 526 1406 2099 1486">
     <span class='ocr_line' id='line_1_12' title="bbox 526 1406 2099 1486; baseline -0.011 -11"><span class='ocrx_word' id='word_1_85' title='bbox 526 1419 610 1475; x_wconf 87' lang='lat' dir='ltr'>his</span> <span class='ocrx_word' id='word_1_86' title='bbox 634 1428 813 1473; x_wconf 88' lang='lat' dir='ltr'>autem</span> <span class='ocrx_word' id='word_1_87' title='bbox 858 1415 1104 1486; x_wconf 77' lang='lat' dir='ltr'>legitimis</span> <span class='ocrx_word' id='word_1_88' title='bbox 1132 1413 1349 1482; x_wconf 80' lang='lat' dir='ltr'>pedibus</span> <span class='ocrx_word' id='word_1_89' title='bbox 1376 1410 1501 1483; x_wconf 91' lang='lat' dir='ltr'>poni</span> <span class='ocrx_word' id='word_1_90' title='bbox 1522 1417 1767 1479; x_wconf 86' lang='lat' dir='ltr'>oportere</span> <span class='ocrx_word' id='word_1_91' title='bbox 1797 1406 1956 1479; x_wconf 82' lang='lat' dir='ltr'>pedes</span> <span class='ocrx_word' id='word_1_92' title='bbox 1984 1406 2099 1476; x_wconf 84' lang='lat' dir='ltr'>plu-</span> 
     </span>
    </p>
   </div>
   <div class='ocr_carea' id='block_1_13' title="bbox 528 1500 2103 1580">
    <p class='ocr_par' dir='ltr' id='par_1_13' title="bbox 528 1500 2103 1580">
     <span class='ocr_line' id='line_1_13' title="bbox 528 1500 2103 1580; baseline -0.01 -14"><span class='ocrx_word' id='word_1_93' title='bbox 528 1510 666 1579; x_wconf 83' lang='lat' dir='ltr'>rium</span> <span class='ocrx_word' id='word_1_94' title='bbox 695 1508 1038 1580; x_wconf 77' lang='lat' dir='ltr'>syllabarum,</span> <span class='ocrx_word' id='word_1_95' title='bbox 1059 1506 1183 1569; x_wconf 88' lang='lat' dir='ltr'>dum</span> <span class='ocrx_word' id='word_1_96' title='bbox 1204 1506 1391 1561; x_wconf 85' lang='lat' dir='ltr'>breves</span> <span class='ocrx_word' id='word_1_97' title='bbox 1419 1503 1537 1557; x_wconf 86' lang='lat' dir='ltr'>duae</span> <span class='ocrx_word' id='word_1_98' title='bbox 1558 1501 1716 1567; x_wconf 88' lang='lat' dir='ltr'>unius</span> <span class='ocrx_word' id='word_1_99' title='bbox 1738 1501 1906 1570; x_wconf 71' lang='lat' dir='ltr'>longre</span> <span class='ocrx_word' id='word_1_100' title='bbox 1928 1500 2103 1568; x_wconf 83' lang='lat' dir='ltr'>locum</span> 
     </span>
    </p>
   </div>
   <div class='ocr_carea' id='block_1_14' title="bbox 519 1610 1148 1671">
    <p class='ocr_par' dir='ltr' id='par_1_14' title="bbox 519 1610 1148 1671">
     <span class='ocr_line' id='line_1_14' title="bbox 519 1610 1148 1671; baseline -0.006 -15"><span class='ocrx_word' id='word_1_101' title='bbox 519 1610 780 1671; x_wconf 89' lang='lat' dir='ltr'>occupant</span> <span class='ocrx_word' id='word_1_102' title='bbox 805 1614 913 1654; x_wconf 91' lang='lat' dir='ltr'>non</span> <span class='ocrx_word' id='word_1_103' title='bbox 941 1612 1148 1661; x_wconf 87' lang='lat' dir='ltr'>recuso.</span> 
     </span>
    </p>
   </div>
   <div class='ocr_carea' id='block_1_15' title="bbox 518 1705 2105 1779">
    <p class='ocr_par' dir='ltr' id='par_1_15' title="bbox 518 1705 2105 1779">
     <span class='ocr_line' id='line_1_15' title="bbox 518 1705 2105 1779; baseline -0.008 -8"><span class='ocrx_word' id='word_1_104' title='bbox 518 1714 744 1773; x_wconf 79' lang='lat' dir='ltr'>CAPUT</span> <span class='ocrx_word' id='word_1_105' title='bbox 791 1713 880 1769; x_wconf 75' lang='lat' dir='ltr'>Vl.</span> <span class='ocrx_word' id='word_1_106' title='bbox 912 1743 982 1753; x_wconf 94' lang='lat'>-——</span> <span class='ocrx_word' id='word_1_107' title='bbox 1012 1710 1177 1766; x_wconf 75' lang='lat' dir='ltr'>Pedes</span> <span class='ocrx_word' id='word_1_108' title='bbox 1215 1718 1431 1779; x_wconf 80' lang='lat' dir='ltr'>quatuor</span> <span class='ocrx_word' id='word_1_109' title='bbox 1457 1706 1670 1779; x_wconf 71' lang='lat' dir='ltr'>syllabis</span> <span class='ocrx_word' id='word_1_110' title='bbox 1703 1705 1953 1776; x_wconf 80' lang='lat' dir='ltr'>longiores</span> <span class='ocrx_word' id='word_1_111' title='bbox 1980 1706 2105 1776; x_wconf 60' lang='lat' dir='ltr'>thy».</span> 
     </span>
    </p>
   </div>
   <div class='ocr_carea' id='block_1_16' title="bbox 799 1802 1816 1872">
    <p class='ocr_par' dir='ltr' id='par_1_16' title="bbox 799 1802 1816 1872">
     <span class='ocr_line' id='line_1_16' title="bbox 799 1802 1816 1872; baseline -0.008 -14"><span class='ocrx_word' id='word_1_112' title='bbox 799 1805 992 1860; x_wconf 84' lang='lat' dir='ltr'>thmum</span> <span class='ocrx_word' id='word_1_113' title='bbox 1013 1820 1103 1857; x_wconf 82' lang='lat' dir='ltr'>suo</span> <span class='ocrx_word' id='word_1_114' title='bbox 1128 1802 1327 1858; x_wconf 76' lang='lat' dir='ltr'>nomine</span> <span class='ocrx_word' id='word_1_115' title='bbox 1354 1805 1517 1872; x_wconf 74' lang='lat' dir='ltr'>facere</span> <span class='ocrx_word' id='word_1_116' title='bbox 1550 1807 1816 1869; x_wconf 82' lang='lat' dir='ltr'>nequeunt.</span> 
     </span>
    </p>
   </div>
   <div class='ocr_carea' id='block_1_17' title="bbox 589 1889 2102 1963">
    <p class='ocr_par' dir='ltr' id='par_1_17' title="bbox 589 1889 2102 1963">
     <span class='ocr_line' id='line_1_17' title="bbox 589 1889 2102 1963; baseline -0.003 -11"><span class='ocrx_word' id='word_1_117' title='bbox 589 1896 679 1952; x_wconf 73' lang='grc'>14.</span> <span class='ocrx_word' id='word_1_118' title='bbox 712 1894 788 1949; x_wconf 79' lang='grc' dir='ltr'><strong>Μ.</strong></span> <span class='ocrx_word' id='word_1_119' title='bbox 817 1894 992 1950; x_wconf 84' lang='lat' dir='ltr'>Facile</span> <span class='ocrx_word' id='word_1_120' title='bbox 1018 1904 1098 1948; x_wconf 90' lang='lat' dir='ltr'>est</span> <span class='ocrx_word' id='word_1_121' title='bbox 1122 1908 1252 1963; x_wconf 90' lang='lat' dir='ltr'>ergo</span> <span class='ocrx_word' id='word_1_122' title='bbox 1280 1902 1331 1948; x_wconf 91' lang='lat' dir='ltr'>te</span> <span class='ocrx_word' id='word_1_123' title='bbox 1376 1894 1536 1948; x_wconf 88' lang='lat' dir='ltr'>etiam</span> <span class='ocrx_word' id='word_1_124' title='bbox 1580 1890 1705 1947; x_wconf 88' lang='lat' dir='ltr'>illud</span> <span class='ocrx_word' id='word_1_125' title='bbox 1732 1889 1917 1946; x_wconf 89' lang='lat' dir='ltr'>videre</span> <span class='ocrx_word' id='word_1_126' title='bbox 1942 1898 2102 1962; x_wconf 86' lang='lat' dir='ltr'>atque</span> 
     </span>
    </p>
   </div>
   <div class='ocr_carea' id='block_1_18' title="bbox 517 1980 2101 2054">
    <p class='ocr_par' dir='ltr' id='par_1_18' title="bbox 517 1980 2101 2054">
     <span class='ocr_line' id='line_1_18' title="bbox 517 1980 2101 2054; baseline -0.007 -9"><span class='ocrx_word' id='word_1_127' title='bbox 517 1987 833 2053; x_wconf 85' lang='lat' dir='ltr'>concedere,</span> <span class='ocrx_word' id='word_1_128' title='bbox 867 1986 999 2040; x_wconf 88' lang='lat' dir='ltr'>alios</span> <span class='ocrx_word' id='word_1_129' title='bbox 1027 1984 1188 2054; x_wconf 84' lang='lat' dir='ltr'>pedes</span> <span class='ocrx_word' id='word_1_130' title='bbox 1214 1999 1333 2041; x_wconf 87' lang='lat' dir='ltr'>esse</span> <span class='ocrx_word' id='word_1_131' title='bbox 1359 1999 1453 2053; x_wconf 90' lang='lat' dir='ltr'>pro</span> <span class='ocrx_word' id='word_1_132' title='bbox 1479 1982 1580 2048; x_wconf 90' lang='lat' dir='ltr'>his,</span> <span class='ocrx_word' id='word_1_133' title='bbox 1614 1996 1779 2051; x_wconf 79' lang='lat' dir='ltr'>peth</span> <span class='ocrx_word' id='word_1_134' title='bbox 1806 1996 1940 2051; x_wconf 81' lang='lat' dir='ltr'>quos</span> <span class='ocrx_word' id='word_1_135' title='bbox 1968 1980 2101 2053; x_wconf 82' lang='lat' dir='ltr'>rhy-</span> 
     </span>
    </p>
   </div>
   <div class='ocr_carea' id='block_1_19' title="bbox 518 2072 2098 2150">
    <p class='ocr_par' dir='ltr' id='par_1_19' title="bbox 518 2072 2098 2150">
     <span class='ocr_line' id='line_1_19' title="bbox 518 2072 2098 2150; baseline -0.004 -15"><span class='ocrx_word' id='word_1_136' title='bbox 518 2080 654 2136; x_wconf 88' lang='lat' dir='ltr'>thmi</span> <span class='ocrx_word' id='word_1_137' title='bbox 681 2088 762 2136; x_wconf 87' lang='lat' dir='ltr'>est</span> <span class='ocrx_word' id='word_1_138' title='bbox 804 2078 1162 2150; x_wconf 91' lang='lat' dir='ltr'>principatus,</span> <span class='ocrx_word' id='word_1_139' title='bbox 1203 2076 1335 2131; x_wconf 88' lang='lat' dir='ltr'>alios</span> <span class='ocrx_word' id='word_1_140' title='bbox 1358 2076 1446 2145; x_wconf 85' lang='lat' dir='ltr'>qui</span> <span class='ocrx_word' id='word_1_141' title='bbox 1476 2089 1597 2130; x_wconf 91' lang='lat' dir='ltr'>cum</span> <span class='ocrx_word' id='word_1_142' title='bbox 1642 2072 1725 2128; x_wconf 91' lang='lat' dir='ltr'>his</span> <span class='ocrx_word' id='word_1_143' title='bbox 1749 2074 2098 2139; x_wconf 72' lang='lat' dir='ltr'>collocantur.</span> 
     </span>
    </p>
   </div>
   <div class='ocr_carea' id='block_1_20' title="bbox 519 2167 2100 2241">
    <p class='ocr_par' dir='ltr' id='par_1_20' title="bbox 519 2167 2100 2241">
     <span class='ocr_line' id='line_1_20' title="bbox 519 2167 2100 2241; baseline -0.004 -12"><span class='ocrx_word' id='word_1_144' title='bbox 519 2170 655 2230; x_wconf 85' lang='lat' dir='ltr'>Nam</span> <span class='ocrx_word' id='word_1_145' title='bbox 680 2172 769 2227; x_wconf 90' lang='lat' dir='ltr'>ubi</span> <span class='ocrx_word' id='word_1_146' title='bbox 800 2186 897 2241; x_wconf 87' lang='lat' dir='ltr'>pro</span> <span class='ocrx_word' id='word_1_147' title='bbox 923 2170 1095 2240; x_wconf 80' lang='lat' dir='ltr'>longis</span> <span class='ocrx_word' id='word_1_148' title='bbox 1136 2169 1356 2239; x_wconf 78' lang='lat' dir='ltr'>singulis</span> <span class='ocrx_word' id='word_1_149' title='bbox 1384 2168 1720 2238; x_wconf 75' lang='lat' dir='ltr'>geminantur</span> <span class='ocrx_word' id='word_1_150' title='bbox 1748 2167 1955 2232; x_wconf 79' lang='lat' dir='ltr'>breves,</span> <span class='ocrx_word' id='word_1_151' title='bbox 2003 2181 2100 2237; x_wconf 73' lang='lat' dir='ltr'>pro</span> 
     </span>
    </p>
   </div>
   <div class='ocr_carea' id='block_1_21' title="bbox 519 2260 2109 2335">
    <p class='ocr_par' dir='ltr' id='par_1_21' title="bbox 519 2260 2109 2335">
     <span class='ocr_line' id='line_1_21' title="bbox 519 2260 2109 2335; baseline 0.001 -14"><span class='ocrx_word' id='word_1_152' title='bbox 519 2279 589 2321; x_wconf 89' lang='lat' dir='ltr'>eo</span> <span class='ocrx_word' id='word_1_153' title='bbox 617 2264 707 2335; x_wconf 88' lang='lat' dir='ltr'>qui</span> <span class='ocrx_word' id='word_1_154' title='bbox 747 2263 1054 2335; x_wconf 85' lang='lat' dir='ltr'>rhythmum</span> <span class='ocrx_word' id='word_1_155' title='bbox 1082 2262 1319 2327; x_wconf 87' lang='lat' dir='ltr'>obtinet,</span> <span class='ocrx_word' id='word_1_156' title='bbox 1350 2262 1507 2317; x_wconf 89' lang='lat' dir='ltr'>alium</span> <span class='ocrx_word' id='word_1_157' title='bbox 1538 2262 1803 2327; x_wconf 82' lang='lat' dir='ltr'>locamus;</span> <span class='ocrx_word' id='word_1_158' title='bbox 1831 2260 1975 2317; x_wconf 89' lang='lat' dir='ltr'>velut</span> <span class='ocrx_word' id='word_1_159' title='bbox 2004 2277 2109 2331; x_wconf 77' lang='lat' dir='ltr'>pro</span> 
     </span>
    </p>
   </div>
   <div class='ocr_carea' id='block_1_22' title="bbox 519 2353 2098 2424">
    <p class='ocr_par' dir='ltr' id='par_1_22' title="bbox 519 2353 2098 2424">
     <span class='ocr_line' id='line_1_22' title="bbox 519 2353 2098 2424; baseline -0.002 -12"><span class='ocrx_word' id='word_1_160' title='bbox 519 2357 699 2413; x_wconf 83' lang='lat' dir='ltr'>iambo</span> <span class='ocrx_word' id='word_1_161' title='bbox 726 2357 808 2413; x_wconf 90' lang='lat' dir='ltr'>vel</span> <span class='ocrx_word' id='word_1_162' title='bbox 838 2356 1074 2411; x_wconf 79' lang='lat' dir='ltr'>trochaeo</span> <span class='ocrx_word' id='word_1_163' title='bbox 1099 2353 1447 2421; x_wconf 87' lang='lat' dir='ltr'>tribrachum,</span> <span class='ocrx_word' id='word_1_164' title='bbox 1475 2362 1566 2408; x_wconf 88' lang='lat' dir='ltr'>aut</span> <span class='ocrx_word' id='word_1_165' title='bbox 1595 2368 1693 2424; x_wconf 91' lang='lat' dir='ltr'>pro</span> <span class='ocrx_word' id='word_1_166' title='bbox 1739 2354 1978 2422; x_wconf 87' lang='lat' dir='ltr'>spondeo</span> <span class='ocrx_word' id='word_1_167' title='bbox 2002 2353 2098 2411; x_wconf 54' lang='lat' dir='ltr'>dae</span> 
     </span>
    </p>
   </div>
   <div class='ocr_carea' id='block_1_23' title="bbox 518 2444 2104 2517">
    <p class='ocr_par' dir='ltr' id='par_1_23' title="bbox 518 2444 2104 2517">
     <span class='ocr_line' id='line_1_23' title="bbox 518 2444 2104 2517; baseline -0.001 -15"><span class='ocrx_word' id='word_1_168' title='bbox 518 2447 718 2517; x_wconf 86' lang='lat' dir='ltr'>ctylum</span> <span class='ocrx_word' id='word_1_169' title='bbox 769 2454 862 2502; x_wconf 90' lang='lat' dir='ltr'>aut</span> <span class='ocrx_word' id='word_1_170' title='bbox 909 2454 1235 2515; x_wconf 80' lang='lat' dir='ltr'>anapaestum</span> <span class='ocrx_word' id='word_1_171' title='bbox 1286 2453 1379 2500; x_wconf 88' lang='lat' dir='ltr'>aut</span> <span class='ocrx_word' id='word_1_172' title='bbox 1430 2444 1951 2514; x_wconf 83' lang='lat' dir='ltr'>proceleumaticum.</span> <span class='ocrx_word' id='word_1_173' title='bbox 2000 2444 2104 2505; x_wconf 77' lang='lat' dir='ltr'>Ubi</span> 
     </span>
    </p>
   </div>
   <div class='ocr_carea' id='block_1_24' title="bbox 520 2520 2100 2609">
    <p class='ocr_par' dir='ltr' id='par_1_24' title="bbox 520 2520 2100 2609">
     <span class='ocr_line' id='line_1_24' title="bbox 520 2520 2100 2609; baseline -0.004 -14"><span class='ocrx_word' id='word_1_174' title='bbox 520 2554 650 2597; x_wconf 75' lang='lat' dir='ltr'>vero</span> <span class='ocrx_word' id='word_1_175' title='bbox 684 2555 795 2597; x_wconf 86' lang='lat' dir='ltr'>non</span> <span class='ocrx_word' id='word_1_176' title='bbox 822 2538 962 2596; x_wconf 91' lang='lat' dir='ltr'>idem</span> <span class='ocrx_word' id='word_1_177' title='bbox 990 2538 1049 2594; x_wconf 82' lang='lat' dir='ltr'>tit</span> <span class='ocrx_word' id='word_1_178' title='bbox 1070 2580 1085 2605; x_wconf 94' lang='lat'>,</span> <span class='ocrx_word' id='word_1_179' title='bbox 1117 2552 1225 2597; x_wconf 79' lang='lat' dir='ltr'>non</span> <span class='ocrx_word' id='word_1_180' title='bbox 1250 2520 1350 2609; x_wconf 80' lang='lat' dir='ltr'>pro</span> <span class='ocrx_word' id='word_1_181' title='bbox 1376 2551 1441 2593; x_wconf 89' lang='lat' dir='ltr'>eo</span> <span class='ocrx_word' id='word_1_182' title='bbox 1460 2578 1473 2602; x_wconf 94' lang='lat'>,</span> <span class='ocrx_word' id='word_1_183' title='bbox 1506 2535 1599 2593; x_wconf 86' lang='lat' dir='ltr'>sed</span> <span class='ocrx_word' id='word_1_184' title='bbox 1628 2551 1748 2590; x_wconf 91' lang='lat' dir='ltr'>cum</span> <span class='ocrx_word' id='word_1_185' title='bbox 1777 2551 1840 2590; x_wconf 90' lang='lat' dir='ltr'>eo</span> <span class='ocrx_word' id='word_1_186' title='bbox 1887 2535 2100 2605; x_wconf 77' lang='lat' dir='ltr'>ponitur</span> 
     </span>
    </p>
   </div>
   <div class='ocr_carea' id='block_1_25' title="bbox 520 2626 2099 2703">
    <p class='ocr_par' dir='ltr' id='par_1_25' title="bbox 520 2626 2099 2703">
     <span class='ocr_line' id='line_1_25' title="bbox 520 2626 2099 2703; baseline -0.006 -16"><span class='ocrx_word' id='word_1_187' title='bbox 520 2631 757 2703; x_wconf 84' lang='lat' dir='ltr'>quisquis</span> <span class='ocrx_word' id='word_1_188' title='bbox 779 2631 1034 2689; x_wconf 73' lang='lat' dir='ltr'>miscetur</span> <span class='ocrx_word' id='word_1_189' title='bbox 1064 2628 1406 2691; x_wconf 77' lang='lat' dir='ltr'>inferiorum;</span> <span class='ocrx_word' id='word_1_190' title='bbox 1434 2634 1489 2680; x_wconf 86' lang='lat' dir='ltr'>ut</span> <span class='ocrx_word' id='word_1_191' title='bbox 1509 2642 1631 2681; x_wconf 87' lang='lat' dir='ltr'>cum</span> <span class='ocrx_word' id='word_1_192' title='bbox 1655 2626 1865 2697; x_wconf 87' lang='lat' dir='ltr'>dactylo</span> <span class='ocrx_word' id='word_1_193' title='bbox 1890 2641 2099 2696; x_wconf 47' lang='lat' dir='ltr'>aname-</span> 
     </span>
    </p>
   </div>
   <div class='ocr_carea' id='block_1_26' title="bbox 462 2715 2103 2787">
    <p class='ocr_par' dir='ltr' id='par_1_26' title="bbox 462 2715 2103 2787">
     <span class='ocr_line' id='line_1_26' title="bbox 462 2715 2103 2787; baseline -0.001 -12"><span class='ocrx_word' id='word_1_194' title='bbox 462 2772 465 2775; x_wconf 89' lang='lat'>.</span> <span class='ocrx_word' id='word_1_195' title='bbox 524 2732 638 2779; x_wconf 86' lang='lat' dir='ltr'>stus</span> <span class='ocrx_word' id='word_1_196' title='bbox 662 2761 677 2787; x_wconf 91' lang='lat'>,</span> <span class='ocrx_word' id='word_1_197' title='bbox 708 2736 829 2779; x_wconf 89' lang='lat' dir='ltr'>cum</span> <span class='ocrx_word' id='word_1_198' title='bbox 860 2720 1036 2774; x_wconf 90' lang='lat' dir='ltr'>ionico</span> <span class='ocrx_word' id='word_1_199' title='bbox 1062 2733 1190 2773; x_wconf 83' lang='lat' dir='ltr'>vero</span> <span class='ocrx_word' id='word_1_200' title='bbox 1230 2717 1480 2775; x_wconf 77' lang='lat' dir='ltr'>utrolibet</span> <span class='ocrx_word' id='word_1_201' title='bbox 1507 2715 1770 2773; x_wconf 79' lang='lat' dir='ltr'>diiambus</span> <span class='ocrx_word' id='word_1_202' title='bbox 1796 2716 1879 2771; x_wconf 89' lang='lat' dir='ltr'>vel</span> <span class='ocrx_word' id='word_1_203' title='bbox 1918 2715 2103 2781; x_wconf 64' lang='lat' dir='ltr'>diction</span> 
     </span>
    </p>
   </div>
   <div class='ocr_carea' id='block_1_27' title="bbox 519 2810 2100 2882">
    <p class='ocr_par' dir='ltr' id='par_1_27' title="bbox 519 2810 2100 2882">
     <span class='ocr_line' id='line_1_27' title="bbox 519 2810 2100 2882; baseline -0.004 -12"><span class='ocrx_word' id='word_1_204' title='bbox 519 2815 668 2878; x_wconf 87' lang='lat' dir='ltr'>rius;</span> <span class='ocrx_word' id='word_1_205' title='bbox 690 2822 745 2870; x_wconf 91' lang='lat' dir='ltr'>et</span> <span class='ocrx_word' id='word_1_206' title='bbox 768 2812 960 2882; x_wconf 76' lang='lat' dir='ltr'>reliqui</span> <span class='ocrx_word' id='word_1_207' title='bbox 980 2812 1225 2871; x_wconf 84' lang='lat' dir='ltr'>similiter</span> <span class='ocrx_word' id='word_1_208' title='bbox 1242 2825 1341 2866; x_wconf 90' lang='lat' dir='ltr'>suo</span> <span class='ocrx_word' id='word_1_209' title='bbox 1362 2810 1481 2879; x_wconf 70' lang='lat' dir='ltr'>iure</span> <span class='ocrx_word' id='word_1_210' title='bbox 1505 2825 1625 2867; x_wconf 82' lang='lat' dir='ltr'>eum</span> <span class='ocrx_word' id='word_1_211' title='bbox 1652 2810 1879 2865; x_wconf 76' lang='lat' dir='ltr'>caeteris.</span> <span class='ocrx_word' id='word_1_212' title='bbox 1901 2812 1979 2871; x_wconf 78' lang='lat' dir='ltr'>An</span> <span class='ocrx_word' id='word_1_213' title='bbox 2008 2826 2100 2881; x_wconf 86' lang='lat' dir='ltr'>pa-</span> 
     </span>
    </p>
   </div>
   <div class='ocr_carea' id='block_1_28' title="bbox 519 2901 2098 2971">
    <p class='ocr_par' dir='ltr' id='par_1_28' title="bbox 519 2901 2098 2971">
     <span class='ocr_line' id='line_1_28' title="bbox 519 2901 2098 2971; baseline -0.003 -8"><span class='ocrx_word' id='word_1_214' title='bbox 519 2921 638 2963; x_wconf 86' lang='lat' dir='ltr'>rum</span> <span class='ocrx_word' id='word_1_215' title='bbox 662 2906 756 2963; x_wconf 88' lang='lat' dir='ltr'>tibi</span> <span class='ocrx_word' id='word_1_216' title='bbox 780 2906 1087 2969; x_wconf 87' lang='lat' dir='ltr'>dilucidum,</span> <span class='ocrx_word' id='word_1_217' title='bbox 1116 2904 1204 2959; x_wconf 90' lang='lat' dir='ltr'>vel</span> <span class='ocrx_word' id='word_1_218' title='bbox 1235 2902 1674 2971; x_wconf 50' lang='lat' dir='ltr'>l&#39;alsumjvidetur?</span> <span class='ocrx_word' id='word_1_219' title='bbox 1700 2901 1769 2956; x_wconf 64' lang='lat' dir='ltr'>D~.</span> <span class='ocrx_word' id='word_1_220' title='bbox 1800 2901 1914 2961; x_wconf 75' lang='lat' dir='ltr'>lam</span> <span class='ocrx_word' id='word_1_221' title='bbox 1945 2902 2098 2963; x_wconf 83' lang='lat' dir='ltr'>intel-</span> 
     </span>
    </p>
   </div>
   <div class='ocr_carea' id='block_1_29' title="bbox 520 2993 2105 3069">
    <p class='ocr_par' dir='ltr' id='par_1_29' title="bbox 520 2993 2105 3069">
     <span class='ocr_line' id='line_1_29' title="bbox 520 2993 2105 3069; baseline -0.002 -15"><span class='ocrx_word' id='word_1_222' title='bbox 520 2998 645 3069; x_wconf 90' lang='lat' dir='ltr'>ligo.</span> <span class='ocrx_word' id='word_1_223' title='bbox 702 2997 779 3052; x_wconf 84' lang='grc' dir='ltr'><strong>Μ.</strong></span> <span class='ocrx_word' id='word_1_224' title='bbox 827 2996 1111 3065; x_wconf 81' lang='lat' dir='ltr'>Responde</span> <span class='ocrx_word' id='word_1_225' title='bbox 1165 3010 1293 3066; x_wconf 85' lang='lat' dir='ltr'>ergo</span> <span class='ocrx_word' id='word_1_226' title='bbox 1343 3003 1515 3051; x_wconf 91' lang='lat' dir='ltr'>utrum</span> <span class='ocrx_word' id='word_1_227' title='bbox 1571 2993 1643 3051; x_wconf 86' lang='lat' dir='ltr'>illi</span> <span class='ocrx_word' id='word_1_228' title='bbox 1698 2994 1786 3062; x_wconf 88' lang='lat' dir='ltr'>qui</span> <span class='ocrx_word' id='word_1_229' title='bbox 1837 3008 1933 3063; x_wconf 89' lang='lat' dir='ltr'>pro</span> <span class='ocrx_word' id='word_1_230' title='bbox 1984 2994 2105 3051; x_wconf 82' lang='lat' dir='ltr'>aliis</span> 
     </span>
    </p>
   </div>
   <div class='ocr_carea' id='block_1_30' title="bbox 519 3082 2096 3161">
    <p class='ocr_par' dir='ltr' id='par_1_30' title="bbox 519 3082 2096 3161">
     <span class='ocr_line' id='line_1_30' title="bbox 519 3082 2096 3161; baseline -0.005 -16"><span class='ocrx_word' id='word_1_231' title='bbox 519 3097 810 3161; x_wconf 82' lang='lat' dir='ltr'>ponuntur,</span> <span class='ocrx_word' id='word_1_232' title='bbox 843 3088 1047 3159; x_wconf 86' lang='lat' dir='ltr'>possint</span> <span class='ocrx_word' id='word_1_233' title='bbox 1070 3086 1228 3147; x_wconf 86' lang='lat' dir='ltr'>etiam</span> <span class='ocrx_word' id='word_1_234' title='bbox 1246 3086 1347 3155; x_wconf 83' lang='lat' dir='ltr'>ipsi</span> <span class='ocrx_word' id='word_1_235' title='bbox 1372 3099 1539 3156; x_wconf 42' lang='lat' dir='ltr'>peroso</span> <span class='ocrx_word' id='word_1_236' title='bbox 1564 3082 1740 3151; x_wconf 72' lang='lat' dir='ltr'>facere</span> <span class='ocrx_word' id='word_1_237' title='bbox 1766 3083 2096 3156; x_wconf 72' lang='lat' dir='ltr'>rhythmum.</span> 
     </span>
    </p>
   </div>
   <div class='ocr_carea' id='block_1_31' title="bbox 522 3176 2103 3248">
    <p class='ocr_par' dir='ltr' id='par_1_31' title="bbox 522 3176 2103 3248">
     <span class='ocr_line' id='line_1_31' title="bbox 522 3176 2103 3248; baseline -0.001 -12"><span class='ocrx_word' id='word_1_238' title='bbox 522 3179 588 3236; x_wconf 76' lang='grc' dir='ltr'><strong>Β.</strong></span> <span class='ocrx_word' id='word_1_239' title='bbox 622 3180 871 3236; x_wconf 79' lang='lat' dir='ltr'>Possunt.</span> <span class='ocrx_word' id='word_1_240' title='bbox 927 3180 1005 3236; x_wconf 77' lang='grc' dir='ltr'>Μ.</span> <span class='ocrx_word' id='word_1_241' title='bbox 1057 3179 1362 3235; x_wconf 80' lang='lat' dir='ltr'>Omnesne?</span> <span class='ocrx_word' id='word_1_242' title='bbox 1404 3178 1471 3235; x_wconf 68' lang='grc' dir='ltr'><strong>Β.</strong></span> <span class='ocrx_word' id='word_1_243' title='bbox 1514 3178 1729 3241; x_wconf 78' lang='lat' dir='ltr'>Omnes.</span> <span class='ocrx_word' id='word_1_244' title='bbox 1759 3176 1836 3235; x_wconf 69' lang='grc' dir='ltr'><strong>Μ.</strong></span> <span class='ocrx_word' id='word_1_245' title='bbox 1884 3179 2103 3248; x_wconf 84' lang='lat' dir='ltr'>Ergoet</span> 
     </span>
    </p>
   </div>
   <div class='ocr_carea' id='block_1_32' title="bbox 491 3268 2099 3344">
    <p class='ocr_par' dir='ltr' id='par_1_32' title="bbox 491 3268 2099 3344">
     <span class='ocr_line' id='line_1_32' title="bbox 491 3268 2099 3344; baseline 0 -17"><span class='ocrx_word' id='word_1_246' title='bbox 491 3299 501 3307; x_wconf 89' lang='lat'><strong>-</strong></span> <span class='ocrx_word' id='word_1_247' title='bbox 524 3274 756 3344; x_wconf 84' lang='lat' dir='ltr'>quinque</span> <span class='ocrx_word' id='word_1_248' title='bbox 779 3272 1106 3344; x_wconf 82' lang='lat' dir='ltr'>syllabarum</span> <span class='ocrx_word' id='word_1_249' title='bbox 1125 3287 1218 3341; x_wconf 87' lang='lat' dir='ltr'>pes</span> <span class='ocrx_word' id='word_1_250' title='bbox 1247 3277 1422 3341; x_wconf 84' lang='lat' dir='ltr'>potest</span> <span class='ocrx_word' id='word_1_251' title='bbox 1441 3269 1769 3327; x_wconf 85' lang='lat' dir='ltr'>suonomine</span> <span class='ocrx_word' id='word_1_252' title='bbox 1793 3268 2099 3339; x_wconf 82' lang='lat' dir='ltr'>rhythmum</span> 
     </span>
    </p>
   </div>
   <div class='ocr_carea' id='block_1_33' title="bbox 528 3359 2101 3435">
    <p class='ocr_par' dir='ltr' id='par_1_33' title="bbox 528 3359 2101 3435">
     <span class='ocr_line' id='line_1_33' title="bbox 528 3359 2101 3435; baseline -0.001 -15"><span class='ocrx_word' id='word_1_253' title='bbox 528 3364 723 3430; x_wconf 72' lang='lat' dir='ltr'>facere,</span> <span class='ocrx_word' id='word_1_254' title='bbox 775 3365 895 3435; x_wconf 87' lang='lat' dir='ltr'>quia</span> <span class='ocrx_word' id='word_1_255' title='bbox 943 3379 1040 3433; x_wconf 89' lang='lat' dir='ltr'>pro</span> <span class='ocrx_word' id='word_1_256' title='bbox 1082 3362 1302 3418; x_wconf 88' lang='lat' dir='ltr'>bacchio</span> <span class='ocrx_word' id='word_1_257' title='bbox 1350 3360 1437 3415; x_wconf 87' lang='lat' dir='ltr'>vel</span> <span class='ocrx_word' id='word_1_258' title='bbox 1488 3361 1687 3416; x_wconf 86' lang='lat' dir='ltr'>cretico</span> <span class='ocrx_word' id='word_1_259' title='bbox 1728 3359 1815 3417; x_wconf 83' lang='lat' dir='ltr'>vel</span> <span class='ocrx_word' id='word_1_260' title='bbox 1866 3360 2101 3430; x_wconf 85' lang='lat' dir='ltr'>quolibet</span> 
     </span>
    </p>
   </div>
   <div class='ocr_carea' id='block_1_34' title="bbox 519 3451 2105 3530">
    <p class='ocr_par' dir='ltr' id='par_1_34' title="bbox 519 3451 2105 3530">
     <span class='ocr_line' id='line_1_34' title="bbox 519 3451 2105 3530; baseline -0.005 -17"><span class='ocrx_word' id='word_1_261' title='bbox 519 3473 710 3530; x_wconf 77' lang='lat' dir='ltr'>paeone</span> <span class='ocrx_word' id='word_1_262' title='bbox 739 3458 861 3527; x_wconf 88' lang='lat' dir='ltr'>poni</span> <span class='ocrx_word' id='word_1_263' title='bbox 892 3464 1083 3526; x_wconf 84' lang='lat' dir='ltr'>potest.</span> <span class='ocrx_word' id='word_1_264' title='bbox 1125 3454 1191 3509; x_wconf 71' lang='grc' dir='ltr'><strong>Β.</strong></span> <span class='ocrx_word' id='word_1_265' title='bbox 1222 3454 1339 3510; x_wconf 88' lang='lat' dir='ltr'>Non</span> <span class='ocrx_word' id='word_1_266' title='bbox 1379 3462 1556 3525; x_wconf 77' lang='lat' dir='ltr'>poteSt</span> <span class='ocrx_word' id='word_1_267' title='bbox 1584 3451 1829 3521; x_wconf 88' lang='lat' dir='ltr'>quidem;</span> <span class='ocrx_word' id='word_1_268' title='bbox 1872 3451 1967 3506; x_wconf 88' lang='lat' dir='ltr'>sed</span> <span class='ocrx_word' id='word_1_269' title='bbox 1992 3452 2105 3521; x_wconf 82' lang='lat' dir='ltr'>jam</span> 
     </span>
    </p>
   </div>
   <div class='ocr_carea' id='block_1_35' title="bbox 520 3543 2101 3615">
    <p class='ocr_par' dir='ltr' id='par_1_35' title="bbox 520 3543 2101 3615">
     <span class='ocr_line' id='line_1_35' title="bbox 520 3543 2101 3615; baseline -0.005 -10"><span class='ocrx_word' id='word_1_270' title='bbox 520 3550 683 3605; x_wconf 83' lang='lat' dir='ltr'>istum</span> <span class='ocrx_word' id='word_1_271' title='bbox 708 3564 814 3604; x_wconf 88' lang='lat' dir='ltr'>non</span> <span class='ocrx_word' id='word_1_272' title='bbox 846 3563 1093 3605; x_wconf 84' lang='lat' dir='ltr'>vocamus</span> <span class='ocrx_word' id='word_1_273' title='bbox 1122 3545 1329 3615; x_wconf 86' lang='lat' dir='ltr'>pedem.</span> <span class='ocrx_word' id='word_1_274' title='bbox 1359 3546 1406 3600; x_wconf 89' lang='lat' dir='ltr'>si</span> <span class='ocrx_word' id='word_1_275' title='bbox 1434 3544 1818 3615; x_wconf 74' lang='lat' dir='ltr'>progressionis</span> <span class='ocrx_word' id='word_1_276' title='bbox 1846 3543 1985 3598; x_wconf 87' lang='lat' dir='ltr'>illius</span> <span class='ocrx_word' id='word_1_277' title='bbox 2012 3558 2101 3603; x_wconf 84' lang='lat' dir='ltr'>us-</span> 
     </span>
    </p>
   </div>
   <div class='ocr_carea' id='block_1_36' title="bbox 518 3634 2107 3711">
    <p class='ocr_par' dir='ltr' id='par_1_36' title="bbox 518 3634 2107 3711">
     <span class='ocr_line' id='line_1_36' title="bbox 518 3634 2107 3711; baseline -0.002 -17"><span class='ocrx_word' id='word_1_278' title='bbox 518 3656 624 3711; x_wconf 83' lang='lat' dir='ltr'>que</span> <span class='ocrx_word' id='word_1_279' title='bbox 654 3642 720 3695; x_wconf 83' lang='lat' dir='ltr'>ad</span> <span class='ocrx_word' id='word_1_280' title='bbox 746 3639 1146 3710; x_wconf 85' lang='lat' dir='ltr'>quaternarium</span> <span class='ocrx_word' id='word_1_281' title='bbox 1173 3652 1451 3693; x_wconf 85' lang='lat' dir='ltr'>numerum</span> <span class='ocrx_word' id='word_1_282' title='bbox 1496 3634 1626 3691; x_wconf 84' lang='lat' dir='ltr'>satis</span> <span class='ocrx_word' id='word_1_283' title='bbox 1666 3634 1886 3691; x_wconf 84' lang='lat' dir='ltr'>memini</span> <span class='ocrx_word' id='word_1_284' title='bbox 1917 3636 1955 3687; x_wconf 77' lang='grc'><strong>¹.</strong></span> <span class='ocrx_word' id='word_1_285' title='bbox 1992 3635 2107 3704; x_wconf 79' lang='lat' dir='ltr'>Ego</span> 
     </span>
    </p>
   </div>
   <div class='ocr_carea' id='block_1_37' title="bbox 520 3726 2103 3799">
    <p class='ocr_par' dir='ltr' id='par_1_37' title="bbox 520 3726 2103 3799">
     <span class='ocr_line' id='line_1_37' title="bbox 520 3726 2103 3799; baseline -0.003 -12"><span class='ocrx_word' id='word_1_286' title='bbox 520 3740 697 3787; x_wconf 85' lang='lat' dir='ltr'>autem</span> <span class='ocrx_word' id='word_1_287' title='bbox 749 3746 869 3787; x_wconf 86' lang='lat' dir='ltr'>cum</span> <span class='ocrx_word' id='word_1_288' title='bbox 917 3744 1104 3787; x_wconf 86' lang='lat' dir='ltr'>omnes</span> <span class='ocrx_word' id='word_1_289' title='bbox 1152 3743 1312 3799; x_wconf 83' lang='lat' dir='ltr'>posse</span> <span class='ocrx_word' id='word_1_290' title='bbox 1364 3726 1653 3798; x_wconf 78' lang='lat' dir='ltr'>respondi,</span> <span class='ocrx_word' id='word_1_291' title='bbox 1702 3727 1868 3797; x_wconf 84' lang='lat' dir='ltr'>pedes</span> <span class='ocrx_word' id='word_1_292' title='bbox 1922 3727 2103 3795; x_wconf 87' lang='lat' dir='ltr'>utique</span> 
     </span>
    </p>
   </div>
   <div class='ocr_carea' id='block_1_38' title="bbox 520 3819 2106 3896">
    <p class='ocr_par' dir='ltr' id='par_1_38' title="bbox 520 3819 2106 3896">
     <span class='ocr_line' id='line_1_38' title="bbox 520 3819 2106 3896; baseline -0.006 -15"><span class='ocrx_word' id='word_1_293' title='bbox 520 3839 676 3896; x_wconf 75' lang='lat' dir='ltr'>posse</span> <span class='ocrx_word' id='word_1_294' title='bbox 720 3824 990 3894; x_wconf 87' lang='lat' dir='ltr'>respondi.</span> <span class='ocrx_word' id='word_1_295' title='bbox 1051 3820 1131 3878; x_wconf 72' lang='grc' dir='ltr'><strong>Η.</strong></span> <span class='ocrx_word' id='word_1_296' title='bbox 1172 3820 1356 3877; x_wconf 85' lang='lat' dir='ltr'>Laudo</span> <span class='ocrx_word' id='word_1_297' title='bbox 1403 3821 1562 3883; x_wconf 88' lang='lat' dir='ltr'>etiam</span> <span class='ocrx_word' id='word_1_298' title='bbox 1608 3821 1664 3875; x_wconf 89' lang='lat' dir='ltr'>in</span> <span class='ocrx_word' id='word_1_299' title='bbox 1711 3819 1928 3877; x_wconf 77' lang='lat' dir='ltr'>nomine</span> <span class='ocrx_word' id='word_1_300' title='bbox 1978 3820 2106 3876; x_wconf 81' lang='lat' dir='ltr'>reti-.-</span> 
     </span>
    </p>
   </div>
   <div class='ocr_carea' id='block_1_39' title="bbox 520 3914 2103 3985">
    <p class='ocr_par' dir='ltr' id='par_1_39' title="bbox 520 3914 2103 3985">
     <span class='ocr_line' id='line_1_39' title="bbox 520 3914 2103 3985; baseline -0.001 -12"><span class='ocrx_word' id='word_1_301' title='bbox 520 3917 697 3974; x_wconf 88' lang='lat' dir='ltr'>nendo</span> <span class='ocrx_word' id='word_1_302' title='bbox 749 3915 1071 3985; x_wconf 79' lang='lat' dir='ltr'>diligentiam</span> <span class='ocrx_word' id='word_1_303' title='bbox 1115 3922 1171 3971; x_wconf 85' lang='lat' dir='ltr'>et</span> <span class='ocrx_word' id='word_1_304' title='bbox 1221 3914 1545 3984; x_wconf 67' lang='lat' dir='ltr'>vigilantiam</span> <span class='ocrx_word' id='word_1_305' title='bbox 1595 3923 1759 3970; x_wconf 86' lang='lat' dir='ltr'>tuam.</span> <span class='ocrx_word' id='word_1_306' title='bbox 1808 3914 1914 3970; x_wconf 82' lang='lat' dir='ltr'>Sed</span> <span class='ocrx_word' id='word_1_307' title='bbox 1966 3916 2103 3971; x_wconf 80' lang='lat' dir='ltr'>scias</span> 
     </span>
    </p>
   </div>
   <div class='ocr_carea' id='block_1_40' title="bbox 521 4004 2109 4074">
    <p class='ocr_par' dir='ltr' id='par_1_40' title="bbox 521 4004 2109 4074">
     <span class='ocr_line' id='line_1_40' title="bbox 521 4004 2109 4074; baseline -0.003 -9"><span class='ocrx_word' id='word_1_308' title='bbox 521 4008 711 4065; x_wconf 89' lang='lat' dir='ltr'>multis</span> <span class='ocrx_word' id='word_1_309' title='bbox 746 4008 919 4065; x_wconf 87' lang='lat' dir='ltr'>visum</span> <span class='ocrx_word' id='word_1_310' title='bbox 952 4020 1072 4061; x_wconf 85' lang='lat' dir='ltr'>esse</span> <span class='ocrx_word' id='word_1_311' title='bbox 1100 4004 1262 4060; x_wconf 88' lang='lat' dir='ltr'>etiam</span> <span class='ocrx_word' id='word_1_312' title='bbox 1301 4020 1548 4061; x_wconf 87' lang='lat' dir='ltr'>senarum</span> <span class='ocrx_word' id='word_1_313' title='bbox 1590 4004 1911 4074; x_wconf 69' lang='lat' dir='ltr'>Syllabarum</span> <span class='ocrx_word' id='word_1_314' title='bbox 1942 4004 2109 4074; x_wconf 86' lang='lat' dir='ltr'>pedes</span> 
     </span>
    </p>
   </div>
   <div class='ocr_carea' id='block_1_41' title="bbox 527 4096 2105 4169">
    <p class='ocr_par' dir='ltr' id='par_1_41' title="bbox 527 4096 2105 4169">
     <span class='ocr_line' id='line_1_41' title="bbox 527 4096 2105 4169; baseline -0.001 -15"><span class='ocrx_word' id='word_1_315' title='bbox 527 4098 944 4169; x_wconf 81' lang='lat' dir='ltr'>mmcupandos;</span> <span class='ocrx_word' id='word_1_316' title='bbox 976 4096 1073 4154; x_wconf 85' lang='lat' dir='ltr'>sed</span> <span class='ocrx_word' id='word_1_317' title='bbox 1112 4096 1358 4166; x_wconf 81' lang='lat' dir='ltr'>amplius,</span> <span class='ocrx_word' id='word_1_318' title='bbox 1386 4096 1525 4166; x_wconf 88' lang='lat' dir='ltr'>quod</span> <span class='ocrx_word' id='word_1_319' title='bbox 1555 4097 1741 4165; x_wconf 85' lang='lat' dir='ltr'>sciam,</span> <span class='ocrx_word' id='word_1_320' title='bbox 1772 4096 1968 4153; x_wconf 88' lang='lat' dir='ltr'>nemini</span> <span class='ocrx_word' id='word_1_321' title='bbox 1996 4098 2105 4166; x_wconf 84' lang='lat' dir='ltr'>pla-.</span> 
     </span>
    </p>
   </div>
   <div class='ocr_carea' id='block_1_42' title="bbox 526 4188 2103 4259">
    <p class='ocr_par' dir='ltr' id='par_1_42' title="bbox 526 4188 2103 4259">
     <span class='ocr_line' id='line_1_42' title="bbox 526 4188 2103 4259; baseline -0.002 -12"><span class='ocrx_word' id='word_1_322' title='bbox 526 4193 656 4247; x_wconf 91' lang='lat' dir='ltr'>cuit.</span> <span class='ocrx_word' id='word_1_323' title='bbox 686 4191 755 4244; x_wconf 86' lang='lat' dir='ltr'>Et</span> <span class='ocrx_word' id='word_1_324' title='bbox 798 4190 871 4243; x_wconf 91' lang='lat' dir='ltr'>illi</span> <span class='ocrx_word' id='word_1_325' title='bbox 903 4189 1095 4259; x_wconf 87' lang='lat' dir='ltr'>quibus</span> <span class='ocrx_word' id='word_1_326' title='bbox 1128 4188 1230 4243; x_wconf 88' lang='lat' dir='ltr'>hoc</span> <span class='ocrx_word' id='word_1_327' title='bbox 1256 4188 1467 4258; x_wconf 88' lang='lat' dir='ltr'>placuit,</span> <span class='ocrx_word' id='word_1_328' title='bbox 1513 4197 1841 4259; x_wconf 86' lang='lat' dir='ltr'>negaverunt</span> <span class='ocrx_word' id='word_1_329' title='bbox 1864 4189 1929 4243; x_wconf 89' lang='lat' dir='ltr'>ad</span> <span class='ocrx_word' id='word_1_330' title='bbox 1972 4188 2103 4259; x_wconf 49' lang='lat' dir='ltr'>rhy:</span> 
     </span>
    </p>
   </div>
   <div class='ocr_carea' id='block_1_43' title="bbox 526 4280 2103 4352">
    <p class='ocr_par' dir='ltr' id='par_1_43' title="bbox 526 4280 2103 4352">
     <span class='ocr_line' id='line_1_43' title="bbox 526 4280 2103 4352; baseline 0.001 -17"><span class='ocrx_word' id='word_1_331' title='bbox 526 4282 755 4345; x_wconf 87' lang='lat' dir='ltr'>thmum,</span> <span class='ocrx_word' id='word_1_332' title='bbox 781 4288 872 4335; x_wconf 88' lang='lat' dir='ltr'>aut</span> <span class='ocrx_word' id='word_1_333' title='bbox 895 4281 963 4335; x_wconf 89' lang='lat' dir='ltr'>ad</span> <span class='ocrx_word' id='word_1_334' title='bbox 992 4289 1221 4336; x_wconf 90' lang='lat' dir='ltr'>metrum</span> <span class='ocrx_word' id='word_1_335' title='bbox 1251 4295 1346 4350; x_wconf 91' lang='lat' dir='ltr'>per</span> <span class='ocrx_word' id='word_1_336' title='bbox 1364 4296 1424 4337; x_wconf 88' lang='lat' dir='ltr'>se</span> <span class='ocrx_word' id='word_1_337' title='bbox 1450 4280 1766 4352; x_wconf 80' lang='lat' dir='ltr'>gignendum</span> <span class='ocrx_word' id='word_1_338' title='bbox 1786 4292 1891 4337; x_wconf 90' lang='lat' dir='ltr'>tam</span> <span class='ocrx_word' id='word_1_339' title='bbox 1918 4282 2103 4352; x_wconf 82' lang='lat' dir='ltr'>longos</span> 
     </span>
    </p>
   </div>
   <div class='ocr_carea' id='block_1_44' title="bbox 528 4371 2102 4443">
    <p class='ocr_par' dir='ltr' id='par_1_44' title="bbox 528 4371 2102 4443">
     <span class='ocr_line' id='line_1_44' title="bbox 528 4371 2102 4443; baseline 0 -15"><span class='ocrx_word' id='word_1_340' title='bbox 528 4372 695 4443; x_wconf 79' lang='lat' dir='ltr'>pedes</span> <span class='ocrx_word' id='word_1_341' title='bbox 737 4371 981 4429; x_wconf 83' lang='lat' dir='ltr'>adhiberi</span> <span class='ocrx_word' id='word_1_342' title='bbox 1009 4380 1274 4441; x_wconf 87' lang='lat' dir='ltr'>oportere.</span> <span class='ocrx_word' id='word_1_343' title='bbox 1331 4372 1511 4443; x_wconf 78' lang='lat' dir='ltr'>Itaque</span> <span class='ocrx_word' id='word_1_344' title='bbox 1544 4388 1614 4428; x_wconf 89' lang='lat' dir='ltr'>ne</span> <span class='ocrx_word' id='word_1_345' title='bbox 1652 4374 1863 4429; x_wconf 88' lang='lat' dir='ltr'>nomina</span> <span class='ocrx_word' id='word_1_346' title='bbox 1889 4372 2102 4443; x_wconf 81' lang='lat' dir='ltr'>quidem</span> 
     </span>
    </p>
   </div>
   <div class='ocr_carea' id='block_1_45' title="bbox 526 4462 2103 4535">
    <p class='ocr_par' dir='ltr' id='par_1_45' title="bbox 526 4462 2103 4535">
     <span class='ocr_line' id='line_1_45' title="bbox 526 4462 2103 4535; baseline 0.003 -17"><span class='ocrx_word' id='word_1_347' title='bbox 526 4462 613 4520; x_wconf 85' lang='lat' dir='ltr'>his</span> <span class='ocrx_word' id='word_1_348' title='bbox 646 4463 967 4523; x_wconf 90' lang='lat' dir='ltr'>indiderunt.</span> <span class='ocrx_word' id='word_1_349' title='bbox 1000 4463 1263 4531; x_wconf 80' lang='lat' dir='ltr'>Quocirca</span> <span class='ocrx_word' id='word_1_350' title='bbox 1286 4465 1594 4522; x_wconf 80' lang='lat' dir='ltr'>verissimus</span> <span class='ocrx_word' id='word_1_351' title='bbox 1624 4475 1706 4522; x_wconf 88' lang='lat' dir='ltr'>est</span> <span class='ocrx_word' id='word_1_352' title='bbox 1740 4466 1829 4522; x_wconf 90' lang='lat' dir='ltr'>ille</span> <span class='ocrx_word' id='word_1_353' title='bbox 1858 4480 2103 4535; x_wconf 87' lang='lat' dir='ltr'>progres-</span> 
     </span>
    </p>
   </div>
   <div class='ocr_carea' id='block_1_46' title="bbox 530 4554 2101 4627">
    <p class='ocr_par' dir='ltr' id='par_1_46' title="bbox 530 4554 2101 4627">
     <span class='ocr_line' id='line_1_46' title="bbox 530 4554 2101 4627; baseline 0.001 -16"><span class='ocrx_word' id='word_1_354' title='bbox 530 4554 699 4611; x_wconf 85' lang='lat' dir='ltr'>sionis</span> <span class='ocrx_word' id='word_1_355' title='bbox 722 4554 931 4620; x_wconf 90' lang='lat' dir='ltr'>modus,</span> <span class='ocrx_word' id='word_1_356' title='bbox 956 4556 1045 4624; x_wconf 88' lang='lat' dir='ltr'>qui</span> <span class='ocrx_word' id='word_1_357' title='bbox 1071 4570 1236 4625; x_wconf 84' lang='lat' dir='ltr'>usque</span> <span class='ocrx_word' id='word_1_358' title='bbox 1252 4556 1317 4610; x_wconf 92' lang='lat' dir='ltr'>ad</span> <span class='ocrx_word' id='word_1_359' title='bbox 1343 4566 1568 4626; x_wconf 85' lang='lat' dir='ltr'>quatuor</span> <span class='ocrx_word' id='word_1_360' title='bbox 1586 4557 1813 4627; x_wconf 84' lang='lat' dir='ltr'>syllabas</span> <span class='ocrx_word' id='word_1_361' title='bbox 1834 4559 2101 4627; x_wconf 87' lang='lat' dir='ltr'>pervenit;</span> 
     </span>
    </p>
   </div>
   <div class='ocr_carea' id='block_1_47' title="bbox 528 4644 2105 4717">
    <p class='ocr_par' dir='ltr' id='par_1_47' title="bbox 528 4644 2105 4717">
     <span class='ocr_line' id='line_1_47' title="bbox 528 4644 2105 4717; baseline 0.001 -14"><span class='ocrx_word' id='word_1_362' title='bbox 528 4644 952 4717; x_wconf 75' lang='lat' dir='ltr'>quandoquidem</span> <span class='ocrx_word' id='word_1_363' title='bbox 1001 4644 1057 4700; x_wconf 91' lang='lat' dir='ltr'>hi</span> <span class='ocrx_word' id='word_1_364' title='bbox 1101 4660 1287 4702; x_wconf 89' lang='lat' dir='ltr'>omnes</span> <span class='ocrx_word' id='word_1_365' title='bbox 1335 4646 1515 4716; x_wconf 86' lang='lat' dir='ltr'>pedes,</span> <span class='ocrx_word' id='word_1_366' title='bbox 1556 4647 1746 4717; x_wconf 85' lang='lat' dir='ltr'>quibus</span> <span class='ocrx_word' id='word_1_367' title='bbox 1789 4648 1970 4705; x_wconf 85' lang='lat' dir='ltr'>divisis</span> <span class='ocrx_word' id='word_1_368' title='bbox 1998 4648 2105 4707; x_wconf 75' lang='lat' dir='ltr'>duo</span> 
     </span>
    </p>
   </div>
   <div class='ocr_carea' id='block_1_48' title="bbox 528 4737 2102 4808">
    <p class='ocr_par' dir='ltr' id='par_1_48' title="bbox 528 4737 2102 4808">
     <span class='ocr_line' id='line_1_48' title="bbox 528 4737 2102 4808; baseline -0.002 -11"><span class='ocrx_word' id='word_1_369' title='bbox 528 4737 645 4797; x_wconf 69' lang='lat' dir='ltr'>ﬁeri</span> <span class='ocrx_word' id='word_1_370' title='bbox 669 4754 777 4793; x_wconf 86' lang='lat' dir='ltr'>non</span> <span class='ocrx_word' id='word_1_371' title='bbox 806 4746 1045 4807; x_wconf 84' lang='lat' dir='ltr'>possunt,</span> <span class='ocrx_word' id='word_1_372' title='bbox 1077 4738 1345 4807; x_wconf 88' lang='lat' dir='ltr'>conjuncti</span> <span class='ocrx_word' id='word_1_373' title='bbox 1374 4737 1561 4806; x_wconf 87' lang='lat' dir='ltr'>pedem</span> <span class='ocrx_word' id='word_1_374' title='bbox 1589 4738 1763 4794; x_wconf 75' lang='lat' dir='ltr'>facere</span> <span class='ocrx_word' id='word_1_375' title='bbox 1786 4747 2102 4808; x_wconf 84' lang='lat' dir='ltr'>potuerunt:</span> 
     </span>
    </p>
   </div>
   <div class='ocr_carea' id='block_1_49' title="bbox 525 4830 2101 4902">
    <p class='ocr_par' dir='ltr' id='par_1_49' title="bbox 525 4830 2101 4902">
     <span class='ocr_line' id='line_1_49' title="bbox 525 4830 2101 4902; baseline -0.004 -10"><span class='ocrx_word' id='word_1_376' title='bbox 525 4842 582 4892; x_wconf 80' lang='lat' dir='ltr'>et</span> <span class='ocrx_word' id='word_1_377' title='bbox 612 4833 684 4887; x_wconf 90' lang='lat' dir='ltr'>ita</span> <span class='ocrx_word' id='word_1_378' title='bbox 713 4830 804 4902; x_wconf 89' lang='lat' dir='ltr'>qui</span> <span class='ocrx_word' id='word_1_379' title='bbox 843 4831 901 4885; x_wconf 87' lang='lat' dir='ltr'>in</span> <span class='ocrx_word' id='word_1_380' title='bbox 942 4840 1149 4888; x_wconf 80' lang='lat' dir='ltr'>sextam</span> <span class='ocrx_word' id='word_1_381' title='bbox 1177 4831 1432 4902; x_wconf 82' lang='lat' dir='ltr'>syllabam</span> <span class='ocrx_word' id='word_1_382' title='bbox 1458 4847 1625 4901; x_wconf 91' lang='lat' dir='ltr'>usque</span> <span class='ocrx_word' id='word_1_383' title='bbox 1654 4832 1921 4901; x_wconf 76' lang='lat' dir='ltr'>progressi</span> <span class='ocrx_word' id='word_1_384' title='bbox 1959 4840 2101 4899; x_wconf 75' lang='lat' dir='ltr'>sunt,</span> 
     </span>
    </p>
   </div>
   <div class='ocr_carea' id='block_1_50' title="bbox 525 4924 2102 4995">
    <p class='ocr_par' dir='ltr' id='par_1_50' title="bbox 525 4924 2102 4995">
     <span class='ocr_line' id='line_1_50' title="bbox 525 4924 2102 4995; baseline -0.003 -12"><span class='ocrx_word' id='word_1_385' title='bbox 525 4941 724 4983; x_wconf 84' lang='lat' dir='ltr'>nomen</span> <span class='ocrx_word' id='word_1_386' title='bbox 742 4933 947 4980; x_wconf 90' lang='lat' dir='ltr'>tantum</span> <span class='ocrx_word' id='word_1_387' title='bbox 971 4924 1120 4995; x_wconf 89' lang='lat' dir='ltr'>pedis</span> <span class='ocrx_word' id='word_1_388' title='bbox 1148 4925 1199 4979; x_wconf 92' lang='lat' dir='ltr'>in</span> <span class='ocrx_word' id='word_1_389' title='bbox 1226 4940 1338 4990; x_wconf 87' lang='lat' dir='ltr'>eos,</span> <span class='ocrx_word' id='word_1_390' title='bbox 1367 4925 1455 4993; x_wconf 87' lang='lat' dir='ltr'>qui</span> <span class='ocrx_word' id='word_1_391' title='bbox 1478 4931 1717 4995; x_wconf 87' lang='lat' dir='ltr'>quartam</span> <span class='ocrx_word' id='word_1_392' title='bbox 1743 4933 2102 4991; x_wconf 77' lang='lat' dir='ltr'>excesserunt,</span> 
     </span>
    </p>
   </div>
   <div class='ocr_carea' id='block_1_51' title="bbox 525 5018 2101 5089">
    <p class='ocr_par' dir='ltr' id='par_1_51' title="bbox 525 5018 2101 5089">
     <span class='ocr_line' id='line_1_51' title="bbox 525 5018 2101 5089; baseline 0.001 -15"><span class='ocrx_word' id='word_1_393' title='bbox 525 5020 811 5075; x_wconf 82' lang='lat' dir='ltr'>transferre</span> <span class='ocrx_word' id='word_1_394' title='bbox 836 5018 950 5075; x_wconf 84' lang='lat' dir='ltr'>ausi</span> <span class='ocrx_word' id='word_1_395' title='bbox 977 5026 1133 5084; x_wconf 86' lang='lat' dir='ltr'>sunt;</span> <span class='ocrx_word' id='word_1_396' title='bbox 1172 5018 1243 5072; x_wconf 86' lang='lat' dir='ltr'>ad</span> <span class='ocrx_word' id='word_1_397' title='bbox 1284 5019 1635 5088; x_wconf 86' lang='lat' dir='ltr'>principatum</span> <span class='ocrx_word' id='word_1_398' title='bbox 1678 5034 1805 5073; x_wconf 88' lang='lat' dir='ltr'>vero</span> <span class='ocrx_word' id='word_1_399' title='bbox 1831 5060 1845 5085; x_wconf 92' lang='lat'>,</span> <span class='ocrx_word' id='word_1_400' title='bbox 1877 5019 1967 5089; x_wconf 88' lang='lat' dir='ltr'>qui</span> <span class='ocrx_word' id='word_1_401' title='bbox 2016 5031 2101 5075; x_wconf 89' lang='lat' dir='ltr'>est</span> 
     </span>
    </p>
   </div>
   <div class='ocr_carea' id='block_1_52' title="bbox 526 5110 2106 5183">
    <p class='ocr_par' dir='ltr' id='par_1_52' title="bbox 526 5110 2106 5183">
     <span class='ocr_line' id='line_1_52' title="bbox 526 5110 2106 5183; baseline 0 -16"><span class='ocrx_word' id='word_1_402' title='bbox 526 5112 581 5167; x_wconf 81' lang='lat' dir='ltr'>in</span> <span class='ocrx_word' id='word_1_403' title='bbox 606 5111 872 5183; x_wconf 82' lang='lat' dir='ltr'>rhythmis</span> <span class='ocrx_word' id='word_1_404' title='bbox 904 5119 959 5166; x_wconf 87' lang='lat' dir='ltr'>et</span> <span class='ocrx_word' id='word_1_405' title='bbox 986 5111 1191 5177; x_wconf 85' lang='lat' dir='ltr'>metris,</span> <span class='ocrx_word' id='word_1_406' title='bbox 1235 5110 1380 5169; x_wconf 86' lang='lat' dir='ltr'>nullo</span> <span class='ocrx_word' id='word_1_407' title='bbox 1404 5110 1564 5167; x_wconf 80' lang='lat' dir='ltr'>modo</span> <span class='ocrx_word' id='word_1_408' title='bbox 1589 5125 1681 5164; x_wconf 87' lang='lat' dir='ltr'>eos</span> <span class='ocrx_word' id='word_1_409' title='bbox 1704 5110 1941 5181; x_wconf 76' lang='lat' dir='ltr'>aspirare</span> <span class='ocrx_word' id='word_1_410' title='bbox 1964 5112 2106 5167; x_wconf 82' lang='lat' dir='ltr'>sive-</span> 
     </span>
    </p>
   </div>
   <div class='ocr_carea' id='block_1_53' title="bbox 525 5204 2106 5275">
    <p class='ocr_par' dir='ltr' id='par_1_53' title="bbox 525 5204 2106 5275">
     <span class='ocr_line' id='line_1_53' title="bbox 525 5204 2106 5275; baseline -0.001 -13"><span class='ocrx_word' id='word_1_411' title='bbox 525 5216 667 5263; x_wconf 79' lang='lat' dir='ltr'>runt.</span> <span class='ocrx_word' id='word_1_412' title='bbox 696 5206 799 5263; x_wconf 87' lang='lat' dir='ltr'>Sed</span> <span class='ocrx_word' id='word_1_413' title='bbox 839 5222 958 5262; x_wconf 90' lang='lat' dir='ltr'>cum</span> <span class='ocrx_word' id='word_1_414' title='bbox 991 5220 1087 5275; x_wconf 78' lang='lat' dir='ltr'>pro</span> <span class='ocrx_word' id='word_1_415' title='bbox 1127 5204 1298 5274; x_wconf 82' lang='lat' dir='ltr'>longis</span> <span class='ocrx_word' id='word_1_416' title='bbox 1326 5204 1516 5265; x_wconf 85' lang='lat' dir='ltr'>breves</span> <span class='ocrx_word' id='word_1_417' title='bbox 1564 5204 1914 5275; x_wconf 86' lang='lat' dir='ltr'>duplicantur,</span> <span class='ocrx_word' id='word_1_418' title='bbox 1947 5204 2106 5260; x_wconf 77' lang='lat' dir='ltr'>etiam</span> 
     </span>
    </p>
   </div>
   <div class='ocr_carea' id='block_1_54' title="bbox 527 5295 2105 5371">
    <p class='ocr_par' dir='ltr' id='par_1_54' title="bbox 527 5295 2105 5371">
     <span class='ocr_line' id='line_1_54' title="bbox 527 5295 2105 5371; baseline -0.003 -15"><span class='ocrx_word' id='word_1_419' title='bbox 527 5301 595 5356; x_wconf 79' lang='lat' dir='ltr'>ad</span> <span class='ocrx_word' id='word_1_420' title='bbox 639 5300 921 5371; x_wconf 88' lang='lat' dir='ltr'>septimam</span> <span class='ocrx_word' id='word_1_421' title='bbox 963 5307 1122 5370; x_wconf 86' lang='lat' dir='ltr'>atque</span> <span class='ocrx_word' id='word_1_422' title='bbox 1157 5306 1422 5364; x_wconf 84' lang='lat' dir='ltr'>octavam,</span> <span class='ocrx_word' id='word_1_423' title='bbox 1461 5304 1519 5351; x_wconf 89' lang='lat' dir='ltr'>ut</span> <span class='ocrx_word' id='word_1_424' title='bbox 1549 5295 1658 5368; x_wconf 80' lang='lat' dir='ltr'>jam</span> <span class='ocrx_word' id='word_1_425' title='bbox 1687 5296 1918 5353; x_wconf 82' lang='lat' dir='ltr'>ostendit</span> <span class='ocrx_word' id='word_1_426' title='bbox 1948 5298 2105 5363; x_wconf 85' lang='lat' dir='ltr'>ratio,</span> 
     </span>
    </p>
   </div>
   <div class='ocr_carea' id='block_1_55' title="bbox 528 5390 2105 5463">
    <p class='ocr_par' dir='ltr' id='par_1_55' title="bbox 528 5390 2105 5463">
     <span class='ocr_line' id='line_1_55' title="bbox 528 5390 2105 5463; baseline -0.001 -15"><span class='ocrx_word' id='word_1_427' title='bbox 528 5392 782 5463; x_wconf 73' lang='lat' dir='ltr'>syllabam</span> <span class='ocrx_word' id='word_1_428' title='bbox 813 5392 1123 5462; x_wconf 83' lang='lat' dir='ltr'>pervenitur</span> <span class='ocrx_word' id='word_1_429' title='bbox 1151 5409 1169 5445; x_wconf 53' lang='grc' dir='ltr'>εν</span> <span class='ocrx_word' id='word_1_430' title='bbox 1199 5390 1265 5447; x_wconf 83' lang='lat' dir='ltr'>ad</span> <span class='ocrx_word' id='word_1_431' title='bbox 1293 5404 1451 5462; x_wconf 88' lang='lat' dir='ltr'>quem</span> <span class='ocrx_word' id='word_1_432' title='bbox 1510 5405 1790 5447; x_wconf 76' lang='lat' dir='ltr'>numerum</span> <span class='ocrx_word' id='word_1_433' title='bbox 1831 5406 1988 5447; x_wconf 88' lang='lat' dir='ltr'>nemo</span> <span class='ocrx_word' id='word_1_434' title='bbox 2025 5400 2105 5447; x_wconf 89' lang='lat' dir='ltr'>te-</span> 
     </span>
    </p>
   </div>
   <div class='ocr_carea' id='block_1_56' title="bbox 530 5482 2110 5555">
    <p class='ocr_par' dir='ltr' id='par_1_56' title="bbox 530 5482 2110 5555">
     <span class='ocr_line' id='line_1_56' title="bbox 530 5482 2110 5555; baseline 0.001 -17"><span class='ocrx_word' id='word_1_435' title='bbox 530 5484 703 5539; x_wconf 86' lang='lat' dir='ltr'>tendit</span> <span class='ocrx_word' id='word_1_436' title='bbox 726 5483 936 5555; x_wconf 83' lang='lat' dir='ltr'>pedem.</span> <span class='ocrx_word' id='word_1_437' title='bbox 991 5482 1101 5539; x_wconf 84' lang='lat' dir='ltr'>Sed</span> <span class='ocrx_word' id='word_1_438' title='bbox 1135 5482 1382 5553; x_wconf 85' lang='lat' dir='ltr'>quoniam</span> <span class='ocrx_word' id='word_1_439' title='bbox 1406 5482 1563 5537; x_wconf 88' lang='lat' dir='ltr'>video</span> <span class='ocrx_word' id='word_1_440' title='bbox 1586 5492 1831 5539; x_wconf 85' lang='lat' dir='ltr'>constare</span> <span class='ocrx_word' id='word_1_441' title='bbox 1853 5484 1989 5539; x_wconf 81' lang='lat' dir='ltr'>inter</span> <span class='ocrx_word' id='word_1_442' title='bbox 2013 5499 2110 5540; x_wconf 84' lang='lat' dir='ltr'>nos</span> 
     </span>
    </p>
   </div>
   <div class='ocr_carea' id='block_1_57' title="bbox 530 5575 2110 5648">
    <p class='ocr_par' dir='ltr' id='par_1_57' title="bbox 530 5575 2110 5648">
     <span class='ocr_line' id='line_1_57' title="bbox 530 5575 2110 5648; baseline -0.001 -15"><span class='ocrx_word' id='word_1_443' title='bbox 530 5577 819 5648; x_wconf 82' lang='lat' dir='ltr'>quemlth</span> <span class='ocrx_word' id='word_1_444' title='bbox 836 5576 1064 5645; x_wconf 89' lang='lat' dir='ltr'>plurium</span> <span class='ocrx_word' id='word_1_445' title='bbox 1086 5590 1243 5647; x_wconf 86' lang='lat' dir='ltr'>quam</span> <span class='ocrx_word' id='word_1_446' title='bbox 1263 5584 1489 5645; x_wconf 87' lang='lat' dir='ltr'>quatuor</span> <span class='ocrx_word' id='word_1_447' title='bbox 1508 5575 1848 5647; x_wconf 86' lang='lat' dir='ltr'>syllabarum,</span> <span class='ocrx_word' id='word_1_448' title='bbox 1870 5592 1990 5631; x_wconf 85' lang='lat' dir='ltr'>cum</span> <span class='ocrx_word' id='word_1_449' title='bbox 2015 5592 2110 5647; x_wconf 88' lang='lat' dir='ltr'>pro</span> 
     </span>
    </p>
   </div>
   <div class='ocr_carea' id='block_1_58' title="bbox 596 5664 2112 5753">
    <p class='ocr_par' dir='ltr' id='par_1_58' title="bbox 596 5664 2112 5753">
     <span class='ocr_line' id='line_1_58' title="bbox 596 5664 2112 5753; baseline 0.002 -13"><span class='ocrx_word' id='word_1_450' title='bbox 596 5693 612 5723; x_wconf 79' lang='grc' dir='ltr'>ι</span> <span class='ocrx_word' id='word_1_451' title='bbox 638 5694 711 5740; x_wconf 84' lang='lat' dir='ltr'>Sic</span> <span class='ocrx_word' id='word_1_452' title='bbox 731 5697 839 5753; x_wconf 80' lang='lat' dir='ltr'>Mss.</span> <span class='ocrx_word' id='word_1_453' title='bbox 865 5698 899 5739; x_wconf 82' lang='grc' dir='ltr'><strong>Α</strong></span> <span class='ocrx_word' id='word_1_454' title='bbox 924 5696 1055 5753; x_wconf 77' lang='lat' dir='ltr'>etB;</span> <span class='ocrx_word' id='word_1_455' title='bbox 1080 5697 1130 5740; x_wconf 87' lang='lat' dir='ltr'>at</span> <span class='ocrx_word' id='word_1_456' title='bbox 1172 5689 1222 5738; x_wconf 85' lang='lat' dir='ltr'>in</span> <span class='ocrx_word' id='word_1_457' title='bbox 1242 5664 1582 5753; x_wconf 15' lang='lat' dir='ltr'>_B._r_legitur,</span> <span class='ocrx_word' id='word_1_458' title='bbox 1606 5689 1691 5741; x_wconf 86' lang='lat' dir='ltr'>sed</span> <span class='ocrx_word' id='word_1_459' title='bbox 1718 5693 1828 5753; x_wconf 85' lang='lat' dir='ltr'>jam</span> <span class='ocrx_word' id='word_1_460' title='bbox 1848 5689 1991 5742; x_wconf 80' lang='lat' dir='ltr'>istum</span> <span class='ocrx_word' id='word_1_461' title='bbox 2018 5705 2112 5743; x_wconf 83' lang='lat' dir='ltr'>non</span> 
     </span>
    </p>
   </div>
   <div class='ocr_carea' id='block_1_59' title="bbox 532 5748 2112 5824">
    <p class='ocr_par' dir='ltr' id='par_1_59' title="bbox 532 5748 2112 5824">
     <span class='ocr_line' id='line_1_59' title="bbox 532 5748 2112 5824; baseline 0.001 -21"><span class='ocrx_word' id='word_1_462' title='bbox 532 5765 692 5803; x_wconf 68' lang='lat' dir='ltr'>vocari</span> <span class='ocrx_word' id='word_1_463' title='bbox 716 5750 914 5824; x_wconf 75' lang='lat' dir='ltr'>pedem,</span> <span class='ocrx_word' id='word_1_464' title='bbox 937 5751 986 5824; x_wconf 66' lang='lat' dir='ltr'>si</span> <span class='ocrx_word' id='word_1_465' title='bbox 1009 5748 1280 5824; x_wconf 69' lang='lat' dir='ltr'>progressio</span> <span class='ocrx_word' id='word_1_466' title='bbox 1468 5748 1604 5824; x_wconf 58' lang='lat' dir='ltr'>ultre</span> <span class='ocrx_word' id='word_1_467' title='bbox 1631 5748 1987 5824; x_wconf 63' lang='lat' dir='ltr'>qua&#39;ternariznn</span> <span class='ocrx_word' id='word_1_468' title='bbox 2022 5768 2112 5804; x_wconf 84' lang='lat' dir='ltr'>nu-</span> 
     </span>
    </p>
   </div>
   <div class='ocr_carea' id='block_1_60' title="bbox 528 5814 2111 5938">
    <p class='ocr_par' dir='ltr' id='par_1_60' title="bbox 528 5814 2111 5938">
     <span class='ocr_line' id='line_1_60' title="bbox 528 5814 2111 5925; baseline 0.004 -62"><span class='ocrx_word' id='word_1_469' title='bbox 528 5814 726 5884; x_wconf 66' lang='lat' dir='ltr'>moi-mit</span> <span class='ocrx_word' id='word_1_470' title='bbox 739 5814 962 5925; x_wconf 46' lang='lat'>{70113501,</span> <span class='ocrx_word' id='word_1_471' title='bbox 990 5814 1338 5877; x_wconf 60' lang='lat' dir='ltr'>antistitem.</span> <span class='ocrx_word' id='word_1_472' title='bbox 1384 5818 1455 5877; x_wconf 57' lang='lat' dir='ltr'>tu.</span> <span class='ocrx_word' id='word_1_473' title='bbox 1480 5814 1624 5881; x_wconf 69' lang='lat' dir='ltr'>Lugd.</span> <span class='ocrx_word' id='word_1_474' title='bbox 1645 5814 1786 5876; x_wconf 61' lang='lat' dir='ltr'>&#39;Vcn.,</span> <span class='ocrx_word' id='word_1_475' title='bbox 1828 5815 1871 5866; x_wconf 78' lang='lat' dir='ltr'>si</span> <span class='ocrx_word' id='word_1_476' title='bbox 1893 5831 2111 5881; x_wconf 76' lang='lat' dir='ltr'>progres-</span> 
     </span>
     <span class='ocr_line' id='line_1_61' title="bbox 529 5887 913 5938; baseline -0.003 -12"><span class='ocrx_word' id='word_1_477' title='bbox 529 5887 675 5938; x_wconf 64' lang='grc' dir='ltr'>δίωκε,</span> <span class='ocrx_word' id='word_1_478' title='bbox 708 5890 733 5924; x_wconf 87' lang='lat' dir='ltr'>c</span> <span class='ocrx_word' id='word_1_479' title='bbox 757 5890 800 5926; x_wconf 89' lang='lat' dir='ltr'>c.</span> <span class='ocrx_word' id='word_1_480' title='bbox 900 5909 913 5925; x_wconf 92' lang='lat'>.</span> 
     </span>
    </p>
   </div>
   <div class='ocr_carea' id='block_1_61' title="bbox 1620 375 2525 448">
    <p class='ocr_par' dir='ltr' id='par_1_61' title="bbox 1620 375 2525 448">
     <span class='ocr_line' id='line_1_62' title="bbox 1620 375 2525 448; baseline 0 -11"><span class='ocrx_word' id='word_1_481' title='bbox 1620 382 1706 437; x_wconf 86' lang='lat' dir='ltr'>DE</span> <span class='ocrx_word' id='word_1_482' title='bbox 1746 378 2016 448; x_wconf 67' lang='lat' dir='ltr'>MUSICA,</span> <span class='ocrx_word' id='word_1_483' title='bbox 2044 375 2101 432; x_wconf 89' lang='lat' dir='ltr'>S.</span> <span class='ocrx_word' id='word_1_484' title='bbox 2140 375 2525 437; x_wconf 82' lang='lat' dir='ltr'>AUGUSTINI.</span> 
     </span>
    </p>
   </div>
   <div class='ocr_carea' id='block_1_62' title="bbox 3665 386 3823 457">
    <p class='ocr_par' dir='ltr' id='par_1_62' title="bbox 3665 386 3823 457">
     <span class='ocr_line' id='line_1_63' title="bbox 3665 386 3823 457; baseline -0.038 0"><span class='ocrx_word' id='word_1_485' title='bbox 3665 386 3823 457; x_wconf 62' lang='grc'><strong>1124</strong></span> 
     </span>
    </p>
   </div>
   <div class='ocr_carea' id='block_1_63' title="bbox 2213 489 3819 569">
    <p class='ocr_par' dir='ltr' id='par_1_63' title="bbox 2213 489 3819 569">
     <span class='ocr_line' id='line_1_64' title="bbox 2213 489 3819 569; baseline 0.005 -25"><span class='ocrx_word' id='word_1_486' title='bbox 2213 489 2364 562; x_wconf 86' lang='lat' dir='ltr'>longa</span> <span class='ocrx_word' id='word_1_487' title='bbox 2392 492 2524 548; x_wconf 89' lang='lat' dir='ltr'>duas</span> <span class='ocrx_word' id='word_1_488' title='bbox 2563 492 2753 549; x_wconf 85' lang='lat' dir='ltr'>breves</span> <span class='ocrx_word' id='word_1_489' title='bbox 2798 490 3064 564; x_wconf 87' lang='lat' dir='ltr'>ponimus,</span> <span class='ocrx_word' id='word_1_490' title='bbox 3095 507 3200 549; x_wconf 91' lang='lat' dir='ltr'>non</span> <span class='ocrx_word' id='word_1_491' title='bbox 3242 506 3367 551; x_wconf 84' lang='lat' dir='ltr'>cum</span> <span class='ocrx_word' id='word_1_492' title='bbox 3412 494 3497 552; x_wconf 84' lang='lat' dir='ltr'>his</span> <span class='ocrx_word' id='word_1_493' title='bbox 3532 495 3819 569; x_wconf 83' lang='lat' dir='ltr'>legitimis</span> 
     </span>
    </p>
   </div>
   <div class='ocr_carea' id='block_1_64' title="bbox 2213 583 3818 671">
    <p class='ocr_par' dir='ltr' id='par_1_64' title="bbox 2213 583 3818 671">
     <span class='ocr_line' id='line_1_65' title="bbox 2213 583 3818 671; baseline 0.006 -34"><span class='ocrx_word' id='word_1_494' title='bbox 2213 583 2456 654; x_wconf 89' lang='lat' dir='ltr'>pedibus,</span> <span class='ocrx_word' id='word_1_495' title='bbox 2499 584 2595 639; x_wconf 89' lang='lat' dir='ltr'>sed</span> <span class='ocrx_word' id='word_1_496' title='bbox 2632 600 2729 655; x_wconf 92' lang='lat' dir='ltr'>pro</span> <span class='ocrx_word' id='word_1_497' title='bbox 2759 583 2841 639; x_wconf 91' lang='lat' dir='ltr'>his</span> <span class='ocrx_word' id='word_1_498' title='bbox 2872 601 3027 655; x_wconf 89' lang='lat' dir='ltr'>posse</span> <span class='ocrx_word' id='word_1_499' title='bbox 3065 586 3207 666; x_wconf 84' lang='lat' dir='ltr'>poni,</span> <span class='ocrx_word' id='word_1_500' title='bbox 3240 602 3411 659; x_wconf 88' lang='lat' dir='ltr'>neque</span> <span class='ocrx_word' id='word_1_501' title='bbox 3452 605 3546 671; x_wconf 90' lang='lat' dir='ltr'>per</span> <span class='ocrx_word' id='word_1_502' title='bbox 3591 589 3818 665; x_wconf 84' lang='lat' dir='ltr'>seipsos</span> 
     </span>
    </p>
   </div>
   <div class='ocr_carea' id='block_1_65' title="bbox 2218 678 3813 755">
    <p class='ocr_par' dir='ltr' id='par_1_65' title="bbox 2218 678 3813 755">
     <span class='ocr_line' id='line_1_66' title="bbox 2218 678 3813 755; baseline 0.004 -22"><span class='ocrx_word' id='word_1_503' title='bbox 2218 678 2525 748; x_wconf 84' lang='lat' dir='ltr'>rhythmum</span> <span class='ocrx_word' id='word_1_504' title='bbox 2565 694 2770 745; x_wconf 90' lang='lat' dir='ltr'>creare,</span> <span class='ocrx_word' id='word_1_505' title='bbox 2804 695 2873 743; x_wconf 85' lang='lat' dir='ltr'>ne</span> <span class='ocrx_word' id='word_1_506' title='bbox 2897 680 2949 733; x_wconf 89' lang='lat' dir='ltr'>in</span> <span class='ocrx_word' id='word_1_507' title='bbox 2994 680 3255 734; x_wconf 83' lang='lat' dir='ltr'>inﬁnitum</span> <span class='ocrx_word' id='word_1_508' title='bbox 3286 691 3370 736; x_wconf 88' lang='lat' dir='ltr'>eat</span> <span class='ocrx_word' id='word_1_509' title='bbox 3399 681 3542 755; x_wconf 88' lang='lat' dir='ltr'>quod</span> <span class='ocrx_word' id='word_1_510' title='bbox 3591 683 3813 740; x_wconf 85' lang='lat' dir='ltr'>ratione</span> 
     </span>
    </p>
   </div>
   <div class='ocr_carea' id='block_1_66' title="bbox 2211 756 3815 846">
    <p class='ocr_par' dir='ltr' id='par_1_66' title="bbox 2211 756 3815 846">
     <span class='ocr_line' id='line_1_67' title="bbox 2211 756 3815 846; baseline 0.004 -22"><span class='ocrx_word' id='word_1_511' title='bbox 2211 769 2502 825; x_wconf 83' lang='lat' dir='ltr'>finiendum</span> <span class='ocrx_word' id='word_1_512' title='bbox 2526 782 2627 839; x_wconf 87' lang='lat' dir='ltr'>est,</span> <span class='ocrx_word' id='word_1_513' title='bbox 2652 772 2883 842; x_wconf 87' lang='lat' dir='ltr'>satisque</span> <span class='ocrx_word' id='word_1_514' title='bbox 2906 771 3014 841; x_wconf 86' lang='lat' dir='ltr'>jam</span> <span class='ocrx_word' id='word_1_515' title='bbox 3045 772 3182 827; x_wconf 85' lang='lat' dir='ltr'>inter</span> <span class='ocrx_word' id='word_1_516' title='bbox 3207 788 3303 827; x_wconf 92' lang='lat' dir='ltr'>nos</span> <span class='ocrx_word' id='word_1_517' title='bbox 3330 774 3396 829; x_wconf 90' lang='lat' dir='ltr'>de</span> <span class='ocrx_word' id='word_1_518' title='bbox 3415 756 3667 846; x_wconf 83' lang='lat' dir='ltr'>rhythmo</span> <span class='ocrx_word' id='word_1_519' title='bbox 3695 776 3815 830; x_wconf 85' lang='lat' dir='ltr'>exi-</span> 
     </span>
    </p>
   </div>
   <div class='ocr_carea' id='block_1_67' title="bbox 2210 862 3807 940">
    <p class='ocr_par' dir='ltr' id='par_1_67' title="bbox 2210 862 3807 940">
     <span class='ocr_line' id='line_1_68' title="bbox 2210 862 3807 940; baseline 0.003 -23"><span class='ocrx_word' id='word_1_520' title='bbox 2210 863 2368 917; x_wconf 87' lang='lat' dir='ltr'>stimo</span> <span class='ocrx_word' id='word_1_521' title='bbox 2411 862 2764 933; x_wconf 86' lang='lat' dir='ltr'>disputatum;</span> <span class='ocrx_word' id='word_1_522' title='bbox 2802 872 3134 931; x_wconf 84' lang='lat' dir='ltr'>transeamus</span> <span class='ocrx_word' id='word_1_523' title='bbox 3171 865 3237 921; x_wconf 91' lang='lat' dir='ltr'>ad</span> <span class='ocrx_word' id='word_1_524' title='bbox 3273 875 3479 934; x_wconf 84' lang='lat' dir='ltr'>metra,</span> <span class='ocrx_word' id='word_1_525' title='bbox 3517 867 3563 923; x_wconf 90' lang='lat' dir='ltr'>si</span> <span class='ocrx_word' id='word_1_526' title='bbox 3605 868 3807 940; x_wconf 87' lang='lat' dir='ltr'>placet.</span> 
     </span>
    </p>
   </div>
   <div class='ocr_carea' id='block_1_68' title="bbox 2209 953 2659 1013">
    <p class='ocr_par' dir='ltr' id='par_1_68' title="bbox 2209 953 2659 1013">
     <span class='ocr_line' id='line_1_69' title="bbox 2209 953 2659 1013; baseline 0.002 -4"><span class='ocrx_word' id='word_1_527' title='bbox 2209 953 2280 1009; x_wconf 89' lang='lat' dir='ltr'>D.</span> <span class='ocrx_word' id='word_1_528' title='bbox 2310 955 2488 1013; x_wconf 86' lang='lat' dir='ltr'>Placet</span> <span class='ocrx_word' id='word_1_529' title='bbox 2512 972 2659 1013; x_wconf 91' lang='lat' dir='ltr'>vero.</span> 
     </span>
    </p>
   </div>
   <div class='ocr_carea' id='block_1_69' title="bbox 2280 1056 3801 1141">
    <p class='ocr_par' dir='ltr' id='par_1_69' title="bbox 2280 1056 3801 1141">
     <span class='ocr_line' id='line_1_70' title="bbox 2280 1056 3801 1141; baseline 0.004 -17"><span class='ocrx_word' id='word_1_530' title='bbox 2280 1068 2505 1136; x_wconf 81' lang='lat' dir='ltr'>CAPUT</span> <span class='ocrx_word' id='word_1_531' title='bbox 2528 1069 2638 1125; x_wconf 85' lang='lat' dir='ltr'>VII.</span> <span class='ocrx_word' id='word_1_532' title='bbox 2658 1100 2729 1110; x_wconf 95' lang='lat'><strong>—</strong></span> <span class='ocrx_word' id='word_1_533' title='bbox 2747 1068 2825 1125; x_wconf 89' lang='lat' dir='ltr'>De</span> <span class='ocrx_word' id='word_1_534' title='bbox 2846 1079 3003 1125; x_wconf 83' lang='lat' dir='ltr'>metro</span> <span class='ocrx_word' id='word_1_535' title='bbox 3031 1070 3207 1139; x_wconf 82' lang='lat' dir='ltr'>quibus</span> <span class='ocrx_word' id='word_1_536' title='bbox 3241 1078 3287 1124; x_wconf 85' lang='lat' dir='ltr'>et</span> <span class='ocrx_word' id='word_1_537' title='bbox 3313 1079 3433 1141; x_wconf 85' lang='lat' dir='ltr'>quot</span> <span class='ocrx_word' id='word_1_538' title='bbox 3460 1058 3745 1129; x_wconf 69' lang='lat' dir='ltr'>minimum</span> <span class='ocrx_word' id='word_1_539' title='bbox 3770 1056 3801 1071; x_wconf 39' lang='grc' dir='ltr'>Ἴ</span> 
     </span>
    </p>
   </div>
   <div class='ocr_carea' id='block_1_70' title="bbox 2703 1162 3299 1239">
    <p class='ocr_par' dir='ltr' id='par_1_70' title="bbox 2703 1162 3299 1239">
     <span class='ocr_line' id='line_1_71' title="bbox 2703 1162 3299 1239; baseline 0 -22"><span class='ocrx_word' id='word_1_540' title='bbox 2703 1163 3035 1218; x_wconf 80' lang='lat' dir='ltr'>constituatur</span> <span class='ocrx_word' id='word_1_541' title='bbox 3073 1162 3299 1239; x_wconf 71' lang='lat' dir='ltr'>pedibus.</span> 
     </span>
    </p>
   </div>
   <div class='ocr_carea' id='block_1_71' title="bbox 2280 1252 3801 1327">
    <p class='ocr_par' dir='ltr' id='par_1_71' title="bbox 2280 1252 3801 1327">
     <span class='ocr_line' id='line_1_72' title="bbox 2280 1252 3801 1327; baseline 0.001 -16"><span class='ocrx_word' id='word_1_542' title='bbox 2280 1254 2367 1315; x_wconf 78' lang='lat' dir='ltr'>l5.</span> <span class='ocrx_word' id='word_1_543' title='bbox 2388 1252 2465 1313; x_wconf 77' lang='grc' dir='ltr'><strong>Μ.</strong></span> <span class='ocrx_word' id='word_1_544' title='bbox 2490 1254 2584 1309; x_wconf 91' lang='lat' dir='ltr'>Dic</span> <span class='ocrx_word' id='word_1_545' title='bbox 2606 1252 2780 1323; x_wconf 69' lang='lat' dir='ltr'>igitur,</span> <span class='ocrx_word' id='word_1_546' title='bbox 2803 1263 3102 1310; x_wconf 88' lang='lat' dir='ltr'>metrumne</span> <span class='ocrx_word' id='word_1_547' title='bbox 3122 1254 3397 1323; x_wconf 76' lang='lat' dir='ltr'>arbitreris</span> <span class='ocrx_word' id='word_1_548' title='bbox 3417 1256 3642 1326; x_wconf 72' lang='lat' dir='ltr'>pedibus</span> <span class='ocrx_word' id='word_1_549' title='bbox 3657 1256 3801 1327; x_wconf 65' lang='lat' dir='ltr'>ﬁeri,</span> 
     </span>
    </p>
   </div>
   <div class='ocr_carea' id='block_1_72' title="bbox 2208 1345 3796 1418">
    <p class='ocr_par' dir='ltr' id='par_1_72' title="bbox 2208 1345 3796 1418">
     <span class='ocr_line' id='line_1_73' title="bbox 2208 1345 3796 1418; baseline -0.003 -8"><span class='ocrx_word' id='word_1_550' title='bbox 2208 1361 2275 1410; x_wconf 76' lang='lat' dir='ltr'>an</span> <span class='ocrx_word' id='word_1_551' title='bbox 2315 1348 2479 1418; x_wconf 86' lang='lat' dir='ltr'>pedes</span> <span class='ocrx_word' id='word_1_552' title='bbox 2505 1355 2695 1405; x_wconf 87' lang='lat' dir='ltr'>metro.</span> <span class='ocrx_word' id='word_1_553' title='bbox 2734 1345 2806 1403; x_wconf 88' lang='lat' dir='ltr'>D.</span> <span class='ocrx_word' id='word_1_554' title='bbox 2846 1346 2963 1403; x_wconf 88' lang='lat' dir='ltr'>Non</span> <span class='ocrx_word' id='word_1_555' title='bbox 2990 1347 3244 1418; x_wconf 81' lang='lat' dir='ltr'>intelligo.</span> <span class='ocrx_word' id='word_1_556' title='bbox 3288 1347 3367 1407; x_wconf 77' lang='grc' dir='ltr'><strong>Μ.</strong></span> <span class='ocrx_word' id='word_1_557' title='bbox 3395 1348 3638 1417; x_wconf 60' lang='lat' dir='ltr'>Pedem</span> <span class='ocrx_word' id='word_1_558' title='bbox 3661 1364 3796 1415; x_wconf 77' lang='lat' dir='ltr'>con-</span> 
     </span>
    </p>
   </div>
   <div class='ocr_carea' id='block_1_73' title="bbox 2203 1435 3793 1515">
    <p class='ocr_par' dir='ltr' id='par_1_73' title="bbox 2203 1435 3793 1515">
     <span class='ocr_line' id='line_1_74' title="bbox 2203 1435 3793 1515; baseline -0.001 -24"><span class='ocrx_word' id='word_1_559' title='bbox 2203 1435 2371 1508; x_wconf 68' lang='lat' dir='ltr'>juncti</span> <span class='ocrx_word' id='word_1_560' title='bbox 2402 1448 2630 1501; x_wconf 86' lang='lat' dir='ltr'>metrum</span> <span class='ocrx_word' id='word_1_561' title='bbox 2650 1446 2851 1503; x_wconf 74' lang='lat' dir='ltr'>creant,</span> <span class='ocrx_word' id='word_1_562' title='bbox 2870 1453 2935 1493; x_wconf 90' lang='lat' dir='ltr'>an</span> <span class='ocrx_word' id='word_1_563' title='bbox 2962 1439 3149 1503; x_wconf 78' lang='lat' dir='ltr'>metris</span> <span class='ocrx_word' id='word_1_564' title='bbox 3165 1438 3459 1515; x_wconf 58' lang='lat' dir='ltr'>coniunctis</span> <span class='ocrx_word' id='word_1_565' title='bbox 3484 1438 3793 1511; x_wconf 51' lang='lat' dir='ltr'>mare.</span> 
     </span>
    </p>
   </div>
   <div class='ocr_carea' id='block_1_74' title="bbox 2208 1528 3804 1601">
    <p class='ocr_par' dir='ltr' id='par_1_74' title="bbox 2208 1528 3804 1601">
     <span class='ocr_line' id='line_1_75' title="bbox 2208 1528 3804 1601; baseline 0.003 -14"><span class='ocrx_word' id='word_1_566' title='bbox 2208 1529 2406 1587; x_wconf 84' lang='lat' dir='ltr'>antur?</span> <span class='ocrx_word' id='word_1_567' title='bbox 2427 1528 2499 1589; x_wconf 72' lang='grc' dir='ltr'><strong>Η.</strong></span> <span class='ocrx_word' id='word_1_568' title='bbox 2526 1530 2648 1586; x_wconf 87' lang='lat' dir='ltr'>Scio</span> <span class='ocrx_word' id='word_1_569' title='bbox 2672 1530 2784 1599; x_wconf 81' lang='lat' dir='ltr'>jam</span> <span class='ocrx_word' id='word_1_570' title='bbox 2808 1529 2935 1599; x_wconf 86' lang='lat' dir='ltr'>quid</span> <span class='ocrx_word' id='word_1_571' title='bbox 2972 1528 3145 1597; x_wconf 78' lang='lat' dir='ltr'>dicas,</span> <span class='ocrx_word' id='word_1_572' title='bbox 3163 1537 3217 1585; x_wconf 85' lang='lat' dir='ltr'>et</span> <span class='ocrx_word' id='word_1_573' title='bbox 3252 1530 3549 1600; x_wconf 73' lang='lat' dir='ltr'>coniunctis</span> <span class='ocrx_word' id='word_1_574' title='bbox 3569 1532 3804 1601; x_wconf 64' lang='lat' dir='ltr'>pedibus</span> 
     </span>
    </p>
   </div>
   <div class='ocr_carea' id='block_1_75' title="bbox 2217 1619 3803 1693">
    <p class='ocr_par' dir='ltr' id='par_1_75' title="bbox 2217 1619 3803 1693">
     <span class='ocr_line' id='line_1_76' title="bbox 2217 1619 3803 1693; baseline 0.004 -23"><span class='ocrx_word' id='word_1_575' title='bbox 2217 1630 2451 1686; x_wconf 65' lang='lat' dir='ltr'>metrum</span> <span class='ocrx_word' id='word_1_576' title='bbox 2474 1621 2588 1685; x_wconf 63' lang='lat' dir='ltr'>ﬁeri</span> <span class='ocrx_word' id='word_1_577' title='bbox 2618 1630 2765 1691; x_wconf 71' lang='lat' dir='ltr'>puto.</span> <span class='ocrx_word' id='word_1_578' title='bbox 2795 1620 2873 1676; x_wconf 73' lang='grc' dir='ltr'><strong>Μ.</strong></span> <span class='ocrx_word' id='word_1_579' title='bbox 2899 1619 3006 1683; x_wconf 85' lang='lat' dir='ltr'>Cur</span> <span class='ocrx_word' id='word_1_580' title='bbox 3034 1621 3245 1679; x_wconf 82' lang='lat' dir='ltr'>tandem</span> <span class='ocrx_word' id='word_1_581' title='bbox 3273 1620 3323 1679; x_wconf 78' lang='lat' dir='ltr'>id</span> <span class='ocrx_word' id='word_1_582' title='bbox 3352 1621 3542 1691; x_wconf 56' lang='grc' dir='ltr'>ρμιλςῖ</span> <span class='ocrx_word' id='word_1_583' title='bbox 3572 1621 3641 1676; x_wconf 84' lang='lat' dir='ltr'>D.</span> 
     </span>
    </p>
   </div>
   <div class='ocr_carea' id='block_1_76' title="bbox 2208 1711 3804 1785">
    <p class='ocr_par' dir='ltr' id='par_1_76' title="bbox 2208 1711 3804 1785">
     <span class='ocr_line' id='line_1_77' title="bbox 2208 1711 3804 1785; baseline -0.001 -16"><span class='ocrx_word' id='word_1_584' title='bbox 2208 1714 2349 1771; x_wconf 83' lang='lat' dir='ltr'>inter</span> <span class='ocrx_word' id='word_1_585' title='bbox 2377 1713 2685 1785; x_wconf 71' lang='lat' dir='ltr'>rhythmum</span> <span class='ocrx_word' id='word_1_586' title='bbox 2711 1719 3011 1779; x_wconf 10' lang='lat' dir='ltr'>etrmetrum</span> <span class='ocrx_word' id='word_1_587' title='bbox 3036 1711 3139 1773; x_wconf 82' lang='lat' dir='ltr'>hoc</span> <span class='ocrx_word' id='word_1_588' title='bbox 3156 1712 3419 1779; x_wconf 77' lang='lat' dir='ltr'>interesse</span> <span class='ocrx_word' id='word_1_589' title='bbox 3435 1713 3637 1785; x_wconf 60' lang='lat' dir='ltr'>dixisti,</span> <span class='ocrx_word' id='word_1_590' title='bbox 3654 1713 3804 1784; x_wconf 72' lang='lat' dir='ltr'>quod</span> 
     </span>
    </p>
   </div>
   <div class='ocr_carea' id='block_1_77' title="bbox 2205 1806 3807 1879">
    <p class='ocr_par' dir='ltr' id='par_1_77' title="bbox 2205 1806 3807 1879">
     <span class='ocr_line' id='line_1_78' title="bbox 2205 1806 3807 1879; baseline -0.002 -16"><span class='ocrx_word' id='word_1_591' title='bbox 2205 1806 2262 1864; x_wconf 89' lang='lat' dir='ltr'>in</span> <span class='ocrx_word' id='word_1_592' title='bbox 2290 1807 2551 1879; x_wconf 72' lang='lat' dir='ltr'>rhythmo</span> <span class='ocrx_word' id='word_1_593' title='bbox 2567 1806 2839 1869; x_wconf 69' lang='lat' dir='ltr'>contextis</span> <span class='ocrx_word' id='word_1_594' title='bbox 2865 1806 3059 1877; x_wconf 76' lang='lat' dir='ltr'>pedum</span> <span class='ocrx_word' id='word_1_595' title='bbox 3088 1807 3297 1873; x_wconf 72' lang='lat' dir='ltr'>nullum</span> <span class='ocrx_word' id='word_1_596' title='bbox 3316 1816 3523 1873; x_wconf 66' lang='lat' dir='ltr'>certum</span> <span class='ocrx_word' id='word_1_597' title='bbox 3546 1806 3712 1875; x_wconf 66' lang='lat' dir='ltr'>habet</span> <span class='ocrx_word' id='word_1_598' title='bbox 3736 1807 3807 1875; x_wconf 57' lang='lat' dir='ltr'>ti.</span> 
     </span>
    </p>
   </div>
   <div class='ocr_carea' id='block_1_78' title="bbox 2205 1898 3807 1968">
    <p class='ocr_par' dir='ltr' id='par_1_78' title="bbox 2205 1898 3807 1968">
     <span class='ocr_line' id='line_1_79' title="bbox 2205 1898 3807 1968; baseline -0.004 -11"><span class='ocrx_word' id='word_1_599' title='bbox 2205 1916 2348 1967; x_wconf 89' lang='lat' dir='ltr'>nem,</span> <span class='ocrx_word' id='word_1_600' title='bbox 2379 1901 2433 1955; x_wconf 90' lang='lat' dir='ltr'>in</span> <span class='ocrx_word' id='word_1_601' title='bbox 2462 1909 2634 1957; x_wconf 91' lang='lat' dir='ltr'>metro</span> <span class='ocrx_word' id='word_1_602' title='bbox 2666 1915 2794 1955; x_wconf 90' lang='lat' dir='ltr'>vero</span> <span class='ocrx_word' id='word_1_603' title='bbox 2832 1898 2993 1954; x_wconf 88' lang='lat' dir='ltr'>habet</span> <span class='ocrx_word' id='word_1_604' title='bbox 3023 1916 3039 1954; x_wconf 88' lang='lat'><strong>:</strong></span> <span class='ocrx_word' id='word_1_605' title='bbox 3070 1898 3141 1952; x_wconf 88' lang='lat' dir='ltr'>ita</span> <span class='ocrx_word' id='word_1_606' title='bbox 3173 1898 3272 1952; x_wconf 88' lang='lat' dir='ltr'>ista</span> <span class='ocrx_word' id='word_1_607' title='bbox 3304 1898 3494 1968; x_wconf 88' lang='lat' dir='ltr'>pedum</span> <span class='ocrx_word' id='word_1_608' title='bbox 3524 1899 3807 1965; x_wconf 64' lang='lat' dir='ltr'>contequ</span> 
     </span>
    </p>
   </div>
   <div class='ocr_carea' id='block_1_79' title="bbox 2206 1993 3794 2069">
    <p class='ocr_par' dir='ltr' id='par_1_79' title="bbox 2206 1993 3794 2069">
     <span class='ocr_line' id='line_1_80' title="bbox 2206 1993 3794 2069; baseline -0.004 -14"><span class='ocrx_word' id='word_1_609' title='bbox 2206 2007 2259 2055; x_wconf 84' lang='lat' dir='ltr'>et</span> <span class='ocrx_word' id='word_1_610' title='bbox 2278 1997 2516 2069; x_wconf 78' lang='lat' dir='ltr'>rhythmi</span> <span class='ocrx_word' id='word_1_611' title='bbox 2549 2006 2604 2052; x_wconf 90' lang='lat' dir='ltr'>et</span> <span class='ocrx_word' id='word_1_612' title='bbox 2627 1996 2784 2052; x_wconf 86' lang='lat' dir='ltr'>metri</span> <span class='ocrx_word' id='word_1_613' title='bbox 2814 2010 2933 2052; x_wconf 81' lang='lat' dir='ltr'>esse</span> <span class='ocrx_word' id='word_1_614' title='bbox 2960 1994 3303 2064; x_wconf 81' lang='lat' dir='ltr'>intelligitur;</span> <span class='ocrx_word' id='word_1_615' title='bbox 3331 1993 3429 2048; x_wconf 86' lang='lat' dir='ltr'>sed</span> <span class='ocrx_word' id='word_1_616' title='bbox 3454 1994 3529 2053; x_wconf 83' lang='lat' dir='ltr'>ibi</span> <span class='ocrx_word' id='word_1_617' title='bbox 3562 1993 3794 2061; x_wconf 59' lang='lat' dir='ltr'>inlitum,</span> 
     </span>
    </p>
   </div>
   <div class='ocr_carea' id='block_1_80' title="bbox 2207 2074 3800 2156">
    <p class='ocr_par' dir='ltr' id='par_1_80' title="bbox 2207 2074 3800 2156">
     <span class='ocr_line' id='line_1_81' title="bbox 2207 2074 3800 2156; baseline -0.004 -11"><span class='ocrx_word' id='word_1_618' title='bbox 2207 2088 2295 2145; x_wconf 86' lang='lat' dir='ltr'>hic</span> <span class='ocrx_word' id='word_1_619' title='bbox 2320 2097 2495 2144; x_wconf 89' lang='lat' dir='ltr'>autem</span> <span class='ocrx_word' id='word_1_620' title='bbox 2528 2088 2673 2142; x_wconf 83' lang='lat' dir='ltr'>ﬁnita</span> <span class='ocrx_word' id='word_1_621' title='bbox 2699 2074 2923 2142; x_wconf 79' lang='lat' dir='ltr'>constat.</span> <span class='ocrx_word' id='word_1_622' title='bbox 2954 2085 3031 2141; x_wconf 74' lang='grc' dir='ltr'><strong>Μ.</strong></span> <span class='ocrx_word' id='word_1_623' title='bbox 3076 2084 3220 2156; x_wconf 87' lang='lat' dir='ltr'>Ergo</span> <span class='ocrx_word' id='word_1_624' title='bbox 3265 2100 3403 2141; x_wconf 85' lang='lat' dir='ltr'>unus</span> <span class='ocrx_word' id='word_1_625' title='bbox 3435 2100 3528 2155; x_wconf 89' lang='lat' dir='ltr'>pes</span> <span class='ocrx_word' id='word_1_626' title='bbox 3564 2094 3800 2151; x_wconf 83' lang='lat' dir='ltr'>metrum</span> 
     </span>
    </p>
   </div>
   <div class='ocr_carea' id='block_1_81' title="bbox 2206 2168 3801 2248">
    <p class='ocr_par' dir='ltr' id='par_1_81' title="bbox 2206 2168 3801 2248">
     <span class='ocr_line' id='line_1_82' title="bbox 2206 2168 3801 2248; baseline -0.004 -11"><span class='ocrx_word' id='word_1_627' title='bbox 2206 2196 2312 2236; x_wconf 85' lang='lat' dir='ltr'>non</span> <span class='ocrx_word' id='word_1_628' title='bbox 2342 2188 2443 2236; x_wconf 86' lang='lat' dir='ltr'>est.</span> <span class='ocrx_word' id='word_1_629' title='bbox 2467 2179 2536 2233; x_wconf 91' lang='lat' dir='ltr'>D.</span> <span class='ocrx_word' id='word_1_630' title='bbox 2560 2179 2674 2233; x_wconf 83' lang='lat' dir='ltr'>Non</span> <span class='ocrx_word' id='word_1_631' title='bbox 2698 2178 2894 2248; x_wconf 82' lang='lat' dir='ltr'>utique.</span> <span class='ocrx_word' id='word_1_632' title='bbox 2920 2175 2997 2231; x_wconf 78' lang='grc' dir='ltr'>Μ.</span> <span class='ocrx_word' id='word_1_633' title='bbox 3021 2175 3158 2241; x_wconf 83' lang='lat' dir='ltr'>Quid</span> <span class='ocrx_word' id='word_1_634' title='bbox 3180 2192 3319 2235; x_wconf 86' lang='lat' dir='ltr'>unus</span> <span class='ocrx_word' id='word_1_635' title='bbox 3450 2186 3503 2233; x_wconf 88' lang='lat' dir='ltr'>et</span> <span class='ocrx_word' id='word_1_636' title='bbox 3522 2176 3801 2244; x_wconf 62' lang='lat' dir='ltr'>semipes?</span> 
     </span>
    </p>
   </div>
   <div class='ocr_carea' id='block_1_82' title="bbox 2206 2268 3803 2342">
    <p class='ocr_par' dir='ltr' id='par_1_82' title="bbox 2206 2268 3803 2342">
     <span class='ocr_line' id='line_1_83' title="bbox 2206 2268 3803 2342; baseline -0.003 -15"><span class='ocrx_word' id='word_1_637' title='bbox 2206 2271 2275 2327; x_wconf 72' lang='grc' dir='ltr'><strong>Β.</strong></span> <span class='ocrx_word' id='word_1_638' title='bbox 2305 2272 2382 2327; x_wconf 84' lang='lat' dir='ltr'>Ne</span> <span class='ocrx_word' id='word_1_639' title='bbox 2409 2271 2509 2327; x_wconf 84' lang='lat' dir='ltr'>hoc</span> <span class='ocrx_word' id='word_1_640' title='bbox 2532 2270 2767 2342; x_wconf 78' lang='lat' dir='ltr'>quidem.</span> <span class='ocrx_word' id='word_1_641' title='bbox 2798 2269 2875 2325; x_wconf 70' lang='grc' dir='ltr'><strong>Μ.</strong></span> <span class='ocrx_word' id='word_1_642' title='bbox 2904 2268 3118 2337; x_wconf 76' lang='lat' dir='ltr'>Quare?</span> <span class='ocrx_word' id='word_1_643' title='bbox 3142 2284 3210 2324; x_wconf 90' lang='lat' dir='ltr'>an</span> <span class='ocrx_word' id='word_1_644' title='bbox 3238 2269 3362 2339; x_wconf 82' lang='lat' dir='ltr'>quia</span> <span class='ocrx_word' id='word_1_645' title='bbox 3378 2277 3603 2329; x_wconf 70' lang='lat' dir='ltr'>metrum</span> <span class='ocrx_word' id='word_1_646' title='bbox 3638 2269 3803 2340; x_wconf 53' lang='lat' dir='ltr'>pedie</span> 
     </span>
    </p>
   </div>
   <div class='ocr_carea' id='block_1_83' title="bbox 2205 2359 3805 2431">
    <p class='ocr_par' dir='ltr' id='par_1_83' title="bbox 2205 2359 3805 2431">
     <span class='ocr_line' id='line_1_84' title="bbox 2205 2359 3805 2431; baseline -0.002 -11"><span class='ocrx_word' id='word_1_647' title='bbox 2205 2364 2305 2420; x_wconf 86' lang='lat' dir='ltr'>bus</span> <span class='ocrx_word' id='word_1_648' title='bbox 2331 2365 2530 2428; x_wconf 80' lang='lat' dir='ltr'>conﬁt,</span> <span class='ocrx_word' id='word_1_649' title='bbox 2559 2379 2657 2418; x_wconf 87' lang='lat' dir='ltr'>nec</span> <span class='ocrx_word' id='word_1_650' title='bbox 2686 2363 2871 2431; x_wconf 75' lang='lat' dir='ltr'>utique</span> <span class='ocrx_word' id='word_1_651' title='bbox 2897 2368 3117 2431; x_wconf 85' lang='lat' dir='ltr'>possunt</span> <span class='ocrx_word' id='word_1_652' title='bbox 3142 2360 3247 2416; x_wconf 78' lang='lat' dir='ltr'>diei</span> <span class='ocrx_word' id='word_1_653' title='bbox 3286 2359 3469 2430; x_wconf 81' lang='lat' dir='ltr'>pedes,</span> <span class='ocrx_word' id='word_1_654' title='bbox 3500 2359 3594 2421; x_wconf 72' lang='lat' dir='ltr'>ubi</span> <span class='ocrx_word' id='word_1_655' title='bbox 3620 2361 3805 2425; x_wconf 68' lang='lat' dir='ltr'>utinm</span> 
     </span>
    </p>
   </div>
   <div class='ocr_carea' id='block_1_84' title="bbox 2206 2451 3809 2531">
    <p class='ocr_par' dir='ltr' id='par_1_84' title="bbox 2206 2451 3809 2531">
     <span class='ocr_line' id='line_1_85' title="bbox 2206 2451 3809 2531; baseline -0.006 -17"><span class='ocrx_word' id='word_1_656' title='bbox 2206 2474 2363 2531; x_wconf 81' lang='lat' dir='ltr'>quam</span> <span class='ocrx_word' id='word_1_657' title='bbox 2389 2458 2495 2512; x_wconf 86' lang='lat' dir='ltr'>duo</span> <span class='ocrx_word' id='word_1_658' title='bbox 2518 2456 2679 2512; x_wconf 85' lang='lat' dir='ltr'>sunt?</span> <span class='ocrx_word' id='word_1_659' title='bbox 2709 2454 2777 2509; x_wconf 70' lang='grc' dir='ltr'>Ι).</span> <span class='ocrx_word' id='word_1_660' title='bbox 2802 2455 2878 2510; x_wconf 84' lang='lat' dir='ltr'>ita</span> <span class='ocrx_word' id='word_1_661' title='bbox 2900 2462 3001 2509; x_wconf 87' lang='lat' dir='ltr'>est.</span> <span class='ocrx_word' id='word_1_662' title='bbox 3027 2452 3105 2509; x_wconf 74' lang='grc' dir='ltr'><strong>Μ.</strong></span> <span class='ocrx_word' id='word_1_663' title='bbox 3128 2451 3474 2523; x_wconf 79' lang='lat' dir='ltr'>Inspiciamus</span> <span class='ocrx_word' id='word_1_664' title='bbox 3499 2452 3665 2522; x_wconf 74' lang='lat' dir='ltr'>igitur-</span> <span class='ocrx_word' id='word_1_665' title='bbox 3681 2468 3809 2511; x_wconf 54' lang='lat' dir='ltr'>mea</span> 
     </span>
    </p>
   </div>
   <div class='ocr_carea' id='block_1_85' title="bbox 2205 2546 3799 2620">
    <p class='ocr_par' dir='ltr' id='par_1_85' title="bbox 2205 2546 3799 2620">
     <span class='ocr_line' id='line_1_86' title="bbox 2205 2546 3799 2620; baseline -0.004 -14"><span class='ocrx_word' id='word_1_666' title='bbox 2205 2554 2285 2607; x_wconf 85' lang='lat' dir='ltr'>tra</span> <span class='ocrx_word' id='word_1_667' title='bbox 2315 2551 2401 2605; x_wconf 85' lang='lat' dir='ltr'>illa</span> <span class='ocrx_word' id='word_1_668' title='bbox 2431 2564 2549 2620; x_wconf 73' lang='lat' dir='ltr'>qua:</span> <span class='ocrx_word' id='word_1_669' title='bbox 2590 2563 2621 2602; x_wconf 88' lang='lat' dir='ltr'>a</span> <span class='ocrx_word' id='word_1_670' title='bbox 2646 2562 2732 2602; x_wconf 90' lang='lat' dir='ltr'>me</span> <span class='ocrx_word' id='word_1_671' title='bbox 2761 2546 2916 2618; x_wconf 88' lang='lat' dir='ltr'>paulo</span> <span class='ocrx_word' id='word_1_672' title='bbox 2944 2552 3070 2601; x_wconf 89' lang='lat' dir='ltr'>ante</span> <span class='ocrx_word' id='word_1_673' title='bbox 3096 2553 3512 2601; x_wconf 81' lang='lat' dir='ltr'>commemorata</span> <span class='ocrx_word' id='word_1_674' title='bbox 3548 2551 3707 2608; x_wconf 69' lang='lat' dir='ltr'>sunt,</span> <span class='ocrx_word' id='word_1_675' title='bbox 3737 2550 3799 2603; x_wconf 85' lang='lat' dir='ltr'>et</span> 
     </span>
    </p>
   </div>
   <div class='ocr_carea' id='block_1_86' title="bbox 2204 2635 3797 2712">
    <p class='ocr_par' dir='ltr' id='par_1_86' title="bbox 2204 2635 3797 2712">
     <span class='ocr_line' id='line_1_87' title="bbox 2204 2635 3797 2712; baseline -0.007 -14"><span class='ocrx_word' id='word_1_676' title='bbox 2204 2643 2478 2701; x_wconf 84' lang='lat' dir='ltr'>videamus</span> <span class='ocrx_word' id='word_1_677' title='bbox 2498 2641 2689 2712; x_wconf 86' lang='lat' dir='ltr'>quibus</span> <span class='ocrx_word' id='word_1_678' title='bbox 2710 2638 2929 2711; x_wconf 85' lang='lat' dir='ltr'>pedibus</span> <span class='ocrx_word' id='word_1_679' title='bbox 2946 2644 3225 2699; x_wconf 83' lang='lat' dir='ltr'>constent:</span> <span class='ocrx_word' id='word_1_680' title='bbox 3247 2636 3515 2699; x_wconf 79' lang='lat' dir='ltr'>nonenim</span> <span class='ocrx_word' id='word_1_681' title='bbox 3537 2645 3591 2691; x_wconf 89' lang='lat' dir='ltr'>te</span> <span class='ocrx_word' id='word_1_682' title='bbox 3609 2636 3667 2693; x_wconf 78' lang='lat' dir='ltr'>in</span> <span class='ocrx_word' id='word_1_683' title='bbox 3686 2635 3797 2695; x_wconf 70' lang='lat' dir='ltr'>hoc</span> 
     </span>
    </p>
   </div>
   <div class='ocr_carea' id='block_1_87' title="bbox 2214 2726 3805 2805">
    <p class='ocr_par' dir='ltr' id='par_1_87' title="bbox 2214 2726 3805 2805">
     <span class='ocr_line' id='line_1_88' title="bbox 2214 2726 3805 2805; baseline 0 -18"><span class='ocrx_word' id='word_1_684' title='bbox 2214 2748 2407 2805; x_wconf 82' lang='lat' dir='ltr'>genere</span> <span class='ocrx_word' id='word_1_685' title='bbox 2433 2729 2903 2787; x_wconf 85' lang='lat' dir='ltr'>animadvertendo</span> <span class='ocrx_word' id='word_1_686' title='bbox 2941 2728 3133 2785; x_wconf 82' lang='lat' dir='ltr'>rudem</span> <span class='ocrx_word' id='word_1_687' title='bbox 3158 2742 3281 2785; x_wconf 83' lang='lat' dir='ltr'>esse</span> <span class='ocrx_word' id='word_1_688' title='bbox 3306 2727 3483 2787; x_wconf 80' lang='lat' dir='ltr'>adhuc</span> <span class='ocrx_word' id='word_1_689' title='bbox 3505 2726 3679 2787; x_wconf 69' lang='lat' dir='ltr'>decet.</span> <span class='ocrx_word' id='word_1_690' title='bbox 3716 2726 3805 2787; x_wconf 76' lang='lat' dir='ltr'>Ba</span> 
     </span>
    </p>
   </div>
   <div class='ocr_carea' id='block_1_88' title="bbox 2205 2833 2575 2882">
    <p class='ocr_par' dir='ltr' id='par_1_88' title="bbox 2205 2833 2575 2882">
     <span class='ocr_line' id='line_1_89' title="bbox 2205 2833 2575 2882; baseline -0.008 0"><span class='ocrx_word' id='word_1_691' title='bbox 2205 2834 2331 2882; x_wconf 90' lang='lat' dir='ltr'>sunt</span> <span class='ocrx_word' id='word_1_692' title='bbox 2353 2833 2534 2881; x_wconf 86' lang='lat' dir='ltr'>autem</span> <span class='ocrx_word' id='word_1_693' title='bbox 2560 2843 2575 2879; x_wconf 88' lang='lat'><strong>:</strong></span> 
     </span>
    </p>
   </div>
   <div class='ocr_carea' id='block_1_89' title="bbox 2703 2894 3221 2957">
    <p class='ocr_par' dir='ltr' id='par_1_89' title="bbox 2703 2894 3221 2957">
     <span class='ocr_line' id='line_1_90' title="bbox 2703 2894 3221 2957; baseline -0.004 -13"><span class='ocrx_word' id='word_1_694' title='bbox 2703 2899 2775 2944; x_wconf 88' lang='lat' dir='ltr'>tte</span> <span class='ocrx_word' id='word_1_695' title='bbox 2796 2894 2962 2957; x_wconf 79' lang='lat' dir='ltr'>igitur,</span> <span class='ocrx_word' id='word_1_696' title='bbox 2982 2896 3221 2957; x_wconf 62' lang='lat' dir='ltr'>canimus:</span> 
     </span>
    </p>
   </div>
   <div class='ocr_carea' id='block_1_90' title="bbox 2696 2950 3164 3016">
    <p class='ocr_par' dir='ltr' id='par_1_90' title="bbox 2696 2950 3164 3016">
     <span class='ocr_line' id='line_1_91' title="bbox 2696 2950 3164 3016; baseline -0.009 -11"><span class='ocrx_word' id='word_1_697' title='bbox 2696 2950 2955 3005; x_wconf 69' lang='lat' dir='ltr'>Fontieolre</span> <span class='ocrx_word' id='word_1_698' title='bbox 2967 2950 3164 3016; x_wconf 64' lang='lat' dir='ltr'>puellae,</span> 
     </span>
    </p>
   </div>
   <div class='ocr_carea' id='block_1_91' title="bbox 2695 3012 3292 3076">
    <p class='ocr_par' dir='ltr' id='par_1_91' title="bbox 2695 3012 3292 3076">
     <span class='ocr_line' id='line_1_92' title="bbox 2695 3012 3292 3076; baseline -0.002 -10"><span class='ocrx_word' id='word_1_699' title='bbox 2695 3025 2808 3076; x_wconf 72' lang='lat' dir='ltr'>quae</span> <span class='ocrx_word' id='word_1_700' title='bbox 2830 3012 3001 3065; x_wconf 80' lang='lat' dir='ltr'>canitis</span> <span class='ocrx_word' id='word_1_701' title='bbox 3021 3016 3115 3064; x_wconf 88' lang='lat' dir='ltr'>sub</span> <span class='ocrx_word' id='word_1_702' title='bbox 3137 3012 3292 3065; x_wconf 78' lang='lat' dir='ltr'>antris</span> 
     </span>
    </p>
   </div>
   <div class='ocr_carea' id='block_1_92' title="bbox 2697 3076 3185 3139">
    <p class='ocr_par' dir='ltr' id='par_1_92' title="bbox 2697 3076 3185 3139">
     <span class='ocr_line' id='line_1_93' title="bbox 2697 3076 3185 3139; baseline -0.006 -10"><span class='ocrx_word' id='word_1_703' title='bbox 2697 3076 2947 3139; x_wconf 70' lang='lat' dir='ltr'>mellinuos</span> <span class='ocrx_word' id='word_1_704' title='bbox 2966 3087 3185 3128; x_wconf 83' lang='lat' dir='ltr'>sonores.</span> 
     </span>
    </p>
   </div>
   <div class='ocr_carea' id='block_1_93' title="bbox 2204 3177 3807 3251">
    <p class='ocr_par' dir='ltr' id='par_1_93' title="bbox 2204 3177 3807 3251">
     <span class='ocr_line' id='line_1_94' title="bbox 2204 3177 3807 3251; baseline -0.002 -9"><span class='ocrx_word' id='word_1_705' title='bbox 2204 3184 2345 3242; x_wconf 79' lang='lat' dir='ltr'>Satis</span> <span class='ocrx_word' id='word_1_706' title='bbox 2374 3183 2489 3239; x_wconf 85' lang='lat' dir='ltr'>haec</span> <span class='ocrx_word' id='word_1_707' title='bbox 2524 3197 2642 3239; x_wconf 87' lang='lat' dir='ltr'>esse</span> <span class='ocrx_word' id='word_1_708' title='bbox 2669 3182 2738 3239; x_wconf 88' lang='lat' dir='ltr'>ad</span> <span class='ocrx_word' id='word_1_709' title='bbox 2766 3181 2823 3237; x_wconf 90' lang='lat' dir='ltr'>id</span> <span class='ocrx_word' id='word_1_710' title='bbox 2853 3179 2994 3251; x_wconf 85' lang='lat' dir='ltr'>quod</span> <span class='ocrx_word' id='word_1_711' title='bbox 3039 3177 3359 3237; x_wconf 80' lang='lat' dir='ltr'>intendimus</span> <span class='ocrx_word' id='word_1_712' title='bbox 3392 3186 3525 3249; x_wconf 78' lang='lat' dir='ltr'>puto</span> <span class='ocrx_word' id='word_1_713' title='bbox 3551 3185 3651 3243; x_wconf 61' lang='lat' dir='ltr'>tu</span> <span class='ocrx_word' id='word_1_714' title='bbox 3683 3177 3807 3249; x_wconf 65' lang='lat' dir='ltr'>iam</span> 
     </span>
    </p>
   </div>
   <div class='ocr_carea' id='block_1_94' title="bbox 2205 3268 3801 3345">
    <p class='ocr_par' dir='ltr' id='par_1_94' title="bbox 2205 3268 3801 3345">
     <span class='ocr_line' id='line_1_95' title="bbox 2205 3268 3801 3345; baseline -0.007 -14"><span class='ocrx_word' id='word_1_715' title='bbox 2205 3277 2396 3333; x_wconf 83' lang='lat' dir='ltr'>metire</span> <span class='ocrx_word' id='word_1_716' title='bbox 2416 3276 2538 3339; x_wconf 88' lang='lat' dir='ltr'>ista,</span> <span class='ocrx_word' id='word_1_717' title='bbox 2562 3284 2614 3330; x_wconf 90' lang='lat' dir='ltr'>et</span> <span class='ocrx_word' id='word_1_718' title='bbox 2634 3289 2767 3345; x_wconf 90' lang='lat' dir='ltr'>quos</span> <span class='ocrx_word' id='word_1_719' title='bbox 2791 3272 3023 3331; x_wconf 78' lang='lat' dir='ltr'>habeant</span> <span class='ocrx_word' id='word_1_720' title='bbox 3044 3271 3206 3341; x_wconf 85' lang='lat' dir='ltr'>pedes</span> <span class='ocrx_word' id='word_1_721' title='bbox 3228 3270 3492 3331; x_wconf 79' lang='lat' dir='ltr'>renuntia.</span> <span class='ocrx_word' id='word_1_722' title='bbox 3518 3268 3801 3335; x_wconf 72' lang='grc' dir='ltr'><strong>Β.</strong></span> 
     </span>
    </p>
   </div>
   <div class='ocr_carea' id='block_1_95' title="bbox 2205 3362 3807 3437">
    <p class='ocr_par' dir='ltr' id='par_1_95' title="bbox 2205 3362 3807 3437">
     <span class='ocr_line' id='line_1_96' title="bbox 2205 3362 3807 3437; baseline -0.001 -16"><span class='ocrx_word' id='word_1_723' title='bbox 2205 3382 2278 3427; x_wconf 87' lang='lat' dir='ltr'>no</span> <span class='ocrx_word' id='word_1_724' title='bbox 2307 3383 2411 3421; x_wconf 90' lang='lat' dir='ltr'>non</span> <span class='ocrx_word' id='word_1_725' title='bbox 2430 3381 2642 3437; x_wconf 90' lang='lat' dir='ltr'>possum</span> <span class='ocrx_word' id='word_1_726' title='bbox 2667 3383 2683 3421; x_wconf 85' lang='lat'><strong>:</strong></span> <span class='ocrx_word' id='word_1_727' title='bbox 2705 3381 2798 3421; x_wconf 91' lang='lat' dir='ltr'>eos</span> <span class='ocrx_word' id='word_1_728' title='bbox 2821 3365 2965 3425; x_wconf 78' lang='lat' dir='ltr'>enim</span> <span class='ocrx_word' id='word_1_729' title='bbox 2986 3362 3284 3421; x_wconf 87' lang='lat' dir='ltr'>metiendos</span> <span class='ocrx_word' id='word_1_730' title='bbox 3308 3370 3452 3433; x_wconf 89' lang='lat' dir='ltr'>puto,</span> <span class='ocrx_word' id='word_1_731' title='bbox 3478 3363 3566 3432; x_wconf 84' lang='lat' dir='ltr'>qui</span> <span class='ocrx_word' id='word_1_732' title='bbox 3592 3362 3695 3425; x_wconf 77' lang='lat' dir='ltr'>sibi</span> <span class='ocrx_word' id='word_1_733' title='bbox 3719 3362 3807 3425; x_wconf 35' lang='lat' dir='ltr'>leo.</span> 
     </span>
    </p>
   </div>
   <div class='ocr_carea' id='block_1_96' title="bbox 2204 3454 3797 3531">
    <p class='ocr_par' dir='ltr' id='par_1_96' title="bbox 2204 3454 3797 3531">
     <span class='ocr_line' id='line_1_97' title="bbox 2204 3454 3797 3531; baseline -0.006 -15"><span class='ocrx_word' id='word_1_734' title='bbox 2204 3460 2389 3531; x_wconf 84' lang='lat' dir='ltr'>gitime</span> <span class='ocrx_word' id='word_1_735' title='bbox 2416 3459 2655 3529; x_wconf 86' lang='lat' dir='ltr'>copulari</span> <span class='ocrx_word' id='word_1_736' title='bbox 2680 3466 2907 3529; x_wconf 89' lang='lat' dir='ltr'>queunt;</span> <span class='ocrx_word' id='word_1_737' title='bbox 2952 3471 3050 3513; x_wconf 82' lang='lat' dir='ltr'>nec</span> <span class='ocrx_word' id='word_1_738' title='bbox 3073 3457 3225 3511; x_wconf 87' lang='lat' dir='ltr'>valeo</span> <span class='ocrx_word' id='word_1_739' title='bbox 3252 3470 3337 3511; x_wconf 84' lang='lat' dir='ltr'>me</span> <span class='ocrx_word' id='word_1_740' title='bbox 3365 3454 3491 3515; x_wconf 80' lang='lat' dir='ltr'>hinc</span> <span class='ocrx_word' id='word_1_741' title='bbox 3518 3454 3797 3524; x_wconf 67' lang='lat' dir='ltr'>expedire,</span> 
     </span>
    </p>
   </div>
   <div class='ocr_carea' id='block_1_97' title="bbox 2205 3546 3808 3620">
    <p class='ocr_par' dir='ltr' id='par_1_97' title="bbox 2205 3546 3808 3620">
     <span class='ocr_line' id='line_1_98' title="bbox 2205 3546 3808 3620; baseline -0.001 -14"><span class='ocrx_word' id='word_1_742' title='bbox 2205 3551 2263 3606; x_wconf 84' lang='lat' dir='ltr'>Si</span> <span class='ocrx_word' id='word_1_743' title='bbox 2288 3552 2430 3605; x_wconf 85' lang='lat' dir='ltr'>enim</span> <span class='ocrx_word' id='word_1_744' title='bbox 2458 3550 2689 3620; x_wconf 86' lang='lat' dir='ltr'>primum</span> <span class='ocrx_word' id='word_1_745' title='bbox 2714 3550 2956 3607; x_wconf 88' lang='lat' dir='ltr'>chorium</span> <span class='ocrx_word' id='word_1_746' title='bbox 2978 3548 3174 3614; x_wconf 74' lang='lat' dir='ltr'>iecero,</span> <span class='ocrx_word' id='word_1_747' title='bbox 3199 3547 3439 3617; x_wconf 80' lang='lat' dir='ltr'>sequitur</span> <span class='ocrx_word' id='word_1_748' title='bbox 3458 3546 3684 3613; x_wconf 74' lang='lat' dir='ltr'>iambus,</span> <span class='ocrx_word' id='word_1_749' title='bbox 3704 3547 3808 3616; x_wconf 70' lang='lat' dir='ltr'>qui</span> 
     </span>
    </p>
   </div>
   <div class='ocr_carea' id='block_1_98' title="bbox 2207 3636 3803 3713">
    <p class='ocr_par' dir='ltr' id='par_1_98' title="bbox 2207 3636 3803 3713">
     <span class='ocr_line' id='line_1_99' title="bbox 2207 3636 3803 3713; baseline -0.006 -14"><span class='ocrx_word' id='word_1_750' title='bbox 2207 3642 2533 3713; x_wconf 62' lang='lat' dir='ltr'>teniporibus</span> <span class='ocrx_word' id='word_1_751' title='bbox 2560 3658 2654 3712; x_wconf 89' lang='lat' dir='ltr'>par</span> <span class='ocrx_word' id='word_1_752' title='bbox 2671 3649 2773 3705; x_wconf 87' lang='lat' dir='ltr'>est,</span> <span class='ocrx_word' id='word_1_753' title='bbox 2804 3640 2899 3696; x_wconf 85' lang='lat' dir='ltr'>sed</span> <span class='ocrx_word' id='word_1_754' title='bbox 2918 3655 3022 3697; x_wconf 88' lang='lat' dir='ltr'>non</span> <span class='ocrx_word' id='word_1_755' title='bbox 3053 3639 3297 3696; x_wconf 88' lang='lat' dir='ltr'>similiter</span> <span class='ocrx_word' id='word_1_756' title='bbox 3319 3636 3582 3707; x_wconf 80' lang='lat' dir='ltr'>plauditur</span> <span class='ocrx_word' id='word_1_757' title='bbox 3601 3655 3614 3691; x_wconf 88' lang='lat'><strong>:</strong></span> <span class='ocrx_word' id='word_1_758' title='bbox 3632 3636 3680 3693; x_wconf 84' lang='lat' dir='ltr'>si</span> <span class='ocrx_word' id='word_1_759' title='bbox 3697 3636 3803 3693; x_wconf 46' lang='lat' dir='ltr'>das</span> 
     </span>
    </p>
   </div>
   <div class='ocr_carea' id='block_1_99' title="bbox 2206 3729 3805 3807">
    <p class='ocr_par' dir='ltr' id='par_1_99' title="bbox 2206 3729 3805 3807">
     <span class='ocr_line' id='line_1_100' title="bbox 2206 3729 3805 3807; baseline -0.002 -17"><span class='ocrx_word' id='word_1_760' title='bbox 2206 3735 2404 3807; x_wconf 84' lang='lat' dir='ltr'>etylum</span> <span class='ocrx_word' id='word_1_761' title='bbox 2424 3776 2439 3800; x_wconf 92' lang='lat'>,</span> <span class='ocrx_word' id='word_1_762' title='bbox 2467 3750 2577 3795; x_wconf 89' lang='lat' dir='ltr'>non</span> <span class='ocrx_word' id='word_1_763' title='bbox 2613 3734 2853 3806; x_wconf 87' lang='lat' dir='ltr'>sequitur</span> <span class='ocrx_word' id='word_1_764' title='bbox 2878 3732 3019 3788; x_wconf 87' lang='lat' dir='ltr'>alius</span> <span class='ocrx_word' id='word_1_765' title='bbox 3045 3734 3136 3802; x_wconf 91' lang='lat' dir='ltr'>qui</span> <span class='ocrx_word' id='word_1_766' title='bbox 3162 3732 3214 3788; x_wconf 91' lang='lat' dir='ltr'>ei</span> <span class='ocrx_word' id='word_1_767' title='bbox 3238 3731 3433 3787; x_wconf 84' lang='lat' dir='ltr'>saltem</span> <span class='ocrx_word' id='word_1_768' title='bbox 3465 3729 3805 3799; x_wconf 77' lang='lat' dir='ltr'>temporibus</span> 
     </span>
    </p>
   </div>
   <div class='ocr_carea' id='block_1_100' title="bbox 2207 3820 3801 3897">
    <p class='ocr_par' dir='ltr' id='par_1_100' title="bbox 2207 3820 3801 3897">
     <span class='ocr_line' id='line_1_101' title="bbox 2207 3820 3801 3897; baseline -0.002 -15"><span class='ocrx_word' id='word_1_769' title='bbox 2207 3834 2514 3897; x_wconf 77' lang='lat' dir='ltr'>coaequatur</span> <span class='ocrx_word' id='word_1_770' title='bbox 2544 3844 2558 3880; x_wconf 88' lang='lat'><strong>:</strong></span> <span class='ocrx_word' id='word_1_771' title='bbox 2587 3826 2635 3881; x_wconf 89' lang='lat' dir='ltr'>si</span> <span class='ocrx_word' id='word_1_772' title='bbox 2671 3824 3073 3890; x_wconf 84' lang='lat' dir='ltr'>choriambum,</span> <span class='ocrx_word' id='word_1_773' title='bbox 3113 3822 3301 3879; x_wconf 82' lang='lat' dir='ltr'>eadem</span> <span class='ocrx_word' id='word_1_774' title='bbox 3349 3820 3632 3879; x_wconf 72' lang='lat' dir='ltr'>dimcultas</span> <span class='ocrx_word' id='word_1_775' title='bbox 3673 3828 3801 3885; x_wconf 80' lang='lat' dir='ltr'>est;</span> 
     </span>
    </p>
   </div>
   <div class='ocr_carea' id='block_1_101' title="bbox 2207 3913 3804 3990">
    <p class='ocr_par' dir='ltr' id='par_1_101' title="bbox 2207 3913 3804 3990">
     <span class='ocr_line' id='line_1_102' title="bbox 2207 3913 3804 3990; baseline -0.004 -15"><span class='ocrx_word' id='word_1_776' title='bbox 2207 3920 2354 3990; x_wconf 84' lang='lat' dir='ltr'>quod</span> <span class='ocrx_word' id='word_1_777' title='bbox 2373 3919 2514 3974; x_wconf 86' lang='lat' dir='ltr'>enim</span> <span class='ocrx_word' id='word_1_778' title='bbox 2535 3925 2719 3985; x_wconf 86' lang='lat' dir='ltr'>restat,</span> <span class='ocrx_word' id='word_1_779' title='bbox 2749 3932 2849 3972; x_wconf 87' lang='lat' dir='ltr'>nec</span> <span class='ocrx_word' id='word_1_780' title='bbox 2873 3916 3199 3986; x_wconf 80' lang='lat' dir='ltr'>temporibus</span> <span class='ocrx_word' id='word_1_781' title='bbox 3225 3930 3347 3969; x_wconf 82' lang='lat' dir='ltr'>eum</span> <span class='ocrx_word' id='word_1_782' title='bbox 3374 3930 3461 3981; x_wconf 88' lang='lat' dir='ltr'>eo,</span> <span class='ocrx_word' id='word_1_783' title='bbox 3486 3929 3585 3969; x_wconf 85' lang='lat' dir='ltr'>nec</span> <span class='ocrx_word' id='word_1_784' title='bbox 3606 3913 3804 3982; x_wconf 80' lang='lat' dir='ltr'>plausu</span> 
     </span>
    </p>
   </div>
   <div class='ocr_carea' id='block_1_102' title="bbox 2209 4005 3802 4077">
    <p class='ocr_par' dir='ltr' id='par_1_102' title="bbox 2209 4005 3802 4077">
     <span class='ocr_line' id='line_1_103' title="bbox 2209 4005 3802 4077; baseline -0.004 -10"><span class='ocrx_word' id='word_1_785' title='bbox 2209 4012 2475 4067; x_wconf 84' lang='lat' dir='ltr'>convenit.</span> <span class='ocrx_word' id='word_1_786' title='bbox 2507 4009 2685 4077; x_wconf 80' lang='lat' dir='ltr'>Quare</span> <span class='ocrx_word' id='word_1_787' title='bbox 2710 4018 2801 4065; x_wconf 90' lang='lat' dir='ltr'>aut</span> <span class='ocrx_word' id='word_1_788' title='bbox 2831 4008 2937 4063; x_wconf 84' lang='lat' dir='ltr'>hoc</span> <span class='ocrx_word' id='word_1_789' title='bbox 2964 4016 3194 4063; x_wconf 79' lang='lat' dir='ltr'>metrum</span> <span class='ocrx_word' id='word_1_790' title='bbox 3220 4022 3326 4061; x_wconf 86' lang='lat' dir='ltr'>non</span> <span class='ocrx_word' id='word_1_791' title='bbox 3353 4014 3461 4071; x_wconf 90' lang='lat' dir='ltr'>est,</span> <span class='ocrx_word' id='word_1_792' title='bbox 3490 4014 3581 4063; x_wconf 81' lang='lat' dir='ltr'>aut</span> <span class='ocrx_word' id='word_1_793' title='bbox 3607 4005 3802 4060; x_wconf 72' lang='lat' dir='ltr'>falsum</span> 
     </span>
    </p>
   </div>
   <div class='ocr_carea' id='block_1_103' title="bbox 2208 4096 3800 4173">
    <p class='ocr_par' dir='ltr' id='par_1_103' title="bbox 2208 4096 3800 4173">
     <span class='ocr_line' id='line_1_104' title="bbox 2208 4096 3800 4173; baseline -0.005 -15"><span class='ocrx_word' id='word_1_794' title='bbox 2208 4112 2291 4159; x_wconf 82' lang='lat' dir='ltr'>est</span> <span class='ocrx_word' id='word_1_795' title='bbox 2328 4102 2469 4173; x_wconf 88' lang='lat' dir='ltr'>quod</span> <span class='ocrx_word' id='word_1_796' title='bbox 2510 4104 2650 4159; x_wconf 80' lang='lat' dir='ltr'>inter</span> <span class='ocrx_word' id='word_1_797' title='bbox 2681 4116 2781 4154; x_wconf 89' lang='lat' dir='ltr'>nos</span> <span class='ocrx_word' id='word_1_798' title='bbox 2810 4100 2878 4154; x_wconf 85' lang='lat' dir='ltr'>de</span> <span class='ocrx_word' id='word_1_799' title='bbox 2905 4100 3093 4169; x_wconf 88' lang='lat' dir='ltr'>pedum</span> <span class='ocrx_word' id='word_1_800' title='bbox 3126 4097 3464 4167; x_wconf 81' lang='lat' dir='ltr'>copulatione</span> <span class='ocrx_word' id='word_1_801' title='bbox 3509 4096 3800 4153; x_wconf 67' lang='lat' dir='ltr'>dissectum</span> 
     </span>
    </p>
   </div>
   <div class='ocr_carea' id='block_1_104' title="bbox 2208 4190 3384 4263">
    <p class='ocr_par' dir='ltr' id='par_1_104' title="bbox 2208 4190 3384 4263">
     <span class='ocr_line' id='line_1_105' title="bbox 2208 4190 3384 4263; baseline -0.007 -12"><span class='ocrx_word' id='word_1_802' title='bbox 2208 4205 2292 4251; x_wconf 89' lang='lat' dir='ltr'>est</span> <span class='ocrx_word' id='word_1_803' title='bbox 2314 4212 2328 4249; x_wconf 91' lang='lat'><strong>:</strong></span> <span class='ocrx_word' id='word_1_804' title='bbox 2352 4209 2476 4249; x_wconf 85' lang='lat' dir='ltr'>nam</span> <span class='ocrx_word' id='word_1_805' title='bbox 2499 4192 2622 4263; x_wconf 86' lang='lat' dir='ltr'>quid</span> <span class='ocrx_word' id='word_1_806' title='bbox 2649 4191 2793 4246; x_wconf 90' lang='lat' dir='ltr'>aliud</span> <span class='ocrx_word' id='word_1_807' title='bbox 2814 4191 2987 4245; x_wconf 88' lang='lat' dir='ltr'>dicam</span> <span class='ocrx_word' id='word_1_808' title='bbox 3016 4205 3123 4245; x_wconf 88' lang='lat' dir='ltr'>non</span> <span class='ocrx_word' id='word_1_809' title='bbox 3152 4190 3384 4244; x_wconf 82' lang='lat' dir='ltr'>invenio.</span> 
     </span>
    </p>
   </div>
   <div class='ocr_carea' id='block_1_105' title="bbox 2280 4279 3803 4352">
    <p class='ocr_par' dir='ltr' id='par_1_105' title="bbox 2280 4279 3803 4352">
     <span class='ocr_line' id='line_1_106' title="bbox 2280 4279 3803 4352; baseline -0.005 -11"><span class='ocrx_word' id='word_1_810' title='bbox 2280 4286 2367 4341; x_wconf 70' lang='lat' dir='ltr'>i6.</span> <span class='ocrx_word' id='word_1_811' title='bbox 2402 4284 2481 4338; x_wconf 75' lang='grc' dir='ltr'><strong>Μ.</strong></span> <span class='ocrx_word' id='word_1_812' title='bbox 2520 4284 2747 4339; x_wconf 73' lang='lat' dir='ltr'>Metrum</span> <span class='ocrx_word' id='word_1_813' title='bbox 2773 4282 2986 4352; x_wconf 81' lang='lat' dir='ltr'>quidem</span> <span class='ocrx_word' id='word_1_814' title='bbox 3033 4295 3157 4337; x_wconf 89' lang='lat' dir='ltr'>esse</span> <span class='ocrx_word' id='word_1_815' title='bbox 3193 4289 3247 4337; x_wconf 90' lang='lat' dir='ltr'>et</span> <span class='ocrx_word' id='word_1_816' title='bbox 3288 4296 3355 4335; x_wconf 89' lang='lat' dir='ltr'>eo</span> <span class='ocrx_word' id='word_1_817' title='bbox 3397 4279 3537 4350; x_wconf 84' lang='lat' dir='ltr'>quod</span> <span class='ocrx_word' id='word_1_818' title='bbox 3574 4279 3687 4348; x_wconf 81' lang='lat' dir='ltr'>plus</span> <span class='ocrx_word' id='word_1_819' title='bbox 3715 4290 3803 4335; x_wconf 78' lang='lat' dir='ltr'>est</span> 
     </span>
    </p>
   </div>
   <div class='ocr_carea' id='block_1_106' title="bbox 2209 4372 3798 4455">
    <p class='ocr_par' dir='ltr' id='par_1_106' title="bbox 2209 4372 3798 4455">
     <span class='ocr_line' id='line_1_107' title="bbox 2209 4372 3798 4455; baseline -0.004 -23"><span class='ocrx_word' id='word_1_820' title='bbox 2209 4393 2368 4455; x_wconf 85' lang='lat' dir='ltr'>quam</span> <span class='ocrx_word' id='word_1_821' title='bbox 2398 4392 2513 4449; x_wconf 88' lang='lat' dir='ltr'>pes,</span> <span class='ocrx_word' id='word_1_822' title='bbox 2541 4383 2851 4445; x_wconf 89' lang='lat' dir='ltr'>certumque</span> <span class='ocrx_word' id='word_1_823' title='bbox 2879 4372 3039 4428; x_wconf 85' lang='lat' dir='ltr'>ﬁnem</span> <span class='ocrx_word' id='word_1_824' title='bbox 3062 4372 3242 4440; x_wconf 87' lang='lat' dir='ltr'>habet,</span> <span class='ocrx_word' id='word_1_825' title='bbox 3261 4381 3315 4428; x_wconf 91' lang='lat' dir='ltr'>et</span> <span class='ocrx_word' id='word_1_826' title='bbox 3338 4373 3569 4442; x_wconf 90' lang='lat' dir='ltr'>ipsarum</span> <span class='ocrx_word' id='word_1_827' title='bbox 3588 4372 3798 4426; x_wconf 89' lang='lat' dir='ltr'>aurium</span> 
     </span>
    </p>
   </div>
   <div class='ocr_carea' id='block_1_107' title="bbox 2207 4463 3802 4546">
    <p class='ocr_par' dir='ltr' id='par_1_107' title="bbox 2207 4463 3802 4546">
     <span class='ocr_line' id='line_1_108' title="bbox 2207 4463 3802 4546; baseline -0.006 -22"><span class='ocrx_word' id='word_1_828' title='bbox 2207 4469 2405 4541; x_wconf 73' lang='lat' dir='ltr'>iudicio</span> <span class='ocrx_word' id='word_1_829' title='bbox 2444 4466 2775 4529; x_wconf 77' lang='lat' dir='ltr'>convincitur</span> <span class='ocrx_word' id='word_1_830' title='bbox 2804 4466 2852 4517; x_wconf 86' lang='grc'><strong>¹.</strong></span> <span class='ocrx_word' id='word_1_831' title='bbox 2891 4463 3009 4525; x_wconf 76' lang='lat' dir='ltr'>Non</span> <span class='ocrx_word' id='word_1_832' title='bbox 3048 4465 3190 4546; x_wconf 78' lang='lat' dir='ltr'>enim</span> <span class='ocrx_word' id='word_1_833' title='bbox 3243 4474 3350 4523; x_wconf 88' lang='lat' dir='ltr'>tam</span> <span class='ocrx_word' id='word_1_834' title='bbox 3392 4465 3537 4525; x_wconf 86' lang='lat' dir='ltr'>suavi</span> <span class='ocrx_word' id='word_1_835' title='bbox 3579 4472 3802 4533; x_wconf 53' lang='lat' dir='ltr'>semper</span> 
     </span>
    </p>
   </div>
   <div class='ocr_carea' id='block_1_108' title="bbox 2210 4556 3799 4635">
    <p class='ocr_par' dir='ltr' id='par_1_108' title="bbox 2210 4556 3799 4635">
     <span class='ocr_line' id='line_1_109' title="bbox 2210 4556 3799 4635; baseline -0.002 -21"><span class='ocrx_word' id='word_1_836' title='bbox 2210 4560 2528 4635; x_wconf 60' lang='lat' dir='ltr'>atqualitate,</span> <span class='ocrx_word' id='word_1_837' title='bbox 2552 4567 2642 4613; x_wconf 90' lang='lat' dir='ltr'>aut</span> <span class='ocrx_word' id='word_1_838' title='bbox 2662 4566 2812 4612; x_wconf 92' lang='lat' dir='ltr'>motu</span> <span class='ocrx_word' id='word_1_839' title='bbox 2830 4565 2938 4611; x_wconf 87' lang='lat' dir='ltr'>tam</span> <span class='ocrx_word' id='word_1_840' title='bbox 2964 4556 3225 4627; x_wconf 84' lang='lat' dir='ltr'>concinne</span> <span class='ocrx_word' id='word_1_841' title='bbox 3245 4556 3606 4631; x_wconf 88' lang='lat' dir='ltr'>plauderetur,</span> <span class='ocrx_word' id='word_1_842' title='bbox 3623 4558 3664 4609; x_wconf 88' lang='lat' dir='ltr'>si</span> <span class='ocrx_word' id='word_1_843' title='bbox 3689 4572 3799 4623; x_wconf 82' lang='lat' dir='ltr'>non</span> 
     </span>
    </p>
   </div>
   <div class='ocr_carea' id='block_1_109' title="bbox 2210 4646 3804 4719">
    <p class='ocr_par' dir='ltr' id='par_1_109' title="bbox 2210 4646 3804 4719">
     <span class='ocr_line' id='line_1_110' title="bbox 2210 4646 3804 4719; baseline -0.004 -12"><span class='ocrx_word' id='word_1_844' title='bbox 2210 4651 2407 4719; x_wconf 84' lang='lat' dir='ltr'>inesset</span> <span class='ocrx_word' id='word_1_845' title='bbox 2435 4650 2489 4704; x_wconf 91' lang='lat' dir='ltr'>in</span> <span class='ocrx_word' id='word_1_846' title='bbox 2518 4649 2608 4707; x_wconf 92' lang='lat' dir='ltr'>illo</span> <span class='ocrx_word' id='word_1_847' title='bbox 2634 4647 3005 4715; x_wconf 82' lang='lat' dir='ltr'>numerositas,</span> <span class='ocrx_word' id='word_1_848' title='bbox 3040 4664 3159 4719; x_wconf 83' lang='lat' dir='ltr'>quae</span> <span class='ocrx_word' id='word_1_849' title='bbox 3198 4646 3435 4718; x_wconf 77' lang='lat' dir='ltr'>proiecto</span> <span class='ocrx_word' id='word_1_850' title='bbox 3470 4662 3591 4715; x_wconf 78' lang='lat' dir='ltr'>esse</span> <span class='ocrx_word' id='word_1_851' title='bbox 3616 4647 3716 4713; x_wconf 76' lang='lat' dir='ltr'>nisi</span> <span class='ocrx_word' id='word_1_852' title='bbox 3743 4648 3804 4707; x_wconf 78' lang='lat' dir='ltr'>in</span> 
     </span>
    </p>
   </div>
   <div class='ocr_carea' id='block_1_110' title="bbox 2210 4739 3803 4814">
    <p class='ocr_par' dir='ltr' id='par_1_110' title="bbox 2210 4739 3803 4814">
     <span class='ocr_line' id='line_1_111' title="bbox 2210 4739 3803 4814; baseline 0.001 -20"><span class='ocrx_word' id='word_1_853' title='bbox 2210 4742 2310 4809; x_wconf 75' lang='lat' dir='ltr'>hac</span> <span class='ocrx_word' id='word_1_854' title='bbox 2349 4750 2497 4814; x_wconf 83' lang='lat' dir='ltr'>parte</span> <span class='ocrx_word' id='word_1_855' title='bbox 2537 4740 2754 4801; x_wconf 60' lang='lat' dir='ltr'>musica:</span> <span class='ocrx_word' id='word_1_856' title='bbox 2781 4756 2886 4797; x_wconf 88' lang='lat' dir='ltr'>non</span> <span class='ocrx_word' id='word_1_857' title='bbox 2919 4750 3114 4812; x_wconf 85' lang='lat' dir='ltr'>potest.</span> <span class='ocrx_word' id='word_1_858' title='bbox 3154 4739 3307 4795; x_wconf 87' lang='lat' dir='ltr'>Falsa</span> <span class='ocrx_word' id='word_1_859' title='bbox 3334 4756 3461 4801; x_wconf 86' lang='lat' dir='ltr'>vero</span> <span class='ocrx_word' id='word_1_860' title='bbox 3498 4755 3648 4809; x_wconf 80' lang='lat' dir='ltr'>esse,</span> <span class='ocrx_word' id='word_1_861' title='bbox 3678 4756 3803 4811; x_wconf 64' lang='lat' dir='ltr'>quin</span> 
     </span>
    </p>
   </div>
   <div class='ocr_carea' id='block_1_111' title="bbox 2211 4818 3801 4904">
    <p class='ocr_par' dir='ltr' id='par_1_111' title="bbox 2211 4818 3801 4904">
     <span class='ocr_line' id='line_1_112' title="bbox 2211 4818 3801 4904; baseline 0.001 -16"><span class='ocrx_word' id='word_1_862' title='bbox 2211 4834 2348 4903; x_wconf 69' lang='lat' dir='ltr'>inter</span> <span class='ocrx_word' id='word_1_863' title='bbox 2392 4849 2492 4904; x_wconf 81' lang='lat' dir='ltr'>nos</span> <span class='ocrx_word' id='word_1_864' title='bbox 2538 4834 2927 4902; x_wconf 79' lang='lat' dir='ltr'>constiterunt,l</span> <span class='ocrx_word' id='word_1_865' title='bbox 2969 4835 3134 4899; x_wconf 74' lang='lat' dir='ltr'>miror</span> <span class='ocrx_word' id='word_1_866' title='bbox 3173 4833 3315 4904; x_wconf 87' lang='lat' dir='ltr'>quod</span> <span class='ocrx_word' id='word_1_867' title='bbox 3349 4834 3663 4903; x_wconf 73' lang='lat' dir='ltr'>existimes;</span> <span class='ocrx_word' id='word_1_868' title='bbox 3689 4818 3801 4889; x_wconf 82' lang='lat' dir='ltr'>non</span> 
     </span>
    </p>
   </div>
   <div class='ocr_carea' id='block_1_112' title="bbox 2211 4927 3803 5003">
    <p class='ocr_par' dir='ltr' id='par_1_112' title="bbox 2211 4927 3803 5003">
     <span class='ocr_line' id='line_1_113' title="bbox 2211 4927 3803 5003; baseline -0.001 -20"><span class='ocrx_word' id='word_1_869' title='bbox 2211 4930 2353 4983; x_wconf 88' lang='lat' dir='ltr'>enim</span> <span class='ocrx_word' id='word_1_870' title='bbox 2376 4936 2469 4982; x_wconf 88' lang='lat' dir='ltr'>aut</span> <span class='ocrx_word' id='word_1_871' title='bbox 2489 4928 2725 5001; x_wconf 84' lang='lat' dir='ltr'>numeris</span> <span class='ocrx_word' id='word_1_872' title='bbox 2746 4928 3033 5003; x_wconf 84' lang='lat' dir='ltr'>quidquam</span> <span class='ocrx_word' id='word_1_873' title='bbox 3054 4937 3133 4983; x_wconf 86' lang='lat' dir='ltr'>est</span> <span class='ocrx_word' id='word_1_874' title='bbox 3153 4929 3477 4999; x_wconf 79' lang='lat' dir='ltr'>certius,aut</span> <span class='ocrx_word' id='word_1_875' title='bbox 3496 4927 3581 4981; x_wconf 89' lang='lat' dir='ltr'>illa</span> <span class='ocrx_word' id='word_1_876' title='bbox 3603 4927 3803 4999; x_wconf 85' lang='lat' dir='ltr'>pedum</span> 
     </span>
    </p>
   </div>
   <div class='ocr_carea' id='block_1_113' title="bbox 2211 5004 3803 5091">
    <p class='ocr_par' dir='ltr' id='par_1_113' title="bbox 2211 5004 3803 5091">
     <span class='ocr_line' id='line_1_114' title="bbox 2211 5004 3803 5091; baseline -0.001 -12"><span class='ocrx_word' id='word_1_877' title='bbox 2211 5023 2726 5091; x_wconf 81' lang='lat' dir='ltr'>commemoratione</span> <span class='ocrx_word' id='word_1_878' title='bbox 2750 5030 2807 5077; x_wconf 90' lang='lat' dir='ltr'>et</span> <span class='ocrx_word' id='word_1_879' title='bbox 2832 5021 3179 5081; x_wconf 79' lang='lat' dir='ltr'>collocatione</span> <span class='ocrx_word' id='word_1_880' title='bbox 3211 5021 3523 5085; x_wconf 75' lang='lat' dir='ltr'>ordinatius.</span> <span class='ocrx_word' id='word_1_881' title='bbox 3569 5004 3698 5081; x_wconf 80' lang='lat' dir='ltr'>Nam</span> <span class='ocrx_word' id='word_1_882' title='bbox 3733 5037 3803 5083; x_wconf 67' lang='lat' dir='ltr'>ex</span> 
     </span>
    </p>
   </div>
   <div class='ocr_carea' id='block_1_114' title="bbox 2212 5112 3801 5191">
    <p class='ocr_par' dir='ltr' id='par_1_114' title="bbox 2212 5112 3801 5191">
     <span class='ocr_line' id='line_1_115' title="bbox 2212 5112 3801 5191; baseline -0.003 -20"><span class='ocrx_word' id='word_1_883' title='bbox 2212 5116 2324 5189; x_wconf 85' lang='lat' dir='ltr'>ipsa</span> <span class='ocrx_word' id='word_1_884' title='bbox 2354 5130 2698 5177; x_wconf 88' lang='lat' dir='ltr'>numerorum</span> <span class='ocrx_word' id='word_1_885' title='bbox 2728 5115 2961 5183; x_wconf 84' lang='lat' dir='ltr'>ratione,</span> <span class='ocrx_word' id='word_1_886' title='bbox 2991 5130 3109 5191; x_wconf 81' lang='lat' dir='ltr'>quae</span> <span class='ocrx_word' id='word_1_887' title='bbox 3136 5114 3284 5181; x_wconf 90' lang='lat' dir='ltr'>nullo</span> <span class='ocrx_word' id='word_1_888' title='bbox 3313 5113 3471 5169; x_wconf 88' lang='lat' dir='ltr'>modo</span> <span class='ocrx_word' id='word_1_889' title='bbox 3505 5112 3669 5175; x_wconf 81' lang='lat' dir='ltr'>fallit,</span> <span class='ocrx_word' id='word_1_890' title='bbox 3701 5128 3801 5167; x_wconf 73' lang='lat' dir='ltr'>ex-</span> 
     </span>
    </p>
   </div>
   <div class='ocr_carea' id='block_1_115' title="bbox 2214 5207 3808 5283">
    <p class='ocr_par' dir='ltr' id='par_1_115' title="bbox 2214 5207 3808 5283">
     <span class='ocr_line' id='line_1_116' title="bbox 2214 5207 3808 5283; baseline -0.004 -16"><span class='ocrx_word' id='word_1_891' title='bbox 2214 5225 2454 5283; x_wconf 85' lang='lat' dir='ltr'>pressum</span> <span class='ocrx_word' id='word_1_892' title='bbox 2480 5218 2562 5265; x_wconf 85' lang='lat' dir='ltr'>est</span> <span class='ocrx_word' id='word_1_893' title='bbox 2586 5209 2838 5279; x_wconf 86' lang='lat' dir='ltr'>quidquid</span> <span class='ocrx_word' id='word_1_894' title='bbox 2863 5208 2917 5262; x_wconf 92' lang='lat' dir='ltr'>in</span> <span class='ocrx_word' id='word_1_895' title='bbox 2948 5207 3024 5265; x_wconf 89' lang='lat' dir='ltr'>eis</span> <span class='ocrx_word' id='word_1_896' title='bbox 3044 5216 3101 5271; x_wconf 84' lang='lat' dir='ltr'>et</span> <span class='ocrx_word' id='word_1_897' title='bbox 3127 5207 3197 5263; x_wconf 87' lang='lat' dir='ltr'>ad</span> <span class='ocrx_word' id='word_1_898' title='bbox 3220 5207 3530 5269; x_wconf 86' lang='lat' dir='ltr'>mulcendas</span> <span class='ocrx_word' id='word_1_899' title='bbox 3552 5221 3729 5271; x_wconf 88' lang='lat' dir='ltr'>aures,</span> <span class='ocrx_word' id='word_1_900' title='bbox 3752 5215 3808 5261; x_wconf 90' lang='lat' dir='ltr'>et</span> 
     </span>
    </p>
   </div>
   <div class='ocr_carea' id='block_1_116' title="bbox 2214 5302 3805 5385">
    <p class='ocr_par' dir='ltr' id='par_1_116' title="bbox 2214 5302 3805 5385">
     <span class='ocr_line' id='line_1_117' title="bbox 2214 5302 3805 5385; baseline -0.003 -26"><span class='ocrx_word' id='word_1_901' title='bbox 2214 5305 2278 5373; x_wconf 86' lang='lat' dir='ltr'>ad</span> <span class='ocrx_word' id='word_1_902' title='bbox 2304 5306 2651 5375; x_wconf 84' lang='lat' dir='ltr'>obtinendum</span> <span class='ocrx_word' id='word_1_903' title='bbox 2681 5306 2734 5369; x_wconf 87' lang='lat' dir='ltr'>in</span> <span class='ocrx_word' id='word_1_904' title='bbox 2768 5305 3020 5377; x_wconf 87' lang='lat' dir='ltr'>rhythmo</span> <span class='ocrx_word' id='word_1_905' title='bbox 3055 5303 3407 5385; x_wconf 84' lang='lat' dir='ltr'>principatum</span> <span class='ocrx_word' id='word_1_906' title='bbox 3428 5344 3443 5371; x_wconf 91' lang='lat'>,</span> <span class='ocrx_word' id='word_1_907' title='bbox 3468 5302 3645 5371; x_wconf 82' lang='lat' dir='ltr'>valere</span> <span class='ocrx_word' id='word_1_908' title='bbox 3676 5316 3805 5371; x_wconf 84' lang='lat' dir='ltr'>per-</span> 
     </span>
    </p>
   </div>
   <div class='ocr_carea' id='block_1_117' title="bbox 2214 5393 3807 5466">
    <p class='ocr_par' dir='ltr' id='par_1_117' title="bbox 2214 5393 3807 5466">
     <span class='ocr_line' id='line_1_118' title="bbox 2214 5393 3807 5466; baseline -0.004 -14"><span class='ocrx_word' id='word_1_909' title='bbox 2214 5399 2480 5466; x_wconf 84' lang='lat' dir='ltr'>speximus</span> <span class='ocrx_word' id='word_1_910' title='bbox 2506 5415 2520 5452; x_wconf 88' lang='lat'><strong>:</strong></span> <span class='ocrx_word' id='word_1_911' title='bbox 2546 5397 2640 5452; x_wconf 90' lang='lat' dir='ltr'>sed</span> <span class='ocrx_word' id='word_1_912' title='bbox 2666 5396 2784 5451; x_wconf 89' lang='lat' dir='ltr'>vide</span> <span class='ocrx_word' id='word_1_913' title='bbox 2814 5398 2988 5466; x_wconf 90' lang='lat' dir='ltr'>potius</span> <span class='ocrx_word' id='word_1_914' title='bbox 3017 5412 3138 5451; x_wconf 92' lang='lat' dir='ltr'>cum</span> <span class='ocrx_word' id='word_1_915' title='bbox 3168 5410 3313 5466; x_wconf 84' lang='lat' dir='ltr'>saepe</span> <span class='ocrx_word' id='word_1_916' title='bbox 3338 5405 3539 5464; x_wconf 81' lang='lat' dir='ltr'>repeto,</span> <span class='ocrx_word' id='word_1_917' title='bbox 3572 5393 3697 5458; x_wconf 69' lang='lat' dir='ltr'>Qua</span> <span class='ocrx_word' id='word_1_918' title='bbox 3719 5410 3807 5447; x_wconf 71' lang='lat' dir='ltr'>ca~</span> 
     </span>
    </p>
   </div>
   <div class='ocr_carea' id='block_1_118' title="bbox 2217 5486 3802 5559">
    <p class='ocr_par' dir='ltr' id='par_1_118' title="bbox 2217 5486 3802 5559">
     <span class='ocr_line' id='line_1_119' title="bbox 2217 5486 3802 5559; baseline -0.003 -16"><span class='ocrx_word' id='word_1_919' title='bbox 2217 5490 2333 5544; x_wconf 79' lang='lat' dir='ltr'>uitis</span> <span class='ocrx_word' id='word_1_920' title='bbox 2356 5490 2448 5543; x_wconf 82' lang='lat' dir='ltr'>sub</span> <span class='ocrx_word' id='word_1_921' title='bbox 2484 5488 2662 5555; x_wconf 73' lang='lat' dir='ltr'>antris,</span> <span class='ocrx_word' id='word_1_922' title='bbox 2693 5486 3078 5559; x_wconf 85' lang='lat' dir='ltr'>demulceoque</span> <span class='ocrx_word' id='word_1_923' title='bbox 3118 5488 3218 5542; x_wconf 88' lang='lat' dir='ltr'>ista</span> <span class='ocrx_word' id='word_1_924' title='bbox 3254 5486 3633 5559; x_wconf 78' lang='lat' dir='ltr'>numerositate</span> <span class='ocrx_word' id='word_1_925' title='bbox 3674 5500 3802 5553; x_wconf 80' lang='lat' dir='ltr'>sen-</span> 
     </span>
    </p>
   </div>
   <div class='ocr_carea' id='block_1_119' title="bbox 2217 5564 3803 5649">
    <p class='ocr_par' dir='ltr' id='par_1_119' title="bbox 2217 5564 3803 5649">
     <span class='ocr_line' id='line_1_120' title="bbox 2217 5564 3803 5649; baseline 0.003 -15"><span class='ocrx_word' id='word_1_926' title='bbox 2217 5596 2332 5635; x_wconf 87' lang='lat' dir='ltr'>sum</span> <span class='ocrx_word' id='word_1_927' title='bbox 2378 5588 2564 5645; x_wconf 88' lang='lat' dir='ltr'>tuum;</span> <span class='ocrx_word' id='word_1_928' title='bbox 2596 5578 2721 5649; x_wconf 86' lang='lat' dir='ltr'>quid</span> <span class='ocrx_word' id='word_1_929' title='bbox 2766 5580 2926 5634; x_wconf 90' lang='lat' dir='ltr'>distat</span> <span class='ocrx_word' id='word_1_930' title='bbox 2966 5564 3102 5634; x_wconf 85' lang='lat' dir='ltr'>inter</span> <span class='ocrx_word' id='word_1_931' title='bbox 3128 5577 3261 5645; x_wconf 89' lang='lat' dir='ltr'>hoc,</span> <span class='ocrx_word' id='word_1_932' title='bbox 3291 5588 3343 5633; x_wconf 89' lang='lat' dir='ltr'>et</span> <span class='ocrx_word' id='word_1_933' title='bbox 3377 5578 3423 5637; x_wconf 84' lang='lat' dir='ltr'>si</span> <span class='ocrx_word' id='word_1_934' title='bbox 3452 5576 3710 5641; x_wconf 74' lang='lat' dir='ltr'>adderent</span> <span class='ocrx_word' id='word_1_935' title='bbox 3736 5575 3803 5637; x_wconf 78' lang='lat' dir='ltr'>ad</span> 
     </span>
    </p>
   </div>
   <div class='ocr_carea' id='block_1_120' title="bbox 2219 5667 3805 5747">
    <p class='ocr_par' dir='ltr' id='par_1_120' title="bbox 2219 5667 3805 5747">
     <span class='ocr_line' id='line_1_121' title="bbox 2219 5667 3805 5747; baseline -0.002 -21"><span class='ocrx_word' id='word_1_936' title='bbox 2219 5670 2377 5733; x_wconf 76' lang='lat' dir='ltr'>finem</span> <span class='ocrx_word' id='word_1_937' title='bbox 2406 5671 2563 5740; x_wconf 88' lang='lat' dir='ltr'>hujus</span> <span class='ocrx_word' id='word_1_938' title='bbox 2590 5671 2805 5743; x_wconf 83' lang='lat' dir='ltr'>brevem</span> <span class='ocrx_word' id='word_1_939' title='bbox 2832 5672 3063 5744; x_wconf 72' lang='lat' dir='ltr'>aliquam</span> <span class='ocrx_word' id='word_1_940' title='bbox 3096 5670 3353 5743; x_wconf 77' lang='lat' dir='ltr'>syllabam</span> <span class='ocrx_word' id='word_1_941' title='bbox 3376 5712 3398 5747; x_wconf 86' lang='lat'>,_</span> <span class='ocrx_word' id='word_1_942' title='bbox 3422 5678 3477 5735; x_wconf 71' lang='lat' dir='ltr'>et</span> <span class='ocrx_word' id='word_1_943' title='bbox 3503 5670 3628 5739; x_wconf 81' lang='lat' dir='ltr'>item</span> <span class='ocrx_word' id='word_1_944' title='bbox 3662 5667 3805 5739; x_wconf 67' lang='lat' dir='ltr'>istud</span> 
     </span>
    </p>
   </div>
   <div class='ocr_carea' id='block_1_121' title="bbox 2218 5760 3802 5835">
    <p class='ocr_par' dir='ltr' id='par_1_121' title="bbox 2218 5760 3802 5835">
     <span class='ocr_line' id='line_1_122' title="bbox 2218 5760 3802 5835; baseline 0 -12"><span class='ocrx_word' id='word_1_945' title='bbox 2218 5766 2407 5835; x_wconf 80' lang='lat' dir='ltr'>eodem</span> <span class='ocrx_word' id='word_1_946' title='bbox 2435 5764 2593 5829; x_wconf 76' lang='lat' dir='ltr'>modo</span> <span class='ocrx_word' id='word_1_947' title='bbox 2622 5773 2940 5834; x_wconf 74' lang='lat' dir='ltr'>repeterem,</span> <span class='ocrx_word' id='word_1_948' title='bbox 2966 5763 3097 5835; x_wconf 48' lang='lat' dir='ltr'>Qui;</span> <span class='ocrx_word' id='word_1_949' title='bbox 3116 5763 3301 5829; x_wconf 61' lang='lat' dir='ltr'>equitis</span> <span class='ocrx_word' id='word_1_950' title='bbox 3335 5764 3425 5830; x_wconf 65' lang='lat' dir='ltr'>sub</span> <span class='ocrx_word' id='word_1_951' title='bbox 3450 5762 3701 5827; x_wconf 58' lang='lat' dir='ltr'>delrius?</span> <span class='ocrx_word' id='word_1_952' title='bbox 3731 5760 3802 5823; x_wconf 53' lang='grc' dir='ltr'><em>ᾗ</em></span> 
     </span>
    </p>
   </div>
   <div class='ocr_carea' id='block_1_122' title="bbox 2293 5876 3835 5942">
    <p class='ocr_par' dir='ltr' id='par_1_122' title="bbox 2293 5876 3835 5942">
     <span class='ocr_line' id='line_1_123' title="bbox 2293 5876 3835 5942; baseline -0.002 -13"><span class='ocrx_word' id='word_1_953' title='bbox 2293 5883 2309 5914; x_wconf 73' lang='grc' dir='ltr'><strong><em>ι</em></strong></span> <span class='ocrx_word' id='word_1_954' title='bbox 2327 5879 2651 5941; x_wconf 73' lang='lat' dir='ltr'>Conveninuu&#39;,</span> <span class='ocrx_word' id='word_1_955' title='bbox 2667 5880 2803 5942; x_wconf 79' lang='lat' dir='ltr'>juxta</span> <span class='ocrx_word' id='word_1_956' title='bbox 2827 5885 2900 5928; x_wconf 81' lang='lat' dir='ltr'>Er.</span> <span class='ocrx_word' id='word_1_957' title='bbox 2927 5884 2978 5929; x_wconf 88' lang='lat' dir='ltr'>et</span> <span class='ocrx_word' id='word_1_958' title='bbox 2998 5885 3102 5928; x_wconf 77' lang='lat' dir='ltr'>Mss.</span> <span class='ocrx_word' id='word_1_959' title='bbox 3130 5885 3163 5926; x_wconf 79' lang='grc' dir='ltr'><strong>Α</strong></span> <span class='ocrx_word' id='word_1_960' title='bbox 3188 5884 3238 5927; x_wconf 89' lang='lat' dir='ltr'>et</span> <span class='ocrx_word' id='word_1_961' title='bbox 3261 5883 3307 5927; x_wconf 80' lang='grc' dir='ltr'><strong>Β.</strong></span> <span class='ocrx_word' id='word_1_962' title='bbox 3364 5884 3422 5927; x_wconf 74' lang='grc' dir='ltr'><strong>Μ.</strong></span> <span class='ocrx_word' id='word_1_963' title='bbox 3831 5876 3835 5888; x_wconf 73' lang='grc'><strong>¹</strong></span> 
     </span>
    </p>
   </div>
  </div>
