4096 6368
280 472 427 543 ιίὲἕ
912 543 925 549 -

282 588 584 654 [Tu-umque
614 576 749 643 mihi
770 568 1002 644 jucunde
1030 564 1263 621 illabitur
1292 558 1503 614 auribus
1528 575 1540 610 :
1570 555 1669 654 hoc
1696 564 1872 617 tamen

281 650 577 752 posterius,
610 669 695 731 cui
721 666 973 738 syllabam
1002 656 1245 713 addidisti
1275 655 1512 714 brevem,
1546 650 1664 720 plus
1692 656 1874 703 tenere

290 744 451 841 spatii
474 782 534 821 ac
563 758 836 830 temporis,
863 752 1119 825 siquidem
1151 746 1355 816 longius
1380 744 1566 798 factum
1593 750 1693 805 est,
1715 752 1876 841 cogor

287 830 463 927 fateri.
488 855 563 910 Μ.
583 852 718 925 Quid
739 864 857 915 cum
877 845 1004 900 illud
1032 841 1293 911 superius,
1318 836 1443 902 Qua:
1463 833 1639 886 canitis
1665 830 1754 927 sub
1778 846 1871 881 an-

293 925 405 1018 tris,
436 957 507 1011 ita
534 955 737 1018 repeto,
767 951 823 1005 ut
851 948 969 1011 post
1015 937 1170 989 tinem
1204 931 1331 985 nihil
1363 927 1588 983 sileam?
1620 925 1875 1018 eademne

293 1048 369 1111 ad
393 1015 443 1101 te
467 1015 767 1114 iucunditas
798 1029 1076 1105 pervenit?
1108 1026 1175 1080 D.
1206 1023 1319 1079 lino
1354 1020 1533 1085 nescio
1560 1017 1683 1089 quid
1727 1015 1873 1073 clau-

293 1116 426 1209 dum
454 1153 545 1201 me
569 1132 807 1201 oii‘endit,
837 1129 938 1193 nisi
965 1127 1099 1183 forte
1129 1125 1270 1183 illam
1298 1119 1535 1179 ultimam
1560 1115 1683 1209 plus
1719 1125 1876 1183 quam

293 1243 523 1297 exteras.
543 1230 724 1298 longas
747 1220 1075 1294 produxeris.
1106 1216 1184 1273 Μ.
1211 1216 1351 1283 Ergo
1381 1211 1493 1265 sive
1520 1208 1749 1279 idipsum
1767 1219 1878 1298 am-

294 1330 439 1402 plius
458 1322 597 1396 quod
626 1297 952 1391 producitur,
982 1314 1094 1369 sive
1119 1308 1261 1380 quod
1296 1307 1511 1367 siletur,
1542 1313 1798 1359 censesne
1825 1297 1877 1402 in

290 1391 543 1490 tempore
568 1414 763 1471 habere
796 1408 991 1479 aliquid
1034 1401 1229 1476 Spatii?
1260 1399 1329 1457 D.
1359 1397 1458 1471 Qui
1488 1396 1653 1490 aliter
1667 1391 1879 1490 potest?

308 1484 345 1491 Γ
380 1484 603 1573 CAPUT
624 1504 739 1563 Vill
759 1532 827 1542 ——
850 1498 1061 1559 Silentia
1086 1496 1140 1551 in
1165 1493 1333 1549 metris
1354 1498 1541 1561 quanta
1566 1485 1788 1542 adhiberi

652 1604 861 1669 oportet.
905 1592 1126 1651 Metrum
1161 1589 1294 1658 quod
1330 1587 1545 1645 dicatur.

372 1698 459 1759 17.
502 1693 579 1750 Β.
612 1693 781 1751 Recto
798 1704 1004 1749 censes,
1046 1684 1151 1740 Sed
1178 1684 1262 1747 dic
1291 1680 1423 1743 mihi,
1447 1679 1603 1739 etiam
1628 1681 1882 1745 quantum

298 1789 530 1859 spatium
553 1793 707 1856 putas
724 1781 875 1839 esse?
905 1778 974 1841 Β.
996 1776 1165 1832 Metiri
1188 1775 1289 1831 hoc
1308 1771 1525 1837 omnino
1543 1767 1757 1831 difficile
1779 1772 1879 1859 est.

299 1855 383 1943 ά,
405 1855 605 1937 Verum
624 1876 757 1932 dicis
780 1892 797 1929 :
823 1872 917 1929 sed
940 1884 1115 1931 nonne
1134 1867 1223 1923 tibi
1248 1864 1453 1921 videtur
1472 1861 1655 1923 brevis
1670 1859 1757 1913 illa
1778 1855 1881 1926 syl-

300 1973 424 2039 kiba
458 1970 509 2026 id
548 1968 761 2029 metiri,
786 1980 944 2036 quam
984 1977 1105 2019 cum
1148 1957 1475 2018 addidimus,
1508 1966 1683 2021 neque
1712 1950 1883 2017 longa:

302 2067 508 2125 ultimae
531 2064 669 2121 ultra
704 2059 916 2117 solitum
946 2054 1342 2127 productionem
1362 2092 1378 2117 ,
1408 2062 1580 2118 neque
1606 2044 1769 2101 ullum
1808 2042 1882 2099 si.-

302 2158 528 2216 lentium
550 2158 603 2211 in
617 2156 733 2226 ejus
750 2152 903 2210 metri
920 2150 1235 2221 repetitione
1246 2159 1431 2202 sensus
1451 2137 1800 2198 desideravit?
1816 2134 1880 2191 υ.

302 2253 545 2309 Omnino.
564 2248 826 2320 assentior
854 2264 866 2298 :
896 2260 1017 2301 nam
1047 2250 1102 2299 et
1137 2250 1191 2297 te
1217 2237 1347 2296 illud
1371 2234 1610 2304 superius
1648 2245 1883 2301 pronun-

302 2345 474 2402 tiante
497 2350 651 2412 atque
669 2346 964 2411 repetente,
986 2335 1089 2391 hoc
1113 2331 1371 2404 posterius
1390 2323 1647 2397 egoapud
1668 2338 1751 2377 me
1772 2321 1885 2389 ipse

303 2436 617 2505 repetebam
634 2432 832 2503 pariter
853 2438 1024 2484 tecum
1048 2445 1062 2480 :
1088 2427 1159 2480 ita
1178 2422 1319 2480 sensi
1340 2420 1479 2475 idem
1499 2416 1727 2486 spatium
1751 2421 1885 2467 tem-

307 2529 454 2601 poris
476 2526 735 2581 ambobus
758 2535 1056 2587 occurrere,
1078 2533 1200 2573 cum
1224 2512 1431 2570 silentio
1457 2518 1546 2565 tuo
1571 2507 1749 2601 brevis
1770 2518 1886 2601 mea

307 2596 499 2675 ultima
521 2618 850 2673 conveniret.
892 2613 967 2667 Μ.
1000 2612 1205 2667 Teneas
1229 2608 1384 2678 igitur
1412 2609 1619 2672 oportet
1659 2600 1773 2653 haec
1808 2596 1883 2651 si-

309 2710 592 2767 lentiorum
640 2706 805 2776 spatia
853 2710 999 2759 certa
1043 2702 1095 2756 in
1143 2698 1330 2754 metris
1371 2709 1507 2751 esse.
1550 2692 1723 2757 Quare
1766 2701 1887 2742 cum

309 2803 583 2859 inveneris
623 2799 817 2870 aliquid
857 2798 1043 2852 deesse
1086 2792 1204 2864 pedi
1246 2790 1513 2862 legitimo,
1552 2783 1888 2847 considerare

311 2906 371 2952 te
395 2893 678 2963 Oportebit,
710 2901 884 2946 utrum
916 2889 1159 2951 dimenso
1186 2885 1207 2919 ί
1236 2892 1394 2952 atque
1430 2882 1775 2933 annumerato
1814 2871 1887 2925 si-

309 2990 473 3061 lentio
501 2994 891 3061 compensatur.
921 2982 987 3037 D.
1020 2982 1199 3036 Teneo
1223 2978 1331 3049 jam
1371 2973 1540 3039 istud,
1573 2980 1893 3040 persequere

310 3093 500 3140 cartera
510 3123 521 3135 .

383 3174 471 3229 18.
514 3171 589 3225 Μ.
631 3170 799 3226 Video
826 3168 934 3237 jam
974 3178 1071 3219 nos
1114 3175 1357 3233 quaerere
1391 3154 1586 3213 debere
1624 3149 1788 3219 ipsius
1820 3147 1891 3200 si-

311 3264 460 3321 lentii
504 3262 715 3317 modum
750 3277 763 3313 :
792 3272 1019 3327 namque
1054 3254 1105 3309 in
1137 3252 1237 3307 hoc
1271 3258 1473 3313 metro,
1496 3244 1589 3298 ubi
1614 3249 1733 3312 post
1761 3239 1891 3295 cho-

312 3355 574 3414 riambum
606 3352 883 3408 bacchium
910 3344 1267 3417 comperimus
1292 3385 1304 3405 ,
1328 3341 1447 3412 quia
1488 3351 1651 3391 unum
1688 3344 1893 3401 tempus

312 3448 467 3505 deest
501 3456 556 3502 ut
594 3462 686 3501 sex
728 3456 1025 3514 temporum
1066 3447 1205 3493 esset
1243 3436 1377 3490 sicut
1419 3428 1780 3487 choriatnhus,
1816 3424 1891 3514 las

313 3539 509 3597 (rulime
560 3537 613 3593 id
660 3551 814 3592 aures
841 3513 1170 3595 senserunt,
1211 3536 1265 3582 et
1314 3526 1366 3579 in
1412 3519 1723 3591 repetitione
1762 3513 1892 3568 tanti

314 3631 473 3703 spatii
504 3631 772 3687 silentium
798 3628 1139 3696 interponere
1161 3626 1478 3691 coegerunt,
1506 3621 1756 3684 quantum
1784 3607 1895 3703 Sph-

314 3698 439 3781 laba
475 3729 759 3792 occuparet
810 3719 993 3775 brevis
1027 3734 1043 3772 :
1073 3724 1126 3770 at
1171 3714 1218 3768 si
1257 3719 1377 3782 post
1413 3705 1774 3763 choriambum
1818 3698 1897 3752 lo-

313 3826 463 3873 cetur
500 3816 771 3887 spondeus
794 3856 808 3881 ,
838 3813 944 3867 duo
992 3810 1144 3866 nobis
1195 3817 1431 3874 tempora
1479 3816 1599 3856 cum
1626 3799 1646 3829 ⁸
1688 3794 1897 3850 silentio

313 3910 615 3981 peragenda
651 3915 775 3962 sunt
804 3906 870 3960 ad
895 3912 1052 3973 caput
1083 3891 1637 3959 redeuntibus,veluti
1669 3891 1769 3943 hoe
1793 3896 1892 3951 est,

304 3988 447 4070 ’ρυω
496 4000 674 4054 canitis
723 3999 928 4067 fontem.
976 3995 1109 4049 Nam
1156 4001 1210 4046 te
1249 3991 1446 4045 sentire
1490 3988 1597 4057 jam
1646 3985 1805 4041 credo
1828 3984 1898 4037 si-

315 4096 534 4153 lendum
560 4107 697 4155 esse,
733 4099 789 4145 ut
817 4104 934 4144 cum
966 4086 1200 4142 redimus
1226 4084 1292 4138 ad
1321 4090 1478 4152 caput
1499 4123 1511 4145 ,
1540 4079 1754 4149 plausus
1792 4092 1895 4129 non

314 4187 596 4243 claudicet.
637 4182 742 4239 Sed
770 4190 825 4235 ut
852 4178 1076 4248 experiri
1105 4190 1266 4246 queas
1295 4182 1491 4243 quanta
1521 4169 1713 4225 silrntii
1745 4169 1900 4235 hujus

317 4292 565 4332 mensura
585 4274 670 4340 sit,
695 4271 829 4327 adde
857 4285 1012 4323 unam
1039 4267 1292 4339 syllabam
1314 4266 1543 4332 longam,
1560 4270 1612 4315 ut
1645 4260 1751 4325 ﬁat,
1775 4260 1901 4324 Qua:

318 4368 502 4423 canitis
533 4368 719 4438 fontem
743 4379 830 4417 vos
854 4377 873 4427 ;
901 4370 1058 4431 atque
1088 4360 1188 4414 hoc
1222 4372 1339 4412 eum
1364 4356 1548 4425 plausu
1578 4360 1758 4422 repete
1784 4369 1796 4403 :
1822 4352 1901 4404 vi-

323 4460 471 4520 tabis
496 4466 699 4512 tantum
725 4467 986 4524 occupare
1007 4450 1260 4520 temporis
1279 4450 1545 4518 plausum,
1572 4452 1823 4516 quantum
1850 4442 1900 4494 in

337 4565 376 4607 ηε
388 4551 597 4622 periere
616 4548 924 4617 occupabat,
940 4560 1062 4600 cum
1085 4543 1153 4598 ibi
1177 4542 1293 4597 duce
1314 4542 1483 4611 longm
1504 4548 1622 4609 post
1637 4536 1901 4593 choriam-

322 4646 331 4657 ’
368 4658 480 4709 tm,
514 4642 600 4695 hic
640 4648 749 4696 tres
783 4640 887 4693 sint
929 4637 1133 4692 locatae.
1179 4634 1325 4690 Unde
1368 4640 1588 4702 apparet
1626 4631 1786 4685 duum
1833 4624 1912 4681 ibi

325 4741 621 4803 temporum
641 4730 901 4800 interponi
929 4729 1214 4784 silentium.
1244 4728 1311 4780 At
1339 4728 1378 4781 si
1402 4734 1517 4795 post
1541 4726 1902 4779 choriamhum

326 4825 533 4880 iambus
562 4825 795 4889 locetur,
828 4822 962 4877 sicut
986 4820 1087 4874 hoc
1112 4827 1223 4885 est,
1257 4818 1383 4884 Qum
1408 4818 1584 4871 canitis
1610 4819 1773 4882 iocos,
1806 4817 1902 4871 tria

328 4925 566 4987 tempora
593 4916 752 4970 silere
772 4913 1038 4982 cogimur:
1063 4910 1283 4980 quodut
1301 4911 1626 4980 exploretur,
1646 4909 1907 4967 adduntur

329 5010 435 5065 sive
462 5023 556 5077 per
584 5006 808 5067 alterum
838 5003 1088 5069 iambum,
1116 5002 1225 5057 sive
1255 5016 1348 5069 per
1375 4999 1615 5057 chorium
1634 5042 1647 5064 ,
1675 5001 1787 5059 sive
1814 5015 1907 5068 per

331 5098 654 5157 tribrachum
694 5107 749 5151 ut
775 5095 848 5149 sit
891 5096 957 5148 ita
984 5112 995 5148 :
1027 5093 1151 5158 Qua:
1193 5093 1371 5147 canitis
1406 5091 1541 5153 locos
1578 5093 1768 5147 bonos:
1795 5099 1903 5157 aut,

332 5191 457 5255 Quae
487 5190 663 5244 canitis
686 5188 820 5241 locos
839 5194 999 5240 monte
1026 5193 1172 5251 :aut,
1195 5183 1319 5249 Qua:
1341 5184 1517 5237 canitis
1537 5184 1670 5239 locos
1687 5198 1904 5239 nemore.

330 5281 423 5339 llis
446 5283 586 5349 enim
610 5280 820 5347 additis,
839 5294 960 5335 cum
986 5278 1099 5337 sine
1125 5277 1335 5337 silentio
1351 5275 1585 5345 jucunda
1600 5284 1654 5335 et
1674 5273 1907 5344 mquabi—

330 5375 395 5429 lis
443 5373 689 5444 repetitio
719 5379 924 5439 movet,
948 5380 1001 5437 et
1040 5370 1224 5440 plausu
1252 5368 1485 5423 adhibito
1517 5375 1716 5431 tantum
1757 5365 1913 5441 spatii

334 5463 450 5520 haec.
479 5465 577 5525 tria
601 5463 803 5535 singula
832 5471 1011 5527 tenere
1041 5460 1397 5526 inveniuntur,
1426 5467 1678 5537 quantum
1704 5459 1829 5531 ilhid
1860 5460 1919 5515 in

334 5574 447 5630 quo
462 5557 770 5625 silebamus,
788 5555 1119 5614 manifestum
1142 5554 1198 5619 iit
1218 5554 1379 5617 trium
1393 5561 1690 5624 temporum
1708 5551 1778 5621 ibi
1796 5566 1915 5617 esse

400 5719 419 5753 ⁸
439 5720 580 5783 juxta
600 5720 769 5781 vatic.,
790 5717 841 5770 in
861 5730 1022 5770 menso
1055 5723 1193 5782 atque
1227 5722 1535 5768 anmuncrato
1568 5715 1753 5769 silentio
1789 5730 1917 5785 com-

340 5788 678 5961 :if-"evgio'riz
960 5844 1101 5911 iuxta
1134 5842 1302 5911 Vatis.
1335 5842 1511 5907 omissa
1546 5844 1917 5907 praepositione.

1640 438 1843 509 LIBER
1879 432 2193 503 TERTIUS.

1985 547 2279 611 silentium.
2307 544 2489 605 Potest
2511 549 2633 614 post
2657 539 3017 611 choriambum
3045 556 3148 596 una
3181 540 3380 614 syllaba
3406 543 3561 617 longa

1982 639 2250 702 constitui,
2268 645 2323 691 ut
2343 645 2568 707 quatuor
2588 645 2827 713 tempora
2853 634 3124 691 sileantur.
3155 632 3285 701 Nam
3306 634 3462 688 etiam
3486 636 3563 691 sic

1982 730 2317 785 choriambus
2348 728 2506 783 dividi
2537 736 2740 803 potest,
2765 735 2827 793 ut
2864 724 3056 796 simplo
3093 732 3148 783 et
3186 724 3346 795 duplo
3372 724 3566 780 levatio

1983 821 2081 875 sibi
2105 820 2402 891 positioque
2419 820 2756 874 conveniant.
2785 818 2947 887 Hujus
2966 818 3119 871 metri
3141 815 3438 886 exemplum
3465 824 3565 884 est,

1985 898 2312 977 Quaacanitis
2337 928 2432 965 res.
2462 911 2555 965 Cui
2580 910 2623 963 si
2651 909 2812 964 addas
2842 909 2921 963 vel
2949 908 3087 969 duas
3104 908 3310 978 longas,
3335 906 3419 961 vel
3446 907 3567 967 lou-

1982 986 2100 1080 gam
2127 1011 2181 1057 et
2208 1002 2340 1055 duas
2366 1001 2571 1066 breves,
2606 998 2690 1054 vel
2714 999 2928 1054 brevem
2953 1007 3006 1053 et
3026 998 3239 1068 longam,
3256 1006 3309 1053 et
3328 997 3567 1065 brevem,

1982 1093 2066 1148 vel
2095 1092 2227 1147 duas
2248 1093 2436 1147 breves
2456 1101 2505 1147 et
2535 1092 2766 1162 longam,
2788 1090 2875 1157 vel
2896 1100 3122 1161 quatuor
3142 1090 3351 1155 breves,
3375 1089 3568 1159 imple-

1983 1185 2064 1241 bis
2090 1201 2179 1240 sex
2209 1194 2505 1255 temporum
2535 1184 2744 1254 pedem,
2777 1194 2834 1238 ut
2859 1183 3007 1238 nullo
3032 1182 3333 1243 desiderato
3357 1181 3569 1236 silentio

1984 1290 2267 1357 repetatur.
2314 1280 2457 1343 Talia
2484 1290 2639 1347 sunt,
2673 1280 2800 1359 Qua:
2828 1280 3003 1341 canitis
3041 1297 3119 1335 res
3150 1279 3413 1355 pulchras,
3442 1278 3569 1353 Quae

1984 1375 2161 1435 canitis
2189 1391 2267 1439 res
2296 1374 2344 1427 in
2373 1374 2500 1427 bona
2520 1414 2533 1439 ,
2569 1374 2692 1449 Quae
2718 1374 2895 1428 canitis
2919 1390 2996 1430 res
3019 1374 3260 1428 bonumve
3279 1415 3293 1442 ,
3327 1372 3453 1443 Quae
3478 1389 3567 1426 ca-

1984 1468 2103 1537 nitis
2138 1484 2223 1523 res
2260 1476 2455 1522 teneras
2480 1508 2495 1532 ,
2528 1467 2653 1541 Qua:
2685 1468 2863 1521 canitis
2904 1482 2984 1533 res
3012 1468 3160 1535 modo
3190 1467 3327 1529 bene.
3369 1465 3571 1541 Quibus

1986 1557 2211 1627 cognitis
2231 1565 2388 1629 atque
2409 1558 2699 1625 concessis,
2720 1557 2882 1621 credo
2906 1557 2996 1623 tibi
3019 1557 3125 1633 iam
3148 1557 3273 1621 satis
3293 1571 3567 1633 apparere,

1985 1664 2085 1719 nec
2112 1650 2285 1715 minus
2312 1665 2418 1713 uno
2443 1658 2685 1721 tempore
2714 1650 2857 1715 sileri
2883 1665 3059 1720 posse,
3088 1664 3187 1719 nec
3205 1650 3323 1721 plus
3346 1660 3571 1721 quatuor

1988 1742 2318 1811 temporibus
2335 1728 2480 1796 sileri
2502 1749 2766 1821 oportere.
2793 1740 2923 1807 Nam
2945 1750 3001 1807 et
3019 1741 3133 1822 ipsa
3150 1750 3232 1809 est
3253 1742 3359 1808 illa,
3383 1742 3450 1807 de
3470 1756 3573 1813 qua

1982 1832 2090 1917 jam
2136 1833 2298 1899 multa
2345 1833 2482 1895 dicta
2538 1841 2687 1903 sunt,
2717 1833 2990 1899 moderata
3029 1834 3375 1905 progressio;
3421 1843 3475 1891 et
3512 1834 3569 1893 in

1987 1928 2233 1997 omnibus
2251 1926 2469 1996 pedibus
2486 1928 2628 1985 nulla
2648 1928 2838 1984 levatio
2859 1935 2950 1991 aut
2966 1928 3155 2007 positio
3175 1925 3402 2001 amplius
3417 1941 3573 1999 quam

1987 2028 2213 2093 quatuor
2240 2028 2461 2095 occupat
2483 2028 2740 2089 tempora.
3484 2082 3490 2089 ,

2061 2113 2144 2173 19.
2191 2112 2366 2183 Itaque
2404 2128 2525 2168 cum
2570 2112 2765 2181 aliquid
2807 2112 3013 2169 canitur
3052 2112 3165 2167 sive
3202 2109 3577 2185 pronuntiatur

1988 2205 2127 2281 quod
2156 2205 2346 2265 habeat
2370 2214 2571 2263 certum
2603 2204 2786 2275 ﬁnem,
2806 2212 2859 2258 et
2884 2204 2998 2273 plus
3021 2203 3211 2259 habeat
3235 2218 3392 2272 quam
3416 2217 3576 2269 unum

1988 2296 2199 2377 pedem,
2233 2306 2284 2355 et
2310 2297 2536 2353 naturali
2565 2305 2708 2350 motu
2740 2305 2862 2351 ante
2886 2294 3369 2355 considerationem
3389 2308 3577 2351 nume-

1988 2402 2173 2459 rOrum
2192 2402 2404 2451 sensum
2431 2386 2655 2457 quadam
2680 2386 3031 2456 aequabilitate
3055 2384 3355 2445 demulceat
3383 2384 3399 2415 ¹
3424 2425 3439 2449 ,
3463 2383 3572 2455 iam

1989 2489 2215 2533 metrum
2239 2488 2339 2533 est.
2372 2478 2681 2548 Quanquam
2702 2477 2844 2533 enim
2865 2476 3249 2541 minushabcttt
3270 2490 3431 2549 quam.
3446 2474 3578 2537 (11103

1991 2570 2174 2643 pedes,
2206 2580 2385 2626 tamen
2408 2570 2530 2640 quia
2555 2568 2764 2633 excedit
2789 2584 2951 2629 unum
2991 2575 3046 2627 et
3082 2568 3242 2625 silere
3265 2568 3403 2638 cogit
3422 2608 3438 2634 ,
3470 2580 3576 2629 non

1992 2662 2106 2729 sine
2135 2676 2385 2721 mensura
2408 2702 2420 2724 ,
2449 2660 2547 2717 sed
2574 2662 2594 2691 ³
2626 2668 2883 2733 quantum
2924 2658 3203 2729 implendis
3251 2657 3577 2730 temporibus

1992 2755 2120 2825 satis
2141 2764 2221 2817 est
2248 2770 2365 2823 qua:
2386 2753 2539 2815 alteri
2562 2750 2819 2815 debentur
2838 2749 2995 2823 pedi;
3023 2748 3343 2827 produobus
3356 2748 3577 2823 pedibus

1994 2846 2202 2899 auditus
2226 2844 2413 2913 accipit
2430 2844 2471 2910 ⁸,
2492 2843 2631 2914 quod
2652 2843 2874 2898 duorum
2889 2841 3084 2915 pedum
3103 2847 3323 2910 occupat
3344 2848 3577 2910 tempora

1993 2938 2161 2991 donec
2183 2938 2246 2990 ad
2273 2944 2428 3006 caput
2449 2936 2711 3004 redeatur,
2728 2936 2851 2991 dum
2874 2943 3256 2990 annumeratur
3269 2948 3400 2988 sono
3419 2935 3579 2990 etiam

1996 3037 2197 3082 certum
2225 3037 2381 3105 atque
2411 3027 2705 3097 dimensum
2733 3027 2991 3081 intervalli
3022 3024 3309 3082 silentium.
3349 3022 3454 3083 Sed
3469 3023 3579 3096 jam

1996 3118 2125 3179 mihi
2152 3118 2298 3187 dicas
2328 3118 2489 3179 velim
2509 3160 2523 3187 ,
2551 3128 2729 3187 utrum
2758 3116 2840 3171 his
2872 3133 2990 3187 qua:
3028 3118 3168 3174 dicta
3199 3127 3322 3173 sunt
3357 3120 3580 3189 cognitis

1997 3210 2329 3273 assentiariS.
2362 3209 2430 3261 D.
2462 3209 2694 3279 Cognovi
2719 3217 2772 3262 et
2803 3210 3086 3263 assentior.
3133 3208 3210 3263 Μ.
3241 3208 3435 3264 Mihine
3461 3214 3580 3265 ere;

1996 3301 2149 3366 dens,
2180 3315 2243 3353 an
2272 3316 2366 3369 per
2392 3310 2441 3355 te
2467 3301 2579 3369 ipse
2605 3314 2728 3354 vera
2754 3313 2873 3354 esse
2897 3300 3261 3369 perSpiciens?
3282 3300 3349 3352 ι).
3372 3300 3473 3356 Per
3492 3317 3580 3357 me

1997 3392 2109 3462 ipse
2131 3407 2277 3456 sane,
2298 3390 2537 3459 quamvis
2560 3390 2767 3445 dicente
2798 3398 2850 3444 te
2877 3405 2998 3444 vera
3020 3388 3133 3444 haec
3154 3405 3271 3445 esse
3290 3405 3573 3461 cognosco.

1998 3484 2221 3551 CAPUT
2252 3483 2322 3547 ΚΧ
2341 3512 2411 3522 -
2438 3482 2573 3551 Quot
2597 3482 2667 3537 ad
2690 3498 2942 3545 sationum
2970 3480 3271 3553 temporin
3288 3498 3348 3549 ac
3375 3483 3583 3554 pedibus
3638 3487 3642 3490 ’

2463 3585 2677 3629 metrum
2705 3584 2933 3630 constare
2957 3576 3131 3647 possit.

2076 3666 2166 3723 20.
2210 3664 2286 3720 Μ.
2329 3667 2440 3737 Age
2480 3681 2606 3737 ergo
2646 3681 2788 3722 nunc
2824 3668 3075 3737 quoniam
3115 3667 3411 3722 invenimus
3443 3666 3582 3724 unde

2000 3768 2227 3815 metrum
2253 3774 2373 3813 esse
2391 3758 2625 3828 incipiat,
2650 3758 2980 3812 inveniamus
2998 3758 3156 3813 etiam
3172 3773 3441 3829 quousque
3460 3774 3583 3829 pros

2000 3852 2170 3909 cedat.
2198 3852 2331 3906 Nam
2349 3859 2579 3907 metrum
2596 3851 2781 3920 incipit
2800 3866 2829 3905 a
2851 3851 3058 3905 duobus
3079 3850 3319 3921 pedibus,
3339 3852 3451 3907 sive
3468 3853 3583 3922 ipso

2002 3960 2132 4001 sono
2158 3944 2350 4013 plenis,
2379 3944 2492 3999 sive
2528 3944 2594 3999 ad
2622 3942 2944 4014 implendum
2972 3943 3114 4014 quod
3149 3943 3299 3999 deest
3327 3960 3583 4000 annume-

2002 4045 2118 4093 rato
2139 4037 2369 4091 silentio.
2398 4036 2573 4102 Quare
2595 4044 2805 4105 oportet
2834 4046 2887 4091 te
2909 4035 3017 4105 jam
3049 4037 3315 4105 respicere
3342 4037 3406 4091 ad
3439 4038 3577 4092 illam

2003 4129 2391 4198 quaternariam
2423 4128 2869 4197 progressionem,
2898 4127 3131 4197 mihique
3160 4128 3460 4183 renuntiare
3490 4143 3584 4182 us-

2004 4235 2104 4289 que
2129 4221 2194 4275 ad
2221 4230 2347 4291 quot
2368 4222 2530 4290 pedes
2558 4230 2784 4275 metrum
2814 4220 3031 4275 tendere
3052 4219 3357 4277 debeamus.
3388 4219 3453 4273 Ι).
3484 4218 3586 4274 Fa-

2005 4311 2107 4365 cile
2135 4313 2270 4367 istud
2296 4312 2508 4382 quidem
2534 4319 2635 4366 est.
2663 4312 2797 4368 Nam
2822 4322 2941 4367 octo
2973 4313 3133 4382 pedes
3158 4328 3275 4368 esse
3304 4314 3437 4368 ratio
3456 4314 3584 4370 satis

2007 4404 2179 4458 docet.
2215 4404 2291 4458 Μ.
2320 4405 2491 4471 Quid?
2520 4404 2645 4459 illud
2674 4406 3075 4475 recordarisne,
3102 4406 3301 4462 dixisse
3328 4423 3424 4463 nos
3461 4424 3583 4465 eum

2008 4509 2219 4549 versum
2240 4510 2269 4549 a
2290 4494 2460 4549 doctis
2480 4494 2820 4564 appellatum,
2840 4495 2929 4564 qui
2948 4495 3154 4549 duobus
3172 4498 3424 4553 membris
3444 4506 3585 4554 certa

2008 4587 2209 4641 ratione
2235 4585 2488 4640 dimensis
2508 4586 2867 4656 oopulatisque
2892 4588 3191 4642 constaret?
3219 4588 3288 4646 Ds
3312 4590 3454 4645 Bene
3474 4605 3587 4645 me-

2012 4678 2159 4733 mini.
2210 4676 2286 4732 M.
2328 4676 2459 4733 Cum
2490 4693 2617 4747 ergo
2642 4693 2745 4733 non
2786 4678 2853 4733 sit
2880 4678 3077 4734 dictum
3115 4679 3319 4736 duobus
3346 4682 3584 4751 pedibus,

2008 4769 2104 4826 sed
2128 4770 2333 4825 duobus
2364 4770 2618 4825 membris
2644 4778 2889 4826 constare
2918 4787 3147 4837 versum,
3170 4787 3395 4841 cumque
3422 4774 3589 4827 maui-

2010 4861 2201 4916 festum
2219 4862 2287 4917 sit
2302 4878 2511 4917 versum
2535 4877 2638 4916 non
2660 4879 2821 4917 unum
2844 4863 3029 4933 pedem
3050 4864 3262 4929 habere,
3279 4863 3369 4918 sed
3388 4863 3585 4932 plures;

2010 4970 2191 5010 nonne
2230 4956 2340 5025 ipsa
2380 4971 2467 5011 res
2496 4956 2692 5010 indicat
2719 4956 2925 5027 longius
2960 4957 3253 5011 membrum
3285 4970 3402 5011 esse
3429 4972 3587 5027 quam

2011 5048 2199 5116 pedem
2219 5047 2243 5101 ἵ
2262 5046 2330 5101 D.
2355 5047 2431 5104 lta
2462 5063 2607 5103 vero.
2636 5046 2713 5101 Μί.
2740 5048 2808 5101 At
2833 5048 2875 5101 si
2904 5046 3139 5101 membra
3160 5048 3381 5118 aequalia
3411 5049 3516 5103 sint
3539 5050 3589 5104 in

2012 5152 2190 5204 versu,
2222 5154 2395 5193 nonne
2428 5138 2794 5208 prroposterari
2826 5138 3033 5207 poterit,
3059 5145 3115 5191 ut
3142 5140 3309 5207 prima
3333 5153 3457 5209 pars
3477 5140 3591 5195 sine

2012 5228 2319 5283 discrimine
2348 5230 2528 5283 ultima
2547 5271 2560 5293 ,
2592 5237 2649 5283 et
2674 5229 2853 5282 ultima
2886 5229 3050 5298 prima
3080 5228 3209 5283 ﬁat?
3228 5227 3297 5284 D.
3328 5228 3586 5300 intelligo.

2016 5320 2093 5374 Μι.
2112 5322 2247 5391 Ergo
2263 5328 2323 5374 ut
2342 5321 2443 5375 hoc
2463 5336 2565 5375 non
2588 5320 2793 5375 accidat
2815 5320 2856 5387 ’⁸,
2881 5320 3113 5390 satisque
3126 5331 3378 5391 appareat
3393 5322 3595 5380 discer-

2015 5422 2275 5484 naturque
2298 5415 2348 5467 in
2380 5430 2536 5468 versu
2577 5414 2717 5468 aliud
2751 5430 2871 5470 esse
2908 5414 3207 5469 membrum
3243 5430 3346 5486 quo
3388 5417 3590 5488 incipit,

2016 5504 2164 5563 aliud
2186 5518 2295 5576 quo
2328 5503 2564 5571 desinit;
2594 5522 2697 5561 non
2728 5520 3006 5576 possumus
3031 5521 3277 5565 recusare
3315 5508 3593 5582 inaequalia

2081 5659 2768 5754 :
2794 5668 2849 5723 ει
2865 5668 2951 5721 κει
2973 5670 3029 5725 Α·
3095 5671 3152 5725 ιι

2126 5728 2194 5783 Et,
2218 5728 2302 5793 jus
2310 5728 2521 5793 lavatio.
2586 5732 2642 5774 Μ.

2084 5785 2111 5849 ξι
2127 5785 2332 5849 accepit,
2356 5787 2494 5849 juxta
2518 5787 2758 5837 eumdem.
2822 5795 2879 5838 tu.

2087 5847 2107 5878 δ
2130 5847 2320 5915 manu;
2356 5847 2560 5915 nocituri.
2602 5859 2719 5905 Ven.
2758 5859 2863 5909 Lov.
2901 5857 2986 5915 Ms.
3008 5857 3061 5915 Α,
3083 5848 3171 5915 Iret:
3207 5864 3267 5911 ne
3297 5853 3501 5910 W-
3526 5855 3609 5906 ω

2979 5912 2986 5919 ι

2022 5910 2168 5959 eum“
2193 5908 2360 5973 ἶλιὲἔάιν
2384 5910 2570 5961 “Willis
2591 5920 2729 5976 septa
2754 5908 2915 5964 tamen
2938 5908 3075 5974 vace,
3228 5910 3231 5911 '
3256 5908 3319 5964 ’κ
