4096 6368
528 452 664 517 1127

530 573 769 631 membra
797 584 917 628 esse
952 580 1218 643 oportere.
1268 570 1337 627 ι).
1368 570 1524 627 Nullo
1558 570 1736 627 modo.
1779 570 1857 625 Μ.
1898 571 1954 626 Id
1979 586 2107 642 ergo

530 667 678 738 prius
698 667 751 721 in
772 664 1076 737 pyrrhichio
1098 654 1513 729 consideremus,
1538 664 1581 718 si
1602 664 1791 734 placet,
1808 664 1861 718 in
1876 678 1980 734 quo
1994 663 2105 733 jam

531 759 693 816 credo
716 759 883 814 videri
910 759 1002 813 tibi
1041 758 1214 813 minus
1250 756 1419 813 tribus
1458 756 1779 826 temporibus
1808 756 2104 810 membrum

532 865 652 906 esse
672 865 776 905 non
798 864 972 920 posse,
991 851 1235 920 quoniam
1260 849 1311 904 id
1333 850 1558 920 primum
1577 858 1657 904 est
1674 848 1788 917 plus
1808 862 1966 917 quam
1988 862 2103 917 pes.

532 942 603 997 D.
635 944 925 999 Assentior.
958 942 1033 996 Μ.
1066 943 1203 1011 Ergo
1226 942 1475 997 minimus
1500 955 1684 996 versus
1713 950 1839 1010 quot
1869 948 2105 1009 tempora

532 1035 855 1105 possidebit?
876 1034 943 1087 D.
968 1034 1207 1088 Dicerem
1233 1048 1346 1098 sex,
1366 1033 1471 1087 nisi
1490 1048 1576 1087 me
1596 1032 1684 1085 illa
1709 1031 2107 1101 praeposteratio

534 1136 823 1185 revocaret.
849 1126 1061 1197 Septem
1083 1141 1208 1196 ergo
1228 1125 1473 1180 habebit:
1496 1124 1615 1193 quia
1637 1124 1810 1177 minus
1829 1137 1983 1192 quam
2008 1122 2107 1176 tria

532 1218 829 1272 membrum
850 1216 1047 1271 habere
1066 1231 1170 1271 non
1193 1224 1368 1285 potest
1387 1232 1400 1280 ;
1418 1215 1536 1285 plus
1555 1222 1729 1269 autem
1749 1213 1961 1277 habere,
1977 1228 2109 1267 non-

531 1310 657 1366 dum
687 1310 1004 1380 prohibitum
1030 1318 1131 1364 est.
1158 1307 1235 1361 Μ.
1260 1308 1425 1362 Recte
1446 1307 1712 1376 intelligis.
1740 1306 1844 1361 Sed
1871 1305 1957 1361 die
1980 1314 2108 1375 quot

530 1401 695 1471 pedes
728 1401 1060 1472 pyrrhichios
1089 1399 1317 1454 habeant
1344 1407 1546 1467 septem
1577 1408 1832 1467 tempora.
1864 1396 1934 1449 D.
1976 1396 2108 1450 Tres

418 1520 433 1528 -
532 1499 587 1546 et
613 1490 794 1545 semis.
827 1488 904 1542 M.
938 1488 1169 1543 Debetur
1190 1502 1315 1557 ergo
1341 1487 1496 1541 unius
1522 1486 1775 1555 temporis
1814 1485 2103 1552 silentium,

532 1579 656 1633 dum
679 1580 741 1633 ad
761 1578 1072 1647 principium
1089 1577 1310 1643 reditur,
1329 1585 1386 1630 ut
1410 1576 1634 1645 spatium
1658 1574 1804 1643 pedis
1824 1574 1990 1643 possit
2010 1575 2106 1628 im-

532 1669 684 1738 pleri.
717 1668 786 1723 D.
810 1669 1041 1724 Debetur
1066 1683 1211 1723 sane.
1238 1666 1315 1719 M.
1336 1666 1446 1721 Hoc
1467 1674 1811 1720 annumerato
1827 1674 1956 1735 quot
1976 1675 2107 1720 tem-

530 1774 662 1829 pora
694 1761 879 1815 erunt?
908 1759 977 1812 D.
1006 1760 1158 1814 Octo.
1187 1758 1264 1813 Μ.
1295 1757 1359 1812 Ut
1381 1773 1506 1827 ergo
1530 1758 1806 1822 minimus,
1830 1758 1917 1827 qui
1948 1758 2105 1812 etiam

530 1851 734 1918 primus
769 1858 851 1903 est
889 1863 981 1918 pes
1005 1890 1018 1914 ,
1042 1848 1216 1902 minus
1249 1862 1405 1917 quam
1438 1847 1580 1911 duo;
1622 1846 1691 1900 ita
1731 1846 1981 1901 minimus
2016 1848 2105 1917 qui

530 1939 734 2009 primus
761 1947 844 1993 est
870 1953 1073 2003 versus,
1105 1940 1277 1993 minus
1307 1938 1501 1992 habere
1536 1951 1694 2006 quam
1721 1946 1841 1991 octo
1858 1946 2105 2006 tempora

533 2044 637 2084 non
665 2036 858 2099 potest.
890 2028 959 2082 D.
990 2028 1061 2083 Ita
1087 2039 1186 2083 est.
1220 2027 1277 2081 Μ
1286 2069 1297 2081 .
1327 2028 1459 2095 Quid
1486 2029 1744 2082 maximus
1769 2044 1972 2094 versus,
2000 2044 2106 2099 quo

532 2121 844 2189 ampliorem
867 2135 983 2175 esse
1010 2136 1113 2174 non
1139 2121 1412 2189 oporteat?
1433 2128 1561 2189 quot
1582 2120 1791 2175 tandem
1810 2132 2103 2191 temporum

532 2226 651 2268 esse
670 2212 868 2266 debet?
892 2211 1075 2265 Nonne
1100 2212 1275 2265 statim
1298 2210 1517 2275 videbis,
1548 2210 1590 2265 si
1614 2209 1680 2264 ad
1704 2211 1842 2264 illam
1867 2226 2105 2282 progres-

528 2304 733 2358 sionem
764 2304 1100 2358 retulerimus
1128 2304 1380 2367 animum,
1412 2303 1478 2357 de
1501 2318 1601 2371 qua
1631 2303 1783 2358 toties
1810 2313 1914 2358 tam
1942 2306 2104 2360 multa

530 2393 669 2450 dicta
694 2396 856 2451 sunt?
879 2395 948 2448 D.
974 2394 1087 2450 Jam
1114 2395 1345 2465 intelligo
1380 2395 1689 2463 ampliorem
1715 2410 1869 2465 quam
1895 2397 2104 2464 triginta

530 2487 690 2542 duum
723 2497 1015 2558 temporum
1040 2503 1249 2543 versum
1276 2502 1393 2542 esse
1418 2502 1522 2542 non
1552 2502 1726 2557 posse.

598 2578 689 2635 21.
730 2577 807 2631 Μ.
848 2578 983 2646 Quid
1021 2577 1088 2632 de
1124 2578 1279 2632 metri
1314 2577 1674 2647 longitudine?
1703 2592 1959 2633 censesne
1986 2593 2103 2634 am-

527 2667 749 2738 pliorem
776 2682 893 2722 esse
922 2668 1121 2723 debere
1156 2682 1315 2737 quam
1342 2668 1586 2734 versus‘,
1626 2682 1747 2723 cum
1785 2679 2013 2724 metrum
2050 2669 2103 2725 id

526 2760 667 2831 quod
691 2768 771 2814 est
795 2759 1093 2824 minimum,
1118 2768 1227 2814 tam
1248 2759 1422 2814 minus
1441 2760 1510 2815 sit
1530 2775 1685 2829 quam
1714 2761 1965 2817 minimus
1982 2778 2103 2818 ver-

592 2894 611 2926 ι
633 2900 686 2944 In
705 2899 776 2955 8.,
802 2903 1009 2943 verm.
1036 2890 1203 2943 Melius
1218 2902 1328 2941 cum
1348 2896 1431 2941 Its.
1458 2898 1511 2952 Α,
1534 2904 1712 2943 versus.
1765 2899 1819 2942 M.

527 2996 686 3017 *ορ

1706 453 1792 509 DE
1830 452 2102 521 MUSICA,
2141 452 2199 511 S.
2242 448 2605 513 AUGUSTINI

3656 457 3798 517 1128

2211 570 2339 626 sus?
2365 569 2436 626 Β.
2467 571 2578 626 Νοη
2609 586 2820 628 censeo.
2850 572 2929 627 Μ.
2969 574 3099 629 Cum
3143 588 3269 644 ergo
3311 583 3539 630 metrum
3574 574 3797 647 incipiat

2210 676 2241 715 a
2270 660 2477 718 duobus
2504 662 2744 733 pedibus,
2774 681 2957 719 versus
2987 681 3015 719 a
3041 676 3297 737 quatuor;
3327 676 3417 722 aut
3435 668 3562 722 illud
3586 668 3652 721 ab
3672 684 3799 737 spa-

2213 751 2287 804 tio
2315 751 2538 807 duorum
2568 754 2781 824 pedum,
2816 755 2917 810 hoc
2942 772 2971 810 a
2998 766 3227 827 quatuor
3252 767 3600 814 annumerato
3625 760 3794 813 silen—

2212 844 2316 909 tio;
2358 855 2582 900 metrum
2626 856 2801 902 autem
2835 850 3157 920 octo-pedes
3182 864 3289 904 non
3318 851 3539 906 excedat
3569 870 3583 906 :
3615 866 3797 907 nonne

2212 948 2331 988 cum
2372 944 2426 988 et
2467 952 2649 991 versus
2689 948 2915 992 metrum
2954 941 3049 1001 sit,
3093 955 3311 996 necesse
3352 950 3435 996 est
3476 956 3599 996 eum
3630 942 3796 1011 pedes

2214 1023 2431 1078 totidem
2476 1040 2584 1079 non
2622 1027 2917 1082 excedere?
2956 1027 3027 1082 D.
3071 1029 3144 1084 Ita
3184 1040 3284 1084 est.
3332 1030 3408 1085 Μ.
3442 1030 3647 1086 Rursus
3671 1048 3793 1086 cum

2211 1126 2396 1167 versus
2421 1122 2525 1168 nun
2552 1115 2619 1170 sit
2640 1116 2845 1186 longior
2864 1134 3020 1188 quam
3045 1121 3257 1190 triginta
3278 1119 3439 1175 duum
3466 1130 3793 1191 temporum,

2212 1214 2262 1259 et
2298 1215 2524 1261 metrum
2565 1208 2631 1262 sit
2657 1210 2813 1263 etiam
2844 1211 3117 1282 longitudo
3141 1227 3355 1277 versus,
3383 1214 3429 1268 si
3457 1215 3795 1283 conjunctioo

2212 1310 2333 1350 nem
2360 1295 2584 1352 duorum
2617 1300 2971 1356 membrorum
3000 1304 3155 1358 talem
3188 1319 3295 1357 non
3321 1304 3514 1359 habeat
3540 1307 3716 1375 qualis
3741 1306 3794 1363 in

2212 1401 2366 1441 versu
2410 1390 2729 1459 prmcipitur,
2762 1393 2855 1447 sed
2886 1403 3085 1448 tantum
3106 1398 3122 1426 ί
3164 1404 3311 1451 certo
3345 1395 3451 1451 ﬁne
3493 1397 3793 1465 claudatur,

2210 1492 2381 1547 neque
2408 1479 2599 1534 debeat
2630 1482 2838 1552 longius
2876 1500 2995 1540 esse
3031 1502 3187 1557 quam
3214 1503 3399 1543 versus
3425 1506 3438 1541 :
3464 1504 3642 1544 nonne
3676 1505 3796 1543 ma-

2212 1569 2455 1624 nifestum
2503 1581 2584 1625 est
2622 1582 2677 1627 ut
2716 1590 2923 1629 versum
2966 1577 3129 1646 pedes
3156 1587 3309 1644 octo,
3337 1579 3407 1632 ita
3439 1589 3667 1634 metrum
3694 1581 3794 1634 tri-

2209 1661 2353 1730 ginta
2382 1662 2487 1717 duo
2516 1671 2754 1734 tempora
2775 1668 3033 1723 excedere
3059 1683 3165 1722 non
3187 1671 3471 1739 oportere?
3495 1670 3565 1725 Ι).
3591 1673 3797 1725 Assen-

2211 1750 2331 1804 tior.
2375 1751 2451 1806 Μ.
2497 1753 2611 1809 Erit
2658 1770 2784 1826 ergo
2828 1757 2966 1812 idem
3001 1760 3227 1828 spatium
3255 1761 3538 1830 temporis,
3568 1770 3623 1816 et
3653 1762 3794 1816 idem

2211 1854 2464 1897 numerus
2502 1844 2692 1913 pedum
2737 1856 2791 1901 et
2831 1857 3001 1903 metro
3036 1858 3091 1903 et
3133 1851 3343 1917 versui,
3392 1852 3797 1921 communisque

2210 1935 2421 2004 quidam
2469 1937 2787 2005 terminus’,
2831 1940 2967 1994 ultra
3011 1956 3169 2009 quem
3218 1943 3465 2012 progredi
3511 1952 3797 2013 utrumque

2211 2039 2318 2079 non
2363 2024 2554 2081 debeat
2588 2045 2601 2081 :
2639 2031 2879 2099 quamvis
2922 2040 3150 2086 metrum
3189 2033 3599 2104 quadruplieatis
3642 2037 3795 2105 pedi-

2208 2116 2342 2183 bus,
2373 2132 2401 2170 a
2431 2119 2620 2187 quibus
2647 2136 2765 2177 esse
2796 2122 3009 2192 incipit;
3039 2139 3224 2179 versus
3263 2135 3439 2181 autem
3480 2126 3797 2197 quadrupli-

2210 2207 2341 2261 catis
2372 2209 2714 2277 temporibus,
2747 2226 2777 2265 a
2805 2213 2995 2282 quibus
3022 2222 3077 2267 et
3104 2214 3216 2282 ipse
3245 2230 3364 2269 esse
3399 2217 3601 2286 incipit.
3640 2218 3798 2272 tinia—

2211 2306 2295 2352 tur
2336 2317 2348 2351 :
2392 2308 2448 2354 ut
2488 2302 2763 2357 crescendi
2811 2304 3011 2359 scilicet
3053 2306 3267 2360 modum
3320 2310 3653 2377 quaternaria
3702 2310 3800 2363 illa

2210 2388 2415 2444 ratione
2458 2401 2663 2445 servata
2708 2402 2934 2448 metrum
2975 2410 3093 2450 cum
3136 2412 3294 2451 versu
3323 2399 3799 2453 communicaverit

2209 2477 2263 2532 in
2303 2479 2546 2548 pedibus,
2580 2497 2765 2538 versus
2795 2501 2914 2539 cum
2942 2496 3114 2541 metro
3142 2488 3193 2541 in
3225 2490 3570 2559 temporibus.
3602 2490 3675 2543 D.
3705 2490 3798 2545 ln-

2212 2570 2416 2640 telligo,
2448 2581 2502 2627 et
2531 2572 2736 2644 probo;
2768 2586 2927 2647 atque
2958 2580 3025 2633 ita
3059 2596 3116 2634 se
3157 2581 3353 2637 habere
3378 2583 3531 2637 istam
3561 2598 3795 2639 concor-

2209 2660 2351 2716 diam
2382 2667 2891 2738 consensionemque
2920 2669 3172 2725 delector.

2271 2777 2289 2841 ξ
2320 2786 2504 2841 Tamen,
2518 2779 2653 2841 juxta
2675 2782 2820 2832 Vatic.
2899 2789 2957 2833 Μ.

2270 2839 2291 2912 ξ
2316 2845 2382 2908 tta
2420 2839 2558 2912 legit
2579 2844 2725 2912 \‘atic.
2753 2858 2766 2893 :
2793 2849 2861 2912 Et_
2882 2845 3014 2896 idem
3045 2859 3270 2912 numerius
3292 2848 3501 2912 pedum;
3521 2854 3566 2899 et
3588 2848 3799 2912 quidam

2212 2900 2444 2951 terminus
2466 2900 2616 2953 fnetro
2637 2911 2684 2954 et
2705 2905 2862 2956 versui
2883 2908 3135 2971 covinnarii,
3162 2900 3465 2975 ultra'quem.
3482 2900 3496 2911 ’
3542 2917 3599 2960 Μ.

701 2992 3789 3029 Ἦ

1476 3067 1955 3175 LIBER
2055 3068 2506 3195 QUAR
2531 3076 2850 3188 TUS.

1736 3228 2040 3277 continuatur
2061 3230 2279 3279 tractatio
2300 3230 2363 3281 de
2384 3241 2557 3285 metro.

1930 3350 2348 3409 electabo»

522 3480 747 3540 CAPUT
784 3477 1067 3537 PRIMUM.
1090 3508 1159 3519 —
1192 3477 1383 3602 illum?
1409 3476 1604 3548 syllaba
1630 3492 1782 3547 quare
1806 3474 2101 3543 indi/ferens

1185 3566 1238 3602 ιη
1266 3564 1344 3602 me
1367 3563 1442 3601 ro.

1185 3566 1238 3603 ιη
1266 3563 1442 3603 metro.

593 3644 621 3700 1
633 3683 647 3698 .
664 3642 717 3697 Μ
728 3684 741 3697 .
754 3641 1055 3698 Redeamus
1064 3654 1192 3711 ergo
1206 3638 1272 3694 ad
1290 3638 1444 3693 metri
1459 3637 1959 3705 considerationem,
1979 3650 2100 3707 pro-

520 3742 642 3805 pter
664 3733 813 3802 cujus
838 3746 1171 3803 progressum
1206 3745 1269 3784 ac
1296 3729 1680 3801 longitudinem
1710 3729 1776 3784 de
1807 3745 1967 3784 versu
2010 3738 2093 3785 te-

521 3840 642 3881 cum
662 3824 857 3894 aliquid
877 3838 1032 3893 agere
1058 3829 1274 3877 coactus
1295 3836 1433 3885 sum,
1463 3821 1612 3890 cujus
1639 3820 1894 3875 tractandi
1916 3827 2098 3889 postea

525 3918 681 3974 nobis
709 3925 789 3972 est
820 3915 1137 3970 constitutus
1165 3914 1333 3969 locus.
1366 3914 1470 3969 Sed
1512 3915 1683 3984 primo
1726 3912 1855 3967 illud
1894 3927 2092 3982 quzero,

521 4018 697 4065 utrum
726 4021 831 4061 non
879 4004 1148 4074 repudies,
1180 4006 1317 4074 quod
1371 4005 1610 4059 ultimam
1655 4003 1932 4074 syllabam,
1976 4020 2094 4075 qua:

519 4108 748 4156 metrum
781 4097 1045 4160 terminat,
1077 4110 1168 4150 seu
1201 4097 1354 4166 longa
1380 4110 1474 4151 seu
1500 4096 1674 4151 brevis
1700 4096 1788 4161 sit,
1818 4104 1984 4165 poeta:
2009 4106 2091 4151 at-

518 4208 623 4262 que
648 4192 835 4244 horum
858 4186 1064 4256 judices
1087 4189 1415 4257 grammatici
1445 4187 1575 4242 nihil
1603 4187 1669 4242 ad
1695 4203 1805 4242 rem
1829 4189 2093 4258 pertinere

516 4283 757 4338 arbitrati
792 4289 934 4336 sunt.
961 4279 1040 4337 D.
1070 4281 1298 4336 Omnino
1339 4280 1561 4350 repudio
1604 4299 1617 4334 :
1652 4295 1757 4334 non
1796 4280 1934 4334 enim
1962 4281 2092 4335 mihi

514 4373 725 4428 videtur
750 4389 869 4430 esse
894 4376 1132 4431 rationis.
1166 4374 1240 4428 M.
1269 4373 1363 4428 Dic
1388 4372 1535 4439 mihi,
1557 4372 1798 4439 obsecro,
1822 4373 1961 4442 quod
1980 4387 2093 4427 Ille-

516 4475 655 4520 trum
685 4467 752 4521 sit
777 4468 827 4521 in
856 4467 1163 4540 pyrrhichio
1190 4466 1487 4519 minimum.
1519 4462 1588 4515 D.
1617 4463 1747 4519 Tres
1776 4463 1981 4518 breves.
2008 4463 2085 4517 M.

515 4556 779 4623 Quantum
800 4574 925 4629 ergo
946 4559 1204 4613 silendum
1234 4566 1334 4621 est,
1358 4555 1482 4610 dum
1512 4555 1797 4624 repetitur?
1822 4554 1889 4606 ι).
1916 4555 2087 4609 Unum

512 4657 757 4719 tempus,
794 4650 931 4719 quod
971 4660 1050 4704 est
1090 4651 1241 4703 unius
1280 4647 1453 4702 brevis
1484 4647 1699 4717 syllaba:
1727 4647 1973 4715 spatium.
2006 4644 2084 4700 Μ.

511 4740 645 4811 Age,
663 4740 772 4810 jam
795 4750 1011 4812 percute
1040 4742 1141 4796 hoc
1167 4749 1414 4808 metrum,
1448 4754 1554 4794 non
1580 4753 1730 4804 voce,
1751 4740 1843 4795 sed
1872 4739 2081 4809 plausu.

510 4831 583 4886 D.
612 4832 757 4887 Feci.
786 4833 863 4888 Μ.
892 4833 1115 4889 Percute
1139 4833 1297 4888 etiam
1328 4832 1425 4887 hoc
1455 4831 1613 4885 modo
1638 4839 1983 4900 anapaestum.
2010 4829 2083 4885 D.

508 4922 579 4977 Et
624 4924 725 4978 hoc
766 4923 886 4978 feci.
928 4923 1006 4977 Μ.
1057 4924 1191 4990 Quid
1231 4923 1322 4978 tibi
1365 4923 1535 4978 visum
1572 4930 1655 4977 est
1691 4922 1986 4977 interesse?
2014 4922 2081 4976 ι).

512 5012 738 5070 Prorsus
764 5014 917 5070 nihil.
950 5014 1029 5068 Μ.
1058 5014 1229 5081 Quid?
1254 5029 1488 5079 causam,
1520 5026 1615 5069 cur
1643 5014 1713 5067 ita
1742 5014 1829 5078 sit,
1865 5022 2085 5083 potesne

507 5103 723 5161 dicere?
750 5106 817 5159 D.
846 5106 1067 5162 Videtur
1092 5107 1220 5160 mihi
1247 5105 1374 5160 satis
1403 5119 1659 5175 apparere
1686 5122 1699 5158 :
1722 5120 1843 5158 nam
1867 5104 2007 5174 quod
2028 5105 2081 5159 in

506 5196 597 5252 illo
618 5197 685 5252 ad
714 5198 1008 5265 silentium,
1036 5197 1138 5253 hoc
1160 5198 1212 5252 iu
1240 5198 1341 5251 isto
1367 5197 1432 5251 ad
1462 5196 1857 5266 productionem
1882 5196 2082 5251 ultimae

507 5286 725 5356 syllabae
745 5288 1002 5355 refertur;
1034 5303 1158 5343 nam
1183 5287 1369 5344 eodem
1394 5287 1553 5343 modo
1576 5286 1647 5342 ibi
1676 5287 1850 5342 brevis
1874 5287 2077 5357 ultima,

506 5386 564 5431 ut
588 5378 677 5433 hic
701 5378 878 5451 longa,
908 5380 1228 5449 percutitur;
1253 5387 1307 5434 et
1331 5388 1449 5449 post
1478 5378 1803 5433 tantumdem
1834 5378 2081 5434 interval-

507 5469 615 5527 lum
644 5472 849 5527 rcditur
876 5473 941 5527 ad
983 5482 1159 5544 caput.
1187 5472 1293 5530 Sed
1321 5472 1392 5528 ibi
1420 5473 1708 5543 quiescitur
1744 5471 1913 5529 donec
1952 5484 2079 5543 spa-

504 5562 637 5616 tium
665 5562 953 5633 pyrrhichii
982 5564 1165 5634 pedis,
1193 5564 1280 5619 hic
1317 5563 1485 5619 donec
1525 5564 1695 5634 longae
1734 5562 1949 5635 syllaba:
1976 5564 2078 5618 im-

499 5653 728 5727 pleatur.
757 5654 832 5710 Ita
862 5656 915 5711 in
942 5665 1170 5729 utroque
1197 5672 1293 5728 par
1316 5670 1463 5712 mora
1487 5664 1599 5723 est,
1626 5671 1727 5726 qua
1770 5655 2079 5725 interposita

498 5762 826 5805 remeamus.
854 5748 933 5803 Μ.
961 5749 1078 5805 Νοη
1119 5749 1278 5821 igitur
1300 5747 1528 5804 absurde
1557 5747 1631 5802 illi
1657 5746 1892 5801 ultimam
1918 5745 2079 5817 sylla-

496 5839 621 5903 bam
644 5843 824 5911 metri,
847 5856 943 5899 seu
962 5844 1119 5916 longa
1148 5858 1242 5900 seu
1266 5841 1438 5898 brevis
1462 5842 1549 5909 sit,
1574 5841 1703 5896 nihil
1728 5839 1797 5896 ad
1825 5854 1937 5896 rem
1959 5856 2088 5911 per-_

2209 3479 2378 3537 tinere
2401 3484 2684 3544 voluerunt
2709 3507 2721 3543 :
2746 3491 2832 3546 ubi
2859 3494 2999 3549 enim
3030 3494 3151 3553 ﬁnis
3179 3506 3280 3567 est,
3312 3501 3578 3558 silentium
3603 3504 3787 3575 sequi-

2205 3579 2308 3639 tur,
2347 3586 2600 3644 quantum
2625 3580 2693 3636 ad
2723 3583 2893 3652 ipsum
2923 3597 3151 3644 metrum
3190 3592 3378 3647 attinet
3408 3596 3543 3663 quod
3580 3596 3780 3651 ﬁnitur.

2201 3663 2283 3717 An
2310 3680 2403 3721 eos
2430 3668 2483 3723 in
2511 3668 2610 3725 hac
2645 3687 2801 3729 causa
2846 3678 3214 3746 repetitionem
3242 3683 3401 3738 ullam
3431 3686 3512 3741 vel
3549 3686 3783 3745 reditum

2200 3755 2266 3810 ad
2292 3769 2449 3828 caput
2474 3763 2815 3822 considerare
2843 3768 3089 3826 debuisse
3117 3776 3409 3844 existimas,
3435 3792 3497 3833 ac
3522 3794 3625 3833 non
3653 3789 3779 3835 tan-

2201 3848 2475 3903 tummodo
2502 3853 2623 3921 quia
2654 3854 2854 3923 ﬁnitur,
2885 3861 3033 3928 quasi
3058 3861 3306 3933 deinceps
3334 3867 3461 3921 nihil
3490 3868 3780 3925 dicendum

2199 3937 2301 3990 sit?
2326 3937 2395 3992 D.
2418 3938 2533 3994 Jam
2562 3946 2843 4011 assentior,
2873 3949 3111 4005 ultimam
3138 3953 3391 4024 syllabam
3418 3958 3779 4017 indiﬁ‘erenter

2198 4040 2317 4083 esse
2342 4031 2721 4101 accipiendam.
2749 4036 2824 4090 Μ.
2857 4039 3039 4095 Recte.
3064 4042 3166 4098 Sed
3190 4045 3232 4098 si
3256 4045 3354 4101 hoc
3375 4057 3586 4118 propter
3605 4052 3777 4106 silen-

2196 4119 2326 4175 tium
2369 4123 2456 4192 ﬁt,
2498 4129 2745 4197 quoniam
2786 4131 2856 4185 ita
2895 4135 3261 4193 consideratus
3304 4149 3386 4195 est
3429 4142 3578 4208 ﬁnis,
3621 4146 3777 4214 quasi

2194 4211 2449 4284 deinceps
2492 4218 2621 4274 nihil
2669 4222 2967 4279 soniturus‘
2999 4228 3069 4281 sit
3100 4230 3188 4298 qui
3232 4231 3455 4300 ﬁnierit,
3482 4244 3536 4289 et
3572 4211 3777 4292 ob—hoc

2197 4308 2421 4374 spatium
2452 4312 2703 4380 temporis
2730 4314 2781 4367 in
2811 4314 2923 4383 ipsa
2952 4319 3128 4387 quiete
3154 4320 3507 4391 largissimum
3536 4326 3665 4380 nihil
3692 4327 3777 4382 di-

2193 4405 2298 4452 stat
2334 4416 2452 4469 qua:
2479 4402 2549 4456 ibi
2582 4405 2782 4474 syllaba
2824 4407 3057 4475 locetur;
3092 4427 3266 4467 nonne
3295 4414 3423 4469 illud
3464 4426 3543 4472 est
3583 4433 3777 4474 conse-

2195 4503 2382 4559 quens,
2415 4502 2475 4547 ut
2499 4495 2609 4566 ipsa
2641 4496 2837 4552 ultimae
2867 4499 3084 4570 syllaba:
3112 4502 3483 4569 indifferentia,
3506 4523 3623 4577 qure
3647 4524 3776 4578 pro-

2192 4589 2311 4650 pter
2349 4584 2549 4654 largum
2592 4589 2819 4656 spatium
2861 4589 3188 4658 conceditur,
3219 4595 3285 4649 ad
3324 4596 3376 4650 id
3406 4597 3678 4666 proﬁciat,
3711 4607 3773 4654 ut

2189 4674 2303 4729 sive
2332 4674 2403 4729 ibi
2434 4676 2609 4732 brevis
2638 4680 2839 4751 syllaba
2877 4683 2987 4738 sive
3019 4684 3170 4756 longa
3210 4687 3308 4751 sit,
3338 4702 3453 4742 eam
3484 4688 3583 4742 sibi
3610 4703 3773 4745 aures

2190 4778 2287 4832 pro
2319 4764 2474 4836 longa
2497 4768 2796 4825 vindicent?
2816 4772 2884 4843 Ι).
2916 4774 3083 4830 Video
3102 4776 3258 4845 plane
3277 4794 3396 4835 esse
3412 4792 3767 4851 consequens.

2187 4885 2411 4943 CAPUT
2434 4888 2497 4943 ll.
2518 4920 2589 4930 —
2612 4891 2745 4957 Quot
2766 4893 2976 4964 syllabis
3001 4898 3262 4952 minimum
3283 4901 3616 4955 constituatur
3645 4920 3770 4974 pyr-

2325 4980 2574 5035 rhichium
2599 4993 2810 5039 metrum
2841 5002 2859 5039 :
2888 4989 3128 5055 quamdiu
3152 5007 3344 5061 quoque
3362 4993 3628 5048 silendum.

2254 5092 2308 5146 2.
2342 5090 2421 5146 Μ.
2454 5092 2682 5149 Videsne
2710 5097 2869 5151 etiam
2899 5099 3047 5165 illud,
3080 5117 3200 5156 cum
3228 5102 3451 5160 dicimus
3481 5106 3762 5163 minimum

2183 5192 2412 5238 metrum
2458 5198 2578 5238 esse
2621 5186 2983 5255 pyrrhichium
3024 5200 3131 5246 tres
3169 5192 3359 5249 breves
3401 5196 3658 5266 syllabas,
3700 5208 3765 5253 ut

2184 5274 2340 5328 unius
2368 5273 2543 5329 brevis
2582 5277 2753 5345 spatio
2779 5278 3015 5349 sileatur,
3047 5281 3172 5336 dum
3199 5284 3266 5338 ad
3295 5284 3499 5341 initium
3531 5289 3762 5343 reverti-

2181 5379 2327 5431 mur;
2359 5365 2491 5420 nihil
2520 5366 2809 5436 interesse,
2841 5378 3016 5425 utrum
3058 5372 3158 5428 hoc
3184 5383 3444 5442 metrum,
3488 5394 3553 5432 an
3594 5380 3762 5448 pedes

2180 5467 2476 5528 anaparstos
2500 5463 2838 5528 repetamus?
2864 5461 2935 5517 D.
2965 5461 3079 5518 Jam
3104 5464 3202 5519 hoc
3224 5468 3433 5536 quidem
3460 5471 3614 5539 paulo
3635 5479 3763 5527 ante

2182 5549 2270 5604 illa
2297 5552 2635 5620 percussione
2664 5555 2894 5624 percepi.
2929 5554 3006 5608 Μ.
3033 5556 3220 5613 Nonne
3246 5575 3371 5630 ergo
3395 5560 3647 5631 quidquid
3671 5564 3762 5618 hic

2181 5650 2265 5697 est
2293 5641 2599 5709 confusum,
2630 5643 3059 5716 distinguendum
3085 5648 3263 5720 aliqua
3300 5653 3506 5708 ratione
3535 5654 3759 5709 arbitra-

2181 5734 2293 5789 ris?
2320 5733 2390 5787 D.
2420 5733 2646 5790 Omnino
2683 5737 2931 5792 arbitror.
2962 5738 3040 5793 Μ.
3071 5741 3163 5795 Dic
3189 5750 3363 5799 utrum
3391 5744 3548 5801 aliam
3573 5745 3760 5805 videas

2247 5847 2266 5879 ¹
2292 5852 2564 5912 sanaturus,
2586 5849 2725 5913 juxta
2746 5852 2889 5904 Vatic.
2917 5859 2969 5903 et
2990 5860 3069 5904 Ms.
3094 5861 3147 5905 Α.
3210 5864 3267 5912 at.
