4096 6368
352 472 473 521 esse
500 452 797 514 rationem,
836 457 954 514 quae
991 440 1091 497 ista
1134 435 1449 504 distinguat,
1478 427 1582 529 nisi
1610 433 1921 529 utmetrum

350 513 716 622 pyrrhichium
738 513 843 593 nun
857 513 998 591 illud
1019 530 1087 585 sit
1109 527 1407 622 minimum,
1428 518 1577 607 quod
1597 516 1690 622 tibi
1706 513 1923 622 videbas

348 611 438 697 id:
466 640 519 693 in
550 635 718 691 tribus
759 626 1043 689 brevibus,
1082 620 1179 677 sed
1216 620 1271 673 in
1305 616 1557 686 quinque.
1597 611 1729 689 Post
1758 620 1923 661 unum

349 696 491 789 enim
532 725 722 798 pedem
769 735 831 775 ac
871 712 1194 784 semipedem
1239 710 1399 763 silere
1446 718 1592 798 mora
1638 696 1923 798 semipedis

349 786 468 895 ejus
495 786 584 891 qui
612 816 832 872 debetur
868 804 1135 878 implendo
1163 800 1314 872 pedi,
1342 806 1500 895 atque
1537 793 1609 895 ita
1630 789 1821 895 redire
1854 786 1923 841 ad

350 881 557 969 initium
574 949 590 975 ,
615 914 669 962 et
695 904 796 958 hoc
819 901 1092 955 minimum
1128 900 1354 948 metrum
1384 889 1436 941 in
1465 881 1769 975 pyrrhichio
1794 894 1924 975 con-

334 969 705 1065 estituere'non
736 1010 843 1051 nos.
872 992 999 1048 sinit
1024 984 1275 1057 anapmsti
1302 981 1557 1053 parilitas,
1589 984 1646 1030 ut
1677 973 1785 1065 jam
1819 969 1920 1065 de-

351 1059 702 1153 monstratum
722 1095 803 1142 est
827 1102 840 1139 :
864 1096 1025 1153 quare
1047 1086 1163 1148 post
1182 1075 1319 1129 duos
1343 1070 1502 1141 pedes
1525 1075 1579 1121 et
1600 1059 1921 1130 semipedem

354 1185 615 1245 silendum
636 1187 718 1235 est
745 1174 871 1231 illud
902 1186 1062 1226 unum
1088 1177 1313 1233 tempus,
1336 1162 1382 1214 si
1407 1155 1715 1213 confusione
1743 1162 1924 1252 carere

353 1242 629 1339 volumus;
647 1272 717 1327 D.
745 1269 851 1325 Cur
878 1266 1018 1322 enim
1043 1276 1151 1316 non
1175 1258 1279 1312 duo
1307 1248 1592 1325 pyrrhichii
1618 1252 1749 1339 sunt
1765 1242 1924 1295 mini-

354 1336 500 1429 mum
524 1375 751 1424 metrum
767 1362 821 1416 in
841 1354 1163 1430 pyrrhichio,
1188 1359 1241 1406 et
1258 1354 1484 1418 quatuor
1502 1338 1718 1412 syllaba:
1738 1336 1924 1430 breves

355 1426 535 1534 potius
550 1498 568 1526 ,
594 1463 715 1527 post
737 1426 1059 1523 quas'silere
1082 1456 1217 1513 opus
1246 1452 1353 1492 non
1380 1436 1484 1534 sit,
1506 1444 1669 1534 quam
1693 1426 1925 1534 quinque

357 1519 477 1627 post
502 1519 633 1623 quas
660 1519 794 1617 opus
830 1542 932 1597 sit?
972 1538 1049 1593 Μ.
1082 1524 1645 1627 νίςὶιειιιετιίιιιὶᾶοξηῖ
1807 1532 1925 1627 non

354 1611 600 1702 caves-ne
625 1611 816 1693 ab—hoc
844 1644 893 1687 te
916 1631 985 1685 ita
1014 1619 1499 1697 proceleumaticus,
1520 1623 1577 1669 ut
1600 1613 1666 1667 ab
1691 1611 1781 1665 illo
1802 1623 1927 1702 ana-

358 1696 553 1809 ;stus
579 1728 837 1787 excludat.
868 1723 935 1776 D.
965 1696 1160 1774 verum
1188 1713 1342 1809 dicis.
1350 1709 1444 1809 .11.
1460 1707 1651 1808 .Placet
1679 1696 1928 1809 ergo

359 1795 547 1883 inodus
574 1822 627 1878 in
656 1817 888 1888 quinque
912 1809 1161 1866 brevibus
1180 1846 1194 1867 ,
1225 1812 1278 1857 et
1302 1798 1509 1888 silentio
1533 1795 1689 1888 unius
1720 1800 1927 1858 tempo-

357 1916 474 1973 ris?
496 1913 567 1968 D.
592 1886 931 1966 Placetvero.
956 1900 1033 1953 Μ.
1064 1896 1279 1950 Videtur
1305 1890 1431 1945 mihi
1459 1886 1676 1942 oblitum
1704 1895 1824 1973 esse
1853 1889 1922 1973 te,

359 1970 798 2077 quemadmodum
839 1995 891 2047 in
930 1988 1179 2060 rhythmo
1204 1981 1491 2058 dixerimus
1517 1988 1674 2045 posse
1700 1970 1926 2077 discer'ni

580 2084 882 2159 pyrrhichio
923 2057 1471 2146 an'proceleurnatico
1498 2071 1814 2159 curre-retur.
1856 2057 1924 2111 D.

360 2186 504 2241 Bene
523 2152 774 2235 admones
798 2193 810 2228 :
835 2187 953 2226 nam
978 2170 1165 2239 plausu
1190 2164 1318 2217 istos
1341 2171 1595 2214 numeros
1614 2154 1680 2207 ab
1706 2152 1927 2241 invicem

358 2268 755 2343 distinguendos
801 2259 1157 2330 comperimus
1202 2271 1215 2305 :
1259 2264 1420 2322 quare
1466 2248 1573 2343 jam
1625 2240 1930 2343 neque-hic

361 2333 1041 2429 istumvprocelcumaticum
1071 2354 1268 2407 metuo,
1301 2355 1455 2410 quem
1486 2333 1929 2436 plaus-uadhibito

359 2471 393 2509 a
435 2427 739 2523 pyrrhichio
776 2445 1079 2499 discernere
1122 2428 1589 2525 poterordlnCur
1823 2436 1928 2525 non

360 2516 609 2601 eumdem
640 2539 878 2608 plausum
919 2526 1273 2585 adhibendum
1303 2522 1498 2583 vidisti,
1532 2528 1587 2571 ut
1611 2516 1808 2608 abillis
1832 2516 1929 2567 tri-

362 2635 464 2689 bus
504 2605 781 2690 brevibus,
827 2624 877 2678 id
924 2630 1005 2676 est
1046 2613 1345 2687 pyrrhichio
1382 2620 1436 2665 et
1472 2605 1772 2675 semipede,
1813 2612 1933 2673 post

363 2739 522 2796 quem
560 2724 826 2789 oporteret
866 2726 1028 2767 unum
1073 2718 1278 2775 tempus
1319 2702 1474 2756 silere
1495 2739 1508 2762 ,
1544 2698 1932 2796 discerneretur

364 2785 694 2883 anapaestus?
723 2806 787 2859 ι).
818 2804 931 2859 Jam
974 2798 1227 2866 intelligo,
1260 2802 1314 2848 et
1355 2793 1408 2845 in
1439 2790 1575 2883 viam
1601 2785 1785 2883 redeo,
1816 2798 1930 2838 me-

364 2877 609 2972 trumque
634 2900 688 2954 in
714 2894 1012 2969 pyrrhichio
1034 2889 1306 2944 minimum
1333 2894 1440 2956 tres
1465 2878 1695 2972 syllabas
1724 2877 1929 2972 breves,

363 2967 541 3064 quae,—
561 2967 906 3046 annumerato
953 2980 1197 3043 silentio,
1243 2975 1491 3064 duorunr
1511 2967 1932 3064 pyrrhichiorum

365 3057 575 3152 tempus
620 3084 908 3145 occupant,
953 3085 1071 3125 esse
1118 3064 1392 3121 confirmo.
1439 3058 1516 3112 Μ.
1542 3057 1775 3152 Probant
1808 3068 1934 3152 ergo

364 3142 519 3229 aures
540 3179 642 3225 tute
663 3142 765 3222 hoc
789 3176 953 3233 genus
978 3156 1178 3213 numeri
1202 3173 1214 3209 :
1242 3153 1301 3207 Si
1325 3152 1511 3219 aliqua,
1536 3147 1669 3200 Bene
1687 3145 1778 3233 uis,
1802 3142 1935 3233 Bene

365 3261 467 3327 dic,
494 3258 628 3312 Bene
661 3260 760 3325 fac,
791 3230 1020 3311 iAnimus,
1051 3246 1110 3300 Si
1139 3239 1347 3310 aliquid,
1383 3236 1520 3327 Male
1543 3235 1636 3327 vis,
1667 3232 1804 3327 Male
1831 3230 1930 3294 dic,

367 3321 507 3404 Male
547 3321 934 3418 fac,'Auimus,
979 3336 1204 3418 Medium
1247 3339 1337 3383 est.
1495 3325 1635 3379 Satis
1680 3321 1933 3418 probant,

364 3401 659 3503 prieseitim
698 3441 815 3480 cum
855 3401 961 3491 jam
1004 3415 1305 3473 recordatus
1352 3410 1450 3463 sim
1493 3401 1933 3503 quemadmodum

366 3495 460 3578 eos
501 3519 673 3590 plaudi
716 3521 988 3585 oporteat,
1016 3524 1084 3565 ne
1111 3520 1229 3562 cum
1264 3509 1436 3557 metro
1478 3495 1783 3569 pyrrhichio
1807 3506 1934 3547 ana-

367 3614 515 3684 paasti
545 3607 931 3666 confundantur
956 3600 1135 3673 pedes.

436 3706 491 3761 3.
514 3701 592 3757 M.
617 3701 749 3756 Vide
781 3709 834 3754 et
860 3696 958 3751 ista
990 3715 1002 3749 :
1034 3695 1094 3749 Si
1138 3690 1329 3755 aliquid
1355 3704 1405 3742 es
1429 3726 1443 3751 ,
1476 3686 1581 3756 Age
1607 3683 1729 3737 bene
1747 3722 1762 3748 ,
1797 3678 1935 3732 Male

366 3795 453 3863 qui
470 3794 605 3864 agit,
641 3789 786 3844 Nihil
827 3788 949 3856 agit,
1000 3784 1063 3836 Et
1086 3782 1219 3844 ideo,
1253 3775 1410 3832 Miser
1450 3776 1562 3829 erit.
1595 3773 1671 3864 D.
1692 3770 1935 3864 Suaviter

369 3860 529 3938 etiam
555 3883 652 3937 ista
677 3896 735 3932 se
764 3878 1058 3939 insinuant,
1089 3872 1186 3926 nisi
1219 3885 1323 3923 uno
1352 3869 1469 3921 loco
1489 3907 1503 3930 ,
1530 3866 1618 3919 ubi
1649 3863 1767 3916 linis
1794 3860 1934 3915 tertii

366 3988 489 4027 cum
516 3969 665 4023 initio
693 3966 861 4036 quarti
881 3963 1176 4032 copulatur.
1211 3958 1286 4011 Μ.
1316 3957 1544 4025 ldipsum
1580 3953 1796 4007 omnino
1822 3959 1931 4016 est,

366 4062 510 4134 quod
533 4076 562 4114 a
589 4059 693 4112 tuis
712 4055 927 4111 auribus
960 4050 1271 4107 desideravi.
1303 4047 1417 4101 Non
1444 4046 1584 4100 enim
1612 4044 1802 4134 frustra
1823 4057 1933 4096 sen-

368 4132 463 4207 sus
494 4147 809 4209 offenditur,
841 4158 960 4198 cum
991 4139 1225 4195 omnium
1254 4135 1573 4207 syllabarum
1602 4134 1742 4185 nullo
1770 4132 1934 4183 inter-

368 4242 545 4311 posito
571 4235 788 4292 silentio
825 4242 1064 4300 tempora
1105 4226 1307 4296 singula
1337 4229 1641 4292 exspectat:
1664 4234 1818 4311 quam
1838 4233 1931 4272 ex-

367 4310 747 4399 spectationem
815 4321 1053 4392 profecto
1115 4316 1322 4371 fraudat
1375 4326 1662 4367 concursus
1714 4310 1934 4365 duarum

368 4418 792 4480 consonantium,
842 4424 860 4466 ι
897 4420 945 4467 et
986 4428 1052 4477 η,
1106 4424 1224 4479 qua:
1271 4406 1655 4476 praacedenuam
1699 4399 1934 4455 vocalem

370 4509 586 4582 longam
638 4521 758 4563 esse
803 4511 1031 4575 cogunt,
1063 4509 1117 4555 et
1144 4501 1196 4554 in
1223 4497 1327 4554 duo
1346 4506 1585 4566 tempora
1612 4493 1933 4559 extendunt;

369 4601 511 4674 quod
555 4614 722 4671 genus
770 4592 1098 4667 grammatici
1141 4589 1401 4661 positione
1448 4588 1654 4657 longam
1684 4582 1933 4656 syllabam

368 4700 581 4747 vocant.
613 4690 719 4746 Sed
757 4695 972 4758 propter
1000 4685 1144 4738 illam
1176 4681 1376 4737 ultima:
1403 4678 1616 4751 syllabae
1642 4676 1937 4732 indifferen-

369 4782 498 4836 tiam
520 4822 536 4848 ,
566 4793 726 4836 nemo
753 4776 1064 4834 criminatur
1090 4772 1193 4826 hoc
1217 4781 1441 4825 metrum
1463 4810 1478 4837 ,
1521 4783 1639 4823 cum
1666 4767 1718 4821 id
1761 4766 1933 4821 since-

368 4888 443 4928 rze
479 4880 637 4943 atque
660 4856 860 4925 severa:
904 4880 1059 4921 aures
1084 4864 1242 4918 etiam
1268 4862 1382 4916 sine
1398 4868 1704 4914 accusatore
1736 4858 1933 4913 conde-

368 4970 574 5017 mnent.
601 4960 738 5015 Nam
763 4958 886 5014 vide
904 4998 920 5024 ,
952 4969 1132 5027 quazso
1150 4995 1166 5020 ,
1196 4959 1447 5024 quantum
1479 4951 1695 5007 interest
1719 4990 1735 5016 ,
1765 4950 1811 5005 si
1839 4966 1935 5020 pro

370 5067 436 5108 eo
467 5050 610 5121 quod
637 5058 741 5116 est,

826 5135 945 5199 Itale
967 5135 1050 5199 qui
1072 5135 1189 5199 agit,
1212 5130 1332 5181 Nihil
1353 5131 1453 5194 agit
1471 5144 1489 5199 _:

826 5158 946 5246 :3:
967 5158 1051 5259 ἓξὲξ
1072 5158 1189 5259 ἒὲξῖζ
1214 5158 1521 5255 magis.
1618 5158 1840 5225 dicatur.

378 5303 445 5358 D.
473 5302 587 5357 Hoc
629 5316 757 5357 sane
784 5300 1039 5370 liquidum
1076 5308 1234 5367 atque
1277 5298 1537 5367 integrum
1566 5308 1665 5353 est.
1698 5297 1776 5353 Il.
1824 5298 1934 5353 Hoc

373 5411 502 5466 ergo
541 5411 638 5449 nos
661 5394 1002 5449 observemus
1038 5401 1249 5461 propter
1274 5390 1491 5445 musica:
1535 5391 1887 5447 sinceritatem
1914 5432 1930 5458 ,

369 5487 510 5558 quod
537 5496 705 5556 poetae
730 5502 834 5541 non
872 5485 1156 5539 observant
1176 5491 1389 5554 propter
1412 5482 1711 5537 facilitatem
1736 5498 1933 5538 canen-

371 5578 427 5632 di
451 5595 463 5631 :
493 5585 552 5632 ut
573 5577 782 5647 quoties
800 5616 815 5641 ,
843 5574 1068 5643 exempli
1088 5589 1251 5629 causa
1276 5615 1292 5638 ,
1321 5573 1472 5628 nobis
1496 5588 1714 5630 necesse
1738 5586 1821 5631 est
1838 5573 1933 5628 ali-

372 5683 475 5739 qua
503 5678 672 5722 metra
703 5667 1066 5735 interponere,
1100 5665 1152 5719 in
1180 5663 1367 5734 quibus
1398 5664 1524 5721 nihil
1554 5666 1774 5722 debetur
1811 5666 1931 5737 pedi

557 5763 780 5825 Sacr.
833 5765 1107 5824 Auecsr.
1160 5762 1186 5821 ι

1670 300 1870 357 uasa
1905 300 2246 369 ausurus.

3453 323 3594 383 “50

2026 423 2166 493 quod
2196 423 2407 480 silentio
2433 435 2822 496 compensetur,
2854 443 2945 483 eas
2973 444 3227 500 ponamus
3242 433 3450 490 ultimas
3468 437 3585 507 syl-

2026 512 2172 566 labas
2199 529 2327 582 quas
2354 515 2436 569 lex
2462 515 2698 584 ejusdem
2731 518 2939 572 numeri
2963 518 3191 589 ﬂagitat;
3229 537 3295 576 ne
3330 524 3449 578 eum
3491 524 3589 579 ali-

2024 619 2126 673 qua
2165 604 2454 661 oll‘ensione
2485 609 2690 662 aurium
2724 617 2777 664 et
2824 610 3046 665 falsitate
3093 627 3381 677 mensurae,
3410 630 3442 669 a
3482 616 3589 672 line

2026 694 2093 748 ad
2137 696 2345 751 initium
2372 698 2688 765 redeamus;
2719 700 3068 755 concedentes
3107 709 3284 756 tamen
3300 703 3409 756 illis
3431 712 3489 757 ut
3517 706 3589 759 ita

2026 792 2195 839 metra
2241 786 2363 840 talia
2409 787 2628 856 finiant,
2672 791 2822 858 quasi
2851 789 3101 861 deinceps
3128 792 3260 846 nihil
3286 792 3506 859 dicturi,
3534 804 3593 850 et

2030 873 2149 928 ideo
2172 884 2463 931 extremam
2488 878 2745 947 syllabam
2771 895 2863 935 seu
2898 880 3108 951 longam
3136 898 3228 937 seu
3248 883 3461 938 brevem
3492 885 3596 939 im-

2030 982 2169 1037 pune
2207 969 2535 1023 constituant
2564 986 2579 1023 :
2612 985 2733 1025 nam
2787 972 2849 1025 in.
2876 974 3269 1029 continuatione
3301 983 3590 1029 metrorum

2027 1056 2361 1125 apertissime
2402 1059 2785 1115 convincuntur
2843 1063 3046 1116 aurium
3094 1063 3322 1132 judicio,
3381 1079 3485 1119 non
3532 1079 3594 1121 se

2027 1145 2222 1200 debere
2251 1160 2453 1215 ponere
2479 1148 2747 1215 ultimam,
2788 1151 2891 1204 nisi
2935 1167 3052 1220 qua:
3082 1153 3243 1220 ipsius
3284 1155 3439 1208 metri
3470 1154 3593 1225 jure

2027 1242 2184 1304 atque
2225 1236 2431 1291 ratione
2475 1237 2717 1306 ponenda
2757 1246 2861 1293 est.
2903 1240 3026 1294 lltec
3066 1252 3238 1295 autem
3269 1243 3594 1297 continuatio

2030 1326 2088 1379 fit
2112 1367 2126 1391 ,
2157 1341 2277 1380 cum
2306 1326 2427 1396 pedi
2455 1328 2585 1382 nihil
2633 1328 2855 1384 debetur
2885 1340 3099 1400 propter
3131 1333 3269 1400 quod
3311 1333 3468 1389 silere
3503 1350 3593 1390 co-

2027 1432 2232 1487 gamur.
2260 1418 2328 1471 υ.
2363 1419 2628 1489 Intelligo,
2660 1429 2714 1475 et
2741 1429 2948 1491 gratum
2975 1423 3145 1477 habeo
3170 1424 3308 1493 quod
3333 1427 3454 1480 talia
3481 1427 3595 1495 pol-

2029 1507 2204 1562 liceris
2232 1508 2475 1576 exempla
2501 1549 2516 1574 ,
2557 1509 2746 1578 quibus
2776 1511 2972 1565 nullam
3029 1513 3253 1581 patiatur
3280 1528 3467 1569 sensus
3509 1516 3592 1569 in-

2025 1612 2239 1666 Juriam.

2097 1686 2329 1743 CAPUT
2378 1686 2555 1740 1n.-—
2582 1687 2994 1758 Pyrrhichiorum
3024 1700 3291 1745 metrorum
3334 1693 3456 1747 ordo
3481 1702 3527 1748 σε

2684 1799 2942 1839 numerus.

2099 1876 2151 1929 4.
2189 1875 2265 1929 Μ.
2297 1879 2428 1947 Age,
2462 1894 2602 1933 nunc
2628 1879 2814 1933 ordine
2855 1880 2921 1935 de
2962 1880 3045 1935 his
3098 1896 3303 1951 quoque
3348 1885 3589 1939 renuntia

2033 1966 2349 2035 pyrrhichiis
2373 1987 2387 2021 :

2576 2060 2691 2117 quid
2716 2061 2809 2108 erit
2830 2060 2971 2110 homo

2578 2121 2663 2177 Qui
2686 2127 2813 2168 amat
2833 2120 3095 2181 hominem,

2578 2180 2621 2227 si
2645 2188 2774 2229 amet
2796 2182 2845 2228 in
2869 2193 2929 2229 eo

2577 2241 2762 2302 Fragile
2785 2248 2911 2303 quod
2935 2242 3043 2291 est?

2580 2308 2717 2363 Amet
2740 2303 2884 2363 igitur

2580 2362 2791 2410 Animum
2814 2363 3034 2422 hominis,

2578 2427 2630 2470 Et
2653 2424 2745 2471 erit
2767 2423 2909 2471 homo

2579 2482 2760 2545 Aliquid
2785 2496 2963 2533 amans.

2106 2559 2237 2626 Quid
2268 2560 2380 2615 inec
2404 2561 2688 2616 videntur?
2718 2563 2785 2617 D.
2822 2564 2954 2631 Quid
2977 2565 3075 2619 nisi
3102 2565 3411 2621 suavissime
3437 2573 3600 2635 atque

2037 2650 2375 2720 integerrime
2399 2655 2653 2709 currere?
2682 2655 2758 2706 Μ.
2782 2656 2916 2721 Quid
2943 2656 3079 2710 ista?

2556 2749 2708 2791 Bonus
2733 2742 2824 2791 erit
2845 2756 2993 2803 amor,

2554 2805 2713 2851 Anima
2738 2805 2859 2851 bona
2881 2804 2962 2852 sit:

2558 2870 2694 2911 Amor
2720 2865 2966 2922 inhabitat,

2556 2929 2606 2971 Et
2628 2927 2780 2972 anima
2802 2925 2985 2973 domus.

2552 2991 2619 3031 lla
2641 2986 2771 3033 bene
2792 2984 2989 3041 habitat,

2556 3046 2637 3093 Ubi
2660 3046 2783 3093 bona
2805 3044 3000 3104 domus;

2557 3106 2640 3153 L‘bi
2656 3103 2795 3165 mala,
2820 3104 2963 3154 male.

2114 3181 2177 3234 υ.
2208 3182 2376 3236 Etiam
2429 3184 2524 3238 ista
2562 3188 2863 3239 continuata
2914 3186 3218 3241 suavissime
3270 3186 3485 3258 accipio.
3518 3184 3595 3241 Π.

2039 3271 2186 3326 Nunc
2211 3280 2319 3327 tres
2338 3275 2496 3328 semis
2525 3275 2708 3345 pedes,
2740 3275 2857 3329 vide
2890 3292 2903 3326 :

2553 3367 2745 3413 Animus
2766 3366 2969 3413 hominis
2994 3372 3069 3414 est

2560 3426 2673 3473 Mala
2695 3428 2880 3475 bonave
2901 3427 3104 3487 agitans.

2558 3492 2681 3547 Bona
2705 3487 2869 3547 voluit,
2898 3488 3070 3547 habet;

2555 3546 2672 3594 Mala
2696 3546 2863 3605 voluit,
2890 3548 3049 3595 habet.

2110 3627 2176 3681 D.
2212 3628 2334 3684 Hzee
2356 3643 2563 3700 quoque
2589 3630 2895 3698 interposito
2925 3630 3074 3682 unius
3096 3629 3347 3697 temporis
3368 3628 3596 3692 silentia,

2033 3719 2267 3789 jucunda
2297 3728 2439 3773 sunt.
2470 3719 2549 3772 Μ.
2605 3720 2907 3788 Sequuntur
2935 3727 3157 3788 quatuor
3202 3718 3341 3787 pleni
3389 3717 3598 3787 pyrrhi-

2040 3811 2180 3876 chii;
2210 3811 2306 3865 hos
2349 3810 2549 3880 accipe,
2579 3820 2632 3864 et
2653 3809 2867 3877 judica:

2555 3902 2745 3951 Animus
2764 3901 2967 3949 hominis
2986 3901 3085 3961 agit

2551 3968 2608 4012 Ut
2629 3962 2803 4011 habeat
2827 3974 2885 4009 ea
2907 3962 3047 4019 bona,

2551 4024 2730 4081 Quibus
2750 4022 2985 4070 inhabitet
3006 4020 3167 4078 homo,

2557 4082 2675 4131 hihi!
2699 4084 2767 4132 ibi
2787 4082 3033 4131 metuitur.

2114 4166 2179 4218 ι).
2227 4166 2284 4219 ln
2328 4163 2413 4219 his
2445 4180 2654 4234 quoque
2681 4173 2827 4219 certa
2864 4173 2917 4217 et
2944 4162 3175 4231 jucunda
3221 4174 3466 4216 mensura
3499 4165 3598 4214 est.

2046 4256 2123 4310 Μ.
2160 4256 2295 4311 Audi
2332 4256 2441 4325 jam
2481 4271 2622 4311 nunc
2649 4271 2838 4310 novem
2881 4255 3112 4343 sxllabas
3139 4253 3367 4317 breves;
3395 4249 3516 4305 audi
3548 4258 3604 4305 et

2040 4347 2215 4415 judica
2235 4363 2247 4397 ε

2464 4441 2609 4483 Homo
2631 4431 2782 4484 malus
2802 4441 2928 4483 amat
2950 4439 2999 4482 et
3024 4439 3165 4494 eget;

2467 4495 2610 4543 Malus
2632 4495 2813 4542 etenim
2838 4508 2896 4543 ea
2918 4495 3042 4542 bona
3063 4499 3208 4551 exuat,

2466 4553 2584 4603 nihil
2608 4556 2688 4602 ubi
2710 4555 2851 4604 satiat
2875 4566 3005 4603 eum.

2117 4633 2182 4688 Β.
2211 4634 2400 4689 Prome
2426 4650 2566 4689 nunc
2591 4636 2821 4704 quinque
2846 4634 3195 4704 pyrrhichios.
3226 4631 3305 4686 ll.
3342 4670 3343 4673 η

2460 4723 2678 4773 Levicula
2691 4722 2873 4785 fragilia
2894 4724 3034 4785 bona,

2462 4786 2548 4844 Qui
2570 4792 2697 4834 amat
2718 4783 2878 4842 homo,
2893 4784 3112 4833 similiter
3124 4783 3292 4833 habet.

2111 4866 2180 4921 Π.
2207 4866 2321 4922 lam
2368 4866 2470 4921 hoc
2516 4874 2599 4921 sat
2635 4875 2752 4934 est,
2800 4875 2853 4922 et
2882 4866 3083 4935 probo;
3115 4877 3253 4919 nunc
3280 4859 3413 4916 adde
3439 4859 3601 4914 semi-

2038 4958 2249 5029 pedem.
2282 4957 2357 5011 Η.
2390 4957 2599 5013 Faciam
2626 4976 2643 5013 :

2465 5056 2591 5119 Yasa
2610 5046 2736 5119 leris
2758 5045 2943 5119 {rasilis
2964 5046 3104 5119 ιξρειεν
3144 5107 3153 5117 .

2462 5104 2558 5167 Qui
2568 5114 2695 5157 amat
2715 5104 2873 5167 homo,
2896 5104 3064 5156 similis
3085 5107 3178 5155 erit
3200 5107 3289 5155 eis.

2112 5191 2180 5243 ι).
2205 5192 2349 5245 Bene
2370 5204 2589 5260 prorsus
2613 5206 2626 5253 ;
2657 5198 2709 5242 et
2728 5203 2820 5241 sex
2842 5188 2950 5257 jam
2974 5195 3223 5256 exspecto
3248 5184 3592 5258 pyrrhichios.

2042 5283 2120 5339 ll.
2156 5283 2218 5336 Et
2247 5281 2342 5336 hos
2366 5280 2484 5334 audi
2520 5297 2535 5332 :

2460 5374 2585 5439 vasa
2608 5366 2812 5439 ξενίεειιι
2832 5366 3013 5438 resina
3199 5428 3209 5439 .

2459 5427 2550 5487 Qui
2565 5429 2750 5476 adamat
2771 5427 2931 5485 homo,
2954 5427 3121 5477 similis
3143 5428 3236 5476 erit
3257 5427 3347 5476 eis.

2110 5516 2180 5571 ι).
2204 5513 2345 5569 Sitis
2369 5523 2452 5566 est
2480 5529 2494 5573 ;
2540 5510 2675 5564 adde
2710 5510 3051 5579 semipedem.
3084 5509 3161 5565 11.

2462 5604 2620 5654 ﬂuida
2639 5603 2847 5667 loricula
2867 5603 3054 5667 fragilia

2462 5674 2572 5723 Qui?!
2596 5665 2780 5715 adamat
2801 5662 2973 5725 anima',
2996 5663 3166 5715 milis
3188 5664 3281 5716 erit
3301 5662 3393 5717 Cll.

2755 5750 3171 5828 {Trente-st'x.
3180 5752 3210 5820 )
