2059 3185
256 180 320 208 illi

294 235 326 262 Π.
344 234 389 262 Sat
409 238 464 267 est,
479 239 505 261 et
528 233 595 260 bene
614 236 671 264 est;
687 231 720 259 da
745 230 799 266 jam
814 234 915 264 septem
938 228 1040 264 pyrrhi-

260 281 342 308 cliios.
361 280 387 307 Μ
393 298 400 305 .

456 321 565 347 Levieula
575 320 667 352 fragilia
677 319 775 352 gracilia
785 319 858 352 bona,

456 356 511 382 Quae
521 349 737 380 adamat’aniniula,
842 349 889 374 erit
897 350 942 374 eis.

296 394 330 421 1).
346 393 461 422 Accedat
483 392 525 420 his
552 392 684 427 semipes;
707 398 768 418 nam
793 391 843 418 hoc
866 390 1000 425 eleganter
1013 395 1043 415 se

262 439 351 467 habet.
364 438 404 466 Ι.

427 486 490 513 ’1³8³
501 479 686 516 αωαθνιθνξωιιρ
696 478 788 516 ⁵Ὲ8ί¹ί²
798 479 875 516 bona:
897 509 913 516 γ.

426 509 936 542 ᾳιῖεωιθωλιαιιίιιιιιιὲ,ίὶῐεᾶδίωίιίεθὶε.

298 553 332 580 D.
344 552 409 581 Octo
429 552 509 587 pedes
525 552 580 586 jam
601 556 701 579 restare
714 550 801 583 video,
815 554 843 577 ut
853 549 906 584 jam
922 549 985 576 istas
993 548 1043 574 mi-

264 598 350 625 nutias
362 596 514 624 evadamus.
528 596 682 630 Quanquam
706 595 777 622 enim
797 594 943 629 approbent
967 600 1044 620 aures

263 642 374 669 naturali
388 641 501 677 quadam
520 640 685 669 dimensione
704 639 776 675 quod
795 646 891 673 sonas,
913 638 995 665 nolim
1019 642 1045 665 te

263 693 351 715 tamen
365 692 404 715 tot
423 687 518 715 breves
539 686 654 722 syllabas
673 693 809 721 qurerere;
823 692 899 719 quas,
913 684 940 711 ni
959 684 1044 717 fallor,

263 737 401 762 contextus
414 732 533 760 invenire
553 733 579 759 in
603 731 787 766 conjunctione
799 731 940 758 verborum
953 729 1046 757 difﬁci-

264 778 314 805 lius
328 782 387 811 est,
404 785 483 813 quam
505 777 528 805 si
540 778 580 805 eis
594 777 705 804 miseere
724 777 815 811 longas
828 776 930 803 liceret.
947 775 985 802 Μ.
998 775 1046 802 Ni-

264 822 302 850 hil
313 827 339 850 te
350 814 430 857 fallit,
450 827 478 851 et
499 827 528 850 ut
544 822 590 850 tibi
603 822 713 857 probem
725 821 929 857 gratulationem
948 820 1045 853 meam,

264 868 335 903 quod
359 868 421 895 hinc
434 867 574 903 aliquando
593 867 707 894 transire
720 866 912 901 permittimur,
932 870 1046 893 metrum

264 912 335 949 quod
349 916 430 940 restat
443 912 521 947 hujus
537 911 641 945 generis
654 911 783 939 sententia
805 910 923 938 feliciora
936 917 1045 945 compo-

265 958 369 984 uam‘:

357 1001 433 1026 solida
444 1002 506 1026 bona
516 1001 594 1026 bonus
604 1005 675 1030 amat,
684 1004 709 1026 et
722 1007 751 1034 ea
761 1001 802 1034 qui
814 1004 877 1026 amat
887 1001 969 1026 habet.

357 1035 439 1064 Itaque
449 1038 496 1056 nec
507 1035 564 1063 eget
574 1038 649 1061 amor,
662 1035 688 1057 et
699 1037 727 1056 ea
738 1032 800 1056 bona
810 1035 873 1056 Deus
885 1035 930 1057 est.

267 1072 303 1099 D.
318 1073 407 1101 Habeo
428 1073 635 1100 cumulatissime
656 1073 772 1107 perlecta
794 1076 878 1099 metra
892 1072 1045 1108 pyrrhichii.

269 1117 421 1152 Sequuntur
441 1117 565 1149 iambica,
584 1117 630 1144 'de
653 1116 748 1151 quibus
769 1116 834 1143 mihi
858 1116 966 1152 singulis
987 1117 1047 1144 bina

267 1162 387 1197 exempla
400 1162 534 1190 sufﬁciunt
544 1183 552 1196 ,
570 1170 630 1197 qum
650 1162 721 1189 nulla
733 1162 943 1197 interpellatione
957 1162 1048 1190 audire

266 1208 390 1236 delectat.

405 1253 518 1281 CAPUT
540 1253 581 1280 IV.
593 1268 628 1273 ——
637 1253 676 1280 De
687 1258 765 1280 metro
783 1253 898 1281 iambico.

306 1299 333 1326 5.
349 1298 387 1326 Μ.
402 1299 497 1326 Geram
518 1298 563 1325 tibi
584 1306 695 1325 morem.
708 1298 761 1325 Sed
773 1298 822 1325 ista
834 1306 893 1333 quze
910 1298 965 1334 jam
988 1307 1049 1335 per-

268 1344 370 1379 egimus
388 1348 453 1379 quot
465 1343 546 1371 sunt?
560 1343 594 1370 D.
608 1343 819 1377 Quatuordecim.
830 1344 868 1371 Μ.
880 1345 949 1378 Quot
970 1346 1048 1373 etiam

266 1389 378 1416 iambica
400 1388 458 1416 fore
483 1388 587 1416 credis?
606 1388 642 1415 ι).
664 1388 752 1423 Arique
776 1389 986 1423 quatuordecim.
1010 1391 1048 1417 Μ.

266 1434 345 1468 Quid,
357 1434 379 1461 si
392 1434 419 1461 in
433 1433 472 1461 eis
484 1434 562 1461 velim
581 1441 629 1469 pro
653 1434 741 1461 iambo
756 1434 917 1461 tribrachum
929 1442 1028 1469 ponere
1039 1457 1048 1470 ,

267 1487 356 1507 nonne
378 1479 564 1507 multiformior
576 1479 689 1506 varietas
702 1479 769 1507 erit?
781 1479 816 1506 Β.
831 1480 995 1508 Manifestum
1009 1486 1050 1509 est

268 1525 375 1560 quidem
392 1534 399 1551 :
416 1525 463 1552 sed
477 1532 526 1560 ego
538 1524 658 1559 exempla
671 1524 720 1552 ista
732 1524 759 1552 in
771 1525 834 1553 solis
853 1525 947 1553 iambis
959 1526 1050 1555 audire

267 1570 345 1606 cupio
358 1591 366 1605 ,
386 1578 420 1598 ne
431 1570 536 1605 longum
549 1570 678 1597 faciamus
692 1578 699 1596 :
714 1577 762 1605 pro
776 1570 870 1605 quavis
888 1571 959 1598 enim
972 1571 1050 1606 longa

266 1616 365 1651 syllaba
379 1615 445 1643 duas
456 1615 550 1643 breves
562 1622 640 1650 posse
652 1615 735 1650 poni,
750 1615 835 1643 facilis
847 1615 986 1651 disciplina
997 1621 1048 1644 est.

266 1661 304 1688 Μ.
326 1661 430 1689 Faciam
441 1661 511 1696 quod
520 1661 560 1689 vis
570 1682 577 1694 ,
589 1665 747 1696 gratumque
760 1661 845 1689 habeo
858 1662 928 1697 quod
950 1663 1049 1690 intelli-

265 1706 354 1741 gentia
369 1707 477 1741 sequaci
489 1706 588 1733 minuis
598 1706 716 1733 laborem
728 1714 815 1733 meum
828 1715 834 1733 :
848 1706 897 1734 sed
908 1714 998 1735 aurem
1014 1708 1048 1735 ad

266 1750 406 1777 iambicum
420 1750 519 1785 prmbe.
534 1750 568 1777 D.
582 1749 644 1778 Istic
655 1758 730 1783 sum,
744 1750 839 1785 incipe.
852 1750 892 1777 Μ.

265 1797 342 1826 Bonus
351 1795 398 1826 vir,
661 1798 755 1826 Beatus.

265 1824 338 1850 Malus
348 1824 431 1855 miser,
659 1825 707 1849 sibi
720 1825 860 1850 estmalnm.

265 1859 342 1880 Bonus
352 1857 447 1887 beatus,
661 1856 816 1880 Deusbonum
822 1857 883 1887 ejus.

265 1888 342 1911 Bonus
352 1887 438 1911 beatus
449 1889 496 1915 est,

265 1919 343 1942 Bonus
353 1917 389 1941 vir
402 1920 440 1941 est
451 1917 547 1946 beatus,

265 1950 343 1971 Bonus
354 1947 390 1972 vir
402 1950 428 1971 et
438 1947 500 1977 sapit
510 1947 608 1976 bonum,

659 1889 723 1918 Deus
732 1887 821 1910 bonum
833 1887 886 1918 ejus
897 1890 943 1912 est.

660 1917 729 1941 videt
740 1920 814 1941 Deum
825 1917 907 1941 beate.

662 1947 750 1971 videns
759 1950 834 1971 Deum
844 1948 932 1972 beatus
942 1951 989 1973 est.

265 1981 341 2012 ticum
358 1977 442 2012 videre
462 1976 504 2012 qui
524 1976 634 2012 cupiscit,
662 1979 788 2008 nouusque
803 1978 875 2008 vivit,
886 1978 925 2003 hic
937 1978 1034 2003 videbit.

265 2010 353 2032 Bonum
363 2008 449 2032 videre
459 2007 577 2038 quireupit
586 2007 661 2036 diem,

297 2041 374 2062 Bonus
384 2041 416 2062 Sll.
426 2037 476 2067 hic,
486 2037 577 2062 videbit
588 2039 614 2061 et
624 2040 709 2067 Deum.

265 2070 355 2092 nouum
367 2068 450 2092 videre
461 2066 501 2098 qui
510 2068 576 2098 cupit
585 2067 650 2091 diem
660 2066 736 2096 illum,

297 2101 374 2121 bonus
384 2098 416 2122 sit
426 2097 476 2126 hic,
486 2097 577 2123 videbit
588 2101 614 2122 et
624 2101 698 2122 Deum
709 2097 765 2122 illic.

266 2130 352 2162 Beatus
364 2132 401 2152 cst
412 2129 498 2162 bonus,
510 2128 668 2162 lruengenim
679 2132 723 2162 est
729 2131 793 2158 Deo;

298 2157 371 2182 Malus
387 2159 470 2187 miser,
486 2158 531 2182 sed
552 2157 605 2189 ipse
623 2164 694 2189 pecua
710 2158 735 2183 tit
750 2165 801 2183 sua.

267 2190 354 2220 Beatus
364 2192 403 2220 est
414 2189 499 2220 videns
513 2188 602 2220 Deum,
613 2188 754 2220 nihilqupit
770 2189 837 2220 plus;

297 2217 370 2242 Malus
379 2219 468 2245 bonum
480 2219 536 2243 loris
546 2219 658 2250 requirit,
665 2249 668 2250 ν
676 2217 731 2244 bini:

267 2250 353 2281 Beatus
364 2252 402 2281 est
417 2250 501 2274 videns
511 2249 600 2280 Deum,
612 2249 738 2281 nibilboni
755 2249 869 2281 amplius;

297 2278 370 2303 Malus
379 2279 469 2316 bonum
481 2280 538 2304 foris
548 2278 663 2335 requiri}?
674 2279 730 2315 hinc
741 2278 800 2311 eget
803 2278 888 2316 miser.

297 2312 353 2334 atus
364 2313 402 2334 est
412 2310 498 2335 videns
507 2314 593 2335 Deum.
670 2310 728 2335 boni
738 2310 840 2335 amnhus
851 2311 888 2335 vul

266 2311 353 2342 Beatus
364 2313 402 2342 est
412 2310 498 2342 videns
507 2310 594 2340 Deum,
738 2310 840 2341 amplius
851 2311 915 2342 vult;

296 2339 372 2365 Malus
383 2340 441 2372 loris
446 2341 539 2372 bonum
549 2340 667 2372 requirit,
677 2340 734 2372 hinc
748 2339 843 2372 egenus
854 2339 927 2367 errat.

266 2357 737 2407 δοθῖῖᾆ
749 2357 945 2407 ῖιῖἰιὶῖῧὲῧὲῖὲὶς

296 2400 371 2426 Italus
376 2400 436 2427 foris
445 2402 534 2426 bonum
545 2400 657 2433 requirit,
668 2401 724 2426 hinc
735 2400 878 2433 eget‘miser
888 2400 961 2427 bono.

408 2441 523 2471 CAPUT
540 2443 571 2469 V.
586 2442 670 2470 —De
683 2448 762 2471 metro
778 2444 913 2471 trochaica.

301 2487 328 2515 6.
342 2486 377 2515 ι).
391 2487 536 2515 Τι-οειιωιιε
558 2488 687 2523 sequitur,
712 2496 806 2524 prome
820 2489 954 2517 trochaica
968 2497 975 2516 :
992 2497 1052 2517 nam

266 2533 315 2560 ista
336 2540 367 2561 se
379 2532 480 2562 habent
502 2534 612 2569 optime.
634 2533 676 2561 M.‘
689 2533 810 2568 Faciam,
829 2538 856 2562 et
867 2534 960 2562 eodem
974 2536 1054 2563 modo

266 2585 319 2612 quo
333 2578 447 2608 iambiea
461 2588 468 2606 :

264 2623 350 2653 Optimi
661 2628 710 2648 Non
722 2627 805 2655 egent.

266 2654 371 2686 \‘eritate
379 2671 387 2685 ,
663 2658 712 2679 Non
723 2654 826 2686 egetur.

267 2685 358 2716 Veritas
368 2688 405 2710 sat
416 2688 463 2716 est,
663 2685 763 2716 Semper
774 2685 826 2710 haec
835 2688 925 2711 manet.

266 2714 358 2739 Veritas
368 2714 466 2740 vocatur

265 2744 372 2770 Veritate
383 2745 458 2771 factm
469 2749 507 2771 est

267 2775 443 2813 ξῑεξεξείιςεεεωφ
454 2780 538 2813 ωιλαμ
590 2810 595 2813 .
661 2780 750 2813 om"

268 2806 372 2831 Veritate
383 2806 442 2832 facta
452 2810 537 2832 cuncta
543 2810 608 2837 sunt,
662 2806 819 2839 Omniumque
831 2808 903 2832 forma
915 2808 1011 2832 veritas.

300 2846 309 2862 ¹
320 2850 345 2871 in
355 2850 388 2879 8.,
401 2848 515 2880 faciliore.
529 2849 612 2874 Melius
622 2856 676 2875 cum
687 2852 740 2874 Mss.
754 2854 769 2873 Α
782 2853 807 2875 et
820 2854 844 2881 Β,
856 2849 969 2881 felictore.
982 2854 1010 2875 Μ.

660 2718 702 2740 Ars
713 2716 755 2740 Dei
766 2716 881 2747 supremi.

661 2746 763 2782 mundus
769 2747 816 2782 iste
826 2752 905 2782 quem.
910 2746 987 2782 vides.

752 2784 767 2802 e
778 2777 873 2809 gignier
884 2777 1001 2802 videmus.

849 175 892 201 DE
911 172 1045 205 MUSICA,
1065 172 1093 198 S.
1108 169 1289 197 ADGUSTINI

1806 176 1877 205 ΙΙΰῆ

1094 225 1198 248 t'eritate
1210 227 1293 247 cuncta
1305 222 1365 247 facta
1373 229 1454 247 como.

1124 255 1215 278 veritas
1226 257 1316 282 manet,
1329 257 1455 278 moventur
1471 257 1524 279 ista.

1094 286 1199 308 \‘erilate
1211 286 1271 308 laeta
1282 285 1361 308 cernis
1372 285 1459 313 omnia,

1124 316 1216 338 Veritas
1228 318 1317 343 manet,
1330 317 1456 338 moventur
1467 315 1555 339 omnia.

1094 346 1199 369 veritate
1211 345 1272 368 laeta
1283 345 1363 369 cernis
1430 348 1524 374 cuncta,

1125 376 1216 399 veritas
1226 379 1307 399 tamen
1318 378 1408 403 manet,
1421 380 1546 399 moventur
1557 379 1611 400 ista.

1094 405 1200 429 veritate
1213 406 1272 428 facta
1284 408 1367 429 cuncta
1375 405 1455 428 cernis
1465 406 1565 435 optime,

1125 435 1217 459 veritas
1228 439 1318 465 manet,
1330 439 1457 460 moventur
1468 436 1530 465 haec,
1542 436 1586 461 sed
1597 436 1690 461 ordine.

1095 466 1200 489 veritate
1209 466 1268 490 facta
1279 469 1363 490 cuncta
1374 467 1454 490 cernis
1464 466 1580 496 ordinata,

1126 497 1217 519 Veritas
1223 500 1312 523 manet,
1321 502 1411 520 novaus
1422 499 1502 520 movet
1513 496 1576 523 quod
1587 497 1721 521 innovatur.

1096 526 1201 550 Veritate
1213 526 1273 550 facta
1284 530 1367 550 cuncta
1375 530 1439 555 sunt,
1453 530 1478 551 et
1489 526 1596 551 ordinata
1606 532 1672 557 sunt,

1127 557 1218 580 Veritas
1230 560 1301 581 novat
1312 563 1421 585 manens,
1434 561 1559 581 moventur
1571 561 1598 581 ut
1608 560 1726 581 noventur
1737 557 1798 583 huic.

1096 587 1201 610 \‘eritate
1213 586 1273 610 facta
1284 591 1367 611 cunt-ta
1379 591 1442 617 sunt,
1456 591 1481 611 et
1491 587 1597 611 ordinata
1608 592 1700 616 cuncta,

1124 618 1218 641 Veritas
1229 624 1329 641 manens
1340 621 1421 646 novat,
1432 622 1558 642 moventur
1570 622 1597 642 ut
1610 622 1729 642 noventur
1740 619 1794 644 ista.

1235 669 1346 696 CAPUT
1356 668 1400 696 Vl.
1409 667 1446 689 ὲ-
1454 669 1493 696 De
1504 674 1585 696 metro
1594 670 1740 705 spondiazon.

1133 724 1159 750 7.
1174 723 1207 750 ι).
1223 724 1374 758 Spondeum
1400 725 1474 759 sequi
1486 725 1563 752 video
1578 733 1586 751 :
1613 732 1674 752 nam
1701 729 1728 753 et
1746 726 1883 755 trocbmui

1097 768 1161 796 satis
1173 768 1280 796 auribus
1290 768 1361 797 fecit.
1376 768 1415 795 Μ.
1430 769 1492 796 Haac
1506 769 1568 796 sunt
1581 774 1666 797 metra
1684 771 1795 805 spondei
1809 780 1817 798 :

1489 825 1602 849 Libertas.

1490 856 1623 880 Libertatis.

1097 827 1233 856 Magnorum
1244 828 1292 855 est,

1098 858 1205 884 Magnum
1218 859 1256 879 est
1267 862 1353 879 munus

1098 883 1164 909 soliis
1175 885 1237 909 liber
1248 885 1282 915 ﬁt,

1097 915 1165 939 solus
1175 915 1236 939 liber
1250 917 1316 946 vivit,

1098 946 1164 969 Solus
1176 946 1236 970 liber
1249 953 1306 970 vere
1318 945 1352 975 (lt,

1097 975 1165 1000 Solus
1176 976 1238 1000 liber
1250 983 1310 1000 vere
1322 977 1389 1006 vivit,

1098 1006 1164 1031 soliis
1176 1007 1237 1031 liber
1250 1014 1296 1030 non
1307 1006 1365 1030 falso
1376 1007 1441 1036 vivit,

1128 1037 1170 1065 Qui
1178 1038 1271 1067 erroris
1278 1036 1381 1061 vinclum
1389 1038 1437 1067 jam
1449 1037 1547 1062 devicit.

1098 1067 1169 1102 Solus.
1177 1066 1238 1091 liber
1247 1068 1303 1102 jure
1313 1074 1342 1102 ac
1351 1066 1411 1091 vere
1422 1068 1489 1097 vivit,

1128 1097 1272 1128 Quirerroris
1283 1097 1386 1122 vinclum
1398 1104 1498 1128 magnus
1509 1097 1605 1122 devicit.

1098 1127 1164 1152 Solus
1176 1127 1237 1151 liber
1246 1128 1301 1158 jure
1312 1134 1340 1152 ac
1351 1135 1397 1152 non
1410 1127 1467 1151 lalso
1478 1128 1544 1157 vivit,

1128 1159 1170 1186 Qui
1183 1159 1271 1182 erroris
1281 1158 1383 1182 vinclum
1396 1158 1514 1182 funestum
1526 1159 1622 1183 devicit.

1099 1188 1165 1212 Solus
1177 1188 1238 1212 liber
1247 1190 1303 1219 jure
1314 1195 1342 1219 ac
1352 1196 1410 1219 vere
1424 1195 1523 1219 magnus
1535 1189 1600 1217 vivit,

1129 1219 1172 1249 Qui
1184 1220 1273 1243 erroris
1285 1218 1385 1243 vinclum
1397 1218 1517 1242 funestum
1527 1220 1575 1249 jam
1586 1219 1682 1244 devicit.

1099 1248 1165 1273 Solus
1175 1248 1238 1272 liber
1246 1250 1301 1279 jure
1312 1256 1342 1280 ac
1351 1256 1397 1272 non
1410 1249 1468 1273 falso
1481 1248 1581 1280 magnus
1592 1251 1657 1279 vivit,

1129 1279 1171 1307 Qui
1179 1278 1273 1309 erroris
1284 1278 1386 1303 vinclum
1398 1278 1634 1309 lunesluiu‘prudens
1644 1280 1741 1305 devicit.

1099 1308 1166 1333 Solus
1178 1308 1239 1333 liber
1248 1310 1304 1340 jure
1316 1316 1342 1333 ac
1354 1316 1401 1333 non
1409 1309 1467 1334 l'also
1486 1308 1586 1333 securus
1599 1311 1664 1339 vivit,

1129 1341 1273 1371 putet-roris
1284 1340 1386 1364 vinclum
1399 1344 1518 1371 maestum
1527 1341 1632 1370 prudens
1639 1341 1689 1371 jam
1699 1340 1797 1366 devicit.

1099 1369 1166 1394 Solus
1176 1369 1237 1394 liber
1247 1371 1301 1399 jure
1313 1377 1342 1401 ac
1352 1377 1399 1393 non
1411 1370 1468 1394 lalso
1479 1369 1578 1394 securus
1585 1371 1634 1401 jam
1640 1369 1712 1400 ‘vivit,

1129 1401 1272 1431 Qui‘erroris
1284 1400 1386 1425 vinclum
1399 1404 1486 1424 tetrum
1498 1407 1525 1424 ac
1536 1400 1655 1425 maestum
1668 1401 1772 1431 prudens
1785 1401 1879 1427 devicit

1098 1430 1166 1454 Solus
1175 1429 1237 1454 liber
1247 1431 1301 1460 jure
1313 1437 1339 1454 ac
1351 1438 1397 1454 non
1409 1431 1467 1455 falso
1478 1438 1587 1455 securam
1598 1429 1673 1455 vitam
1680 1432 1747 1461 vivit,

1130 1461 1172 1489 oui
1184 1462 1274 1485 erroris
1286 1461 1389 1485 vinclum
1401 1465 1490 1485 tetrum
1501 1468 1528 1486 ac
1540 1462 1660 1486 limestuni
1671 1462 1777 1497 prudens
1785 1463 1834 1498 jam
1843 1462 1880 1487 de

1750 1497 1815 1518 νιαι.

1189 1531 1301 1559 CAPUT
1313 1531 1369 1559 Vll.
1383 1547 1419 1552 —
1432 1531 1563 1559 Tribrachi
1574 1536 1652 1559 metra
1662 1537 1722 1568 quot
1734 1533 1795 1560 sint.

1135 1586 1162 1614 8.
1175 1585 1211 1613 D.
1226 1586 1280 1614 Nec
1295 1587 1327 1615 de
1349 1587 1467 1622 spondeo
1484 1587 1569 1615 habeo
1581 1588 1651 1623 quod
1670 1589 1803 1623 requiram
1814 1610 1823 1623 ,
1836 1597 1880 1617 νε·-

1100 1632 1203 1660 niamus
1220 1632 1254 1660 ad
1267 1633 1438 1660 tribrachum.
1455 1632 1494 1660 Μ.
1510 1633 1548 1660 Ita
1561 1641 1635 1661 vero.
1655 1634 1708 1662 Sed
1718 1642 1779 1661 cum
1791 1642 1885 1662 omnes

1100 1682 1212 1713 quatuor
1223 1678 1373 1713 superiores
1387 1678 1478 1713 pedes,
1492 1678 1525 1706 de
1536 1678 1632 1714 quibus
1644 1679 1743 1706 dictum
1756 1684 1807 1713 est,
1820 1687 1884 1715 qua~

1100 1723 1229 1751 tuordena
1242 1728 1325 1751 metra
1343 1724 1513 1759 pepererint,
1534 1732 1593 1759 qua:
1614 1724 1680 1752 llunt
1693 1725 1771 1752 simul
1791 1733 1838 1753 sex
1858 1730 1885 1753 et

1100 1768 1306 1803 quinquaginta,
1323 1769 1397 1803 plura
1411 1773 1474 1796 sunt
1497 1768 1673 1804 eispectanda
1686 1770 1719 1797 de
1740 1770 1885 1798 tribracbo.

1101 1813 1130 1841 In
1143 1814 1195 1841 illis
1206 1814 1277 1841 enim
1299 1822 1359 1841 cum
1382 1815 1495 1849 spatium
1509 1815 1650 1850 semipedis
1662 1816 1689 1843 in
1708 1817 1813 1844 silentio
1826 1822 1886 1851 est,

1101 1859 1159 1894 plus
1174 1866 1225 1886 una
1239 1859 1338 1895 syllaba
1351 1867 1404 1886 non
1419 1859 1530 1887 siletur:
1544 1861 1570 1888 in
1584 1861 1636 1889 hoc
1655 1866 1743 1889 autem
1756 1870 1815 1889 cum
1828 1863 1886 1890 sile-

1102 1911 1175 1937 mus,
1188 1911 1252 1931 num
1262 1911 1355 1931 censes
1366 1905 1443 1932 unius
1454 1905 1542 1932 brevis
1553 1905 1661 1941 syllaba:
1673 1906 1759 1941 spatio
1771 1912 1887 1934 tantum-

1102 1948 1181 1976 modo
1194 1948 1268 1976 sileri
1290 1953 1413 1984 oportere
1423 1969 1432 1982 ,
1456 1957 1489 1976 an
1515 1953 1542 1977 et
1556 1950 1667 1977 duarum
1679 1951 1797 1979 brevium
1811 1959 1887 1980 mora

1102 1993 1207 2020 silentio
1219 1993 1348 2021 contineri
1371 1994 1474 2029 potest?
1490 1994 1703 2030 quandoquidem
1715 2003 1794 2023 nemo
1807 1996 1888 2024 dubi-

1103 2037 1198 2064 taverit
1210 2038 1340 2073 duplicem
1351 2037 1429 2072 hujus
1440 2045 1500 2066 esse
1522 2038 1696 2067 divisionem:
1709 2047 1823 2076 namque
1841 2045 1889 2070 aut

1102 2083 1135 2109 ab
1150 2090 1201 2110 una
1225 2083 1334 2118 incipit,
1353 2087 1381 2110 et
1399 2083 1488 2110 ﬁnitur
1501 2083 1534 2110 ad
1555 2083 1636 2117 duas;
1655 2089 1701 2111 aut
1711 2089 1803 2112 contra
1819 2086 1887 2113 inci-

1103 2128 1206 2163 piensa
1226 2128 1346 2162 duabus,
1365 2136 1418 2156 una
1442 2129 1608 2156 terminatur.
1631 2130 1719 2163 Quare
1743 2131 1815 2158 hunc
1839 2139 1889 2158 ne~

1102 2179 1177 2200 cesse
1189 2176 1230 2199 est
1243 2172 1334 2207 viginti
1349 2177 1376 2200 et
1392 2181 1471 2200 unum
1488 2177 1571 2200 metra
1586 2181 1736 2208 procreare.
1750 2174 1784 2201 ι).
1800 2175 1889 2203 Veris-

1103 2217 1199 2244 simum
1210 2220 1261 2244 est.
1277 2217 1342 2244 Nam
1355 2217 1483 2252 incipiunt
1495 2225 1510 2244 a
1523 2222 1636 2253 quatuor
1646 2219 1778 2252 brevibus,
1794 2224 1823 2247 ut
1835 2220 1889 2248 duo

1491 886 1533 914 Qui
1546 892 1653 910 errorem
1665 886 1745 910 vincit.

1490 916 1532 944 Qui
1544 922 1651 940 errorem
1660 916 1708 946 jam
1721 917 1784 940 vicit.

1489 947 1530 974 Qui
1543 948 1632 971 erroris
1642 946 1745 970 vinclum
1755 947 1820 972 vidt.

1494 978 1537 1005 Qui
1549 978 1639 1002 erroris
1644 976 1746 1001 vinclum
1754 978 1804 1008 jam
1815 978 1882 1004 vict.

1104 2266 1222 2297 tempora
1244 2263 1384 2290 sileamus:
1400 2263 1496 2290 deinde
1516 2264 1632 2299 quinque
1646 2269 1724 2298 sunt,
1747 2266 1791 2293 ubi
1807 2274 1889 2294 unum

1103 2307 1211 2335 silemus
1226 2316 1232 2334 :
1248 2308 1326 2334 tertio
1342 2315 1388 2335 sex
1399 2329 1406 2340 ,
1420 2308 1466 2336 ubi
1480 2308 1547 2335 nihil
1572 2309 1703 2337 silendum
1715 2314 1758 2337 est
1771 2319 1778 2337 :
1792 2315 1889 2345 quarto

1103 2357 1203 2387 septem
1213 2373 1221 2386 ,
1235 2353 1279 2380 ubi
1292 2360 1385 2380 rursus
1405 2353 1459 2380 duo
1477 2358 1596 2390 tempora
1609 2355 1711 2382 silenda
1725 2360 1787 2383 sunt
1803 2365 1810 2383 :
1825 2356 1889 2384 inde

1103 2402 1172 2431 octo,
1189 2398 1233 2425 ubi
1249 2406 1330 2425 unum
1345 2407 1351 2425 :
1366 2403 1441 2425 sexto
1461 2404 1576 2432 novem',
1601 2400 1645 2427 ubi
1669 2400 1779 2428 nullum.
1800 2402 1889 2436 Atque

1104 2442 1139 2470 ita
1152 2450 1212 2470 cum
1231 2443 1341 2478 singula:
1362 2443 1504 2476 adduntur,
1521 2444 1606 2471 donec
1618 2444 1651 2471 ad
1669 2445 1761 2481 viginti
1775 2450 1890 2481 quatuor

1104 2488 1217 2524 syllabas
1240 2488 1379 2521 veniatur,
1407 2488 1452 2523 qui
1473 2493 1533 2516 octo
1552 2493 1614 2516 sunt
1631 2490 1774 2524 tribraclii,
1795 2490 1890 2525 viginti

1104 2541 1184 2560 unum
1199 2533 1307 2560 omnino
1329 2537 1413 2560 metra
1434 2533 1611 2568 complentur.
1627 2534 1665 2561 Μ.
1684 2535 1891 2569 Expeditissime

1104 2577 1233 2604 rationem
1255 2581 1360 2604 secutus
1383 2577 1493 2605 eszsed
1515 2585 1643 2606 censesne
1654 2578 1755 2613 ubique
1777 2586 1793 2606 a
1811 2580 1890 2607 nobis

1105 2622 1224 2657 exempla
1247 2629 1306 2650 esse
1319 2622 1482 2657 promenda;
1503 2630 1537 2650 an
1559 2631 1590 2651 ea
1615 2631 1674 2659 qua:
1701 2624 1755 2651 illis
1776 2628 1892 2660 quatuor

1106 2667 1197 2702 primis
1211 2666 1324 2702 pedibus
1334 2667 1506 2702 subjecimus,
1526 2669 1591 2695 satis
1601 2668 1745 2704 putandum
1762 2674 1803 2696 est
1816 2669 1892 2696 lumi-

1106 2713 1147 2739 nis
1160 2712 1264 2740 cazteris
1283 2720 1342 2740 esse
1356 2713 1516 2748 praebitura?
1539 2714 1573 2740 D.
1590 2714 1649 2743 Meo
1667 2714 1772 2750 quidem
1789 2715 1892 2749 judicio

1106 2757 1180 2785 satis.
1195 2757 1233 2784 M.
1244 2757 1298 2785 Nec
1309 2765 1359 2792 ego
1371 2765 1441 2785 nunc
1450 2758 1521 2785 aliud
1535 2759 1640 2795 requiro
1651 2767 1729 2795 quam
1742 2764 1825 2787 tuum.
1838 2759 1892 2787 Ve-

1106 2807 1254 2830 rumtamen
1269 2803 1393 2838 quoniam
1407 2803 1462 2839 jam
1485 2804 1585 2839 optime
1607 2806 1660 2834 scis
1681 2805 1708 2832 in
1731 2805 1892 2841 pyrrhichiis

1109 2848 1200 2876 metris
1209 2853 1308 2877 mutato
1316 2849 1408 2884 plausu
1413 2857 1495 2885 "posse
1505 2850 1650 2878 tribrachos
1658 2851 1758 2886 percuti
1768 2860 1775 2885 ;
1789 2858 1891 2886 quaero,
