2059 3185
205 160 274 188 MSS

205 221 292 244 utrum
305 214 452 251 pyrrhichii
462 215 578 250 primum
589 218 701 242 marum
713 212 797 248 possit
805 212 885 239 etiam
901 210 992 237 tribra-

203 260 248 288 chi
258 264 373 288 metrum
385 259 494 287 habere.
508 259 543 286 ι).
561 258 619 286 Non
631 261 719 293 potest
732 256 837 291 :majus
845 255 915 283 enim
932 262 991 282 mc-

204 311 274 334 trum
284 309 389 340 oportet
400 312 460 333 esse
473 312 552 339 quam
566 303 670 340 pedem.
687 303 725 330 M.
736 302 813 336 Quid,
828 299 991 329 secundum?

203 351 238 377 ι).
253 351 432 378 Potesnuam
447 350 539 377 breves
556 354 668 384 quatuor
683 347 824 383 pyrrhichii
839 347 892 374 duo
910 350 988 378 sunt,

204 396 355 423 tribrachus
377 402 445 422 unus
459 399 486 422 et
509 394 622 428 semipes
634 414 641 426 ,
656 394 691 420 ita
708 398 736 420 ut
754 392 789 419 ibi
805 392 904 419 nullum
917 411 924 423 ,
948 390 990 418 hic

204 441 256 469 duo
272 446 389 475 tempora
400 441 534 468 sileamus.
547 440 584 466 Μ.
600 439 699 466 Mutato
712 438 791 473 igitur
804 438 898 472 plausu
910 436 990 464 habes

204 486 230 513 in
241 485 404 521 pyrrhichiis
417 485 498 512 etiam
512 484 637 512 tribrachi
658 483 778 517 exempla
793 489 875 517 usque
885 481 918 508 ad
928 488 989 508 sex-

204 532 291 559 decim
304 530 420 566 syllabas
430 551 438 564 ,
453 530 479 557 id
501 534 542 557 est
555 537 638 564 usque
661 529 694 555 ad
713 529 829 563 quinque
842 527 989 555 tribrachos

204 581 231 604 ct
241 577 402 611 semipedem
413 597 421 609 ,
438 576 532 611 quibus
551 575 632 603 debes
649 582 708 602 esse
720 578 879 601 contentus:
894 577 989 599 canora

203 624 274 650 enim
299 628 374 657 potes
392 622 434 649 vel
454 629 520 650 voce
543 622 584 649 vel
607 622 695 655 aliquo
718 621 810 655 plausu
826 627 874 654 per
894 619 989 652 teipse

202 673 355 695 contexere.
369 668 397 695 Si
408 672 496 695 tamen
511 667 597 695 adhuc
610 667 712 693 aurium
726 674 806 693 sensu
815 665 989 700 explorandos

203 714 385 748 hujuscemodi
398 721 526 740 numeros
537 713 683 740 arbitraris.
701 712 735 739 D.
751 712 855 739 Faciam
865 711 988 747 equidem

203 759 274 794 quod
286 758 417 786 videbitur
431 768 437 786 :
449 759 585 786 videamus
597 766 656 793 qua:
670 762 780 785 restant.

376 804 488 831 CAPUT
512 804 623 831 Vlll.——
645 803 683 830 De
701 803 810 838 dactylo.

236 847 263 874 9.
282 847 319 874 M.
333 848 459 883 Dactylus
472 848 605 882 sequitur,
623 848 667 882 qui
685 848 767 874 semel
788 847 869 874 dividi
891 851 986 881 potest.

203 894 242 920 An
255 893 332 920 aliter
345 894 443 927 putas?
457 893 490 919 Ι).
507 894 562 920 lmo
579 894 613 920 ita
631 898 682 920 est.
698 894 726 920 Μ
731 914 736 920 .
752 894 837 926 Quota
856 901 919 928 ergo
931 893 988 927 ejus

201 947 262 974 pars
281 944 367 974 potest
381 947 440 967 esse
451 940 477 966 in
490 940 617 967 silentio?
638 940 672 966 ι).
694 940 806 966 Dimidia
819 939 930 967 scilicet.
946 939 975 965 Μ
978 959 985 966 .

202 984 286 1018 Quid,
306 985 329 1012 si
348 990 407 1019 post
432 985 566 1020 dactylum
594 984 712 1012 trochaeo
737 985 899 1017 constituto,
923 985 988 1011 velit

200 1031 330 1065 quispiam
341 1031 421 1058 silere
444 1039 523 1057 unum
540 1036 657 1065 tempus,
675 1030 745 1065 quod
760 1031 785 1056 in
800 1030 872 1057 brevi
887 1031 986 1065 syllaba

201 1076 305 1122 dactylo
318 1076 429 1104 debetur
443 1076 592 1111 implendo?
605 1076 667 1111 quid
680 1076 916 1110 respondebimus?
928 1076 987 1103 Non

201 1121 272 1148 enim
286 1128 425 1156 possumus
439 1122 528 1157 dicere
546 1122 633 1148 minus
644 1129 725 1157 quam
744 1121 858 1156 spatium
871 1121 986 1155 semipe-

200 1167 242 1194 dis
256 1167 328 1194 sileri
342 1175 394 1194 non
408 1172 541 1202 oportere.
556 1168 633 1194 Ratio
647 1168 716 1195 enim
733 1166 854 1202 superius
875 1170 986 1194 tractata

201 1221 253 1240 non
270 1214 371 1246 minus,
385 1214 432 1241 sed
447 1214 558 1248 amplius
575 1221 652 1248 quam
665 1214 808 1248 semipedis
826 1217 931 1247 tempus
948 1212 986 1240 si-

201 1258 306 1286 lendum
319 1266 371 1286 non
385 1266 444 1286 esse
454 1262 630 1294 persuaserat.
642 1258 706 1285 Nam
714 1259 802 1292 utique
812 1258 897 1284 minus
907 1265 985 1291 quam

201 1304 316 1339 semipes
335 1305 427 1331 siletur
446 1304 473 1331 in
492 1304 662 1336 choriambo,
679 1303 722 1330 ubi
733 1307 792 1338 post
806 1303 892 1337 ipsum
906 1303 986 1330 chor-

201 1350 318 1377 iambum
341 1350 466 1376 bacchius
489 1350 642 1382 collocatur,
658 1350 733 1383 cujus
754 1349 904 1383 exemplum
926 1353 985 1382 est,

202 1395 342 1423 Fonticola:
354 1396 453 1430 puellm.
470 1396 552 1423 Unius
571 1395 641 1423 enim
666 1395 752 1423 brevis
774 1395 880 1430 syllabae
901 1395 987 1429 spatio

202 1442 245 1469 hic
257 1450 306 1469 nos
320 1442 397 1469 silere
410 1442 548 1476 cognoscis
557 1462 565 1474 ,
583 1440 653 1476 quod
667 1448 712 1467 sex
729 1441 890 1475 temporibus
903 1440 986 1467 debc~

203 1494 244 1515 tur
256 1488 407 1523 implendis.
432 1488 465 1513 D.
488 1488 585 1515 Verum
610 1487 685 1513 dicis.
704 1486 740 1513 Μ.
755 1487 903 1513 Constituto
924 1494 987 1521 ergo

202 1534 319 1561 trochteo
334 1537 394 1568 post
402 1533 544 1568 dactylum,
561 1532 683 1559 licebitne
697 1532 775 1559 etiam
788 1539 868 1558 unum
884 1536 987 1566 tempus

201 1579 300 1607 silere?
313 1579 347 1605 ι).
364 1578 400 1605 Ita
413 1586 494 1613 cogor
516 1578 601 1605 fateri.
622 1577 659 1603 Μ.
673 1577 736 1610 Quis
750 1582 774 1603 te
789 1577 893 1603 tandem
907 1584 986 1611 coge-

202 1629 259 1657 ret,
273 1624 296 1651 si
321 1624 486 1651 meminisscs
507 1623 695 1657 superiorum?
709 1622 763 1648 lloc
775 1622 844 1648 enim
860 1622 906 1648 tibi
919 1622 987 1648 acci-

201 1669 256 1702 dit,
269 1668 339 1703 quod
346 1669 381 1695 de
391 1667 564 1695 inditl‘ercntia
578 1667 676 1693 ultima:
687 1666 803 1701 syllabte,
816 1671 843 1693 et
855 1666 986 1700 quomodo

203 1715 253 1742 sibi
267 1715 386 1742 ultimam
399 1714 504 1748 longam
519 1713 653 1740 vindicent
667 1720 744 1739 aures
753 1733 760 1744 ,
776 1712 819 1738 ubi
832 1716 914 1738 restat
927 1719 986 1746 spa-

204 1762 269 1788 tium
278 1768 331 1796 quo
341 1761 500 1796 porrigatur,
514 1758 617 1786 etiamsi
638 1758 724 1785 brevis
739 1758 787 1791 sit,
803 1757 866 1792 quid
878 1757 986 1784 demon—

204 1811 316 1834 stratum
331 1806 409 1833 fuerit
430 1805 527 1832 oblitus
540 1812 578 1831 es.
595 1804 628 1829 D.
641 1803 699 1831 Jam
713 1803 830 1837 intelligo
842 1811 848 1828 ε
862 1810 923 1829 nam
937 1802 987 1828 uti-

202 1860 253 1886 que
267 1852 289 1878 si
317 1851 436 1878 ultimam
463 1850 589 1885 syllabam
606 1849 723 1881 brevem,
741 1848 845 1883 quando
858 1852 939 1875 restat
951 1848 987 1874 si-

203 1897 329 1928 lentium,
358 1897 462 1930 longam
485 1903 562 1921 aures
591 1894 739 1928 accipiunt,
765 1894 834 1921 sicut
851 1894 987 1927 superiore

202 1943 304 1969 ratione
315 1941 493 1975 exemplisque
503 1941 687 1974 cognovimus;
697 1940 761 1966 nihil
772 1940 889 1966 intererit
899 1944 985 1966 utrum

203 1992 263 2023 post
279 1987 410 2021 dactylum
421 1987 561 2017 trochaaus,
577 1994 609 2011 an
619 1986 752 2020 spondeus
765 1986 874 2012 locetur.
887 1987 985 2019 Quam-

201 2033 295 2060 obrem
318 2039 378 2057 cum
396 2031 517 2065 repetitio
537 2031 722 2065 distinguenda
731 2031 835 2057 silentio
843 2036 892 2063 est,
908 2039 985 2058 unam

204 2079 309 2112 longam
333 2076 459 2111 syllabam
474 2080 577 2110 oportet
591 2079 651 2109 post
669 2075 799 2110 dactylum
820 2084 918 2109 ponere
932 2097 939 2108 ,
959 2081 987 2103 ut

206 2124 321 2150 duorum
336 2126 481 2156 temporum
501 2121 587 2155 spatio
602 2121 735 2147 sileamus.
752 2121 791 2147 M.
806 2121 872 2154 Quid
885 2122 906 2148 si
925 2130 986 2157 pyr-

204 2169 323 2195 rhichius
338 2171 450 2202 ponatur
462 2171 521 2201 post
533 2167 664 2202 dactylum
677 2187 683 2198 ,
699 2171 804 2194 rectene
817 2167 871 2194 ﬁeri
892 2169 987 2202 putas?

205 2214 238 2241 D.
252 2214 308 2242 Non
320 2217 410 2240 recte:
426 2221 486 2239 nam
500 2217 587 2239 utrum
610 2212 678 2239 idem
693 2213 743 2244 sit,
764 2220 797 2239 an
808 2212 909 2239 iambus
920 2234 927 2245 ,
946 2214 986 2240 ni~

205 2260 242 2286 hil
256 2260 365 2287 interest
380 2268 386 2285 :
398 2258 526 2293 siquidem
544 2265 593 2292 pro
602 2258 688 2284 iambo
702 2252 762 2285 eum
776 2265 884 2286 necesse
898 2263 937 2286 est
950 2268 989 2286 ac-

205 2305 256 2339 cipi
274 2309 383 2339 propter
405 2304 536 2335 ultimam,
553 2311 630 2337 quam
647 2303 751 2337 longam
772 2304 880 2338 exigunt
894 2312 986 2337 aures,

206 2350 267 2384 quia
288 2353 370 2376 restat
395 2349 539 2376 silentium.
554 2348 671 2375 lambum
690 2353 776 2375 autem
800 2357 852 2376 non
866 2354 988 2383 oportere

206 2395 267 2430 poni
280 2400 340 2429 post
350 2394 493 2429 dactylum,
507 2399 613 2428 propter
621 2394 798 2421 diversitatem
814 2395 950 2422 levationis
963 2400 989 2423 et

207 2437 345 2476 positionis
354 2461 362 2474 ,
376 2448 485 2475 quarum
496 2444 614 2467 neutram
626 2444 729 2474 oportet
741 2440 767 2466 in
777 2440 882 2475 dactylo
892 2441 989 2469 habere

207 2486 258 2512 tria
276 2490 408 2520 tempora,
423 2485 482 2519 quis
494 2492 547 2511 non
561 2485 707 2519 intelligat?

395 2530 506 2557 CAPUT
531 2530 574 2556 IX.
586 2544 620 2549 ——
633 2529 671 2556 De
683 2530 795 2556 bacchio.

242 2576 287 2604 10.
303 2575 342 2602 Μ.
358 2575 462 2609 Optime
474 2574 582 2601 omnino
600 2580 677 2609 atque
688 2575 845 2608 sequacitcr.
862 2576 914 2603 Sed
929 2577 989 2611 quid

208 2622 256 2649 tibi
267 2621 372 2648 tandem
385 2620 489 2647 videtur
501 2619 534 2646 de
544 2620 695 2653 anapcesto?
706 2627 739 2646 an
751 2620 842 2646 eadem
853 2621 920 2647 ratio
933 2622 991 2648 est?

207 2666 244 2693 D.
260 2666 374 2693 Prorsus
393 2665 495 2691 eadem.
512 2663 549 2690 M.
566 2664 622 2690 lam
637 2671 700 2697 ergo
719 2664 854 2691 bacchium
868 2666 991 2693 conside-

208 2717 312 2742 remus,
328 2710 350 2737 si
362 2710 463 2744 placet,
478 2713 504 2736 et
517 2708 559 2736 dic
574 2708 638 2735 mihi
653 2708 723 2743 quod
736 2709 849 2743 primum
862 2709 919 2744 ejus
933 2718 990 2738 me-

211 2761 280 2783 trum
293 2759 344 2783 est.
362 2755 395 2781 ι).
414 2755 531 2788 Quatuor
550 2754 664 2790 syllabas
676 2759 739 2788 puto
753 2762 826 2788 csse,
840 2763 919 2782 unam
933 2756 992 2783 bre—

209 2809 279 2833 vem,
296 2805 324 2828 et
339 2805 392 2828 tres
411 2801 516 2835 longas,
531 2808 639 2834 quarum
653 2799 711 2826 duae
727 2800 760 2827 ad
774 2800 910 2827 bacchium
930 2809 991 2835 per-

210 2848 312 2882 tinent,
325 2855 376 2874 una
392 2854 456 2874 vero
478 2846 568 2874 ultima
586 2846 619 2873 ad
640 2846 832 2874 inchoationem
845 2847 901 2882 ejus
918 2849 992 2882 pedis

868 153 972 183 LIBER
989 151 1160 188 QUARTUS.

1760 154 1829 184 il"

1043 209 1089 244 qui
1107 215 1167 236 cum
1179 208 1290 236 bacchio
1301 208 1363 244 poni
1376 204 1482 244 potest;
1495 213 1527 236 ut
1539 209 1566 236 id
1580 210 1651 244 quod
1668 210 1693 237 ei
1705 210 1828 242 debetur,

1043 254 1079 281 sit
1098 254 1124 281 in
1144 253 1250 281 silentio
1265 262 1272 281 :
1288 254 1316 281 in
1328 253 1416 289 aliquo
1429 258 1516 281 tamen
1525 255 1647 289 exemplo
1668 255 1763 283 vellem
1777 256 1829 283 hoc

1043 298 1153 327 auribus
1174 299 1322 334 explorare.
1337 298 1376 326 ιι.
1402 299 1492 328 Facile
1516 299 1623 334 quidem
1642 304 1684 327 est
1706 300 1827 336 exempla

1042 344 1189 380 subjicere,
1203 344 1299 380 quibus
1312 349 1403 373 tamen
1421 352 1475 372 non
1489 349 1514 373 te
1528 345 1642 372 arbitror
1654 345 1690 372 ita
1703 349 1733 372 ut
1746 352 1828 381 sape.

1041 389 1160 417 rioribus
1173 397 1254 425 posse
1263 389 1390 417 delectari
1402 398 1409 417 :
1420 397 1482 417 nam
1496 390 1540 417 isti
1555 390 1664 425 quinum
1677 394 1826 425 temporum

1042 435 1138 471 pedes,
1150 440 1179 463 ut
1190 436 1270 464 etiam
1280 440 1420 472 septenum
1429 456 1437 469 ,
1448 444 1503 464 non
1516 440 1569 464 tam
1582 437 1698 464 suaviter
1704 442 1827 470 currunt,

1041 490 1121 517 quam
1145 483 1163 510 ii
1176 483 1222 518 qui
1241 486 1288 510 aut
1306 484 1333 510 in
1357 489 1447 518 aquas
1461 486 1549 517 partes
1560 482 1722 514 dividuntur,
1737 486 1783 510 aut
1799 482 1826 510 in

1036 528 1164 563 simplam
1179 532 1207 556 et
1214 528 1323 564 duplam
1332 548 1343 562 ,
1355 527 1399 556 vel
1411 528 1439 556 in
1451 528 1558 563 duplam
1568 532 1595 555 et
1607 527 1747 562 simplum;
1769 531 1827 555 tan-

1042 578 1098 601 tum
1113 574 1224 602 interest
1244 574 1315 602 inter
1337 578 1473 609 sesquatos
1491 578 1579 602 motus
1603 577 1631 601 et
1648 573 1764 608 aequales
1781 577 1827 602 aut

1040 619 1227 654 complicatos,
1241 620 1275 648 de
1281 619 1378 655 quibus
1391 620 1456 648 satis
1468 620 1495 647 in
1509 620 1596 655 primo
1605 619 1651 647 illo
1659 623 1754 647 nostro
1766 627 1826 648 ser-

1040 672 1121 693 mone
1133 666 1313 693 tractavimus.
1329 665 1420 701 ltaque
1430 666 1479 693 hos
1499 665 1594 701 pedes,
1613 666 1772 701 quinqueac
1783 673 1827 694 se—

1041 714 1113 746 ptem
1128 711 1230 738 scilicet
1243 715 1390 746 temporum
1400 731 1409 745 ,
1427 711 1465 738 uti
1483 710 1667 746 aspernandus
1680 715 1776 746 poetre,
1790 710 1826 738 ita

1040 754 1126 782 soluta
1145 755 1270 783 libentius
1288 756 1399 783 assumit
1417 755 1505 783 oratio
1519 755 1608 791 :quod
1620 755 1704 783 videri
1723 755 1827 783 facilius

1040 800 1067 827 in
1082 800 1213 836 exemplis
1226 808 1286 835 quae
1307 800 1464 836 postulasﬁ,
1478 805 1565 836 potest
1579 810 1587 828 :
1600 808 1662 828 nam
1675 800 1726 828 ista
1740 805 1802 829 sunt
1815 821 1824 834 ,

1040 843 1155 872 Laborat
1166 845 1286 881 magister
1298 846 1390 873 docens
1401 846 1498 873 tardos.
1512 845 1569 873 Hoc
1582 846 1690 874 rcvolve
1705 846 1824 881 interpo-

1039 889 1091 917 sito
1105 891 1184 918 trium
1198 895 1346 926 temporum
1359 891 1465 918 silentio
1475 911 1483 923 ,
1506 891 1577 926 quod
1589 894 1620 919 ut
1633 892 1746 919 sentires
1757 891 1824 919 faci—

1039 935 1104 968 lius,
1124 935 1185 963 ideo
1203 940 1265 970 post
1287 939 1342 963 tres
1357 935 1441 971 pedes
1460 935 1566 971 longam
1582 935 1710 971 syllabam
1730 936 1823 971 posui,

1038 981 1110 1017 quod
1124 985 1166 1009 est
1180 981 1286 1008 initium
1297 981 1407 1014 cretici,
1421 981 1466 1016 qui
1479 988 1541 1008 cum
1559 980 1669 1008 bacchio
1691 981 1755 1016 poni
1776 988 1825 1016 po-

1040 1030 1104 1053 test.
1116 1025 1172 1053 Nec
1188 1026 1222 1054 ad
1236 1026 1354 1061 primum
1365 1030 1479 1054 metrum
1491 1025 1642 1060 exemplum
1657 1025 1718 1053 dedi
1731 1025 1739 1042 ¹
1753 1025 1824 1060 quod

1037 1074 1080 1098 est
1092 1074 1205 1106 quatuor
1223 1071 1399 1107 syllabarum,
1430 1078 1466 1099 ne
1483 1079 1553 1099 unus
1572 1079 1620 1106 pes
1631 1079 1686 1099 non
1703 1076 1775 1099 esset
1785 1078 1825 1098 sas

1039 1116 1072 1143 tis
1092 1116 1126 1144 ad
1149 1116 1369 1145 commonendum
1391 1124 1499 1145 sensum
1520 1121 1608 1150 tuum,
1621 1120 1749 1151 quantuni
1762 1121 1824 1150 post

1039 1160 1114 1188 illum
1126 1166 1207 1196 atque
1220 1169 1298 1189 unam
1318 1162 1423 1197 longam
1437 1161 1516 1189 silere
1534 1161 1655 1190 deberes.
1669 1160 1746 1194 Quod
1761 1168 1825 1192 eccs

1037 1213 1108 1233 nunc
1122 1205 1214 1240 edam,
1234 1210 1313 1242 atque
1334 1206 1391 1242 ipse
1405 1210 1523 1242 repetam
1534 1226 1542 1239 ,
1558 1210 1588 1233 ut
1600 1206 1627 1233 in
1641 1213 1702 1234 meo
1718 1206 1824 1237 silentio

1038 1251 1088 1278 tria
1102 1256 1220 1286 tempora
1231 1252 1334 1280 sentias
1345 1261 1352 1280 :
1363 1252 1447 1279 Labor
1456 1252 1541 1279 nullus
1550 1272 1559 1285 ,
1572 1252 1649 1279 Antor
1661 1259 1776 1287 mgnus.
1787 1251 1821 1278 D.

1038 1295 1109 1324 Satis
1123 1300 1233 1331 apparet
1239 1296 1333 1324 solutae
1344 1296 1457 1324 orationi
1473 1297 1520 1324 hos
1537 1303 1597 1324 esse
1605 1295 1824 1331 congruentiam

1038 1341 1135 1376 pedes,
1154 1346 1182 1369 et
1195 1341 1261 1369 nihil
1279 1349 1347 1376 opus
1358 1345 1401 1370 est
1419 1341 1548 1376 exemplis
1559 1346 1658 1369 cratera
1669 1348 1832 1371 excurrere-

1038 1386 1079 1414 ll.
1095 1387 1193 1415 Verum
1212 1387 1279 1415 dicis
1295 1394 1303 1414 :
1318 1386 1365 1414 sed
1378 1394 1441 1414 num
1468 1386 1515 1414 tibi
1533 1394 1594 1414 cum
1612 1386 1744 1415 silendum
1767 1390 1823 1419 est,

1038 1441 1090 1461 una
1101 1437 1201 1461 tantum
1218 1433 1295 1468 longa
1306 1432 1411 1460 videtur
1428 1432 1490 1467 poni
1505 1439 1584 1467 posse
1597 1436 1657 1467 post
1668 1431 1825 1461 bacchium!

1037 1478 1074 1505 D.
1084 1478 1144 1506 Non
1155 1485 1239 1511 sane;
1254 1477 1303 1506 sed
1324 1478 1406 1506 etiam
1428 1477 1516 1505 brevis
1535 1481 1564 1505 et
1585 1477 1674 1513 longa,
1690 1476 1736 1512 qui
1750 1477 1824 1511 ejus-

1038 1523 1098 1551 dem
1113 1523 1216 1551 baccbii
1233 1522 1349 1558 semipes
1373 1522 1474 1557 primus
1492 1526 1534 1549 est
1548 1530 1555 1549 :
1571 1529 1633 1549 nam
1645 1522 1669 1550 si
1687 1522 1765 1550 nobis
1784 1521 1824 1549 in-

1038 1568 1136 1596 choare
1145 1568 1273 1596 creticum
1286 1567 1373 1600 licuit,
1389 1567 1450 1602 quia
1463 1574 1523 1595 cum
1537 1566 1631 1595 eodem
1640 1566 1752 1595 bacchio
1761 1566 1825 1602 poni

1039 1619 1145 1649 potest;
1158 1619 1259 1649 quanto
1272 1614 1357 1649 magis
1366 1613 1393 1641 id
1410 1613 1444 1640 de
1459 1613 1518 1648 ipso
1538 1612 1649 1640 bacchio
1660 1612 1748 1640 facere
1759 1612 1824 1639 lice-

1037 1660 1094 1693 bit,
1110 1667 1171 1687 cum
1190 1659 1337 1694 praesertim
1358 1666 1411 1686 non
1432 1662 1515 1686 totum
1532 1658 1565 1686 de
1583 1658 1683 1686 cretico
1701 1658 1824 1693 posueri-

1038 1713 1097 1733 mus
1107 1705 1179 1740 quod
1186 1705 1279 1740 prima:
1290 1705 1357 1740 parti
1370 1704 1471 1732 baccbii
1484 1704 1519 1731 sit
1530 1704 1633 1739 aequale
1643 1703 1825 1739 temporibus!

1036 1759 1148 1788 CAPUT
1164 1759 1199 1787 Χ.
1207 1774 1245 1780 ——
1254 1759 1336 1787 Plena
1347 1760 1404 1795 pedi
1414 1759 1477 1796 quid
1495 1758 1604 1786 addatur
1617 1764 1674 1786 ante
1686 1759 1822 1786 saeuiunt.

1073 1816 1117 1844 ιι.
1132 1815 1171 1843 Μ.
1184 1815 1241 1844 Jam
1252 1823 1332 1851 ergo,
1353 1816 1375 1843 si
1391 1816 1495 1851 placet,
1510 1823 1553 1843 me
1564 1815 1687 1843 audiente
1696 1815 1824 1851 atqueju-

1037 1861 1155 1894 dicante,
1172 1866 1199 1889 tu
1214 1861 1271 1897 ipse
1285 1869 1333 1896 per
1346 1865 1441 1889 watera
1454 1868 1567 1889 excurre
1576 1882 1584 1895 ,
1595 1866 1623 1889 et
1637 1861 1698 1897 quid
1711 1866 1825 1897 ponatur

1039 1911 1098 1941 post
1112 1907 1218 1941 plenum
1243 1906 1354 1941 pedem,
1374 1906 1481 1941 quando
1494 1907 1601 1933 silentio
1619 1906 1748 1941 reliquum
1774 1906 1835 1934 illl-‘

1038 1953 1125 1987 pletur
1137 1952 1163 1979 in
1183 1951 1308 1979 omnibus
1332 1951 1444 1986 pedibus
1468 1952 1514 1987 qui
1534 1956 1650 1984 restant,
1667 1960 1823 1987 exsequere.

1037 1996 1072 2024 Β.
1087 1997 1274 2025 Brevissimum
1286 1997 1355 2032 jam,
1373 1997 1469 2032 opinor
1483 2017 1491 2030 ,
1510 2001 1589 2031 atque
1609 1996 1762 2025 facillimum
1783 2002 1825 2025 est

1039 2043 1110 2078 quod
1123 2043 1236 2078 requiris
1250 2052 1256 2070 :
1272 2050 1331 2070 nam
1350 2042 1420 2077 quod
1442 2042 1475 2070 de
1489 2042 1599 2070 bacchio
1612 2042 1710 2070 dictum
1725 2047 1776 2075 est,
1797 2043 1823 2070 id

1039 2088 1121 2116 etiam
1131 2088 1164 2115 de
1173 2088 1290 2115 secundo
1302 2095 1395 2122 pacoue
1404 2088 1456 2115 dici
1466 2091 1563 2123 potest.
1574 2087 1638 2115 Post
1644 2087 1771 2115 ueticum
1783 2095 1826 2115 au-

1041 2138 1094 2160 tem
1105 2137 1133 2160 et
1151 2140 1229 2160 unam
1244 2132 1349 2167 longam
1370 2132 1499 2168 syllabam
1515 2132 1577 2159 licet
1589 2139 1689 2166 ponere
1699 2152 1706 2165 ,
1719 2136 1747 2159 et
1760 2132 1826 2159 iam-

1040 2177 1101 2205 bum
1110 2197 1117 2210 ,
1133 2181 1160 2204 et
1171 2177 1317 2212 spondeum
1329 2185 1337 2210 ;
1351 2178 1386 2204 ita
1401 2181 1431 2204 ut
1441 2181 1487 2204 aut
1501 2177 1549 2204 tria
1555 2170 1680 2216 temphra
1689 2197 1697 2210 ,
1707 2181 1754 2205 aut
1762 2178 1824 2212 duo,

1039 2226 1086 2249 aut
1099 2230 1180 2249 unum
1192 2222 1314 2250 sileatur.
1336 2222 1411 2255 Quod
1425 2227 1513 2250 autem
1525 2223 1560 2251 de
1579 2223 1631 2252 hoc
1642 2224 1743 2252 dictum
1765 2230 1806 2257 est
1814 2244 1824 2260 ,

1040 2269 1067 2297 id
1079 2273 1106 2297 et
1120 2270 1146 2297 in
1159 2270 1272 2304 primum
1289 2272 1317 2297 et
1343 2269 1369 2296 in
1383 2269 1504 2297 ultimum
1518 2277 1638 2305 preonem
1650 2271 1723 2299 cadit
1732 2271 1827 2299 'Jam

1040 2318 1101 2349 post
1113 2314 1335 2349 palimbacchium
1352 2315 1394 2342 vel
1408 2322 1487 2342 unam
1502 2315 1606 2350 longam
1622 2316 1664 2343 vel
1678 2316 1825 2351 spondeum

1040 2359 1164 2386 collocari
1186 2358 1279 2392 decet,
1303 2359 1425 2394 quocirca
1451 2364 1478 2387 et
1497 2360 1523 2387 in
1539 2360 1589 2387 hoc
1607 2365 1693 2388 metro
1710 2365 1756 2387 aut
1776 2361 1826 2388 tria

1041 2408 1178 2440 tempora,
1203 2409 1249 2432 aut
1267 2412 1350 2432 unum
1375 2404 1507 2433 silebitur.
1533 2406 1632 2433 Eadem
1657 2406 1772 2434 conditio
1786 2411 1828 2434 est

1040 2451 1142 2486 paeonis
1160 2450 1242 2478 tertii.
1257 2450 1327 2478 Sane
1341 2451 1500 2486 ubicumque
1509 2450 1657 2485 spondeus,
1670 2450 1706 2478 ibi
1724 2455 1750 2478 et
1762 2458 1827 2478 ana-

1041 2502 1140 2532 paestus
1153 2497 1213 2533 jure
1229 2498 1348 2533 ponitur.
1369 2498 1432 2525 Post
1445 2497 1590 2524 molossum
1605 2504 1686 2530 vero,
1700 2496 1770 2532 quod
1793 2497 1827 2533 ad

1041 2542 1100 2578 ejus
1110 2543 1204 2571 attinet
1215 2543 1385 2574 divisionem,
1398 2546 1444 2569 aut
1455 2549 1533 2568 unam
1546 2541 1650 2577 longam
1662 2546 1692 2579 ut
1704 2535 1827 2577 quatuor,

1043 2588 1161 2616 autduas
1172 2589 1295 2623 ponimus
1310 2592 1338 2615 ut
1350 2587 1403 2615 duo
1417 2591 1534 2622 tempora
1547 2587 1682 2616 sileamus.
1696 2588 1749 2616 Sed
1761 2595 1829 2623 quo-

1044 2634 1115 2661 niam
1139 2638 1166 2661 et
1188 2641 1271 2661 censu
1295 2637 1323 2661 et
1336 2633 1438 2661 ratione
1450 2633 1613 2668 exploratum
1633 2638 1694 2668 est,
1713 2633 1829 2661 ordinari

1075 2701 1133 2725 'Er.
1146 2700 1219 2732 Lugd.
1230 2700 1335 2732 habent:
1348 2699 1831 2732 Necadprimimuiewnptwpdcdt;

1044 2734 1070 2766 et
1081 2731 1106 2755 in
1128 2729 1237 2766 ωωὲίιις
1254 2729 1516 2766 ᾳάεορρνορεϋῖργη

1044 2765 1084 2786 ius.
1097 2765 1127 2791 A,
1139 2760 1265 2793 nec'primt
1275 2760 1360 2793 metri;
1372 2764 1397 2786 at
1407 2760 1447 2786 me.
1457 2764 1473 2785 Β
1484 2760 1545 2793 legit
1559 2765 1586 2787 ut
1770 2764 1830 2786 Ven.

1044 2795 1138 2816 textum
1148 2795 1184 2816 ra.
1198 2796 1224 2817 et
1235 2792 1306 2823 Lugd.
1319 2792 1436 2823 sequitur.
1452 2795 1481 2816 ll.
1515 2792 1519 2793 ⁷
1700 2822 1704 2823 ν
1782 2820 1797 2823 ,Α
1815 2819 1821 2823 _
1835 2798 1838 2801 ‘

1045 2822 1243 2878 8iniugatljieiitlmtur
1260 2819 1280 2847 Ξ
1295 2827 1333 2847 Ms.
1355 2819 1371 2846 λ
1390 2822 1443 2847 hac
1460 2822 1534 2847 verba
1547 2829 1553 2847 :
1566 2825 1666 2855 Propter
1687 2822 1749 2847 dum
1770 2819 1832 2846 diti-
