2059 3185
241 148 309 176 H55

237 215 298 234 cum
323 214 355 234 eo
378 213 455 241 posse
473 212 565 233 omnes
585 198 679 232 senum
694 209 840 239 temporum
859 203 956 239 pedes,
977 203 1027 231 erit

240 257 300 287 post
313 259 374 279 cum
387 251 461 278 locus
477 255 503 278 et
517 251 619 282 iambo,
634 255 662 278 et
676 250 725 277 tria
740 254 858 284 tempora
869 249 969 276 silenda
983 257 1027 277 re-

239 297 402 329 manebunt;
417 296 467 323 erit
482 300 509 323 et
522 296 620 323 cretico
632 315 639 329 ,
656 300 683 322 ct
704 303 785 322 unum
810 295 956 327 tacebitur;
977 295 1026 322 hac

238 342 392 370 conditione
405 341 456 368 erit
467 344 495 368 et
507 340 627 368 bacchio.
644 341 679 367 At
694 341 716 367 si
739 340 766 367 in
778 340 844 367 duas
855 340 950 367 breves
969 340 1023 375 pri-

237 396 309 416 mam
323 387 424 420 cretici,
440 391 467 414 et
480 385 625 414 secundam
639 385 740 413 bacchii
752 385 921 418 solverimus,
935 385 985 412 erit
997 389 1024 412 et

237 436 324 471 υττοηὶ
338 439 442 470 quarto.
455 433 530 467 Quod
545 437 633 460 autem
646 432 679 460 de
694 432 826 464 molosso,
842 431 868 459 id
888 431 969 459 etiam
990 431 1023 459 de

235 480 340 507 caeteris
354 486 400 507 sex
418 483 566 513 temporum
582 478 695 512 pedibus
708 476 831 503 dixerim.
847 476 905 503 Jam
930 483 1023 511 proce-

235 526 403 553 leumaticum
431 524 544 551 arbitror
557 523 589 551 ad
605 522 773 557 creterosqui
788 526 900 557 quatuor
921 527 1022 557 tempo-

235 573 309 600 ribus
321 575 461 604 constant,
476 577 535 597 esse
546 569 716 597 referendum
726 590 734 604 ,
750 569 801 596 nisi
813 576 872 596 cum
886 572 940 596 tres
961 569 1021 597 bre-

235 625 281 645 ves
293 621 353 652 post
367 624 427 644 eum
440 616 566 643 locamus.
583 615 659 649 Quod
674 616 709 642 ita
722 619 763 642 est
775 622 807 642 ac
819 615 842 642 si
856 619 1020 650 anapaestum

235 662 352 689 locemus
363 682 370 694 ,
384 665 493 696 propter
503 661 622 688 ultimam
633 660 760 695 syllabam
772 668 831 695 qum
842 668 902 687 cum
915 661 1021 688 silentio

234 708 311 742 longa
325 707 407 741 accipi
425 706 501 733 solet.
527 705 616 733 Primo
629 713 693 733 vero
706 705 813 739 epitrito
831 705 933 732 iambus
946 709 1020 732 recte

232 753 398 787 snbjungilnr
408 773 415 785 ,
429 756 455 779 et
482 751 606 778 bacchius
623 754 650 778 et
672 751 786 778 creticus
800 754 827 777 et.
840 757 916 784 paeon
937 757 1019 801 quar-

232 804 283 825 tus.
307 798 362 825 Hoc
381 797 480 825 dictum
503 797 538 823 sit
558 801 585 823 ct
603 796 636 823 de
650 795 783 827 secundo,
795 799 825 822 ut
838 799 956 830 tempora
982 795 1019 822 si-

232 844 335 871 leantur
354 848 399 870 aut
420 847 533 878 quatuor
544 862 550 874 ,
565 846 611 869 aut
629 841 692 869 duo.
709 841 780 868 Duos
793 845 881 868 autem
901 840 1018 875 reliquos

231 888 353 922 epitritos
368 892 439 915 recte
457 891 568 922 possunt
581 886 706 921 consequi
720 885 853 921 spondeus
872 890 898 912 et
918 885 1018 913 molos-

230 940 276 959 sus
289 941 295 959 :
309 933 344 959 ita
362 936 391 959 ut
414 932 528 966 primam
540 931 649 966 spondei
662 950 669 963 ,
693 934 719 958 et
734 930 846 965 primam
857 930 900 958 vel
920 937 1016 958 secun-

230 978 290 1004 dam
306 977 416 1004 molossi
439 978 465 1004 in
479 976 545 1003 duas
570 976 665 1003 breves
680 975 782 1003 solvere
800 975 889 1002 liceat.
905 975 975 1010 Ergo
989 974 1017 1002 in

232 1023 274 1049 his
298 1023 390 1050 metris
409 1027 454 1050 aut
473 1022 521 1050 tria
545 1026 681 1056 tempora,
706 1026 751 1048 aut
771 1028 852 1048 unum
876 1021 1014 1049 tacebitur.

232 1068 397 1102 Dispondeus
416 1071 514 1100 restat,
530 1072 590 1102 post
603 1074 681 1101 quem
703 1067 726 1094 si
746 1067 912 1101 posuerimus
932 1074 1015 1102 spon-

230 1113 322 1147 deum,
337 1118 449 1148 quatuor
462 1117 580 1148 tempora
596 1112 696 1139 silenda
708 1116 802 1144 erunt;
817 1112 839 1138 si
850 1112 993 1139 molossum
1005 1132 1013 1146 ,

229 1159 298 1191 duo,
315 1155 438 1186 manente
459 1158 564 1185 licentia
576 1157 694 1185 solvendi
710 1157 814 1192 longam
829 1157 855 1184 in
868 1157 934 1184 duas
955 1157 1015 1184 bre-

227 1211 274 1232 ves
286 1225 293 1238 ,
309 1204 351 1231 vel
378 1204 404 1230 in
431 1203 565 1239 spondeo,
586 1203 628 1230 vel
645 1203 670 1229 in
695 1203 825 1236 molosso,
842 1207 951 1237 excepta
971 1204 1014 1230 ul-

228 1251 302 1277 tima.
317 1249 404 1277 Ilabes
417 1248 488 1284 quod
502 1256 544 1275 me
563 1255 704 1275 excurrere
718 1247 833 1275 voluisti.
847 1247 901 1275 Nisi
915 1247 1014 1283 aliquid

226 1296 294 1322 torte
304 1294 467 1322 emendabis.
828 1312 831 1315 ~
860 1318 863 1321 λ

226 1340 337 1368 CAPUT
357 1340 402 1367 XI.
414 1355 449 1360 —-
462 1339 567 1367 lumbus
579 1344 635 1374 post
649 1339 790 1366 dichorium
803 1339 867 1366 male
882 1340 992 1375 ponitur.

261 1386 304 1413 12.
323 1385 361 1412 Μ.
383 1385 440 1412 lmo
453 1393 505 1412 non
521 1392 580 1418 ego,
595 1385 641 1412 sed
657 1389 695 1418 tu,
718 1392 779 1412 cum
790 1392 880 1412 aurem
894 1385 926 1412 ad
938 1385 1011 1419 judi-

225 1430 338 1458 candum
352 1430 503 1457 adhibueris
519 1438 525 1456 :
541 1437 600 1456 nam
613 1437 704 1464 qnzero
717 1437 732 1457 a
746 1434 781 1462 te,
798 1435 884 1457 utrum
894 1429 957 1457 cum
972 1430 1013 1458 di-

225 1484 258 1503 co
272 1481 299 1503 et
322 1475 420 1511 plaudo
441 1475 510 1503 istud
523 1480 647 1506 metrum.
666 1474 743 1502 Verus
765 1475 999 1510 optimatuetboc,

232 1521 309 1548 Verus
323 1522 490 1557 optimorum;
504 1521 602 1554 ethoc,
625 1520 740 1548 Veritatis
749 1521 821 1556 inops
833 1529 841 1548 :
854 1525 906 1548 tam
916 1522 1012 1556 jucun-

226 1566 261 1593 de
272 1566 321 1593 hoc
333 1566 442 1593 tertium
455 1573 532 1601 quam
547 1566 591 1593 illa
606 1565 742 1600 superiora
756 1571 815 1593 tuus
829 1574 922 1594 sensus
943 1568 1013 1594 acci-

225 1611 280 1646 piat
291 1619 298 1643 ;
316 1610 386 1645 quod
395 1619 430 1638 ea
443 1611 598 1645 repetendo,
609 1615 636 1638 et
646 1618 705 1638 cum
717 1611 812 1638 debitis
822 1612 933 1639 silentiis
944 1612 1020 1647 plau-.

225 1656 313 1683 dendo
324 1655 545 1690 facilejudicabit.
557 1655 590 1682 Β.
605 1655 770 1683 Manifestum
785 1661 826 1683 est
835 1657 904 1691 quod
917 1657 1012 1692 jucun-

225 1703 258 1730 de
273 1703 327 1736 illa,
351 1703 402 1730 hoc
425 1702 567 1737 injucunde
581 1703 702 1737 aecipiat‘
717 1723 724 1729 .
739 1703 777 1729 Μ.
792 1703 849 1730 Νοιι
862 1711 926 1738 ergo
940 1709 1012 1732 recte

226 1754 287 1783 post
298 1748 445 1776 dicliorium
460 1748 563 1775 iambus
577 1748 692 1783 ponitur.
707 1748 741 1776 ι).
758 1749 794 1775 ita
807 1753 857 1776 est.
875 1749 912 1776 Μ.
929 1749 1011 1777 Recte

223 1799 311 1823 autem
332 1794 395 1829 poni
423 1801 501 1829 posse
519 1798 578 1828 post
600 1798 712 1822 caeteros
735 1795 878 1822 assentitur
892 1796 1010 1831 quisquis

225 1841 284 1868 hzec
299 1845 382 1868 metra
393 1847 452 1867 cum
476 1839 614 1875 disciplina
628 1840 878 1875 interponendornm
890 1841 1011 1868 silentio-

224 1895 282 1917 rum
298 1895 336 1922 rej
346 1887 443 1914 etierit.

482 1932 596 1957 Fallacem
608 1939 675 1957 eave.

481 1963 540 1986 Male
552 1967 644 1987 castum
656 1969 723 1987 cave.

480 1993 635 2024 lqtjloqunm
646 2000 713 2017 cave.

479 2023 600 2048 Fallaciam
611 2029 679 2048 cave.

479 2056 505 2078 Et
517 2053 622 2078 invidum
634 2060 700 2079 utve.

480 2086 506 2108 Et
518 2083 636 2108 inﬁrmum
646 2091 714 2110 cave.

264 2126 299 2153 ι).
317 2125 409 2153 Sentio
422 2124 493 2159 quod
515 2124 592 2157 dicis,
611 2129 638 2152 et
657 2126 785 2160 approbo.
799 2126 836 2152 Μ.
853 2126 917 2155 Vide
930 2127 1009 2155 etiam

221 2177 309 2199 utrum
325 2176 351 2199 te
363 2170 429 2198 nihil
441 2170 567 2204 oﬂ‘endat,
582 2177 642 2198 cum
653 2171 809 2206 interposito
816 2171 927 2200 duorum
943 2177 1010 2201 tem-

222 2225 320 2253 porum
334 2217 450 2250 silentio,
466 2215 516 2243 hoc
529 2220 641 2244 metrum
650 2218 791 2252 repetitum
804 2218 932 2254 inatquale
945 2226 1008 2255 per-

224 2264 262 2299 git
281 2265 302 2290 '.
315 2262 383 2291 Num
395 2263 465 2290 enim
481 2262 516 2289 ita
529 2267 605 2291 sonet
615 2267 643 2290 ut
654 2263 703 2291 ista
715 2264 727 2290 '.'

463 2312 565 2341 Veraces
575 2314 686 2341 regnant.

463 2340 587 2371 sapientes
597 2345 709 2371 regnant.

463 2369 582 2402 veriloqui
589 2369 700 2402 regnant.

464 2400 589 2432 Prudentia
599 2400 694 2432 regnat.

463 2431 519 2455 Boni
531 2432 554 2455 in
565 2431 639 2456 bonis
644 2437 755 2463 regnant.

461 2464 520 2485 Pura
530 2466 614 2486 cuncta
624 2467 735 2494 regnant.

255 2503 289 2530 D.
307 2504 362 2530 imo
373 2502 430 2529 lucc
443 2502 579 2537 aequaliter
592 2506 620 2530 et
633 2503 757 2536 suaviter,
773 2504 836 2531 illud
859 2509 946 2531 autem
961 2505 1006 2532 ab-

218 2549 311 2576 surde.
331 2548 367 2575 Μ.
385 2548 440 2575 Hoc
452 2555 517 2583 ergo
530 2548 676 2577 tenebimus
691 2549 716 2576 in
732 2550 823 2577 metris
842 2558 888 2577 sex
903 2555 1005 2586 tempo-

220 2602 278 2620 rum
294 2594 401 2628 pedum,
415 2593 564 2621 dichorium
577 2594 676 2627 iambo,
696 2595 869 2629 antispastum
888 2596 1005 2631 spondeo

220 2640 289 2666 male
303 2639 398 2666 claudi.
415 2639 448 2665 ο.
457 2639 616 2667 Tenebimus
628 2646 701 2667 sane.

257 2684 302 2711 13.
317 2684 353 2710 Μ.
368 2684 457 2717 Quid?
469 2691 576 2712 causam
590 2692 638 2712 cur
647 2685 682 2712 ita
690 2685 724 2712 sit
736 2693 823 2714 nonne
835 2687 1003 2722 approbabis,

254 2742 262 2757 ¹
275 2744 335 2775 uss.
346 2745 362 2764 Λ
375 2744 435 2775 et_B_
446 2740 528 2766 ferunt
540 2748 547 2766 :
567 2740 716 2773 uanifeslum
726 2745 760 2768 est
773 2742 881 2774 jucunde
892 2743 947 2775 illa,
961 2744 1005 2770 hoc

218 2770 520 2810 BL,
604 2806 609 2810 .
631 2770 655 2810 ﬂ

251 2804 260 2838 ξ
267 2801 443 2838 ,_
456 2803 581 2838 juxta‘ls.
592 2806 615 2838 fi
633 2806 658 2829 et
671 2810 755 2829 omnes
768 2804 853 2831 editos.
866 2810 905 2831 Ms.
918 2809 934 2831 Β
943 2806 1004 2838 legit

219 2833 254 2858 uti
267 2831 422 2863 Bcneilictini,
432 2831 558 2864 ὒιὶτιιιιαιε.
592 2836 618 2857 Μ.

832 145 875 172 DE
895 142 1029 177 MUSICA,
1049 143 1078 173 3.
1098 145 1277 176 AUGUSTINI
1619 165 1640 170 θ

1794 161 1867 192 1138

1081 204 1102 255 si
1116 206 1332 236 animadverteris
1340 209 1470 239 levatione
1480 219 1511 241 ac
1523 215 1651 249 positione
1664 217 1691 245 in
1701 217 1766 246 duas
1774 226 1866 255 partes

1079 248 1159 278 dividi
1180 252 1285 286 pedem,
1301 254 1336 281 ita
1350 259 1379 282 ut
1399 256 1421 283 si
1437 265 1488 291 qua
1502 258 1527 285 in
1541 266 1574 287 eo
1587 261 1687 296 syllaba
1701 248 1789 293 media

1081 296 1122 322 vel
1137 304 1188 323 una
1203 298 1243 325 vel
1257 299 1327 332 duae,
1341 305 1387 328 aut
1399 302 1444 329 nni
1459 304 1525 337 parti
1539 306 1715 336 attribuantur
1727 310 1809 344 priori
1821 296 1864 340 vel

1077 342 1226 392 posteriori,
1243 348 1287 371 aut
1298 345 1325 371 in
1337 342 1476 383 Qtramque
1499 350 1665 384 partiamur?
1675 352 1710 380 Β.
1724 342 1790 383 ᾖονί
1802 357 1865 392 qui-

1077 385 1138 412 dem
1155 386 1232 421 istuc,
1248 393 1275 415 et
1288 397 1379 417 verum
1394 397 1454 419 est:
1468 394 1517 421 sed
1537 396 1599 429 quid
1612 397 1646 424 ad
1660 399 1736 425 rem?
1749 399 1789 427 Η.
1805 385 1864 428 hoc

1076 438 1180 464 quoque
1191 434 1296 460 attende
1305 435 1373 468 quod
1387 436 1483 471 dicam,
1499 443 1552 466 tum
1565 441 1664 469 videbis
1679 442 1780 471 facilius
1789 445 1861 480 quod

1075 478 1198 511 requiris.
1224 479 1289 506 Nam
1312 481 1478 510 manifestum
1504 485 1550 512 tibi
1572 494 1632 514 esse
1656 488 1778 522 arbitror,
1794 478 1862 519 alios

1077 528 1136 548 esse
1161 523 1218 550 sine
1244 525 1337 552 mediis
1362 527 1469 561 syllabis
1492 530 1583 564 pedes,
1600 536 1629 559 ut
1643 534 1819 568 pyrrhichius,
1834 542 1863 564 et

1075 569 1163 594 caeteri
1176 568 1296 597 binarum
1317 572 1495 606 syllabarum;
1511 576 1577 604 alios
1590 578 1617 604 in
1629 579 1723 613 quibus
1741 581 1859 608 medium

1073 617 1117 639 aut
1133 614 1222 647 primae
1238 617 1314 649 parti,
1331 622 1375 644 aut
1386 624 1522 655 extremm,
1539 626 1585 649 aut
1606 624 1716 659 utrique,
1734 631 1778 653 aut
1790 635 1860 654 neu-

1074 659 1117 692 tri,
1133 661 1217 694 spatio
1228 664 1367 690 conveniat
1381 673 1386 690 :
1404 667 1506 699 primm,
1518 672 1546 694 ut
1560 669 1585 695 in
1598 676 1742 704 anapzesto,
1768 673 1809 700 vel
1829 673 1857 700 in

1073 704 1271 738 palimbacchio,
1296 709 1336 735 vel
1359 710 1384 736 in
1409 719 1500 744 pmone
1524 713 1778 749 primo:extremae,
1791 722 1821 745 ut
1830 718 1857 745 in

1072 749 1176 785 dactylo
1186 752 1226 778 Vel
1242 753 1266 778 in
1282 753 1401 788 bacchio,
1415 756 1457 783 vel
1471 757 1497 783 in
1518 765 1608 791 paeone
1622 764 1731 793 quarto:
1742 762 1856 797 utrique,

1074 800 1101 821 ut
1116 796 1139 821 in
1156 797 1299 830 tribracho,
1321 800 1377 827 sive
1390 801 1414 827 in
1430 802 1555 835 molosso,
1578 803 1633 830 sive
1645 804 1672 831 in
1690 796 1856 841 choriambo,

1070 841 1127 868 sive
1142 842 1166 869 in
1183 844 1300 877 quolibet
1314 845 1400 871 ionico
1420 856 1425 873 :
1440 848 1538 879 neutri,
1551 853 1581 874 ut
1595 849 1621 875 in
1635 851 1743 883 cretico,
1759 852 1815 880 sive
1829 853 1855 880 in

1073 888 1208 920 pmonibus
1234 890 1350 916 secundo
1364 896 1390 917 et
1405 893 1492 924 tertio,
1513 894 1567 920 sive
1581 894 1606 921 in
1621 895 1746 929 diiambo,
1760 897 1855 925 dicho-

1070 932 1118 963 rio,
1133 932 1289 967 antispasto.
1306 934 1370 961 Nam
1386 937 1428 970 qui
1443 938 1524 971 pedes
1546 939 1573 965 in
1596 944 1648 967 lres
1665 942 1781 975 :equales
1792 950 1855 977 par-

1071 981 1110 1003 tes
1132 977 1212 1004 dividi
1227 984 1345 1012 possunt,
1358 981 1442 1007 media
1466 990 1525 1015 pars
1548 983 1574 1009 in
1591 984 1632 1011 his
1653 987 1775 1014 convenit
1793 995 1855 1015 cum

1069 1018 1152 1051 prima
1168 1024 1194 1045 et
1216 1024 1349 1053 extrema;
1363 1022 1504 1056 quiautcm
1518 1032 1570 1051 non
1592 1031 1712 1059 possunt,
1735 1033 1780 1055 aut
1793 1036 1854 1056 cum

1068 1064 1151 1097 prima
1166 1069 1276 1099 tantum,
1291 1071 1335 1092 aut
1347 1074 1408 1093 cum
1422 1073 1550 1101 extrema,
1567 1074 1611 1097 aut
1627 1080 1686 1098 cum
1701 1078 1807 1117 neutra;
1816 1073 1852 1100 D.

1068 1109 1100 1135 Et
1115 1110 1164 1137 hoc
1173 1118 1247 1145 :equc
1262 1112 1326 1145 scio,
1338 1116 1363 1139 et
1377 1121 1429 1147 quo
1442 1115 1531 1141 tendat
1540 1121 1674 1150 exspecto.
1685 1117 1722 1143 Μ.
1731 1109 1855 1151 Quo-tan-

1067 1154 1126 1181 dem
1140 1160 1226 1188 putas,
1243 1156 1291 1182 nisi
1304 1161 1331 1183 ut
1344 1157 1430 1184 videas
1441 1158 1555 1186 iambum
1565 1165 1623 1194 post
1634 1161 1780 1189 dichorium
1793 1163 1855 1191 ideo

1067 1200 1135 1227 male
1151 1201 1210 1234 poni
1225 1209 1282 1228 cum
1298 1202 1412 1235 silentio,
1436 1205 1496 1238 quia
1517 1206 1632 1233 medium
1655 1207 1711 1242 ejus
1732 1213 1782 1241 est,
1802 1217 1854 1236 nec

1066 1246 1157 1279 prima:
1180 1247 1247 1279 parti
1262 1248 1361 1281 aequale
1377 1256 1425 1275 nec
1437 1255 1574 1283 extremm,
1589 1257 1614 1278 et
1630 1252 1727 1280 idcirco
1741 1261 1755 1279 a
1779 1254 1853 1281 leva-

1066 1291 1137 1317 tione
1149 1298 1180 1318 ac
1194 1291 1323 1325 positione
1349 1293 1505 1322 discordat?
1520 1295 1575 1323 Hoc
1595 1297 1673 1324 etiam
1689 1298 1722 1325 de
1734 1299 1855 1333 spondeo

1069 1337 1233 1371 intelligitur,
1248 1339 1290 1372 qui
1307 1339 1428 1366 similiter
1444 1345 1502 1375 post
1515 1342 1754 1377 antispastumcum
1767 1345 1852 1372 silen-

1066 1382 1101 1407 tio
1127 1389 1177 1408 non
1192 1387 1263 1409 amat
1277 1383 1347 1416 poni.
1368 1385 1408 1410 An
1432 1385 1573 1419 quidquam
1589 1387 1634 1414 tibi
1647 1387 1786 1416 adversum
1800 1390 1852 1417 ista

1065 1426 1203 1453 dicendum
1212 1428 1269 1454 est?
1283 1428 1314 1453 1).
1326 1428 1386 1455 Mihi
1399 1438 1461 1456 vero
1475 1431 1558 1457 nihil?
1573 1433 1624 1459 nisi
1632 1434 1700 1467 quod
1710 1434 1757 1461 ista
1768 1435 1853 1463 oden-

1065 1472 1104 1498 sio
1118 1480 1176 1506 qnze
1189 1472 1216 1499 tit
1228 1473 1347 1505 auribus,
1363 1482 1422 1501 eum
1443 1476 1477 1502 ita
1502 1477 1526 1503 bi
1541 1477 1621 1511 pedes
1635 1478 1808 1513 collocantur,
1824 1481 1854 1508 in

1065 1519 1260 1552 comparatione
1277 1520 1304 1546 lit
1331 1521 1388 1553 ejus
1402 1522 1549 1555 suavitatis,
1564 1530 1622 1557 qum
1648 1524 1762 1552 oblectat
1773 1525 1851 1553 audi-

1065 1568 1130 1596 tum,
1155 1572 1214 1591 cum
1229 1570 1289 1599 post
1311 1570 1422 1593 cmteros
1435 1575 1526 1594 senum
1542 1573 1687 1603 temporum
1705 1571 1731 1597 hi
1744 1578 1804 1599 cum
1819 1573 1854 1600 si-

1065 1609 1145 1635 lentio
1160 1616 1292 1643 ponuntur
1304 1611 1395 1644 pedes.
1410 1612 1474 1639 Nam
1489 1614 1511 1639 si
1523 1614 1581 1640 aliis
1597 1615 1681 1642 tacitis
1695 1623 1737 1643 me
1751 1623 1850 1644 consu-

1066 1654 1133 1680 leres
1156 1655 1378 1688 quemadmodum
1408 1663 1544 1690 sonarent,
1565 1660 1691 1694 exemplis
1710 1662 1848 1696 subjectis,

1064 1703 1107 1725 aut
1120 1704 1177 1732 post
1185 1699 1331 1727 dichorium
1345 1702 1456 1734 iambus,
1468 1708 1512 1729 aut
1522 1709 1578 1737 post
1587 1698 1760 1739 antispastum
1769 1714 1851 1742 spon-

1064 1745 1140 1776 deus,
1165 1754 1224 1772 cum
1253 1747 1359 1774 silentio
1375 1749 1450 1782 positi
1464 1757 1470 1781 ;
1487 1741 1583 1776 dicam.
1597 1751 1668 1785 quod
1687 1754 1782 1787 sentio,
1797 1753 1850 1780 [οι-α

1065 1794 1134 1817 tnsse
1160 1792 1333 1825 approbarem
1361 1798 1387 1819 ct
1412 1794 1556 1821 laudarem.
1583 1795 1621 1822 Μ.
1645 1796 1701 1824 Non
1727 1798 1850 1832 equidem

1065 1836 1159 1862 resisto
1173 1836 1227 1863 tibi.
1244 1836 1313 1864 Satis
1326 1843 1368 1864 est
1379 1839 1442 1865 mihi
1454 1844 1551 1872 tamen,
1563 1841 1633 1875 quod
1643 1842 1700 1869 haec
1710 1843 1850 1872 collocatio

1063 1880 1295 1915 ineomparatioue
1310 1883 1399 1910 talium
1420 1893 1600 1918 nutnerorum,
1621 1887 1668 1914 sed
1690 1888 1784 1915 melius
1805 1896 1849 1916 so-

1064 1927 1192 1958 nantium.
1218 1928 1285 1954 sicut
1307 1928 1382 1962 dicis,
1399 1930 1508 1957 oll‘endit
1522 1940 1528 1957 :
1544 1939 1575 1958 eo
1599 1933 1669 1959 enim
1692 1938 1732 1961 est
1748 1934 1848 1969 impro-

1063 1971 1157 2003 banda,
1172 1973 1241 2007 quod
1255 1981 1314 2001 cum
1326 1974 1441 2009 ejusdem
1456 1978 1561 2009 generis
1573 1978 1651 2004 etiam
1665 1979 1701 2006 illi
1723 1980 1776 2006 sint
1798 1987 1847 2015 pe-

1062 2016 1119 2049 des,
1133 2025 1198 2052 quos
1209 2018 1248 2045 liis
1259 2020 1437 2054 semipedibus
1450 2022 1554 2048 clausos
1569 2023 1620 2049 labi
1629 2023 1770 2058 jucundius
1780 2033 1848 2053 con-

1064 2063 1176 2093 titemur.
1187 2063 1220 2089 ab
1233 2063 1263 2089 iis
1276 2063 1426 2099 discrepare
1447 2074 1497 2092 non
1514 2067 1613 2094 debuit.
1630 2068 1683 2096 Sed
1698 2077 1786 2097 nonne
1799 2071 1846 2098 tibi

1062 2108 1162 2134 videtur
1174 2110 1318 2136 secundum
1330 2110 1405 2138 istam
1420 2113 1560 2146 rationem,
1579 2122 1629 2141 nec
1639 2119 1698 2150 post
1711 2116 1847 2150 epitritum

1061 2154 1204 2181 secundum
1229 2155 1343 2182 iambum
1357 2164 1416 2183 cum
1429 2157 1533 2185 silentio
1547 2160 1607 2193 poni
1622 2161 1764 2195 oportere?
1777 2162 1845 2190 Nam

1061 2204 1085 2225 et
1100 2200 1126 2226 in
1150 2200 1200 2228 hoc
1215 2201 1281 2236 pede
1303 2202 1404 2229 iambus
1420 2204 1453 2230 ita
1475 2205 1590 2232 medium
1611 2207 1697 2234 locum
1713 2212 1794 2241 tenet,
1815 2215 1847 2237 ut

1061 2252 1109 2271 nec
1123 2246 1217 2279 prioris
1230 2254 1277 2273 nec
1290 2248 1441 2280 posterioris
1451 2250 1531 2283 partis
1543 2252 1704 2286 temporibus
1714 2258 1844 2289 tequetur.

1060 2290 1093 2316 Ι).
1109 2290 1184 2325 Cogit
1199 2300 1241 2318 me
1253 2293 1373 2326 superior
1389 2295 1454 2321 ratio
1468 2296 1623 2324 concedere.

1132 2336 1244 2363 CAPUT
1260 2336 1316 2363 XII.
1330 2353 1367 2357 —
1380 2339 1485 2366 Summa
1499 2341 1608 2368 omnium
1627 2348 1772 2371 metrorum.

1060 2415 1065 2418 ι
1096 2381 1136 2407 Η.
1153 2381 1191 2408 Μ.
1207 2382 1262 2416 Age
1276 2390 1356 2416 nunc,
1378 2385 1458 2412 redde
1480 2386 1544 2413 mihi
1558 2389 1676 2416 omnium
1699 2395 1845 2419 metrorum

1059 2433 1205 2459 numerum,
1223 2427 1245 2453 si
1260 2428 1356 2461 placet,
1371 2437 1428 2463 qua:
1439 2431 1493 2464 jam
1508 2433 1692 2468 tractavimus;
1705 2435 1730 2462 id
1743 2440 1786 2464 est
1794 2444 1843 2465 eo-

1058 2480 1114 2498 rum
1126 2481 1184 2506 qmc
1203 2480 1215 2498 a
1229 2473 1284 2500 suis
1302 2475 1385 2508 plenis
1401 2476 1509 2510 pedibus
1524 2477 1661 2513 incipiunt,
1684 2480 1844 2511 clauduntur

1058 2522 1145 2544 autem
1157 2522 1202 2544 aut
1211 2519 1265 2545 suis
1286 2519 1395 2553 pedibus
1418 2521 1512 2555 plenis,
1526 2523 1564 2550 ita
1579 2528 1607 2551 ut
1627 2525 1770 2560 silentium,
1781 2535 1842 2555 cum

1057 2562 1089 2588 ad
1105 2567 1183 2596 eaput
1199 2563 1309 2595 reditur,
1333 2573 1385 2591 non
1402 2566 1601 2601 interponamus
1613 2577 1621 2602 ;
1634 2575 1681 2598 aut
1693 2579 1744 2599 non
1758 2573 1843 2608 plenis

1056 2608 1166 2641 pedibus
1179 2616 1240 2636 cum
1253 2610 1367 2643 silentio,
1381 2619 1446 2646 quos
1465 2617 1551 2641 tamen
1565 2615 1604 2642 eis
1616 2623 1764 2652 congruere
1775 2620 1844 2647 ratio

1057 2653 1162 2685 docuit;
1178 2654 1317 2689 incipiente
1330 2664 1441 2684 numero
1451 2666 1465 2684 a
1483 2658 1587 2687 duobus
1598 2668 1649 2689 non
1663 2662 1748 2696 plenis
1758 2671 1843 2700 usque

1058 2699 1089 2725 ad
1105 2704 1165 2726 octo
1174 2700 1275 2734 plenos,
1291 2701 1326 2728 ita
1336 2706 1422 2730 tamen
1437 2709 1464 2730 ut
1475 2705 1581 2740 triginta
1591 2706 1644 2734 duo
1657 2712 1774 2744 tempora
1788 2718 1841 2739 non

1057 2746 1227 2773 cxcedantur.
1241 2747 1274 2774 ι).
1290 2748 1436 2783 Operosum
1449 2751 1554 2785 quidem
1567 2758 1609 2780 est
1625 2755 1694 2789 quod
1716 2756 1839 2792 imponis,

1057 2796 1097 2818 cst
1111 2797 1196 2819 tamen
1210 2800 1298 2827 opera:
1314 2795 1437 2829 pretium.
1452 2796 1505 2823 Sed
1518 2799 1625 2826 memini
1639 2807 1686 2828 nos
1705 2802 1782 2835 paulo
1798 2809 1844 2829 an-

1059 2841 1083 2864 te
1104 2837 1157 2872 jam
1180 2840 1330 2873 pervenisse
1349 2840 1381 2868 ad
1405 2842 1569 2877 septuaginta
1595 2849 1695 2879 septem
1712 2851 1804 2875 ‘metn
1826 2855 1842 2875 ι
