4118 6370
413 371 544 431 H37

407 483 708 557 pyrrhichio
742 495 906 550 usque
947 481 1012 536 ad
1061 481 1402 546 tribrachum,
1459 495 1576 535 cum
1607 479 1680 534 illi
1716 481 1961 535 binarum

402 575 723 647 syllabarum
750 573 909 642 pedes
929 571 1322 642 quatuordecim
1343 569 1529 640 singuli
1555 578 1818 634 crearent,
1846 585 1964 638 quae

405 666 538 719 ﬁunt
583 663 738 718 simul
770 663 1140 732 quinquaginta
1171 669 1224 717 et
1261 677 1373 717 sex.
1405 660 1740 732 Jribrachus
1786 669 1961 714 autem

406 754 589 825 viginti
642 761 696 808 et
725 738 912 815 unum,
938 761 1154 822 propter
1198 753 1464 821 geminam
1513 751 1843 805 divisionem.
1871 749 1962 804 llis

404 843 564 913 igitur
608 841 933 910 septuaginta
963 850 1015 894 et
1045 849 1247 908 septem
1287 839 1529 894 addimus
1567 837 1960 908 quatuordecim

405 932 622 1003 dactyli,
645 939 700 987 et
720 931 971 1000 anapaesti
1000 930 1216 1001 totidem
1249 947 1262 982 :
1293 929 1432 1000 pleni
1469 930 1610 984 enim
1637 930 1680 983 si
1723 928 1961 982 locentur

407 1024 555 1078 nullo
594 1023 826 1089 silentio,
880 1021 1163 1091 incipiente
1207 1029 1376 1076 metro
1403 1036 1432 1075 a
1473 1020 1676 1075 duobus
1703 1032 1868 1088 usque
1895 1016 1961 1072 ad

400 1120 524 1167 octo
570 1112 752 1182 pedes,
791 1120 1006 1181 septena
1033 1113 1276 1180 pariunt;
1307 1111 1499 1165 additis
1528 1125 1653 1166 vero
1680 1107 1961 1176 semipedi-

402 1201 502 1256 bus
523 1216 644 1256 cum
689 1202 913 1267 silentio,
947 1202 1228 1270 incipiente
1280 1209 1451 1256 metro
1494 1201 1560 1256 ab
1597 1214 1702 1254 uno
1727 1198 1877 1268 pede,
1910 1206 1962 1251 et

400 1290 668 1360 semipede
692 1293 1029 1360 perveniente
1052 1291 1119 1344 ad
1148 1298 1351 1360 septem
1380 1300 1429 1344 et
1451 1290 1630 1353 semis,
1657 1289 1756 1341 alia
1781 1298 1956 1356 septe-

400 1395 486 1435 na.
513 1381 580 1435 Et
596 1377 734 1434 'ﬁunt
755 1381 864 1450 jam
893 1382 1066 1435 omnia
1092 1391 1301 1436 centum
1324 1389 1376 1435 et
1398 1380 1646 1450 quinque.
1695 1378 1954 1433 Bacchius

396 1485 526 1525 vero
559 1484 664 1525 non
695 1480 866 1540 potest
895 1480 1121 1526 metrum
1148 1485 1299 1525 suum
1323 1470 1387 1524 ad
1413 1477 1532 1524 octo
1561 1468 1721 1538 pedes
1765 1467 1964 1538 perdu-

397 1575 536 1626 cere,
561 1576 628 1616 ne
653 1562 861 1631 triginta
903 1561 1008 1616 duo
1050 1568 1284 1631 tempora
1321 1569 1571 1625 transeat,
1604 1573 1777 1628 neque
1810 1559 1958 1628 quis-

395 1663 551 1719 quam
593 1651 808 1720 quinum
842 1661 1132 1719 temporum
1165 1665 1288 1719 pes;
1317 1650 1409 1705 sed
1437 1654 1658 1720 possunt
1683 1650 1765 1702 isti
1795 1663 1960 1718 usque

325 1771 334 1780 ο
392 1739 462 1794 ad
488 1754 581 1794 sex
610 1742 907 1809 pervenire.
933 1740 1186 1796 Bacchius
1213 1756 1339 1810 ergo
1358 1749 1412 1795 et
1439 1741 1526 1810 qui
1543 1741 1589 1793 ei
1617 1755 1708 1809 par
1731 1748 1832 1806 est,
1853 1754 1957 1792 non

396 1829 554 1884 modo
589 1831 933 1904 temporibus,
981 1830 1072 1884 sed
1116 1831 1273 1885 etiam
1308 1831 1564 1885 divisione
1593 1846 1740 1900 paeon
1769 1845 1956 1884 secun-

391 1919 512 1981 dus,
536 1935 566 1973 a
593 1921 796 1974 duobus
826 1921 1044 1990 pedibus
1069 1936 1232 1991 usque
1253 1921 1318 1976 ad
1340 1937 1429 1976 sex
1458 1921 1802 1990 procedentes
1836 1936 1954 1974 cum

395 2007 580 2076 integri
613 2008 921 2062 ordinantur
939 2009 1054 2062 sine
1078 2009 1302 2074 silentio,
1333 2010 1494 2078 quina
1525 2018 1692 2062 metra
1716 2009 1953 2077 pariunt;

395 2111 514 2150 cum
542 2097 752 2151 silentio
792 2106 966 2152 autem
1008 2098 1316 2166 incipientes
1348 2099 1416 2152 ab
1439 2113 1544 2152 uno
1583 2096 1872 2166 semipede,
1903 2105 1958 2151 et

394 2185 460 2239 ad
494 2187 724 2255 quinque
759 2186 1057 2256 semipedes
1089 2183 1474 2256 pervenientes,
1506 2187 1604 2239 alia
1651 2175 1807 2255 quina
1835 2201 1954 2240 cum

397 2291 498 2329 una
548 2277 699 2345 longa
727 2285 844 2345 post
885 2292 977 2331 eos
1004 2278 1234 2346 ponitur,
1264 2285 1317 2330 et
1345 2277 1468 2330 item
1498 2277 1658 2344 quina
1688 2291 1808 2329 cum
1840 2274 1960 2328 bre—

394 2368 472 2421 vis
491 2379 544 2422 et
564 2368 716 2436 longa
741 2386 752 2419 :
776 2369 1040 2437 quindena
1066 2369 1221 2438 igitur
1245 2377 1444 2433 creant,
1474 2383 1589 2436 qua:
1619 2366 1671 2420 in
1697 2382 1955 2421 summam

394 2456 605 2510 redacta
644 2457 851 2524 triginta
882 2466 1021 2511 sunt.
1052 2458 1118 2511 Et
1148 2458 1276 2511 ﬁunt
1301 2458 1409 2526 jam
1440 2465 1602 2511 metra
1628 2457 1800 2510 omnia
1835 2471 1958 2510 cen~

392 2535 502 2601 tum
529 2556 584 2602 et
612 2548 819 2617 triginta
842 2550 1088 2618 quinque.
1115 2549 1350 2603 Creticus
1377 2563 1504 2602 vero
1521 2589 1536 2615 ,
1575 2556 1629 2603 et
1653 2548 1738 2618 qui
1765 2547 1958 2617 pariter

392 2637 714 2700 dividuntur,
744 2652 954 2705 pmoncs
985 2638 1182 2706 primus
1211 2646 1262 2690 et
1291 2646 1529 2706 quartus,
1561 2637 1804 2706 quoniam
1835 2643 1954 2704 post

393 2724 509 2784 illos
551 2733 604 2779 et
647 2726 1075 2796 unam'longam,
1107 2735 1160 2780 et
1199 2727 1447 2790 iambum,
1479 2736 1532 2781 et
1563 2725 1874 2795 spondeum,
1907 2735 1960 2779 et

395 2819 721 2883 anapzestum
753 2815 875 2870 licet
907 2831 1122 2884 ponere,
1152 2816 1215 2869 ad
1242 2817 1564 2885 septuaginta
1592 2816 1819 2884 quinque
1841 2830 1957 2883 per-

392 2904 610 2958 veniunt
643 2922 655 2957 :
688 2919 804 2958 cum
836 2905 974 2960 enim
1003 2913 1110 2960 tres
1136 2905 1239 2959 sint
1260 2905 1441 2974 pedes,
1466 2906 1621 2973 quina
1643 2913 1826 2958 creant
1847 2905 1958 2960 sine

395 2993 623 3061 silentio,
660 3010 778 3050 cum
818 2997 1026 3049 silentio
1067 2985 1241 3050 autem
1281 2996 1487 3065 viginti,
1527 3011 1642 3064 qua:
1683 2996 1859 3060 simul,
1907 3003 1960 3049 ut

394 3084 589 3139 dictum
615 3095 714 3150 est,
739 3086 868 3140 ﬁunt
892 3087 1121 3158 quinque
1149 3095 1203 3141 et
1223 3087 1568 3156 septuaginta,
1594 3087 1783 3155 quibus
1809 3087 1956 3140 addi-

394 3173 461 3228 tis
486 3174 740 3243 superiori
770 3191 1009 3242 summm,
1038 3176 1220 3270 decem
1249 3187 1301 3230 et
1345 3177 1568 3232 ducenta
1610 3179 1955 3249 complentur.

310 3288 314 3293 ι
393 3261 808 3318 Palimbacchius
856 3275 908 3318 et
958 3261 1118 3334 qui'ei
1149 3265 1407 3320 divisione
1449 3267 1733 3320 concordat
1776 3267 1959 3324 tertius

395 3357 566 3420 paeon,
593 3354 750 3422 quina
780 3355 988 3423 pariunt
1013 3356 1200 3425 integri
1231 3356 1345 3410 sine
1367 3356 1580 3410 silentio
1613 3374 1625 3409 :
1650 3372 1768 3411 cum
1795 3359 1958 3412 silen-

397 3439 469 3495 t'i'o
493 3451 666 3497 autem
693 3443 848 3512 quina
882 3458 1001 3498 cum
1029 3459 1130 3497 una
1155 3445 1326 3513 longa,
1358 3446 1514 3514 quina
1557 3459 1675 3499 cum
1702 3447 1956 3516 spondeo,

394 3531 550 3599 quina
578 3547 695 3585 cum
724 3542 1008 3601 anapaesto.
1040 3533 1162 3588 [lare
1184 3535 1424 3589 addimus
1449 3535 1516 3590 ad
1541 3517 1792 3605 majorem
1820 3541 1962 3592 sum-‘-

393 3614 534 3673 mam
559 3661 572 3685 ,
616 3629 670 3674 et
716 3620 972 3676 habemus
1013 3632 1179 3678 metra
1217 3625 1392 3679 omnia
1436 3623 1659 3680 ducenta
1698 3629 1959 3696 quinqua-

402 3712 566 3779 ginta.

471 3802 556 3856 15.
587 3803 845 3859 Molossus
874 3814 927 3860 et
953 3807 1128 3861 cazteri
1161 3823 1252 3862 sex
1295 3817 1590 3878 temporum
1636 3811 1819 3881 pelles,
1870 3812 1956 3882 qui

394 3885 511 3944 eum
535 3891 629 3946 illo
659 3893 812 3946 simul
836 3905 1036 3962 septem
1064 3896 1213 3962 ﬁunt,
1243 3907 1496 3966 quaterna
1524 3893 1910 3971 creantintcgri
1942 3921 1956 3956 :

393 3995 513 4032 cum
535 3981 745 4034 silentio
775 3990 946 4036 autem
974 3986 1218 4054 quoniam
1249 3995 1302 4040 et
1327 4003 1424 4039 una
1455 3989 1607 4056 longa
1628 4000 1744 4057 post
1764 4007 1954 4044 unum-

393 4077 656 4139 quemque
676 4085 856 4124 eorum
880 4072 1040 4126 locari
1063 4083 1254 4141 potest,
1278 4084 1330 4128 et
1359 4075 1582 4142 iambus,
1607 4087 1657 4132 et
1673 4080 1955 4146 spondens,

394 4166 448 4210 et
474 4167 793 4226 anaptestus,
829 4170 882 4215 et
905 4160 1176 4227 bacchius,
1196 4170 1248 4216 et
1275 4163 1522 4229 creticus,
1546 4174 1598 4218 et
1623 4181 1770 4233 paeon
1797 4185 1956 4236 quar-

395 4261 510 4312 rus;
543 4249 720 4302 vicena
748 4260 800 4303 et
829 4259 1020 4304 octona
1048 4252 1334 4320 complent,
1364 4267 1480 4322 qua:
1505 4255 1656 4308 simul
1679 4256 1807 4310 ﬁunt
1832 4273 1958 4312 cen-

391 4345 501 4391 tum
525 4339 804 4406 nonaginta
832 4354 945 4405 sex,
969 4355 1084 4408 qua:
1113 4341 1267 4394 ducta
1291 4356 1410 4395 cum
1439 4342 1542 4395 illis
1577 4347 1844 4413 quaternis
1868 4347 1958 4402 du-

391 4438 542 4482 centa
573 4428 751 4496 viginti
798 4438 1024 4497 quatuor
1049 4431 1381 4497 compleantur
1411 4431 1539 4487 :sed
1571 4432 1693 4489 hinc
1717 4444 1836 4490 octo
1863 4437 1956 4492 dc-

390 4517 614 4572 ducendi
651 4529 794 4581 sunt,
844 4520 965 4588 quia
996 4528 1114 4588 post
1156 4520 1452 4576 dichorium
1500 4523 1724 4589 iambus,
1756 4534 1810 4581 et
1837 4538 1956 4598 post

389 4609 732 4676 antispastum
761 4610 1022 4678 spondeus
1052 4611 1186 4665 male
1215 4612 1543 4668 ordinantur.
1591 4615 1805 4685 Reliqua
1834 4629 1954 4673 sunt

390 4697 610 4752 ducenta
643 4699 944 4765 sexdecim,
988 4715 1103 4768 qua:
1153 4701 1329 4755 addita
1375 4704 1561 4771 majori
1590 4719 1828 4772 summze,
1873 4707 1953 4762 fa-

388 4786 531 4841 ciunt
555 4797 720 4842 metra
745 4790 918 4844 omnia
944 4789 1317 4859 quadringenta
1336 4795 1603 4862 sexaginta
1623 4812 1734 4850 sex.
1761 4797 1952 4853 Proce-

390 4879 650 4933 leumatici
671 4881 805 4934 ratio
829 4879 1007 4934 haberi
1037 4895 1140 4933 non
1166 4881 1471 4947 potuitcum
1494 4884 1574 4940 his
1600 4887 1818 4954 pedibus
1831 4891 1949 4959 qui-

388 4967 488 5021 bus
507 4968 764 5036 congruit,
794 4975 1008 5035 propter
1035 4968 1330 5035 semipedes
1361 4971 1448 5039 qui
1476 4982 1591 5040 post
1609 4973 1747 5030 hunc
1773 4977 1949 5046 plures

387 5065 670 5124 ponuntur.
720 5055 849 5109 Nam
877 5064 929 5110 et
958 5071 1062 5109 una
1091 5057 1288 5126 syllaba
1323 5057 1475 5127 longa
1524 5070 1642 5128 post
1679 5079 1797 5117 eum
1826 5067 1949 5134 poni

386 5158 558 5216 potest
596 5163 714 5203 cum
739 5148 965 5206 silentio.
994 5149 1131 5204 sicut
1159 5157 1276 5218 post
1313 5149 1574 5219 dactylum
1603 5161 1655 5207 et
1682 5154 1794 5222 ejus
1824 5171 1948 5210 con-

387 5247 559 5292 sortes
588 5245 646 5291 ut
667 5238 790 5302 duo,
819 5245 873 5292 et
915 5244 1022 5292 tres
1064 5237 1251 5292 breves
1295 5246 1350 5292 ut
1379 5255 1540 5293 unum
1567 5251 1769 5311 tempus
1793 5245 1948 5298 silea-

387 5337 505 5392 tur;
536 5342 641 5397 quo
668 5325 891 5381 efﬁcitur
913 5335 970 5380 ut
998 5326 1178 5380 ultima
1195 5327 1374 5382 brevis
1403 5343 1499 5397 pro
1525 5330 1674 5400 longa
1721 5333 1946 5403 accipia-

387 5423 496 5470 tur.
530 5415 735 5484 Epitriti
783 5424 949 5469 metra
992 5414 1210 5484 gignunt
1249 5423 1398 5472 terna
1424 5417 1634 5488 integri,
1664 5421 1945 5491 incipiente

387 5514 558 5558 metro
585 5519 614 5556 a
635 5503 838 5558 duobus
877 5502 1114 5574 pedibus,
1143 5507 1479 5574 perveniente
1527 5510 1592 5564 ad
1615 5520 1837 5580 quatuor
1862 5531 1874 5567 :
1900 5514 1943 5568 si

389 5594 528 5646 enim
553 5592 717 5647 addas
749 5593 1006 5662 quintum,
1031 5594 1237 5663 triginta
1264 5593 1369 5649 duo
1399 5605 1656 5666 tempora,
1674 5600 1814 5670 quod
1839 5617 1942 5658 non

387 5690 614 5752 oportet,
651 5682 892 5738 exccdcs.
915 5683 1045 5738 Cum
1071 5683 1278 5739 silentio
1300 5702 1424 5741 vero
1451 5688 1648 5756 primus
1671 5699 1724 5748 et
1749 5707 1940 5749 secun-

1743 360 1941 416 LIBER
1977 361 2314 429 QUARTUS.

3503 381 3634 438 H38

2068 480 2166 534 dus
2191 480 2430 551 epitritus
2457 491 2604 537 terna
2641 495 2759 556 post
2780 487 2952 541 locato
2977 488 3170 554 iambo,
3199 500 3342 546 terna
3387 493 3624 558 bacchio,

2069 579 2213 624 terna
2259 571 2474 637 cretico,
2517 582 2660 629 terna
2707 591 2891 644 paeonc
2935 589 3155 648 quarto;
3187 597 3302 650 qua:
3333 582 3463 638 ﬁunt
3497 600 3622 640 cum

2068 660 2168 716 illis
2193 662 2354 716 ternis
2379 679 2494 733 quae
2514 675 2636 719 sunt
2660 667 2774 722 sine
2797 669 3024 735 silentio,
3056 671 3282 740 triginta.
3307 673 3512 726 Tertius
3533 689 3626 728 ve-

2068 765 2127 804 ro
2151 761 2202 806 et
2219 763 2432 822 quartus
2460 755 2650 824 epitriti
2677 766 2783 811 tres
2810 768 2931 813 ante
2952 760 3216 814 silentium
3233 762 3482 831 gignunt,
3513 780 3631 819 cmn

2067 839 2298 908 Spondeo
2349 848 2514 904 terna,
2557 853 2612 898 et
2663 838 2810 900 terna
2850 863 2968 901 cum
2999 859 3283 918 anapaesto,
3320 860 3464 906 terna
3508 870 3625 908 cum

2068 929 2318 998 moiosso,
2361 941 2506 987 terna
2531 949 2648 988 cum
2681 936 2848 990 ionico
2896 938 3116 1003 minore,
3144 949 3287 994 terna
3313 957 3432 996 cum
3476 943 3633 998 chor-

2069 1018 2281 1084 iambo;
2313 1037 2428 1090 qum
2473 1023 2604 1078 ﬁunt
2651 1024 2805 1079 simul
2856 1041 2975 1080 cum
3013 1028 3113 1082 illis
3135 1030 3316 1096 ternis,
3345 1047 3462 1100 qua:
3509 1033 3625 1087 sine

2067 1107 2276 1163 silentio
2297 1122 2606 1180 genuerunt,
2636 1113 2850 1184 triginta
2877 1125 2930 1169 et
2957 1130 3070 1170 sex.
3099 1118 3236 1188 Ergo
3277 1121 3473 1188 epitriti
3511 1135 3631 1193 οω-⁸

2070 1212 2165 1253 nes
2188 1203 2530 1270 sexaginta-et
2555 1218 2647 1258 sex
2673 1214 2838 1260 metra
2869 1207 3078 1275 pariunt
3110 1225 3122 1262 :
3147 1224 3263 1278 quas
3288 1224 3408 1264 cum
3449 1212 3628 1282 viginti

2064 1296 2119 1342 et
2162 1305 2269 1343 uno
2296 1293 2737 1360 proceleumatici,
2783 1297 3038 1364 superiori
3069 1314 3288 1354 summa:
3311 1300 3507 1366 addita,
3549 1302 3627 1355 fa-

2066 1378 2212 1432 ciunt
2232 1380 2515 1449 quingenta
2553 1383 2922 1454 quinquaginta
2947 1387 3063 1440 tria.
3113 1388 3438 1457 Dispondeus
3462 1399 3629 1457 restat

2063 1467 2281 1536 gignens
2310 1477 2363 1522 et
2405 1471 2516 1538 ipse
2560 1472 2654 1525 tria
2689 1473 2914 1543 integer;
2944 1475 3174 1531 adhibito
3221 1487 3395 1532 autem
3422 1479 3630 1533 silentio

2065 1559 2184 1610 cum
2217 1560 2450 1627 spondeo
2470 1562 2588 1628 tria,
2616 1573 2668 1616 et
2687 1564 2782 1616 tria
2807 1580 2923 1618 cum
2941 1577 3224 1636 anapaesto,
3252 1571 3345 1622 tria
3372 1585 3489 1623 cum
3519 1585 3626 1624 mo.

2067 1646 2226 1710 losso,
2251 1650 2346 1702 tria
2375 1665 2495 1703 cum
2521 1651 2693 1705 ionico
2713 1668 2742 1705 a
2765 1654 2989 1715 minore,
3028 1656 3120 1708 tria
3145 1671 3262 1710 cum
3287 1657 3624 1711 choriamho:

2064 1753 2179 1806 qum
2207 1739 2256 1791 in
2284 1754 2545 1794 summam
2567 1741 2721 1796 ducta
2749 1758 2868 1796 cum
2893 1745 2994 1798 illis
3024 1746 3189 1800 tribus
3215 1764 3330 1816 quae
3373 1757 3517 1802 creat
3549 1748 3628 1800 in-

2066 1837 2227 1896 teger,
2271 1828 2404 1883 ﬁunt
2441 1829 2622 1884 decem
2659 1841 2712 1886 et
2746 1842 2884 1886 octo.
2926 1832 2996 1887 Ita
3048 1845 3200 1889 erunt
3246 1846 3410 1889 metra
3453 1839 3626 1891 omnia

2070 1917 2351 1986 quingenta
2383 1921 2707 1990 septuaginta
2745 1931 2795 1976 ct
2825 1938 3005 1976 unum.

2111 2006 2331 2062 CAPUT
2373 2007 2600 2062 Xlli.—-
2641 2011 2788 2064 Ratio
2831 2014 3061 2065 metiendi
3105 2023 3256 2066 metra
3297 2024 3342 2068 et
3385 2015 3580 2068 silentia

2683 2101 3044 2170 interponeudi.

2133 2183 2216 2237 16.
2245 2182 2326 2237 Μ.
2348 2185 2535 2240 Essent
2563 2188 2796 2257 quidem,
2827 2190 2925 2242 nisi
2964 2191 3058 2243 tria
3081 2189 3399 2246 detrahenda
3423 2201 3621 2257 essent,

2061 2274 2179 2342 quia
2199 2284 2315 2344 post
2345 2278 2631 2332 secundum
2647 2280 2914 2348 epitritum
2933 2280 3128 2335 dictum
3156 2291 3236 2336 est
3256 2281 3484 2337 iambum
3511 2300 3626 2336 ma-

2063 2363 2112 2416 le
2141 2366 2285 2432 poni.
2313 2367 2414 2420 Sed
2461 2368 2560 2422 hoc
2604 2369 2815 2437 quidem
2848 2371 2982 2425 bene
3011 2386 3068 2425 se
3099 2370 3258 2424 habet
3286 2389 3297 2424 :
3336 2387 3498 2441 quare
3518 2359 3627 2440 jani

2061 2451 2146 2506 dic
2170 2454 2316 2518 mihi,
2351 2457 2617 2524 quomodo
2671 2459 2764 2512 tibi
2805 2473 2986 2514 aurem
3019 2451 3192 2530 tangat
3239 2471 3464 2516 metrum
3495 2462 3618 2531 hoc,

2066 2538 2276 2612 Triplici
2313 2545 2466 2610 vides,
2494 2555 2546 2599 ut
2577 2555 2686 2600 ortu
2711 2546 2889 2603 Trivia!
2914 2558 3097 2602 rotetur
3137 2551 3282 2619 ignis.
3308 2549 3373 2604 1).
3405 2551 3625 2626 Persua-

2061 2629 2214 2682 viter.
2249 2629 2323 2684 Μ.
2357 2632 2578 2688 Potesne
2607 2634 2784 2688 dicere
2813 2637 3000 2704 quibus
3028 2637 3245 2706 pedibus
3271 2639 3507 2692 constet?
3541 2638 3610 2690 D.

2063 2717 2177 2773 Non
2205 2736 2417 2790 possum
2453 2741 2465 2775 :
2498 2740 2666 2794 neque
2694 2725 2833 2779 cnim
2861 2726 3067 2780 invenio
3086 2728 3347 2796 quomodo
3375 2729 3476 2783 sibi
3496 2746 3623 2784 eon-
3643 2756 3655 2767 -

2067 2818 2256 2878 gruant
2275 2827 2407 2879 quos
2437 2814 2624 2866 metior
2653 2831 2665 2866 :
2691 2815 2801 2869 sive
2827 2816 2966 2870 enim
3007 2817 3366 2887 pyrrhichium
3389 2835 3418 2873 a
3459 2813 3628 2889 capite

2063 2900 2396 2966 constituam,
2425 2902 2534 2957 sive
2587 2911 2930 2972 anapa'stnm,
2971 2907 3082 2960 sive
3127 2922 3362 2974 puronem
3393 2910 3620 2971 tertium,

2064 2995 2168 3034 non
2192 2983 2270 3036 his
2287 2984 2603 3038 conveniunt
2625 2986 2712 3055 qui
2741 2997 3034 3056 sequuntur
3068 3005 3079 3036 2
3107 2990 3385 3043 ctinvenio
3405 2991 3486 3043 hie
3507 2993 3624 3059 qui-

2064 3070 2185 3123 dem
2231 3077 2484 3126 creticum
2533 3083 2652 3142 post
2687 3076 2895 3144 tertium
2939 3093 3193 3146 peconcm,
3226 3088 3283 3132 ut
3331 3080 3526 3148 reliqua
3561 3071 3632 3133 sit

2065 3160 2216 3229 longa
2245 3162 2461 3231 syllaba,
2489 3179 2644 3234 quam
2677 3174 2903 3221 creticus
2934 3176 3049 3235 post
3074 3183 3131 3222 se
3161 3184 3264 3222 non
3295 3170 3491 3236 reSpuit
3514 3170 3623 3223 col:

2065 3249 2254 3316 locari;
2298 3252 2389 3307 sed
2440 3253 2522 3307 his
2561 3255 2784 3324 pedibus
2809 3257 2906 3310 hoc
2949 3267 3172 3310 metrum
3200 3268 3444 3314 constare
3484 3268 3626 3314 recte

2065 3357 2167 3394 non
2185 3352 2394 3410 posset,
2416 3344 2510 3398 nisi
2539 3345 2848 3414 interposito
2871 3348 3077 3402 silentio
3107 3349 3260 3402 trium
3293 3357 3584 3417 temporum
3610 3367 3622 3402 :

2073 3450 2212 3488 nunc
2237 3451 2364 3489 vero
2393 3436 2520 3490 nihil
2545 3437 2746 3501 siletur,
2765 3454 2882 3492 cum
2908 3439 3007 3492 hoc
3026 3440 3310 3509 repetendo
3339 3433 3634 3508 permulcet

2064 3526 2317 3580 auditum.
2346 3527 2558 3583 ΑΙ.νίᾱο
2584 3529 2759 3598 igitur,
2792 3539 2964 3583 utrum
2991 3530 3219 3599 incipere
3240 3530 3426 3586 debeat
3451 3545 3479 3584 a
3499 3547 3623 3602 pyr-

2065 3615 2289 3682 rhichio,
2313 3616 2502 3670 deinde
2531 3618 2810 3672 metiamur
2838 3619 3149 3685 dichorium,
3177 3629 3284 3674 tum
3310 3620 3618 3690 spondeum,

2064 3706 2151 3773 qui
2177 3707 2405 3774 complet
2426 3714 2683 3775 tempora,
2713 3723 2933 3777 quorum
2963 3709 3067 3762 duo
3089 3720 3210 3763 sunt
3239 3711 3290 3763 in
3327 3710 3581 3779 principio
3607 3729 3619 3762 :

2065 3803 2236 3862 potest
2258 3794 2379 3848 item
2409 3803 2566 3863 caput
2593 3803 2773 3850 tenere
2797 3805 3113 3866 anap:cstus,
3146 3797 3335 3852 deinde
3360 3797 3618 3851 diiamhus

2065 3883 2254 3946 metiri,
2275 3891 2331 3936 ut
2351 3894 2580 3938 extrema
2606 3885 2754 3955 longa
2779 3886 3030 3939 collocata
3059 3903 3176 3940 cum
3198 3889 3210 3917 ¹
3236 3897 3461 3956 quatuor
3482 3894 3618 3941 tem-

2064 3973 2278 4042 poribus
2303 3976 2550 4043 anapaesti
2583 3975 2817 4044 perﬁciat
2838 3990 2928 4030 sex
2961 3986 3215 4046 tempora,
3247 3995 3362 4046 qua)
3387 3994 3506 4032 cum
3533 3978 3618 4033 di-

2064 4063 2236 4115 iambo
2262 4065 2599 4128 conveniunt,
2632 4081 2694 4118 cx
2729 4081 2833 4134 quo
2872 4066 3129 4135 intelligas
3154 4066 3293 4125 licet.
3327 4077 3500 4136 partes
3528 4083 3621 4136 pe—

2063 4147 2186 4202 dum
2212 4167 2311 4204 non
2340 4154 2507 4206 solum
2539 4153 2589 4206 in
2614 4153 2715 4207 ﬁne
2746 4155 2887 4222 poni,
2916 4153 3007 4208 sed
3031 4156 3186 4209 etiam
3228 4155 3277 4207 in
3305 4155 3474 4224 capite
3511 4172 3620 4209 ine--

2064 4250 2284 4296 trorum.
2319 4242 2385 4295 ι).
2408 4244 2520 4298 Jam
2553 4244 2805 4314 intelligo.

2135 4333 2219 4384 17.
2251 4332 2302 4383 Μ
2359 4335 2512 4398 Quid,
2543 4336 2584 4387 si
2615 4337 2819 4387 demam
2851 4351 3005 4387 unam
3038 4336 3271 4388 ultimam
3305 4336 3532 4404 longam,
3565 4344 3622 4389 ut

2063 4420 2165 4473 tale
2188 4420 2254 4472 sit
2281 4431 2525 4484 metrum,
2563 4421 2763 4492 chetes
2796 4439 2932 4475 meus
2957 4423 3098 4477 labor
3125 4440 3142 4477 :
3173 4441 3348 4479 nonne
3379 4425 3619 4479 animad-

2061 4509 2222 4563 vertis
2243 4525 2360 4563 cum
2383 4511 2592 4564 silentio
2615 4512 2836 4564 duorum
2866 4520 3156 4581 temporum
3183 4516 3345 4584 repeti
3368 4516 3390 4569 ?
3415 4517 3488 4570 Ex
3517 4531 3620 4586 quo

2061 4597 2392 4651 manifestum
2429 4608 2542 4662 est,
2585 4610 2638 4652 et
2682 4600 2908 4668 aliquam
2941 4609 3140 4670 partem
3180 4604 3327 4671 pedis
3367 4619 3520 4673 posse
3565 4605 3616 4659 in

2062 4688 2316 4756 principio
2343 4688 2495 4742 metri
2526 4690 2680 4757 poni,
2709 4699 2761 4743 ct
2789 4691 3015 4760 aliquam
3057 4693 3107 4746 in
3145 4693 3247 4748 ﬁne
3267 4736 3280 4758 ,
3309 4701 3363 4748 ct
3389 4695 3612 4762 aliquam

2059 4775 2110 4829 in
2156 4776 2387 4831 silentio.
2433 4777 2498 4830 D.
2541 4780 2605 4832 Et
2644 4778 2742 4833 hoc
2780 4781 3113 4836 manifestum
3141 4791 3238 4836 est.
3284 4781 3360 4834 Μ.
3387 4782 3489 4838 Sed
3518 4782 3617 4838 hoc

2058 4865 2170 4919 ﬁeri
2201 4865 2244 4919 si
2279 4866 2570 4921 dichorium
2611 4869 2845 4924 metiaris
2885 4871 3144 4940 integrum
3185 4872 3238 4925 in
3277 4871 3374 4926 hoc
3416 4882 3612 4935 metro;

2057 4971 2177 5008 nam
2207 4956 2250 5010 si
2294 4955 2610 5024 diiambum,
2648 4967 2702 5012 et
2743 4973 2771 5011 a
2812 4961 2981 5028 capite
3022 4970 3319 5029 anapaestus
3360 4971 3610 5031 ponatur,

2055 5047 2230 5099 cernis
2259 5057 2458 5114 partem
2491 5048 2638 5116 pedis
2664 5049 2716 5102 in
2748 5051 3001 5118 principio
3032 5055 3251 5119 positam
3270 5093 3284 5114 ,
3313 5068 3428 5122 qua:
3459 5055 3614 5109 habet

2051 5133 2158 5202 jam
2185 5144 2409 5203 quatuor
2436 5145 2671 5204 tempora
2708 5154 2719 5189 :
2754 5137 2857 5191 duo
2881 5147 3055 5193 autem
3085 5155 3200 5209 quae
3225 5140 3513 5211 debentur,
3544 5145 3613 5198 si-

2055 5222 2230 5277 lentur
2260 5224 2309 5276 in
2342 5224 2464 5278 ﬁne.
2496 5224 2574 5278 Ex
2601 5240 2708 5294 quo
2730 5225 3010 5292 discimus,
3044 5243 3198 5297 posse
3227 5240 3452 5286 metrum
3479 5232 3609 5287 inci-

2053 5326 2178 5381 pere
2221 5328 2249 5366 a
2296 5323 2442 5382 parte
2471 5313 2618 5381 pedis
2642 5354 2657 5380 ,
2700 5323 2753 5369 et
2780 5314 3018 5372 desinere
3045 5317 3108 5372 ad
3149 5319 3358 5386 plenum
3391 5321 3606 5389 pedem,

2051 5400 2145 5456 sed
2183 5417 2447 5472 nunquam
2487 5404 2601 5458 sine
2639 5403 2872 5460 silentio.
2914 5406 2982 5460 D.
3030 5408 3093 5462 Et
3137 5408 3234 5465 hoc
3275 5412 3606 5482 pchpicnnzn

2051 5500 2151 5546 est.

2115 5644 2318 5718 ltn.B_,_
2347 5642 2572 5718 collocata
2592 5653 2824 5717 .quauwr,
2872 5661 3042 5700 omnssa
3080 5652 3414 5718 ξυνωραεὶιίωο
3460 5665 3600 5714 cum,

2049 5716 2189 5766 quam
2214 5711 2261 5752 in
2285 5711 2361 5752 Ms.
2390 5711 2419 5752 Α
2444 5711 2725 5765 reperimus.
3084 5711 3092 5718 '
3186 5713 3192 5720 '
