4118 6370
487 394 623 451 H59

554 511 641 565 l8.
678 508 753 563 Μ.
782 504 965 574 Quid?
989 504 1091 558 hoc
1114 506 1336 554 metrum
1361 502 1580 564 potesne
1600 488 1776 545 metiri
1800 495 1857 543 et
1880 486 2059 542 dicere

487 600 679 670 quibus
704 596 927 668 pedibus
955 590 1203 648 constet?

788 694 889 735 tam
909 683 1029 734 satis
1046 680 1193 732 terris
1212 677 1352 735 nivis,
1374 680 1523 736 atque
1543 670 1662 720 dirae

788 744 1034 796 Grandittis
1052 743 1181 791 misit
1203 744 1360 798 Pater,
1384 735 1664 784 et’rubeute

787 814 999 859 Dextera
1017 814 1178 854 sam-as
1192 797 1428 863 iaculatus
1447 807 1601 863 arces.

1040 848 1230 927 ῐῡᾶαἱ.
1251 859 1335 911 lib.
1362 860 1383 908 ι
1408 852 1699 913 carminum,
1725 849 1817 903 ode
1835 848 1909 913 ε.)

487 956 557 1011 D.
590 953 812 1009 Possum
846 946 1172 1004 constituere
1209 944 1263 996 in
1302 939 1475 1009 capite
1514 935 1768 991 creticum
1789 972 1807 998 ,
1836 938 1892 987 et
1924 928 2061 983 duos

486 1043 660 1100 metiri
696 1038 931 1110 reliquos
957 1048 1143 1093 senum
1180 1042 1477 1100 temporum
1515 1024 1713 1096 pedes,
1737 1034 1900 1076 unum
1928 1016 2064 1073 ioni-

484 1150 606 1190 cum
640 1148 671 1187 a
714 1128 941 1201 majori,
968 1125 1195 1182 alterum
1229 1118 1559 1183 dichorium,
1604 1123 1659 1168 et
1700 1112 1857 1167 silere
1896 1121 2060 1164 unum

485 1236 695 1294 tempus
717 1218 863 1292 quod
889 1215 1193 1286 adiungitur
1217 1208 1417 1267 cretico
1439 1216 1496 1261 ut
1523 1220 1618 1261 sex
1645 1212 1883 1272 tempora
1912 1212 2061 1252 com-

485 1293 747 1385 pleantur.
790 1309 869 1365 Μ.
930 1304 1179 1363 Nonnihil
1228 1299 1396 1358 defuit
1444 1293 1856 1353 considerationi
1911 1300 2062 1385 tuae:

484 1379 608 1462 nam
636 1420 761 1461 cum
785 1400 1056 1458 dichorius
1081 1405 1164 1453 est
1192 1396 1243 1450 in
1272 1393 1396 1456 line,
1423 1396 1662 1447 restante
1688 1384 1901 1440 silentio
1923 1424 1939 1448 ,
1981 1379 2062 1435 ul-

487 1501 616 1554 tima
643 1495 759 1566 eius
781 1508 899 1564 qua:
918 1490 1095 1546 brevis
1118 1495 1220 1553 est,
1246 1500 1346 1557 pro
1371 1484 1527 1551 longa
1552 1478 1823 1547 accipitur.
1850 1474 1937 1566 an
1961 1471 2062 1524 hoc

490 1561 750 1661 negabis?
778 1561 845 1639 ι).
873 1583 985 1638 lmo
1006 1579 1193 1635 fateor.
1224 1575 1303 1628 Μ.
1335 1573 1447 1628 Νοη
1483 1583 1614 1640 ergo
1630 1562 1879 1622 constitui
1907 1561 2064 1615 decet

456 1728 459 1729 ν
486 1684 540 1736 in
564 1659 666 1734 line
685 1674 1005 1737 dichorium,
1020 1669 1122 1724 nisi
1142 1665 1353 1722 nulloin
1370 1660 1685 1731 repetitione
1703 1659 2062 1722 consequente

486 1770 698 1827 silentio
718 1809 737 1838 ,
767 1782 836 1823 ne
865 1780 969 1820 non
996 1764 1104 1831 iam
1129 1755 1427 1821 dichorius,
1469 1751 1563 1807 sed
1602 1749 1845 1819 epitritus
1870 1758 2061 1799 secun-

486 1864 587 1917 dus
614 1859 891 1916 sentiatur.
919 1853 992 1909 D.
1013 1850 1344 1908 Manifestum
1371 1852 1472 1900 est.
1494 1839 1772 1910 Quomodo
1798 1852 1925 1906 ergo
1950 1848 2064 1888 me-

488 1952 681 2006 tiemur
698 1950 802 2003 hoc
826 1941 1100 2002 metrum?
1124 1940 1193 1994 D.
1218 1936 1426 1993 Nescio.

487 2038 714 2097 CAPUT
750 2035 893 2093 XIV.
912 2065 985 2076 —
1015 2032 1334 2103 Persequitur
1356 2025 1599 2080 rationem
1619 2018 1887 2076 adhibendi
1912 2016 2063 2071 silen-

961 2127 1030 2181 tia
1054 2124 1106 2178 in
1131 2118 1390 2176 metiendis
1414 2115 1603 2170 metris.

560 2220 639 2277 ιι.
667 2219 895 2276 Attende
923 2229 1051 2286 ergo
1086 2221 1263 2267 utrum
1300 2210 1435 2265 bene
1462 2212 1637 2269 sonet,
1667 2216 1787 2257 eum
1834 2200 1906 2253 ita
1944 2211 2067 2267 pro-

489 2312 697 2379 nuntio,
721 2316 782 2364 ut
805 2314 930 2379 post
956 2314 1064 2360 tres
1092 2302 1290 2372 primas
1319 2297 1547 2370 syllabas
1574 2308 1736 2348 unum
1760 2299 1969 2359 tempus
1994 2286 2067 2342 si-

486 2400 625 2457 leam
656 2417 671 2455 :
702 2398 772 2453 ita
802 2396 943 2452 enim
974 2395 1026 2448 in
1056 2391 1162 2446 line
1190 2388 1319 2444 nihil
1363 2385 1639 2442 debebitur
1661 2424 1679 2450 ,
1719 2389 1778 2435 ut
1812 2380 2066 2435 decenter

488 2488 560 2544 ibi
588 2486 758 2559 possit
800 2499 919 2541 esse
945 2480 1234 2537 dichorius.
1268 2476 1336 2531 D.
1367 2471 1759 2532 Iucundissime
1784 2474 1957 2524 sonat.

560 2580 648 2637 l9.
690 2576 771 2632 ll.
794 2575 910 2632 Hoc
936 2587 1145 2645 quoque
1170 2570 1329 2641 igitur
1350 2565 1699 2637 adiungamus
1724 2562 1845 2628 arti,
1878 2566 1937 2614 ut
1958 2572 2065 2612 non

488 2672 663 2727 solum
693 2670 747 2724 in
787 2669 893 2722 line
916 2708 930 2732 ,
959 2664 1054 2721 sed
1083 2672 1137 2719 et
1170 2669 1293 2717 ante
1336 2661 1494 2713 linem
1517 2672 1636 2711 cum
1667 2660 1875 2724 oportet
1900 2650 2066 2706 silea~

488 2778 627 2818 mus.
652 2760 802 2815 Tune
840 2764 1021 2811 autem
1057 2759 1297 2824 oportet,
1323 2764 1445 2805 cum
1471 2746 1525 2802 id
1552 2744 1691 2815 quod
1717 2742 1940 2797 debetur
1968 2740 2067 2794 im-

488 2850 695 2922 plendis
713 2846 1043 2919 temporibus
1070 2843 1263 2916 pedum
1288 2883 1303 2907 ,
1334 2848 1422 2895 aut
1460 2838 1766 2893 indecenter
1803 2834 1987 2889 siletur
2012 2831 2065 2886 in

490 2944 598 2998 ﬁne
620 2946 840 3012 propter
860 2937 1099 2992 ultimam
1125 2934 1339 2989 brevem
1357 2971 1374 2998 ,
1400 2938 1460 2985 ut
1496 2929 1550 2983 in
1577 2926 1678 2982 hoc
1705 2924 1842 2995 quod
1868 2923 2065 2977 dictum

489 3040 610 3099 est;
655 3038 749 3086 aut
789 3044 911 3084 cum
956 3026 1062 3082 duo
1102 3023 1494 3080 constituuntur
1538 3033 1645 3072 non
1678 3015 1817 3087 pleni
1862 3014 2063 3083 pedes,

490 3136 631 3178 unus
653 3120 707 3177 in
732 3119 925 3189 capite,
948 3116 1085 3172 alter
1108 3112 1164 3169 in
1192 3112 1318 3177 line,
1350 3110 1519 3181 qualis
1543 3108 1641 3163 iste
1664 3116 1747 3162 est
1766 3147 1782 3173 ,

762 3206 978 3259 Gentiles
995 3210 1197 3259 nostros
1207 3202 1334 3253 inter
1353 3200 1549 3251 oberrat
1570 3210 1740 3262 equos.

493 3292 717 3350 Sensisti
753 3293 916 3358 enim,
944 3300 1001 3344 ut
1036 3290 1246 3361 opinor,
1278 3301 1365 3340 me
1400 3292 1519 3361 post
1561 3282 1792 3353 quinque
1834 3280 2065 3351 syllabas

492 3384 681 3454 longas
703 3424 721 3451 ,
746 3396 950 3437 moram
993 3380 1217 3435 duorum
1247 3356 1541 3444 tempanm
1568 3372 1777 3426 siluisse
1805 3412 1820 3437 ,
1864 3380 1919 3426 et
1947 3378 2065 3422 tan-

494 3472 730 3529 tumdem
757 3473 810 3527 in
838 3472 943 3526 line
977 3468 1238 3524 silendum
1264 3474 1346 3521 est
1364 3505 1379 3531 ,
1413 3463 1537 3516 dum
1565 3460 1766 3517 reditur
1793 3459 1861 3514 ad
1887 3466 2062 3527 caput.

492 3566 548 3621 Si
575 3562 715 3619 enim
747 3562 845 3617 hoc
881 3569 1108 3616 metrum
1137 3556 1203 3611 ad
1234 3557 1404 3622 legem
1436 3567 1532 3607 sex
1561 3560 1857 3619 temporum
1884 3546 2069 3601 metia-

492 3656 595 3721 ris;
626 3652 730 3711 erit
767 3651 857 3706 tibi
889 3650 1092 3720 primus
1129 3645 1393 3716 spondeus
1414 3684 1428 3709 ,
1472 3640 1737 3697 secundus
1763 3638 2024 3694 molossus
2048 3680 2065 3703 ,

491 3745 678 3802 tertius
697 3742 1068 3807 choriambus,
1097 3747 1313 3809 quartus
1344 3742 1663 3804 anapaestus.
1690 3731 1939 3803 Spondeo
1967 3730 2065 3800 igi-

491 3849 579 3893 tur
619 3836 880 3893 debentur
934 3832 1041 3888 duo
1085 3841 1318 3899 tempora
1348 3836 1405 3881 ut
1432 3843 1524 3881 sex
1551 3833 1853 3893 temporum
1879 3820 2066 3889 pedem

491 3930 727 4002 impleat,
756 3938 808 3983 et
847 3932 1156 3994 anapmsto:
1196 3921 1371 3990 itaque
1411 3918 1518 3973 duo
1546 3917 1768 3971 silentur
1796 3921 1915 3982 post
1950 3925 2067 3964 mo-

498 4001 697 4078 lossum
724 4027 847 4073 ante
872 4016 1055 4079 ﬁnem,
1088 4021 1141 4067 et
1168 4011 1273 4065 duo
1299 4016 1418 4078 post
1445 4013 1768 4076 anapaestum
1787 4003 1840 4057 in
1867 4001 1990 4057 line.
2011 4001 2067 4056 Si

492 4120 668 4167 autem
693 4108 759 4163 ad
790 4108 959 4176 legem
1003 4111 1300 4172 temporum
1340 4107 1604 4168 quatuor;
1646 4110 1750 4148 una
1787 4094 1939 4162 longa
1969 4093 2072 4147 erit

494 4204 547 4256 in
591 4201 794 4270 capite,
842 4196 1033 4251 deinde
1071 4194 1208 4249 duos
1251 4191 1501 4246 metimur
1538 4186 1834 4257 spondeos,
1880 4184 2071 4240 deinde

494 4294 629 4348 duos
666 4290 938 4362 dactylos,
982 4296 1037 4343 et
1077 4292 1201 4357 post
1236 4298 1339 4337 una
1373 4283 1528 4351 longa
1559 4278 1841 4335 concludet
1863 4279 1901 4330 ί.
1932 4278 2069 4332 Sile-

495 4399 618 4440 mus
655 4383 830 4454 itaque
864 4379 972 4437 duo
1016 4388 1252 4447 tempora
1300 4382 1418 4445 post
1463 4370 1731 4443 geminum
1776 4369 2068 4440 spondeum

495 4482 620 4531 ante
645 4472 803 4529 linem
822 4512 839 4539 ,
868 4479 922 4527 et
946 4470 1053 4526 duo
1077 4470 1129 4525 in
1159 4467 1261 4523 line
1279 4506 1296 4533 ,
1338 4473 1396 4521 ut
1422 4464 1581 4519 ambo
1608 4462 1771 4532 pedes
1812 4461 2069 4531 implean-

498 4579 603 4632 tur,
624 4579 848 4637 quorum
880 4560 1127 4618 dimidias
1158 4565 1333 4630 partes
1357 4556 1412 4611 in
1439 4557 1611 4624 capite
1630 4562 1789 4624 atque
1816 4554 1870 4607 in
1895 4560 2071 4608 extre-

494 4671 584 4711 nio
602 4652 896 4725 posuimus.

563 4750 654 4805 20.
686 4747 1077 4816 Nonnunquam
1109 4752 1283 4798 tamen
1328 4737 1469 4809 quod
1510 4736 1719 4793 duobus
1757 4750 1861 4791 non
1901 4736 2074 4805 plenis

496 4841 724 4913 pedibus
754 4836 977 4895 debetur
1002 4835 1059 4891 in
1086 4831 1344 4904 principio
1380 4844 1446 4886 ac
1474 4828 1577 4883 line
1602 4827 1897 4890 collocatis,
1929 4826 2073 4882 ﬁnali

496 4942 703 4990 tantum
746 4928 961 4988 silentio
996 4926 1314 4989 redditur';
1357 4924 1403 4977 si
1436 4930 1639 4977 tantum
1678 4920 1748 4974 sit
1775 4927 1833 4974 ut
1869 4918 2073 4976 dimidii

494 5026 724 5097 spatium
754 5018 908 5093 pedis
932 5033 1036 5075 non
1065 5014 1323 5082 excedat,
1350 5010 1522 5084 qualia
1546 5010 1663 5065 hac
1688 5010 1794 5064 duo
1815 5018 1938 5064 sunt
1967 5027 1981 5064 :

861 5108 1000 5161 silva:
1019 5108 1312 5166 laborantes,
1332 5101 1547 5167 geluque

864 5171 1072 5222 Flumina
1092 5167 1395 5219 constiterint
1416 5172 1573 5213 acuto.

500 5259 703 5314 llorutn
728 5255 872 5314 enim
892 5254 1038 5327 prius
1059 5248 1243 5320 incipit
1265 5264 1293 5301 a
1315 5244 1715 5317 palimbacchio,
1745 5244 1867 5299 inde
1889 5259 2077 5297 excur-

502 5350 573 5404 rit
591 5349 645 5403 in
674 5347 985 5411 molossum,
1008 5350 1061 5399 et
1079 5338 1301 5397 bacchio
1322 5335 1634 5391 terminatur
1664 5351 1677 5387 :
1705 5334 1927 5388 silentur
1949 5347 2077 5402 ergo

502 5438 611 5493 duo
639 5444 919 5508 tempora;
955 5447 1184 5506 quorum
1224 5444 1386 5485 unum
1427 5425 1647 5481 bacchio
1670 5467 1685 5492 ,
1725 5425 1947 5479 alterum
1980 5438 2073 5494 pa-

500 5524 820 5584 limbacchio
843 5539 965 5580 cum
988 5520 1316 5586 reddideris,
1344 5531 1471 5573 sena
1498 5516 1689 5586 ubique
1712 5522 1946 5585 tempora
1975 5514 2073 5567 int-

564 5655 585 5688 ⁸
610 5660 661 5704 tu
681 5660 753 5714 3.,
769 5646 1393 5714 caldudelur._cott_cludet,
1414 5648 1550 5714 juxta
1570 5653 1675 5714 Pass.
1693 5654 1724 5695 Α
1739 5653 1858 5714 ct_B.
1926 5653 1983 5697 Il.

564 5720 585 5748 ¹
610 5706 821 5783 Iu_prius
836 5716 1056 5783 excusis,
1079 5711 1216 5777 ﬁnali
1251 5706 1627 5761 tamett'st'lentio
1662 5706 1897 5760 redditur.
1938 5715 1992 5759 At
2028 5709 2076 5758 In

502 5783 628 5836 uss,
655 5775 785 5827 ﬁnali
805 5782 1004 5826 tantum.

1713 373 1801 427 DE
1840 365 2106 432 MUSICA,
2146 362 2204 419 S.
2245 361 2612 418 AUGUSTINI

3609 367 3749 423 μω

2167 480 2469 552 plcbuntur.
2509 480 2624 535 Hoc
2664 486 2840 534 autem
2884 476 3144 548 posterius
3174 476 3385 549 dactylo
3424 476 3703 534 inchoatur
3727 522 3745 547 ,

2168 572 2291 627 inde
2318 571 2490 642 pergit
2527 572 2580 624 in
2616 567 3012 635 choriambum,
3058 566 3315 622 clauditur
3353 567 3573 624 bacchio
3603 586 3617 621 :
3646 570 3749 624 tria

2168 662 2328 734 igitur
2350 669 2593 729 tempora
2629 658 2791 715 silere
2814 656 3112 728 oportebit;
3144 657 3268 713 hinc
3294 674 3461 713 unum
3486 658 3747 729 bacchio,

2167 751 2273 807 duo
2298 751 2508 822 dactylo
2535 748 2964 815 redhibebimus,
3000 755 3061 802 ut
3099 747 3154 802 in
3181 748 3429 803 omnibus
3469 749 3577 803 sint
3617 762 3747 804 sena

2166 849 2426 910 tempora.

2235 934 2326 988 2i.
2357 933 2509 988 Prius
2544 938 2722 987 autem
2760 929 3002 986 redditur
3038 929 3181 1000 quod
3217 928 3443 985 debetur
3477 928 3751 999 implendo

2165 1033 2405 1080 extremo
2432 1022 2586 1093 pedi,
2614 1035 2773 1092 quam
2798 1020 2850 1075 in
2888 1020 3149 1089 principio
3175 1020 3481 1075 constituto.
3507 1018 3618 1073 Nec
3647 1019 3752 1073 ali-

2164 1122 2250 1170 ter
2272 1115 2489 1170 omnino
2514 1114 2630 1168 tleri
2662 1127 2820 1167 aures
2856 1113 3056 1171 sinunt.
3101 1110 3210 1166 Nec
3250 1111 3443 1166 mirum
3473 1127 3492 1167 :
3522 1112 3575 1167 id
3605 1111 3754 1168 enitr.

2166 1220 2286 1260 cum
2311 1205 2619 1275 repetimus,
2650 1203 2956 1273 adiungitur
2978 1202 3136 1271 capiti
3162 1201 3302 1271 quod
3326 1216 3544 1271 prorsus
3568 1210 3753 1258 extre.

2166 1312 2309 1350 mum
2336 1303 2436 1351 est.
2462 1294 2645 1364 Itaque
2664 1294 2718 1347 in
2750 1294 2852 1348 hoc
2878 1302 3051 1347 metro
3078 1291 3219 1362 quod
3245 1291 3441 1346 dictum
3467 1300 3571 1356 est,
3612 1288 3751 1343 Fla-

2166 1390 2301 1443 mina
2321 1388 2629 1443 constiterint
2653 1396 2800 1441 acuto
2829 1401 2849 1440 :
2879 1401 2999 1440 cum
3023 1385 3124 1439 tria
3148 1393 3384 1453 tempora
3405 1383 3548 1437 senis
3568 1382 3754 1452 utique

2167 1479 2449 1549 implendis
2486 1477 2818 1543 debeantur,
2866 1476 2911 1530 si
2939 1489 3001 1529 ea
3044 1489 3150 1528 non
3187 1473 3402 1528 silentio
3435 1471 3602 1537 velis,
3652 1469 3751 1525 sed

2165 1585 2297 1625 voce
2330 1568 2585 1635 reddere,
2613 1566 2924 1638 possintque
2961 1564 3115 1620 reddi
3153 1572 3209 1619 et
3253 1577 3350 1632 per
3392 1560 3624 1616 iambum
3650 1600 3669 1624 ,
3697 1568 3755 1613 et

2166 1675 2264 1731 per
2286 1659 2523 1715 chorium
2548 1700 2565 1725 ,
2599 1665 2653 1711 et
2678 1672 2774 1726 per
2797 1654 3123 1711 tribracbum
3150 1693 3165 1718 ,
3206 1652 3330 1722 quia
3371 1665 3559 1705 omnes
3598 1657 3750 1703 terna

2167 1758 2406 1820 tempora
2428 1746 2736 1819 possident;
2768 1746 2913 1800 nullo
2943 1743 3103 1799 modo
3128 1757 3190 1798 ea
3214 1756 3311 1811 per
3336 1740 3577 1795 chorium
3597 1736 3753 1792 reddi
3800 1756 3807 1761 ο

2166 1852 2356 1894 sensus
2378 1838 2493 1907 ipse
2515 1835 2792 1904 permittit,
2824 1835 2876 1888 in
2908 1847 3014 1903 quo
3036 1830 3184 1901 prior
3208 1838 3292 1884 est
3330 1829 3482 1898 longa
3510 1825 3714 1899 syllaba
3730 1864 3753 1892 ,

2167 1929 2344 1984 brevis
2369 1927 2639 2003 posterior
2667 1944 2680 1980 :
2714 1924 2769 1980 id
2801 1926 2943 1980 enim
2972 1924 3119 1995 prius
3151 1936 3342 1977 sonare
3370 1919 3562 1986 debet,
3605 1918 3752 1988 quod

2166 2018 2389 2074 bacchio
2415 2017 2640 2072 debetur
2672 2026 2935 2082 extremo,
2973 2015 3027 2069 id
3053 2021 3135 2068 est
3158 2012 3334 2068 brevis
3361 2010 3596 2081 syllaba;
3640 2021 3752 2062 non

2166 2109 2321 2180 longa
2341 2150 2357 2175 ,
2388 2123 2507 2179 quas
2550 2107 2760 2178 dactylo
2788 2107 2981 2177 primo.
3028 2105 3177 2161 Licet
3212 2103 3316 2159 hoc
3356 2102 3638 2171 explorare
3664 2098 3757 2154 bis

2168 2200 2426 2269 exemplis
2453 2215 2470 2253 :

2501 2289 2713 2340 Flumina
2732 2288 3034 2339 constiterint
3054 2294 3193 2337 acuto
3213 2284 3348 2348 geiu.

2500 2348 2712 2401 Flumina
2726 2349 3032 2399 constiterint
3049 2355 3191 2409 acute
3212 2345 3392 2409 gelida.

2502 2410 2717 2462 Flumina
2737 2409 3041 2460 constiterint
3060 2410 3112 2458 in
3133 2407 3236 2458 alta'
3250 2417 3413 2457 nocte.

2167 2492 2264 2548 Cui
2289 2493 2506 2548 dubium
2536 2502 2639 2559 est,
2667 2491 2776 2546 duo
2804 2490 2893 2545 illa
2927 2489 3159 2545 suaviter
3194 2486 3394 2559 repeti,
3425 2486 3529 2542 hoc
3566 2493 3748 2539 autem

2170 2586 2383 2641 tertium
2410 2584 2556 2639 nullo
2580 2584 2740 2639 modo
2758 2584 2784 2638 ?

2238 2674 2330 2728 22.
2364 2672 2494 2728 Item
2534 2689 2655 2729 cum
2697 2672 2901 2742 singula
2940 2678 3179 2740 tempora
3228 2668 3448 2738 singulis
3489 2664 3755 2720 debentur

2169 2764 2393 2836 pedibus
2420 2765 2596 2819 minus
2635 2764 2835 2833 plenis,
2863 2763 2907 2816 si
2944 2777 3009 2817 ea
3032 2776 3165 2816 voce
3187 2759 3412 2815 reddere
3439 2756 3574 2812 velis
3594 2796 3614 2824 ,
3642 2771 3755 2811 non

2168 2856 2295 2911 sinit
2318 2869 2507 2910 sensus
2528 2855 2581 2909 in
2601 2869 2759 2909 unam
2779 2854 3036 2925 syllabam
3061 2851 3349 2917 coarctari;
3372 2850 3507 2904 mira
3527 2849 3755 2904 omnino

2165 2944 2391 3016 iustitia.
2420 2944 2538 2999 Non
2567 2945 2711 2999 enim
2738 2944 3010 3008 convenit,
3038 2941 3181 3013 quod
3207 2940 3494 3012 separatim
3517 2939 3753 2994 redden-

2169 3035 2295 3089 dum
2325 3042 2408 3089 est
2425 3074 2440 3102 ,
2485 3050 2592 3090 non
2622 3039 2781 3090 etiam
2808 3033 3058 3088 constitui
3083 3031 3388 3102 separatim.
3416 3029 3673 3099 Quocirca
3698 3029 3756 3084 in

2169 3125 2262 3180 illo
2287 3134 2486 3189 metro,
2517 3124 2674 3179 Silver
2700 3123 3005 3189 laborantes,
3036 3123 3272 3193 geluque,
3302 3122 3346 3176 si
3365 3135 3520 3174 unam
3540 3119 3757 3189 longam

2171 3232 2269 3288 pro
2311 3217 2523 3271 silentio
2568 3216 2657 3270 lini
2699 3214 2898 3281 addas,
2949 3213 3104 3269 sicui
3148 3221 3260 3279 est,
3289 3211 3448 3267 Silva
3469 3210 3758 3264 laborantes

2169 3308 2285 3379 gelu
2302 3307 2460 3375 duro,
2492 3322 2601 3362 non
2625 3306 2853 3377 probant
2875 3320 3069 3371 aures;
3111 3304 3251 3360 sicut
3275 3303 3503 3375 probant
3525 3316 3647 3357 cum
3672 3301 3756 3356 di-

2171 3398 2342 3454 cimus
2365 3440 2382 3467 ,
2410 3398 2569 3453 Silva:
2596 3398 2879 3452 laborantes
2907 3396 3023 3468 gelu
3046 3403 3092 3450 et
3116 3395 3324 3466 frigore.
3356 3393 3509 3461 Quod
3527 3391 3757 3448 satiatis-

2170 3488 2303 3543 sime
2328 3487 2513 3553 sentis,
2542 3502 2663 3542 cum
2691 3486 2897 3558 singula
2925 3485 3143 3556 repetis.

2239 3576 2489 3633 23.1mm
2530 3592 2636 3631 non
2671 3584 2882 3645 oportet
2902 3591 3025 3631 eum
3065 3574 3172 3630 duo
3206 3573 3384 3629 minus
3420 3572 3565 3644 pleni
3593 3571 3763 3643 pedes

2168 3678 2462 3738 ponuntur,
2495 3668 2753 3738 majorem
2778 3669 2831 3723 in
2863 3666 3127 3738 principio
3150 3682 3309 3737 quam
3351 3666 3405 3727 in
3449 3665 3556 3719 line
3596 3664 3758 3734 poni;

2170 3775 2294 3814 nam
2331 3767 2386 3814 et
2423 3759 2525 3814 hoc
2564 3759 2888 3814 condemnat
2922 3758 3171 3824 auditus,
3219 3765 3470 3826 tanquam
3499 3754 3543 3809 si
3571 3753 3754 3821 dicas,

2174 3848 2435 3920 Optimum
2457 3859 2653 3920 tempus
2677 3850 2818 3903 adest
2842 3850 3046 3903 tandem
3064 3888 3082 3915 ,
3114 3857 3171 3903 ut
3198 3847 3400 3918 primus
3425 3860 3520 3916 pes
3543 3845 3613 3899 sit
3641 3859 3761 3901 cre-

2173 3941 2328 4007 ticus,
2357 3940 2623 3997 secundus
2647 3939 3006 4004 choriambus,
3042 3939 3228 3993 tertius
3255 3936 3549 4006 spondeus;
3578 3942 3636 3989 ut
3655 3934 3759 3990 tria

2176 4038 2413 4101 tempora
2430 4030 2702 4099 sileamus,
2724 4044 2954 4099 quorum
2974 4029 3078 4084 duo
3096 4029 3356 4083 debentur
3381 4026 3567 4082 ultimo
3594 4039 3763 4094 spor»

2171 4120 2274 4173 deo
2297 4118 2363 4173 ad
2392 4134 2517 4174 sena
2548 4117 2835 4187 implenda,
2869 4126 2924 4172 et
2952 4132 3114 4173 unum
3156 4116 3331 4185 primo
3359 4114 3574 4169 cretico.
3602 4114 3673 4168 At
3709 4113 3761 4167 si

2171 4211 2245 4266 ita
2287 4210 2525 4275 dicatur,
2573 4208 2797 4263 Tandem
2840 4218 3033 4277 tempus
3074 4208 3217 4260 adest
3252 4205 3529 4277 Optimum,
3569 4202 3758 4258 eadem

2174 4299 2485 4370 interposita
2534 4299 2691 4353 trium
2731 4306 3028 4368 temporum
3066 4291 3215 4351 mora
3257 4295 3310 4349 in
3349 4294 3597 4357 silentio,
3635 4292 3762 4362 quis

2174 4406 2281 4447 non
2308 4390 2504 4447 sentiat
2525 4388 2905 4460 iucundissime
2930 4386 3096 4457 repeti
3116 4386 3141 4439 ἲ
3161 4386 3336 4452 Quare
3360 4394 3450 4438 aut
3476 4383 3606 4438 tanti
3634 4397 3761 4451 spa-

2176 4483 2236 4538 tii
2263 4482 2418 4537 decet
2435 4495 2555 4536 esse
2582 4480 2633 4534 in
2662 4478 2767 4534 line
2786 4479 2964 4533 minus
2986 4477 3198 4546 plenum
3228 4474 3441 4546 pedem,
3471 4474 3653 4542 quanti
3676 4482 3761 4527 est

2176 4572 2229 4627 in
2259 4570 2545 4641 principio,
2579 4577 2636 4623 ut
2665 4568 2811 4634 illud,
2843 4566 3000 4622 Silius
3021 4565 3302 4621 laborantes
3328 4605 3344 4631 ,
3367 4563 3578 4633 geluque
3600 4577 3621 4614 :
3648 4568 3744 4614 aut

2176 4663 2438 4717 minorem
2461 4660 2515 4716 in
2545 4660 2832 4730 principio,
2859 4668 2914 4713 et
2941 4658 2993 4712 in
3025 4657 3130 4712 line
3157 4656 3435 4726 majorem,
3457 4652 3619 4709 veluti
3643 4659 3760 4715 est,

2178 4750 2420 4806 Flumina
2445 4749 2752 4804 constiterint
2795 4758 2964 4802 acuto.
3004 4746 3191 4817 Neque
3235 4745 3467 4816 injuria,
3504 4742 3630 4813 quia
3667 4742 3763 4797 ubi

2176 4849 2259 4896 est
2281 4840 2585 4911 aequalitas,
2628 4839 2772 4893 nulla
2800 4836 3065 4893 discordia
3096 4854 3110 4889 :
3140 4835 3228 4890 ubi
3255 4844 3431 4889 autem
3468 4832 3652 4903 dispar
3678 4838 3765 4885 est

2176 4947 2465 4997 numerus,
2510 4932 2556 4986 si
2598 4946 2629 4985 a
2678 4931 2884 4987 minore
2926 4929 2994 4984 ad
3039 4928 3298 4997 majorem
3341 4926 3653 4990 veniamus,
3702 4931 3765 4979 ut

2177 5024 2235 5079 in
2260 5021 2586 5077 numerando
2614 5020 2749 5076 solet
2768 5058 2789 5087 ,
2827 5018 2951 5075 facit
2986 5032 3174 5073 rursus
3211 5016 3327 5087 ipse
3366 5015 3498 5071 ordo
3534 5026 3761 5068 concor-

2177 5110 2341 5166 diam.

2248 5202 2337 5256 24.
2370 5201 2448 5255 Ex
2474 5215 2582 5270 quo
2615 5198 2745 5254 illud
2784 5208 2867 5254 est
2895 5198 3053 5253 etiam
3083 5210 3448 5266 consequens,
3476 5202 3535 5248 ut
3575 5208 3697 5249 cum
3728 5192 3763 5247 ii

2179 5293 2247 5349 de
2274 5292 2465 5363 quibus
2484 5292 2679 5362 agitur,
2699 5290 2875 5345 minus
2901 5290 3041 5360 pleni
3066 5297 3336 5358 ponuntur
3354 5284 3536 5356 pedes,
3565 5284 3609 5338 si
3631 5282 3767 5338 duo-

2181 5384 2282 5440 bus
2300 5384 2433 5439 locis
2453 5383 2805 5454 interponitur
2828 5382 3127 5448 silentium,
3148 5380 3201 5434 id
3220 5389 3304 5436 est
3318 5387 3441 5433 ante
3462 5378 3620 5432 linem
3638 5386 3694 5431 et
3711 5376 3766 5431 in

2182 5474 2324 5539 line;
2346 5480 2548 5527 tantum
2575 5479 2702 5526 ante
2724 5470 2887 5526 tinem
2906 5471 3129 5527 sileatur
3152 5478 3407 5541 quantum
3433 5466 3659 5522 debetur
3673 5480 3767 5520 ex-

2181 5571 2374 5630 tremo,
2397 5570 2601 5618 tantum
2626 5568 2804 5616 autem
2824 5561 2880 5615 in
2897 5560 3002 5616 line
3016 5570 3272 5631 quantum
3288 5556 3493 5615 scilicet
3518 5555 3690 5625 primo
3708 5554 3726 5585 ¹
3751 5571 3767 5607 ;

2183 5654 2304 5726 quia
2332 5652 2564 5708 medium
2598 5651 2768 5707 tendit
2791 5652 2856 5705 ad
2898 5650 3085 5716 linem;
3117 5666 3148 5704 a
3181 5652 3284 5705 line
3318 5664 3443 5704 vero
3469 5646 3537 5703 ad
3562 5646 3766 5716 princi-

2251 5766 2268 5797 ί
2296 5771 2394 5814 Am.
2422 5770 2496 5813 Er.
2519 5769 2630 5815 Lor.
2655 5764 2725 5814 sic
2766 5762 2948 5813 habent
2973 5776 2984 5811 :
3013 5767 3249 5823 Quantum
3293 5755 3473 5811 scilicet
3496 5754 3769 5823 principto.‘
