2059 3185
178 165 245 194 HM

179 220 253 254 pium
262 214 427 245 redeundum
435 212 487 242 est.
496 213 525 242 Si
532 217 619 241 autem
630 212 735 247 utrique
746 213 909 238 tantumdem
919 211 966 236 de-

180 265 269 297 betur,
280 262 351 290 nulla
366 259 550 288 controversia
563 262 605 286 est
616 258 679 292 quin
693 262 794 284 tantum
808 261 868 283 ante
885 255 965 283 ﬁnem

181 313 309 345 quantum
320 308 347 335 in
356 307 409 334 ﬁne
418 304 548 333 silendum
558 303 601 331 sit.
614 302 692 330 Sileri
702 306 789 329 autem
799 304 904 335 oportet
913 306 966 350 non

182 355 233 382 nisi
242 354 285 381 ubi
298 352 452 380 terminatur
462 357 523 385 pars
530 349 665 375 orationis.
676 348 703 374 ln
713 348 744 374 iis
752 351 838 373 autem
850 348 966 372 numeris

184 400 229 435 qui
248 406 300 426 non
312 398 400 425 verbis
410 396 475 422 ﬁunt
487 396 495 411 ¹
504 416 512 428 ,
528 395 572 421 sed
588 394 675 428 aliquo
688 393 766 427 pulsu
779 392 821 418 vel
834 391 896 418 ﬁatu
905 411 911 422 ,
925 390 965 417 vel

184 447 241 481 ipsa
253 445 331 473 etiam
342 444 440 477 lingua,
449 442 545 468 nullum
556 441 581 467 in
592 440 642 467 hac
653 447 680 465 re
691 439 832 465 discrimen
846 441 896 469 est,
907 440 967 470 post

185 498 266 526 quam
279 496 370 516 vocem
382 487 610 522 percussionemve
619 485 741 516 sileatur;
756 483 834 510 modo
848 486 876 508 ut
887 482 968 515 legiti-

186 544 258 563 mum
274 534 417 562 secundum
431 531 594 567 supradictas
604 531 719 558 rationes
731 529 874 556 intercedat
888 528 968 554 silen-

186 582 262 608 tium.
286 579 461 613 Quamobrem
477 582 503 603 et
525 584 540 603 a
564 576 666 602 duobus
679 578 764 609 potest
784 574 870 600 minus
883 572 968 607 plenis

186 626 299 661 pedibus
318 629 430 651 metrum
453 622 568 656 incipere
580 641 587 653 ,
610 622 632 647 si
654 626 740 647 tamen
756 619 891 653 utriusque
905 627 969 645 con-

185 673 304 707 iunctum
325 670 437 704 spatium
459 669 545 695 minus
566 675 618 694 non
638 667 683 699 sit,
705 674 782 700 quam
804 669 892 700 posset
910 672 970 692 esse

186 717 265 744 unius
275 720 300 742 et
312 715 411 742 dimidii
424 714 512 748 pedis;
529 720 589 739 nam
602 719 680 746 supra
693 711 820 742 diximus,
833 715 886 737 tum
897 714 969 737 recte

187 762 249 796 poni
264 761 330 788 duos
344 760 431 786 minus
444 759 536 793 plenos
549 757 640 791 pedes,
657 764 716 783 cum
738 755 762 782 id
777 755 846 790 quod
859 754 970 782 debetur

187 806 325 837 ambobus,
340 813 393 832 non
409 803 501 830 transit
513 802 596 837 spatio
605 800 697 836 pedem
710 800 846 828 dimidium
862 808 867 825 :
884 807 970 827 exem-

188 852 261 887 plum
276 855 332 882 est,
349 850 447 876 Montes
460 848 544 879 acuti;
558 851 586 873 ut
602 851 646 873 aut
666 846 691 872 in
714 845 765 872 ﬁne
784 846 833 871 tria
852 849 969 878 tempora

187 897 322 926 sileamus,
337 899 381 921 aut
394 902 472 920 unum
486 897 589 927 tempus
601 896 660 925 post
670 890 825 925 spondeum,
840 894 865 916 et
879 889 931 916 duo
945 889 969 915 in

189 941 251 968 ﬁne.
274 941 357 967 Aliter
377 939 447 967 enim
471 939 520 965 hoc
543 941 655 964 metrum
677 935 864 963 convenienter
884 934 971 961 metiri

188 995 241 1014 non
255 990 348 1021 potest.

259 1030 370 1058 CAPUT
390 1029 446 1057 XV.
466 1043 502 1049 —-
521 1028 585 1055 Item
606 1027 637 1054 de
657 1026 754 1054 silentio
774 1025 799 1051 in
818 1025 902 1051 metris

506 1072 697 1108 interponendo.

223 1121 270 1150 25.
285 1121 326 1148 Sit
339 1120 390 1148 hoc
401 1120 481 1148 etiam
494 1119 520 1146 in
533 1118 671 1153 disciplina
682 1137 690 1150 ,
704 1121 732 1145 ut
744 1124 803 1145 cum
818 1120 880 1144 ante
894 1117 973 1144 linem

188 1166 308 1200 silcmus,
321 1173 373 1193 non
387 1165 422 1192 ibi
436 1172 496 1200 pars
507 1163 636 1191 orationis
647 1162 722 1191 brevi
733 1161 832 1198 syllaba
847 1162 975 1189 termine—

184 1207 234 1239 tur
245 1232 252 1245 ,
266 1218 300 1239 ne
313 1210 457 1238 secundum
471 1209 543 1236 illam
564 1215 634 1243 saepe
645 1211 879 1236 commemoratam
892 1214 971 1242 regu-

189 1257 252 1288 lam,
262 1263 311 1291 pro
321 1255 397 1290 longa
411 1262 469 1282 eam
482 1261 576 1282 sensus
588 1253 709 1288 accipiat,
720 1257 845 1289 sequente
856 1253 972 1281 silentio.

189 1301 279 1336 Itaque
292 1301 319 1328 in
332 1300 382 1328 hoc
396 1304 483 1328 metro
495 1320 504 1333 ,
518 1298 647 1326 Montibus
661 1299 752 1332 acutis,
767 1306 818 1325 non
834 1305 976 1333 possumus

188 1347 270 1374 silere
283 1349 343 1380 post
356 1345 488 1380 dactylum
505 1350 609 1379 tempus
628 1352 720 1377 unum,
735 1343 803 1379 quod
818 1347 879 1379 post
895 1350 975 1378 spon-

188 1391 269 1419 deum
284 1390 310 1417 in
325 1390 459 1425 superiore
472 1394 642 1424 poteramus;
657 1396 692 1416 ne
706 1395 758 1415 non
768 1388 822 1426 jam
836 1388 955 1423 dactylus
965 1408 972 1420 ,

188 1435 238 1463 sed
258 1435 372 1462 creticus
392 1434 520 1462 sentiatur
534 1442 541 1461 :
555 1437 633 1468 atque
648 1433 683 1460 ita
702 1440 754 1460 non
773 1432 875 1459 duobus
888 1433 974 1460 minus

190 1481 275 1515 plenis
289 1480 409 1514 pedibus,
429 1479 499 1514 quod
512 1486 583 1506 nunc
601 1478 824 1511 demonstramus,
837 1477 883 1505 sed
897 1477 975 1512 pleno

189 1525 309 1553 dichorio
319 1529 346 1553 et
355 1525 448 1552 ultimo
459 1525 577 1559 spondeo
588 1528 701 1552 metrum
713 1527 835 1551 constare
844 1523 973 1557 videatur,

189 1570 271 1597 duum
285 1574 432 1605 temporum
447 1570 552 1598 silentio
566 1570 591 1597 in
606 1570 659 1598 ﬁne
674 1569 818 1597 reddendo.

224 1616 270 1644 26.
284 1616 336 1644 Sed
351 1616 414 1644 illud
429 1616 571 1643 notandum
585 1620 635 1649 est,
648 1616 674 1643 in
688 1616 815 1650 principio
827 1615 912 1650 posito
927 1616 977 1642 mi-

189 1669 242 1689 nus
254 1661 332 1697 pleno
346 1661 421 1696 pedi,
435 1666 480 1689 aut
497 1661 594 1689 ibidem
609 1661 683 1688 reddi
702 1661 818 1688 debitum
836 1669 883 1696 per
895 1661 976 1688 silen-

190 1706 267 1739 tium,
284 1707 359 1734 sicuti
372 1710 429 1739 est,
441 1705 502 1733 Iam
516 1706 577 1733 satis
590 1706 662 1733 terris
675 1706 737 1733 nivis
749 1711 824 1741 atque
836 1706 899 1733 dim
910 1713 920 1733 :
933 1710 978 1733 aut

190 1751 218 1779 in
231 1752 291 1785 ﬁne,
307 1752 388 1784 velut,
404 1751 508 1787 Segetes
522 1759 591 1778 metu
603 1750 683 1778 labor.
698 1751 783 1778 Minus
796 1756 883 1779 autem
898 1752 977 1786 pleno

192 1798 252 1833 pedi
266 1798 310 1833 qui
328 1798 354 1825 in
367 1799 419 1825 ﬁne
432 1797 555 1832 ponitur,
575 1802 620 1824 aut
632 1797 728 1825 ibidem
741 1797 843 1824 restitui
859 1797 975 1831 silentio,

191 1843 264 1879 quod
276 1843 403 1875 debetur,
423 1847 452 1870 ut
466 1843 491 1870 in
507 1842 568 1875 illo,
585 1841 626 1870 Ite
641 1843 718 1878 igitur
735 1842 860 1871 Camnae
870 1851 880 1871 :
891 1848 936 1871 aut
950 1844 976 1871 in

191 1889 281 1924 aliquo
293 1889 327 1916 de
337 1889 431 1916 mediis
443 1889 512 1922 loco,
526 1888 607 1916 veluti
620 1888 645 1915 in
660 1888 726 1922 hoc,
747 1887 794 1916 Ver
808 1888 926 1916 blandum
941 1889 978 1916 ui-

192 1937 233 1969 get
245 1933 328 1965 arvis,
349 1933 418 1959 adest
439 1933 527 1967 hospes
541 1933 661 1959 hirundo.
675 1932 764 1961 Unum
783 1933 855 1961 enim
872 1937 977 1968 tempus

190 1977 264 2013 quod
278 1977 389 2004 debetur
408 1977 501 2004 ultimo
515 1977 632 2010 bacchio,
648 1978 691 2006 vel
704 1982 764 2012 post
783 1982 867 2005 tolum
886 1986 977 2006 nume-

192 2030 253 2050 rum
266 2021 337 2049 sileri
348 2026 443 2056 potest,
456 2022 496 2049 vel
509 2027 567 2057 post
576 2023 689 2056 primum
699 2024 757 2057 ejus
766 2025 869 2051 numeri
882 2025 976 2059 pedem

192 2068 339 2095 molossum
351 2087 359 2100 ,
382 2067 424 2095 vel
440 2067 585 2095 secundum
602 2067 717 2095 ionicum
737 2075 752 2095 a
769 2068 882 2095 minore.
902 2069 977 2105 Quod

192 2120 258 2141 vero
269 2113 362 2140 mediis
374 2112 442 2140 forte
454 2113 542 2140 minus
553 2112 639 2147 plenis
651 2112 761 2147 pedibus
772 2112 852 2140 debiti
863 2117 914 2147 est,
926 2121 977 2140 non

194 2159 244 2187 nisi
257 2158 353 2186 ibidem
368 2158 442 2186 reddi
457 2162 543 2193 potest
558 2166 565 2185 :
581 2161 610 2185 ut
623 2161 680 2190 est,

284 2204 351 2230 Tuba
359 2203 494 2229 terribilem
503 2203 608 2228 Ionium
617 2202 685 2228 dedit
694 2208 745 2228 aere
754 2208 836 2228 curvo.

192 2246 222 2275 Si
241 2246 312 2274 enim
334 2246 372 2274 sic
392 2247 533 2273 metiamur
552 2245 603 2273 hoc
620 2250 752 2281 metrum,
772 2251 801 2274 ut
812 2247 925 2281 primum
939 2247 979 2274 l'a-

192 2291 295 2319 ciamus
306 2295 482 2326 anapazstum,
495 2291 640 2319 secundum
656 2291 770 2319 ionicum
791 2292 934 2327 quemlibet
952 2293 979 2320 in

194 2337 304 2371 syllabis
316 2337 442 2372 quinque,
456 2337 542 2365 soluta
562 2338 662 2365 scilicet
683 2337 759 2373 longa
780 2338 822 2366 vel
837 2338 920 2373 prima
938 2339 980 2366 vel

195 2381 287 2409 ultima
300 2382 327 2409 in
337 2381 404 2418 duas
414 2383 518 2416 breves,
532 2383 637 2409 tertium
651 2382 844 2416 ehoriambum,
860 2383 980 2411 ultimum

195 2428 334 2456 bacchium
348 2437 356 2456 :
372 2430 423 2456 tria
444 2433 523 2456 erunt
536 2433 655 2464 tempora
676 2429 703 2457 in
718 2429 818 2463 debito,
839 2438 920 2457 unum
935 2437 981 2457 ex-

195 2476 282 2500 tremo
294 2473 404 2501 bacchio
415 2473 588 2507 reddendum.
602 2477 628 2501 et
637 2474 689 2501 duo
701 2479 835 2509 anapaesto
845 2476 939 2509 primo.
952 2480 981 2503 ut

195 2523 261 2544 sena
273 2518 467 2553 compleantur.
481 2518 532 2546 Sed
546 2518 597 2546 hoc
607 2522 690 2545 totum
704 2519 816 2553 spatium
827 2520 905 2547 trium
914 2524 982 2548 tem-

196 2572 292 2599 porum
304 2564 331 2592 in
352 2564 405 2592 ﬁne
419 2564 490 2592 sileri
504 2568 599 2598 potest.
613 2565 647 2591 At
662 2565 685 2592 si
699 2565 732 2592 ab
744 2565 846 2600 integro
858 2566 926 2600 pede
939 2567 982 2594 in-

195 2609 290 2644 cipias,
307 2609 423 2645 quinque
443 2609 558 2645 syllabas
578 2609 677 2643 primas
697 2617 746 2644 pro
766 2610 883 2645 quolibet
895 2611 983 2639 ionico

196 2675 254 2706 quia
374 2674 450 2701 tendit
456 2673 577 2731 diligentem,
584 2675 607 2701 si
613 2683 683 2702 unum
692 2675 786 2710 longam
792 2684 837 2710 pro
842 2677 934 2705 silentio
940 2679 983 2711 ﬁm

196 2705 284 2731 addas.
298 2705 376 2731 sicuti.
389 2706 457 2731 silvae
529 2711 613 2731 rantes
622 2707 680 2731 aeta
691 2708 760 2731 duro.
773 2714 790 2731 Α
802 2708 848 2731 line
859 2716 921 2731 item.
935 2714 982 2731 em.

196 2705 284 2741 rigidus,
389 2706 457 2731 silvae
475 2705 613 2732 laborantes
622 2707 680 2741 gelu
691 2705 760 2741 dnr'o.
773 2705 797 2732 Α”
801 2708 848 2740 ﬁne
859 2716 921 2741 ivero,
935 2705 982 2735 etc.

196 2735 410 2777 ἓξὲξίξιιιέέξιιξτλ
415 2741 477 2777 νειμ
488 2735 782 2777 ρίιξιίιέηιξοῖίίξρτπνίηιο
791 2735 985 2777 spectamus

191 2766 278 2823 plene
290 2767 346 2798 pedi
362 2766 477 2792 debetur.
494 2766 579 2793 'i'ostea
596 2766 763 2806 carentﬁisce
775 2766 870 2801 verbis,
882 2766 904 2797 δῖ
914 2766 985 2797 animi

191 2819 194 2823 .
222 2803 310 2823 nam:
320 2801 376 2823 ουκ
388 2799 505 2823 exigente
516 2804 589 2823 sensu
600 2805 753 2823 removimus.

189 2799 376 2834 Joltggmionae
382 2799 508 2834 exigente
516 2800 753 2834 sensu_removimus.

230 2828 244 2844 1’
253 2831 286 2852 ita
297 2830 350 2853 uss.
363 2832 390 2854 At
402 2828 460 2854 editi
470 2829 570 2862 habent,
581 2828 703 2862 ﬁitz'untur.

854 146 955 176 LlBER
972 145 1140 180 QUARTUS.

1734 156 1802 184 1142

1017 209 1135 241 mctitus,
1150 209 1268 243 sequitur
1281 209 1470 237 cnoriambus:
1485 210 1545 237 inde
1555 211 1609 245 jam
1628 212 1721 246 pedem
1737 212 1803 240 inte-

1016 258 1092 285 grum
1105 259 1158 278 non
1168 252 1289 280 invenies
1301 262 1308 280 :
1319 254 1440 288 quocirca
1451 254 1529 281 unius
1537 254 1620 289 longa:
1630 256 1714 290 spatio
1723 257 1803 284 silere

1017 296 1149 329 oportebit
1163 304 1169 322 :
1185 304 1237 331 quo
1249 302 1434 331 annumerato,
1449 299 1618 326 choriambus
1630 300 1697 327 alter
1710 301 1804 335 imple-

1017 339 1106 372 bitur;
1121 340 1230 368 bacchio
1244 342 1346 376 reliquo
1359 347 1472 371 metrum
1486 343 1609 371 clausuro
1621 364 1628 376 ,
1645 344 1688 371 cui
1700 349 1804 378 tempus

1018 392 1100 411 unum
1114 385 1232 413 debitum
1246 387 1336 414 silebis
1349 387 1376 414 in
1392 388 1453 414 line.

1053 430 1099 458 ‘27.
1111 430 1188 460 Unde
1196 431 1252 467 jam
1264 440 1323 460 esse
1337 432 1430 467 opinor
1443 434 1621 469 perspicuum,
1636 442 1697 462 cum
1710 436 1736 463 in
1748 443 1803 463 me-

1019 475 1070 503 diis
1082 475 1175 503 siletur
1185 476 1251 504 locis
1260 496 1269 510 ,
1281 481 1327 505 aut
1341 484 1372 505 ea
1388 478 1491 505 restitui
1507 482 1624 513 tempora
1634 486 1693 514 quas
1709 480 1736 507 in
1753 480 1804 507 ﬁne

1019 513 1159 554 debentur,
1168 525 1254 549 auten
1263 529 1323 556 qua:
1334 522 1370 549 ibi
1380 521 1509 550 debentur
1520 523 1564 551 ubi
1577 513 1679 551 siletur.
1691 524 1743 552 Sed
1754 525 1804 552 ali-

1019 564 1126 599 quando
1138 572 1191 593 non
1205 569 1247 594 est
1270 574 1380 595 necesse
1391 572 1421 595 ut
1438 568 1549 595 sileatur
1569 569 1597 596 in
1619 569 1729 603 mediis,
1744 578 1805 598 cum

1021 612 1107 643 potest
1120 609 1197 638 aliter
1205 614 1319 638 metrum
1332 612 1432 647 metiri,
1446 617 1476 640 ut
1489 613 1516 640 in
1528 621 1562 641 eo
1572 614 1641 649 quod
1654 615 1732 649 paulo
1744 620 1806 643 ante

1021 655 1166 689 posuimus.
1179 656 1326 691 Aliquando
1345 662 1434 685 autem
1448 666 1557 686 necesse
1573 655 1628 692 est,
1644 665 1673 687 ut
1691 660 1719 687 iu
1738 661 1803 694 hoc,

1025 698 1119 727 Veniat
1131 701 1269 735 temperies,
1282 710 1352 730 aurae
1366 707 1460 738 tepent,
1471 708 1529 731 sunt
1540 704 1637 732 delicia
1649 713 1660 732 :
1675 713 1736 732 nam
1748 712 1807 732 ma—

1021 745 1145 773 nifestum
1160 750 1202 774 est
1214 747 1294 774 istum
1308 755 1447 776 numerum
1457 768 1467 782 ,
1480 754 1525 776 aut
1538 755 1728 785 quater-norum
1742 755 1810 779 temo

1021 797 1125 825 porum,
1132 795 1178 817 aut
1188 798 1313 819 senorum
1322 792 1434 827 pedibus
1443 801 1560 822 currere.
1569 794 1598 822 Si
1608 799 1806 830 quaternorum,

1022 835 1151 863 silendum
1164 840 1205 864 est
1214 844 1294 864 unum
1309 842 1413 873 tempus
1424 843 1484 873 post
1494 839 1621 874 syllabam
1634 846 1766 874 octavam,
1779 846 1808 868 et

1022 880 1049 907 in
1063 881 1117 908 ﬁne
1130 881 1202 915 duo;
1220 883 1344 910 metiatur
1361 883 1447 918 primo
1466 885 1598 919 Spondeus
1607 905 1615 918 ,
1629 885 1746 913 secundo
1759 886 1807 913 da-

1022 926 1126 962 ctylus,
1141 927 1219 955 tertio
1233 928 1377 962 spondeus,
1393 933 1488 963 quarto
1499 928 1620 966 dactylus
1634 936 1808 958 annumerato

1024 975 1083 1005 post
1097 971 1201 1006 longam
1215 973 1337 1005 silentio,
1353 973 1413 1009 quia
1430 979 1490 1008 post
1503 975 1611 1002 brevem
1626 983 1679 1003 non
1693 980 1808 1010 oportet.

1024 1016 1116 1050 quinto
1136 1016 1287 1051 spondeus,
1309 1023 1385 1046 sexto
1403 1018 1541 1054 dactylus,
1555 1020 1647 1047 ultima
1668 1021 1744 1055 longa
1758 1029 1810 1056 qua

1024 1068 1151 1089 numerus
1162 1062 1303 1096 clauditur,
1316 1063 1358 1090 cui
1368 1063 1421 1091 duo
1430 1067 1549 1099 tempora
1560 1064 1649 1092 debita
1659 1065 1771 1093 silentur
1783 1065 1810 1093 in

1024 1104 1088 1133 ﬁne.
1102 1105 1131 1134 Si
1150 1110 1238 1134 autem
1252 1111 1377 1135 senorum’
1397 1111 1545 1142 temporum
1565 1108 1609 1137 hic
1624 1110 1748 1137 metimur
1763 1115 1811 1144 pe-

1024 1149 1073 1177 des
1085 1170 1093 1184 ,
1115 1150 1216 1185 primus
1234 1152 1285 1179 erit
1298 1152 1446 1185 molossus.
1462 1153 1593 1181 secundus
1606 1154 1708 1182 ionicus
1725 1161 1741 1181 a
1760 1155 1811 1182 mi-

1025 1202 1099 1227 nore,
1115 1195 1209 1222 tertius
1221 1196 1336 1226 creticus
1348 1197 1392 1231 qui
1406 1198 1435 1224 ﬁt
1447 1196 1583 1225 dichorius
1596 1197 1721 1234 adjuncto
1731 1198 1812 1226 silen-

1026 1241 1062 1267 tio
1079 1239 1156 1268 unius
1169 1241 1306 1276 temporis,
1322 1246 1430 1277 quartus
1442 1242 1544 1270 ionicus
1557 1250 1572 1270 a
1581 1243 1681 1278 majore
1693 1248 1721 1271 et
1733 1244 1811 1279 longa

1025 1285 1127 1318 ultima,
1139 1290 1198 1320 post
1209 1293 1289 1321 quam
1299 1290 1412 1321 quatuor
1422 1291 1540 1323 tempora
1549 1287 1704 1315 silebuntur.
1719 1288 1812 1316 Posset

1025 1330 1111 1362 aliter,
1127 1334 1158 1357 ut
1169 1338 1221 1357 una
1234 1330 1311 1366 longa
1328 1331 1355 1357 in
1372 1331 1499 1366 principio
1518 1332 1663 1365 locaretur,
1678 1340 1756 1368 quam
1769 1340 1813 1362 se-

1026 1378 1155 1410 queretur
1168 1375 1271 1403 ionicus
1285 1383 1300 1402 a
1314 1376 1431 1411 majore,
1447 1376 1543 1405 deinde
1561 1378 1702 1411 molossus,
1717 1378 1813 1407 deinde

1026 1420 1162 1454 bacchius,
1173 1420 1218 1456 qui
1228 1421 1303 1448 ﬁeret
1315 1421 1475 1456 antispastus
1485 1422 1610 1457 adjuncto
1619 1423 1725 1451 silentio
1734 1424 1812 1452 unius

1027 1464 1170 1500 temporis;
1185 1466 1293 1493 ultimus
1305 1466 1475 1495 choriambus
1487 1472 1601 1496 metrum
1618 1468 1763 1504 clauderet,
1776 1470 1812 1497 ita

1027 1514 1057 1537 ut
1067 1514 1180 1544 quatuor
1193 1515 1340 1545 temporum
1353 1512 1379 1539 in
1392 1512 1444 1540 ﬁne
1454 1513 1586 1541 silentium
1600 1514 1756 1543 redderetur
1768 1517 1813 1543 uni

1027 1555 1112 1590 longa:
1129 1556 1156 1582 in
1180 1556 1309 1590 principio
1327 1558 1486 1585 constitutae.
1509 1558 1562 1586 Sed
1581 1566 1660 1587 aures
1678 1560 1756 1588 istam
1770 1560 1813 1588 di-

1026 1601 1191 1629 mensionem
1212 1601 1368 1636 repudiant;
1389 1602 1450 1636 quia
1468 1610 1528 1637 pars
1546 1603 1621 1638 pedis
1639 1604 1665 1631 in
1686 1605 1814 1639 principio

1026 1647 1170 1680 collocata,
1187 1647 1237 1673 nisi
1252 1647 1336 1681 major
1348 1655 1425 1681 quam
1438 1648 1547 1675 dimidia
1564 1648 1660 1681 fuerit,
1674 1657 1727 1677 non
1740 1654 1813 1679 recte

1028 1691 1066 1718 illi
1081 1696 1138 1726 post
1153 1691 1258 1726 plenum
1274 1691 1367 1725 pedem
1379 1692 1450 1719 ﬁnali
1460 1692 1564 1720 silentio
1577 1693 1696 1722 redditur
1709 1694 1755 1722 ubi
1767 1694 1816 1723 deo

1028 1736 1105 1764 betur
1118 1744 1125 1763 :
1141 1737 1187 1764 sed
1202 1738 1261 1764 aliis
1274 1738 1436 1772 interpositis
1452 1738 1580 1773 pedibus,
1595 1739 1694 1768 scimus
1707 1740 1814 1776 quidem

1028 1786 1155 1817 quantum
1176 1783 1319 1816 debeatur;
1335 1783 1382 1811 sed
1397 1791 1450 1811 non
1470 1785 1705 1819 comprehenditur
1723 1794 1814 1820 sensu,

1029 1831 1058 1854 ut
1073 1830 1146 1854 tanto
1158 1826 1244 1862 spatio
1257 1828 1376 1861 sileatur,
1393 1828 1442 1868 nisi
1456 1829 1544 1857 minus
1557 1830 1685 1858 debeatur
1697 1831 1725 1859 in
1734 1832 1815 1861 silen-

1029 1873 1066 1900 tio
1086 1880 1166 1908 quam
1187 1873 1302 1908 positum
1321 1878 1363 1901 est
1384 1874 1411 1901 in
1430 1881 1497 1902 sono
1513 1875 1595 1910 :quia
1613 1883 1673 1904 cum
1687 1876 1818 1912 majorem

1029 1923 1130 1953 partem
1142 1919 1218 1954 pedis
1230 1926 1282 1947 vox
1301 1920 1451 1955 peregerit,
1467 1921 1555 1949 minor
1568 1929 1627 1956 qua).
1647 1922 1748 1958 reliqua
1762 1927 1813 1956 est,

1029 1965 1187 2000 ubicumque
1200 1965 1280 1992 facile
1297 1965 1423 1993 occurrit.

1063 2009 1109 2037 28.
1124 2009 1301 2043 Quamobrem
1319 2010 1396 2037 metri
1416 2010 1485 2045 quod
1500 2011 1549 2039 sub
1568 2012 1617 2039 hoc
1631 2013 1753 2048 exemplo
1765 2021 1814 2049 po-

1029 2055 1141 2089 suimus,
1160 2054 1253 2082 Vernat
1271 2055 1412 2090 temperies,
1427 2064 1497 2083 aura
1517 2060 1614 2091 tepent,
1630 2063 1689 2086 sunt
1700 2058 1796 2087 delicia
1806 2068 1816 2087 .'

1029 2108 1090 2128 cum
1102 2101 1137 2128 sit
1149 2108 1201 2128 una
1215 2101 1364 2128 necessaria
1373 2121 1380 2134 ,
1395 2108 1473 2136 quam
1486 2101 1601 2130 diximus
1611 2123 1619 2135 ,
1633 2103 1774 2138 dimensio,
1793 2106 1816 2132 si

1031 2151 1092 2181 post
1103 2146 1233 2174 decimam
1246 2146 1303 2181 ejus
1313 2146 1440 2182 syllabam
1452 2150 1556 2182 tempus
1568 2156 1648 2175 unum
1658 2149 1778 2184 sileatur,
1789 2155 1817 2178 et

1031 2196 1143 2226 quatuor
1163 2192 1190 2219 in
1214 2192 1285 2225 ﬁne;
1307 2196 1349 2220 est
1370 2192 1422 2220 alia
1445 2193 1609 2226 voluntaria,
1634 2195 1656 2221 si
1675 2195 1733 2229 quis
1756 2200 1817 2230 post

1031 2241 1132 2264 sextam
1152 2236 1279 2273 syllabam
1298 2237 1362 2265 velit
1375 2237 1455 2265 silere
1470 2237 1523 2265 duo
1537 2243 1670 2273 tempora,
1685 2245 1713 2268 et
1733 2248 1814 2268 unum

1032 2287 1091 2317 post
1113 2281 1296 2315 undecimam,
1311 2285 1338 2309 et
1352 2282 1404 2309 duo
1417 2282 1444 2309 in
1459 2282 1530 2310 ﬁne:
1545 2287 1574 2310 ut
1593 2284 1629 2311 sit
1641 2284 1666 2311 in
1686 2285 1816 2320 principio

1033 2327 1175 2361 spondeus,
1188 2331 1312 2362 sequatur
1325 2326 1396 2354 hunc
1414 2327 1591 2361 choriambus,
1608 2330 1686 2357 tertio
1698 2330 1816 2365 spondeo

1033 2373 1166 2400 silentium
1179 2372 1261 2399 duum
1274 2376 1421 2407 temporum
1435 2379 1639 2407 annumeratur,
1655 2379 1683 2402 ut
1702 2375 1744 2403 vel
1759 2383 1818 2404 mo-

1033 2418 1119 2445 lossus
1137 2418 1180 2445 vel
1202 2424 1217 2444 a
1234 2418 1336 2445 minore
1358 2418 1459 2446 ionicus
1477 2418 1541 2452 ﬁat,
1563 2424 1672 2454 quartus
1691 2420 1817 2450 bacchius

1033 2462 1156 2497 adjuncto
1169 2462 1259 2490 itidem
1272 2463 1378 2490 silentio
1399 2463 1475 2490 unius
1493 2465 1620 2499 temporis
1634 2465 1679 2493 ﬁat
1698 2466 1817 2502 antispe-

1035 2512 1101 2541 stus,
1111 2508 1203 2543 quinto
1219 2508 1372 2535 choriambo
1388 2515 1512 2536 numerus
1529 2511 1684 2538 terminatur
1699 2511 1726 2539 in
1740 2520 1816 2546 voce,

1034 2552 1136 2580 duobus
1158 2553 1320 2587 temporibus
1334 2552 1360 2579 in
1380 2553 1433 2580 ﬁne
1448 2560 1495 2587 per
1516 2554 1649 2582 silentium
1667 2556 1777 2585 redditis
1791 2558 1817 2586 in

1034 2597 1163 2634 principio
1175 2597 1260 2625 locato
1273 2597 1400 2632 spondeo.
1411 2597 1459 2625 Est
1471 2598 1533 2625 item
1545 2598 1606 2626 alia.
1620 2599 1647 2628 Si
1657 2601 1728 2628 enim
1741 2602 1818 2637 velis,

1035 2646 1096 2677 post
1108 2646 1209 2669 sextam
1228 2642 1356 2677 syllabam
1379 2650 1459 2669 unum
1473 2646 1576 2678 tempus
1597 2643 1704 2679 silebis,
1719 2650 1747 2674 et
1760 2653 1820 2682 post

1035 2689 1165 2718 decimam
1178 2698 1270 2724 unum,
1287 2695 1346 2725 post
1357 2690 1521 2719 undecimam
1533 2693 1695 2722 tantumdem
1705 2714 1713 2727 ,
1728 2699 1756 2723 et
1768 2695 1821 2723 duo
1833 2714 1838 2717 ‹

1037 2738 1063 2765 in
1078 2738 1130 2765 ﬁne
1146 2747 1154 2765 :
1168 2741 1197 2765 ut
1217 2738 1251 2765 sit
1264 2738 1364 2773 primus
1382 2738 1531 2773 spondeus,
1544 2740 1675 2769 secundus
1690 2741 1822 2770 choriam-

1037 2779 1096 2816 bus,
1107 2782 1198 2811 tertius
1211 2782 1416 2817 palimbacchius
1429 2783 1473 2811 ﬁat
1486 2784 1645 2819 antispastus
1661 2793 1712 2814 uno
1724 2787 1822 2816 silentii

1040 2834 1158 2865 tempore
1169 2834 1351 2864 annumerato,
1366 2835 1473 2872 quartus
1483 2831 1615 2867 spondeus
1631 2834 1675 2861 ﬁat
1687 2834 1823 2862 dichorius
