4118 6370
537 285 671 338 Η-ιςτ

533 396 688 449 unius
731 398 982 464 temporis
1028 399 1325 468 interjecto,
1359 410 1410 455 et
1444 402 1600 455 unius
1639 403 1892 470 temporis
1916 418 2108 458 conse-

530 495 729 554 quente
757 487 990 547 silentio.
1030 489 1368 544 choriambus
1401 490 1614 544 ultimus
1653 507 1930 544 numerum
1965 493 2108 546 clau-

531 573 642 640 dat,
673 575 743 627 ita
774 585 834 628 ttt
870 575 1120 630 sileamus
1149 577 1252 630 duo
1278 587 1512 646 tempora
1543 580 1592 632 in
1623 579 1726 632 line
1749 620 1762 640 ,
1793 596 1910 648 qutc
1937 582 2104 648 primo

526 665 788 720 debentur
807 667 1062 735 spondeo.
1093 668 1186 720 Est
1209 677 1261 720 et
1283 669 1432 721 tertia
1464 668 1742 733 dimensio,
1777 670 1823 721 si
1851 680 1969 736 post
1995 670 2104 736 pri-

527 772 673 810 mum
695 757 983 826 spondeum
1013 765 1217 827 tempus
1243 774 1402 811 unum
1425 759 1658 820 sileatur,
1682 768 1735 812 et
1759 759 1956 827 reliqua
1985 775 2102 828 qua:

525 847 580 901 in
611 849 851 916 proximo
889 849 1158 917 superiore
1196 859 1503 915 serventur;
1547 850 1645 903 nisi
1679 849 1816 919 quod
1854 851 1903 903 in
1947 851 2101 918 hujus

523 936 631 990 line
659 953 820 990 unum
848 947 1052 1005 tempus
1077 939 1337 999 silebitur.
1361 939 1479 1007 quia
1502 939 1769 1007 spondeus
1794 940 1882 993 ille
1906 941 1993 1009 qui
2014 955 2099 994 so-

523 1025 596 1079 let
641 1026 696 1078 in
727 1026 985 1094 principio
1031 1027 1220 1089 locari,
1263 1039 1620 1097 consequente
1661 1029 1818 1083 unius
1848 1031 2098 1098 temporis

521 1115 730 1170 silentio
754 1116 922 1170 factus
947 1126 1028 1170 est
1057 1118 1489 1186 palimbacchius,
1517 1129 1570 1172 ut
1596 1120 1710 1188 plus
1731 1135 1835 1173 uno
1857 1129 2096 1189 tempore

518 1205 650 1259 nihil
681 1207 728 1260 ei
751 1205 1024 1271 debeatur,
1055 1208 1192 1276 quod
1215 1209 1268 1262 in
1291 1208 1391 1262 ﬁne
1413 1210 1672 1263 silendum
1693 1219 1791 1264 est.
1821 1210 2091 1279 Undejam

515 1297 772 1365 perspicis
801 1299 981 1351 metris
1009 1300 1271 1367 interponi
1301 1301 1537 1368 silentia,
1569 1303 1809 1370 quaedam
1847 1319 2092 1358 necessa-

517 1388 596 1439 ria
621 1429 635 1452 ,
665 1388 904 1455 quasdam
934 1390 1225 1444 voluntaria
1251 1409 1262 1443 :
1289 1400 1341 1445 et
1371 1395 1664 1446 necessaria
1695 1394 1908 1462 quidem
1927 1437 1941 1460 ,
1971 1410 2088 1448 cum

511 1479 709 1548 aliquid
751 1480 971 1548 pedibus
1009 1481 1234 1535 debetur
1274 1482 1585 1549 implendis;
1619 1484 1910 1537 voluntaria
1942 1499 2086 1550 vero,

513 1583 634 1622 cum
663 1569 801 1637 pleni
827 1578 946 1622 sunt
974 1571 1134 1637 pedes
1157 1581 1310 1639 atque
1333 1571 1540 1640 integri.

580 1659 670 1713 29.
701 1658 849 1725 Quod
877 1667 1050 1713 autem
1083 1661 1325 1729 superius
1349 1661 1546 1714 dictum
1573 1670 1672 1728 est,
1705 1663 1927 1731 amplius
1955 1678 2086 1732 qua-

510 1760 633 1805 tuor
672 1752 998 1820 temporibus
1035 1752 1297 1807 silendum
1342 1769 1446 1806 non
1494 1767 1642 1817 esse,
1685 1753 1750 1807 de
1777 1755 2088 1808 necessariis

509 1840 737 1894 silentiis
766 1840 965 1894 dictum
1012 1850 1129 1904 est,
1172 1842 1260 1895 ubi
1303 1842 1475 1896 debita
1513 1850 1745 1912 tempora
1789 1843 2082 1912 explentur.

507 1929 640 1984 Nam
668 1932 722 1984 in
747 1931 812 1984 iis
837 1947 955 2000 qure
975 1932 1268 1985 voluntaria
1297 1933 1502 1986 silentia
1533 1933 1936 1998 nominavimus,
1964 1936 2087 1989 licet

505 2019 668 2074 etiam
699 2019 888 2088 pedem
929 2034 1139 2087 sonare,
1169 2030 1222 2076 et
1251 2021 1436 2090 pedem
1473 2021 1668 2075 silere:
1693 2023 1834 2092 quod
1873 2024 1915 2076 si
1942 2026 2083 2092 pari-

505 2110 608 2165 bus
638 2110 927 2165 intervallis
949 2112 1248 2177 fecerimus,
1281 2127 1384 2166 non
1409 2113 1510 2166 erit
1544 2122 1790 2178 metrum,
1823 2115 1915 2168 sed
1953 2116 2081 2187 rhy-

507 2199 708 2265 thmus,
737 2202 883 2255 nullo
913 2212 1058 2256 certo
1088 2202 1193 2257 ﬁne
1232 2212 1522 2271 apparcnte
1557 2204 1697 2258 unde
1741 2204 1988 2259 redeatur
2013 2207 2079 2260 ad

503 2300 684 2360 caput.
715 2291 1065 2357 Quamobrem
1114 2293 1159 2346 si
1204 2293 1430 2361 exempli
1473 2295 1638 2363 gratia
1680 2294 1903 2348 silentiis
1949 2297 2081 2350 velis

501 2381 824 2450 distinguere
849 2423 865 2448 ,
911 2390 968 2435 ut
1016 2392 1131 2451 post
1172 2385 1398 2451 primum
1439 2384 1626 2452 pedem
1673 2385 1890 2439 alterius
1930 2386 2080 2454 pedis

501 2479 741 2541 tempora
768 2471 943 2536 sileas,
975 2489 1078 2526 non
1112 2473 1212 2528 hoc
1236 2483 1490 2543 perpetuo
1520 2476 1834 2529 servandum
1860 2485 1959 2531 est.
1992 2477 2079 2530 Li-

499 2569 588 2615 cet
620 2569 794 2615 autem
841 2563 1098 2617 varietate
1142 2563 1374 2632 qualibet
1416 2567 1806 2620 connumeratis
1853 2567 2076 2622 silentiis

497 2667 666 2723 usque
693 2652 758 2707 ad
790 2652 1018 2722 legitima
1053 2665 1290 2723 tempora
1318 2664 1543 2710 metrum
1584 2657 1902 2727 producere,
1932 2657 2076 2712 velut

495 2744 552 2798 in
580 2745 700 2808 hoe,
732 2743 893 2797 Nobis
917 2761 1085 2798 verum
1113 2748 1162 2799 in
1189 2757 1421 2817 promptu
1451 2756 1554 2814 est,
1592 2757 1644 2800 tu
1672 2749 1715 2802 si
1735 2765 1900 2802 verum
1925 2750 2070 2804 diris.

495 2834 645 2890 Licet
668 2836 753 2890 hic
777 2846 892 2904 post
917 2838 1140 2906 primum
1168 2838 1456 2908 spondeum
1486 2848 1710 2908 quatuor
1739 2849 1972 2909 tempora
2003 2842 2072 2894 si-

497 2926 631 2994 lere,
662 2935 716 2982 et
745 2927 844 2981 alia
889 2937 1112 2996 quatuor
1151 2938 1267 2998 post
1295 2939 1574 2999 sequentes
1603 2931 1734 2985 duos
1764 2949 1775 2984 :
1807 2941 1926 3001 post
1965 2943 2070 2986 tres

495 3025 674 3071 autem
705 3017 888 3072 ﬁnales
929 3017 1054 3072 nihil
1083 3018 1356 3084 silebitur;
1398 3021 1505 3088 jam
1537 3020 1677 3074 enim
1721 3023 1929 3091 triginta
1965 3023 2069 3076 duo

495 3117 734 3177 tempora
762 3110 1038 3164 terminata
1062 3120 1204 3164 sunt.
1230 3112 1332 3166 Sed
1355 3113 1518 3167 multo
1538 3123 1618 3166 est
1646 3113 1840 3182 aptius,
1864 3122 1918 3169 et
1940 3131 2071 3184 quo-

492 3199 776 3255 dam-modo
800 3201 1023 3271 iustius,
1067 3212 1124 3258 ut
1148 3204 1229 3258 vel
1274 3205 1326 3258 in
1368 3205 1474 3260 line
1503 3215 1739 3272 tantum,
1790 3208 1870 3261 vel
1909 3209 2065 3261 etiam

491 3289 545 3343 in
570 3290 751 3346 medio
772 3299 826 3346 et
849 3291 953 3347 ﬁne
979 3293 1196 3348 sileatur
1227 3295 1242 3325 ¹
1264 3335 1279 3359 ,
1309 3294 1448 3363 quod
1479 3295 1746 3350 subtracto
1785 3313 1892 3350 uno
1934 3298 2067 3366 pede

489 3378 605 3435 ﬁeri
634 3390 832 3450 potest,
874 3389 934 3435 ut.
974 3384 1042 3436 ita
1073 3384 1137 3438 sit
1169 3401 1182 3437 :
1219 3383 1378 3438 Nobis
1414 3401 1580 3438 verum
1620 3387 1672 3439 in
1703 3398 1935 3458 promptu
1972 3397 2062 3455 est,

488 3481 544 3526 tu
591 3474 670 3528 dic
717 3491 906 3530 verum.
935 3477 1046 3531 Hoc
1097 3486 1150 3532 et
1199 3479 1251 3532 in
1301 3480 1483 3533 metris
1521 3493 1832 3535 cancrorum
1874 3481 2064 3550 pedum

486 3566 770 3620 tenendum
821 3576 945 3631 est,
1001 3569 1201 3623 scilicet
1251 3571 1564 3625 necessariis
1627 3571 1887 3638 silentiis,
1954 3573 2065 3626 sive

487 3657 732 3714 ﬁnalibus
760 3660 870 3714 sive
895 3661 1083 3715 mediis
1111 3662 1259 3716 reddi
1298 3662 1493 3726 debita,
1523 3672 1581 3717 ut
1611 3662 1772 3732 pedes
1803 3663 2061 3732 implean-

486 3756 574 3801 tur
603 3765 615 3800 :
645 3763 750 3804 non
777 3759 950 3804 autem
991 3750 1132 3805 sileri
1156 3753 1176 3783 ⁸
1203 3761 1450 3820 oportere
1475 3753 1697 3822 amplius
1727 3768 1882 3822 quam
1913 3753 2064 3820 pedis

485 3847 708 3906 partem,
739 3855 894 3908 quam
925 3841 1116 3894 levatio
1141 3842 1400 3910 positiovc
1433 3850 1710 3910 occupant.
1741 3842 2062 3895 Voluntariis

483 3936 660 3982 autem
687 3929 912 3982 silentiis
937 3938 990 3982 et
1019 3940 1194 3997 partes
1222 3931 1414 3999 pedum
1458 3939 1513 3985 et
1545 3931 1777 3999 integros
1806 3931 1966 3999 pedes
1992 3932 2061 3986 si-

483 4021 592 4075 lere
613 4019 941 4084 conceditur,
967 4020 1102 4073 sicut
1127 4022 1382 4089 exemplis
1403 4037 1559 4090 supra
1577 4021 1731 4074 editis
1753 4021 1773 4051 ³
1800 4031 2062 4076 monstra-

483 4111 677 4164 vimus.
729 4110 834 4164 Sed
882 4111 1135 4166 hactenus
1182 4112 1683 4183 interponendorum
1728 4113 2056 4169 silentiorum

483 4202 618 4253 ratio
647 4209 862 4254 tractata
895 4203 983 4255 sit.

479 4288 703 4345 CAPUT
754 4290 890 4344 XVI.
943 4321 1012 4332 —-
1039 4294 1114 4347 De
1152 4295 1331 4364 pedum
1363 4295 1741 4363 commixtione,
1775 4306 1822 4351 et
1857 4298 1918 4352 de
1955 4315 2054 4353 meo

994 4393 1185 4437 ﬂorum
1213 4385 1546 4454 copulatione.

549 4470 638 4524 30.
670 4471 821 4527 Nunc
847 4473 912 4527 de
957 4474 1147 4542 pedum
1192 4475 1600 4542 commixtione,
1634 4486 1688 4532 et
1715 4477 1782 4533 de
1823 4479 2052 4548 ipsorum

477 4569 767 4616 metrorum
795 4566 1131 4633 cepulatione
1170 4579 1334 4633 pauca
1363 4565 1599 4622 dicamus
1631 4587 1644 4621 :
1673 4571 1918 4638 quoniam
1944 4572 2053 4640 jam

477 4654 640 4707 multa
661 4655 798 4710 dicta
820 4664 946 4712 sum
971 4672 1090 4710 cum
1113 4671 1490 4725 quaereremus,
1519 4675 1649 4730 quos
1668 4663 1881 4717 sibimet
1899 4680 2053 4734 opor-

478 4754 585 4799 teat
613 4746 826 4802 misceri
856 4746 1047 4816 pedes;
1081 4748 1298 4816 etquod
1330 4749 1393 4803 ad
1422 4760 1708 4806 metrorum
1747 4756 1932 4810 attinet
1958 4771 2051 4810 co-

475 4836 827 4904 pulationem,
859 4837 1107 4890 nonnulla
1137 4837 1359 4892 dicenda
1403 4850 1522 4894 sunt
1561 4857 1680 4896 cum
1708 4843 1775 4898 de
1813 4846 2052 4900 versibus

476 4924 742 4982 disserere
783 4926 1102 4995 cceperimus
1146 4943 1158 4979 :
1201 4928 1492 4998 junguntur
1545 4932 1684 4985 enim
1741 4934 1839 4986 sibi
1889 4935 2051 5004 pedes

473 5024 634 5086 atque
658 5017 951 5071 miscentur
973 5017 1260 5071 secundum
1299 5021 1510 5088 regulas
1531 5062 1544 5085 ,
1573 5037 1703 5090 quas
1733 5022 1784 5075 in
1816 5025 2050 5079 secundo

472 5120 722 5162 sermone
742 5107 1060 5176 aperuimus.
1087 5109 1141 5161 In
1163 5109 1262 5164 hoc
1284 5117 1456 5163 autem
1488 5110 1616 5164 illud
1647 5112 1917 5166 sciendum
1946 5123 2046 5180 est,

472 5199 628 5252 metri
655 5214 877 5268 quicque
896 5215 1085 5270 genera
1115 5216 1232 5269 quae
1254 5215 1280 5253 a
1305 5201 1471 5270 poetis
1488 5202 1594 5271 jam
1620 5204 1882 5259 celebrata
1905 5218 2045 5275 sunt,

471 5286 720 5342 habuisse
749 5298 988 5344 auctores
1019 5299 1069 5345 et
1091 5291 1393 5345 inventores
1421 5306 1566 5358 suos,
1598 5308 1629 5345 a
1665 5296 1854 5363 quibus
1884 5314 2046 5365 quas-

473 5378 596 5433 dam
625 5388 796 5435 certas
817 5381 960 5450 leges
989 5382 1186 5450 positas
1210 5384 1506 5440 convellere
1537 5386 1907 5455 prohibemur;
1943 5407 2046 5446 non

536 5490 554 5521 ι
580 5490 712 5552 Apud
736 5497 842 5558 Iov.
869 5492 1117 5558 omittitur,
1141 5490 1191 5541 in
1207 5491 1370 5558 medio
1391 5500 1464 5555 et,
1495 5497 1621 5558 quod
1663 5501 1961 5551 restituimus
1984 5517 2045 5554 ex

471 5551 659 5625 Περ.-
678 5553 804 5613 apud
826 5558 900 5625 Er.
926 5551 1219 5625 legi_tur,_vel_
1512 5551 1661 5621 'ﬁnem
1678 5559 1891 5612 sileatur.

535 5615 553 5675 ε
580 5619 683 5660 Mss.
709 5625 817 5660 cum
840 5622 938 5675 Am.
964 5613 1164 5675 habent,
1185 5615 1365 5667 deberi.

533 5674 554 5704 ³
572 5681 618 5722 ιη
636 5679 679 5720 Β.
690 5709 703 5736 ,
715 5673 1018 5737 supradictis.
1035 5682 1136 5725 Mss.
1151 5673 1188 5724 Ἀ
1206 5685 1255 5726 et
1280 5685 1327 5740 Β,
1340 5693 1485 5742 supra
1495 5679 1650 5745 editis,
1666 5685 1942 5735 correctius.
1988 5695 2042 5736 Μ.

1689 289 1775 344 DE
1812 289 2083 360 MUSICA,
2122 292 2178 348 S.
2219 293 2583 352 AUGUSTINI

3658 319 3796 376 1144

2214 405 2353 459 enim
2383 417 2612 477 Oportet,
2640 424 2762 464 cum
2797 411 2869 467 illi
2897 427 2990 470 eas
3020 411 3224 475 ratione
3251 405 3686 498 ﬁxerintialiquid
3716 430 3792 487 ibi

2212 504 2417 550 mutare
2441 499 2681 567 quamvis
2710 503 3002 558 seen-udum
3032 508 3288 564 rationem
3319 513 3435 569 sine
3463 516 3669 572 aurium
3707 520 3791 574 0!-

2210 583 2448 640 fensione
2467 589 2728 656 possimus
2755 593 2794 644 ί.
2825 592 2989 663 Cujus
3010 598 3087 650 rei
3114 601 3347 669 cognitio
3382 620 3490 661 non
3526 617 3660 676 arte,
3691 612 3788 666 sed

2210 674 2427 729 historia
2451 678 2699 745 traditur;
2725 682 2866 737 unde
2884 685 3118 740 creditur
3137 690 3310 756 potius
3335 707 3490 761 quam
3512 674 3788 767 cognosci-

2213 771 2315 815 tur.
2343 764 2524 834 Neque
2547 769 2688 822 enim
2734 771 2779 823 si
2811 772 3104 841 Phaliscus,
3132 780 3313 835 nescio
3336 783 3444 852 qui,
3475 764 3643 841 metra
3661 790 3682 819 ³
3710 789 3779 842 ita

2205 855 2521 921 composuit,
2553 867 2610 910 ut
2639 857 2751 912 hazc
2777 873 2986 927 sonant,

2537 947 2728 1023 999d?
2748 950 2939 1023 “5'88"3
2960 953 3096 1023 ligas,
3121 958 3186 1023 ίὲθ
3207 959 3321 1023 Ιὶεθν

2538 1010 2651 1057 Vitis
2673 1016 2723 1057 et
2745 1010 2902 1061 ulmus
2923 1010 3156 1067 uti'simul
3179 1010 3317 1083 eant;

2202 1081 2338 1137 scire
2385 1079 2486 1139 hoc
2529 1102 2806 1155 possumus
2839 1109 2853 1157 ;
2883 1094 2976 1148 sed
3017 1079 3376 1158 tantummodo
3416 1107 3634 1165 credere
3678 1127 3779 1166 au-

2199 1170 2394 1264 diendo
2421 1183 2474 1228 et
2513 1177 2754 1246 legendo.
2785 1181 2916 1236 illud
2947 1195 3027 1239 est
3054 1187 3376 1260 disciplinac,
3415 1197 3553 1264 quod
3579 1200 3646 1253 ad
3678 1217 3778 1256 nos

2201 1263 2458 1328 pertinet;
2490 1266 2670 1321 videre
2705 1277 2878 1323 utrum
2906 1273 3005 1328 hoc
3039 1277 3205 1333 tribus
3232 1263 3454 1353 dactylis
3490 1297 3697 1342 constet
3721 1300 3777 1344 et

2197 1352 2497 1421 pyrrhichio
2522 1356 2726 1420 ultimo,
2760 1368 2817 1413 ut
2845 1361 3079 1432 plerique
3126 1369 3339 1425 musica:
3359 1352 3590 1442 imperiti
3613 1390 3772 1431 autu-

2196 1452 2337 1495 mant
2363 1458 2378 1505 ;
2401 1459 2503 1496 nou
2526 1446 2666 1499 enim
2688 1449 2923 1505 sentiunt
2953 1455 3308 1523 pyrrhichium
3337 1462 3459 1529 poni
3485 1478 3586 1518 non
3610 1481 3772 1534 posse

2195 1539 2313 1598 post
2339 1531 2602 1603 dactylum
2635 1553 2648 1588 :
2680 1552 2746 1590 an
2776 1547 2832 1595 ut
2860 1540 2994 1596 ratio
3034 1543 3209 1612 docet,
3253 1550 3455 1618 primus
3491 1569 3581 1622 pes
3610 1531 3686 1609 sit
3714 1557 3772 1610 in

2195 1619 2295 1674 hoc
2333 1630 2504 1676 metro
2533 1623 2891 1696 choriambus,
2934 1634 3199 1689 secundus
3242 1637 3444 1694 ionicus
3471 1619 3619 1711 longa
3661 1646 3772 1716 syl-

2191 1711 2307 1766 laba
2327 1713 2379 1767 in
2406 1714 2534 1770 duas
2556 1719 2726 1772 soluta
2755 1721 2959 1791 breves,
2978 1726 3196 1782 ultimus
3218 1730 3440 1796 iambus,
3465 1746 3584 1802 post
3605 1711 3766 1807 quem

2191 1802 2290 1855 tria
2342 1812 2579 1874 tempora
2628 1810 2921 1868 silebuntur
2961 1833 2974 1868 :
3012 1818 3150 1886 quod
3198 1822 3471 1877 semidocti
3519 1802 3767 1883 homines

2189 1892 2384 1947 sentire
2408 1904 2640 1962 possent,
2673 1899 2716 1951 si
2742 1915 2770 1952 a
2797 1901 2951 1956 docto
2978 1907 3263 1962 secundum
3293 1920 3566 1983 utramque
3591 1918 3765 1986 legem

2188 1984 2617 2048 pronuntiaretur
2658 1997 2710 2042 et
2754 1991 3109 2058 plauderetur.
3148 1999 3222 2053 lta
3261 2003 3400 2056 enim
3447 1984 3671 2061 naturali
3711 2021 3766 2063 et

2187 2074 2452 2126 communi
2499 2089 2656 2130 sensu
2698 2078 3024 2152 iudicarent,
3069 2088 3193 2157 quid
3240 2090 3532 2164 disciplinae
3575 2112 3764 2152 norma

2185 2163 2575 2226 praescriberet.

2255 2250 2342 2304 51.
2372 2252 2745 2314 Verumtamen
2771 2263 2908 2331 quod
2938 2275 3090 2332 poeta
3130 2269 3216 2324 ille
3243 2270 3339 2327 hos
3368 2291 3617 2333 numeros
3656 2279 3760 2334 im-

2183 2341 2406 2397 mobiles
2432 2359 2548 2400 esse
2576 2348 2780 2416 voluit,
2812 2367 2929 2405 cum
2962 2353 3063 2410 hoc
3106 2347 3275 2414 metro
3312 2365 3540 2430 utimur,
3574 2377 3762 2424 custo-

2181 2431 2427 2488 diendum
2457 2445 2539 2491 est
2568 2457 2580 2492 :
2611 2455 2714 2494 non
2743 2444 2881 2497 enim
2910 2445 3114 2503 fraudat
3143 2453 3377 2509 auditum
3408 2474 3421 2522 ;
3454 2474 3757 2531 quanquam

2181 2537 2329 2592 teque
2351 2527 2479 2581 nihil
2499 2527 2787 2600 fraudaret,
2817 2536 2859 2589 si
2886 2539 2965 2593 vel
2988 2553 3083 2608 pro
3110 2543 3416 2602 choriambo
3439 2527 3755 2620 diiambum,

2177 2616 2263 2669 vel
2293 2617 2461 2685 ipsum
2511 2621 2737 2677 ionicum
2788 2628 2931 2682 nulla
2973 2631 3024 2684 in
3075 2633 3262 2690 breves
3303 2635 3436 2692 facta
3488 2643 3757 2699 solutione

2178 2720 2599 2803 poneremus,7et
2626 2715 2877 2785 quidquid
2902 2720 3040 2774 aliud
3063 2727 3410 2794 congruisset.
3443 2731 3499 2784 lu
3524 2732 3622 2789 hoc
3649 2735 3754 2803 igi-

2177 2805 2260 2850 tur
2291 2808 2460 2855 metro
2489 2802 2619 2858 nihil
2661 2807 2982 2877 mutabitur;
3018 2827 3124 2868 non
3168 2831 3230 2870 ea
3285 2820 3487 2876 ratione
3524 2838 3627 2892 qua
3671 2802 3755 2878 ius

2173 2891 2522 2958 mqualitatem
2543 2895 2788 2964 vitamus,
2819 2900 2910 2954 sed
2939 2917 2999 2956 ea
3026 2920 3126 2972 qua
3155 2905 3495 2966 observamus
3512 2891 3748 2970 auctori-

2173 2987 2353 3034 tatem.
2379 2982 2537 3037 Docet
2556 3000 2680 3039 sane
2706 2988 2860 3055 ratio,
2886 2991 2990 3044 alia
3014 2991 3212 3050 institui
3238 3007 3402 3052 metra
3428 3000 3740 3068 immobilia,

2173 3069 2224 3124 id
2254 3079 2334 3126 est
2376 3072 2427 3125 in
2467 3075 2655 3142 quibus
2695 3079 2885 3132 mutari
2927 3080 3058 3137 nihil
3095 3096 3337 3152 oportet,
3366 3097 3422 3142 ut
3448 3089 3547 3146 hoc
3577 3093 3750 3161 ipsum

2172 3171 2252 3216 est
2276 3163 2342 3219 de
2369 3180 2471 3234 quo
2496 3169 2625 3221 satis
2651 3168 2808 3223 locuti
2837 3187 3019 3228 sumus
3043 3191 3058 3240 ;
3086 3175 3185 3230 alia
3213 3179 3450 3248 mobilia,
3477 3182 3527 3236 in
3556 3186 3751 3252 quibus

2173 3254 2347 3311 locare
2377 3257 2539 3326 pedes
2567 3260 2698 3315 alios
2726 3277 2821 3330 pro
2848 3264 2965 3319 aliis
2992 3266 3134 3332 licet,
3164 3270 3318 3324 sicuti
3339 3283 3418 3326 est
3439 3292 3451 3326 :
3475 3273 3644 3344 Troja:
3662 3280 3748 3345 qui

2171 3347 2360 3414 primus
2405 3348 2467 3401 ab
2518 3351 2650 3416 oris,
2697 3369 2839 3407 artua
2881 3356 3137 3427 virumque
3179 3376 3323 3414 cano.
3361 3362 3489 3417 Nam
3527 3364 3612 3420 hic
3650 3382 3750 3436 pro

2169 3437 2404 3505 spondeo
2431 3451 2756 3508 anapaestum
2784 3445 3020 3513 quolibet
3060 3448 3178 3503 loco
3219 3450 3343 3506 licet
3379 3469 3592 3522 ponere.
3625 3458 3747 3511 Alia

2170 3540 2266 3580 nec
2298 3535 2402 3581 tota
2433 3528 2744 3599 immobilia,
2779 3550 2878 3589 nec
2908 3545 3013 3591 tota
3041 3541 3269 3606 mobilia,
3295 3553 3354 3598 ut
3378 3555 3459 3600 est
3487 3565 3499 3600 :

2469 3621 2680 3698 fendeat
2704 3636 2764 3671 ex
2787 3625 3176 3698 humerisdulcis
3191 3632 3384 3698 chelys,

2470 3686 2524 3753 tit
2545 3694 2772 3753 numeros
2794 3687 2905 3753 edat
2924 3692 3097 3753 varios,
3120 3694 3296 3753 quibus

2468 3748 2668 3816 gsspnet
2689 3759 2831 3795 omne
2854 3749 3026 3816 virens
3038 3748 3346 3816 late'nemus,

2472 3807 2526 3850 Et
2547 3805 2684 3853 tortis
2707 3810 2973 3872 erransqui
2999 3811 3222 3872 ﬂexibus.

2870 3869 2890 3932 (
2910 3869 3217 3925 Terentianus
3237 3889 3300 3925 ea:
3323 3879 3615 3943 Pomponio.)

2169 3940 2324 3996 Vides
2348 3942 2432 3998 hic
2453 3947 2593 4002 enim
2628 3950 2822 4020 ubique
2867 3962 2920 4008 et
2962 3957 3227 4025 spondeos
3265 3971 3319 4016 et
3356 3940 3742 4036 dactylosvponi

2165 4047 2340 4102 posse,
2383 4046 2578 4106 praeter
2613 4041 2853 4097 ultimum
2898 4046 3108 4114 pedem,
3159 4066 3316 4118 quem
3367 4056 3518 4108 metri
3556 4069 3744 4112 auctor

2163 4137 2374 4193 semper
2401 4141 2519 4182 esse
2545 4128 2809 4201 dactylum
2839 4135 3024 4189 voluit.
3048 4137 3114 4190 Et
3132 4139 3181 4192 in
3207 4141 3270 4194 iis
3285 4143 3495 4211 quidem
3523 4149 3740 4214 generi-

2161 4213 2260 4269 bus
2281 4216 2449 4271 tribus
2478 4220 2719 4275 nonnihil
2740 4224 2920 4279 valere
2948 4229 3315 4285 auctoritatem
3340 4234 3506 4288 vides.

2231 4303 2320 4356 52.
2351 4305 2503 4371 Quod
2528 4316 2704 4363 autem
2735 4310 2788 4364 in
2829 4313 3021 4381 pedum
3050 4319 3426 4376 commixtione
3463 4325 3529 4376 ad
3569 4325 3737 4381 ratio-

2160 4409 2282 4449 nem
2306 4398 2472 4451 solam
2495 4401 2723 4468 pertinet
2744 4401 2810 4456 de
2833 4404 2900 4459 iis
2940 4406 3102 4462 rebus
3129 4423 3246 4478 qua:
3274 4413 3573 4468 sentiuntur
3591 4416 3739 4485 judi-

2157 4497 2398 4554 cantem;
2434 4491 2707 4546 sciendum
2744 4505 2827 4549 est
2854 4510 2947 4550 eas
2991 4509 3167 4566 partes
3203 4501 3418 4571 pedum,
3456 4521 3574 4574 qua:
3615 4519 3738 4576 post

2157 4586 2332 4632 certos
2380 4579 2541 4648 pedes
2589 4582 2805 4637 silentio
2834 4594 3068 4642 restante
3111 4591 3344 4646 suaviter
3381 4595 3639 4661 locantur,
3682 4608 3742 4654 ut

2157 4665 2362 4721 iambus
2389 4677 2510 4738 post
2534 4669 2831 4726 dichorinm
2858 4684 3017 4744 atque
3046 4680 3336 4735 secundum
3364 4684 3653 4753 epitritum,
3683 4699 3739 4744 et

2155 4757 2422 4824 spondeus
2471 4769 2592 4828 post
2636 4762 3004 4832 antispastum,
3037 4768 3196 4822 etiam
3227 4782 3350 4841 post
3392 4776 3522 4830 alios
3561 4778 3731 4846 pedes

2156 4845 2292 4900 male
2314 4848 2493 4913 locari,
2523 4849 2712 4918 quibus
2739 4852 2825 4906 isti
2855 4856 3103 4922 permixti
3127 4857 3326 4916 fuerint
3356 4880 3369 4915 :
3402 4880 3524 4919 nam
3554 4871 3730 4923 mani-

2155 4937 2347 4993 festum
2377 4949 2459 4994 est
2483 4941 2714 4997 iambum
2755 4955 2876 5014 post
2913 4950 3201 5005 molossum
3249 4953 3384 5010 bene
3413 4959 3557 5026 poni,
3599 4961 3738 5017 sicut

2155 5027 2254 5083 hoc
2281 5031 2578 5099 exemplum
2614 5033 2812 5089 indicat
2832 5051 2973 5107 smpe
2999 5043 3280 5108 repetitum
3307 5060 3425 5099 cum
3452 5048 3662 5103 silentio
3682 5051 3737 5105 in

2155 5116 2260 5172 ﬁne
2280 5126 2576 5187 temporum
2600 5123 2776 5188 trium,
2825 5124 2921 5178 Ver
2961 5127 3202 5184 blandum
3246 5134 3369 5187 viret
3398 5137 3606 5204 ﬂoribus
3635 5154 3654 5192 :
3681 5150 3737 5196 at

2153 5210 2196 5262 si
2232 5225 2329 5278 pro
2358 5212 2592 5268 molosso
2620 5216 2850 5284 primum
2880 5217 3180 5275 dichorinm
3196 5226 3507 5293 constituas,
3540 5235 3598 5280 ut
3627 5237 3731 5294 est,

2161 5297 2285 5353 Vere
2311 5308 2442 5353 terra
2462 5302 2582 5356 viret
2597 5305 2824 5374 ﬂoribus,
2855 5311 3057 5379 respuit
3078 5311 3181 5367 hoc
3206 5315 3413 5371 auditus
3430 5326 3586 5388 atque
3602 5333 3736 5373 con-

2217 5449 2231 5479 ί
2259 5455 2364 5518 atss.
2392 5457 2425 5498 Α
2449 5458 2501 5501 et
2521 5457 2860 5518 geoncordant
2896 5459 2960 5518 in,
2981 5459 3241 5512 lectionem
3276 5465 3399 5515 hanc
3435 5479 3447 5514 :
3474 5474 3573 5516 Non
3608 5466 3736 5518 enim

2150 5512 2688 5591 ἳρεξεεξρέηζνξὲἔιξβςδ
2724 5517 2905 5591 ratione
2924 5517 3123 5591 ﬂamini.
3151 5535 3167 5572 :
3205 5512 3418 5591 σηέιιὲῆτξε

2150 5571 2413 5650 secundum
2424 5575 2665 5650 rationem
2685 5584 2869 5650 mutare
2891 5571 3202 5650 sineauriunt

2153 5637 2233 5704 Er;
2251 5634 2395 5704 Lugd.
2424 5641 2540 5704 Ven.
2566 5635 2753 5700 legunt,
2771 5638 3025 5704 ﬁnxerint
3060 5651 3114 5692 Μ.

2215 5695 2233 5724 ³
2259 5697 2473 5754 Μεενιιηι,
2497 5695 2641 5757 juxta'
2655 5695 2897 5764 γτξιζυεά.
2927 5711 3042 5753 ven.
3068 5711 3174 5757 Lov.
3205 5714 3254 5758 et
3277 5716 3356 5758 Ms.
3382 5716 3432 5758 Α.
3491 5717 3547 5761 M.
