2059 3185
168 183 235 213 1115

166 240 283 268 demnat.
300 228 327 265 ld
340 236 420 265 etiam
433 236 460 264 in
481 235 585 264 caeteris
603 242 682 263 sensu
702 234 855 270 explorante
875 233 951 262 facile

167 290 208 315 est
220 284 345 320 experiri.
359 283 437 311 Ratio
457 290 572 318 namque
591 281 739 310 certissima
751 285 801 314 est,
818 289 878 309 cum
901 280 951 309 sibi

166 332 324 367 copulantur
338 330 382 365 qui
410 328 479 356 inter
493 335 522 355 se
542 331 604 355 sunt
622 326 784 361 copulabiles
797 326 887 361 pedes,
902 334 951 354 eas

167 381 258 413 partes
272 375 369 403 debere
385 375 411 402 in
434 374 486 401 line
500 373 620 408 subiungi
635 380 693 408 quae
716 372 838 400 omnibus
851 380 949 400 conve-

166 423 245 450 niunt
258 422 284 449 in
298 421 343 448 illa
354 420 423 448 serie
437 419 583 452 collocatis,
599 425 633 446 ne
644 418 712 445 inter
727 417 814 445 soeios
823 417 950 453 quodam-

164 468 245 496 modo
256 467 395 495 discordize
409 466 507 501 aliquid
517 465 627 493 oriatur.

201 515 246 541 53.
259 513 324 540 Illud
336 513 418 546 magis
433 512 578 539 mirandum
592 515 640 543 est,
656 509 723 544 quod
738 518 796 537 cum
818 509 950 544 spondeus

166 564 193 587 et
204 559 347 587 diiambum
353 563 379 585 et
388 558 534 585 dichorium
545 558 662 583 suaviter
670 556 782 587 claudat,
793 560 878 582 tamen
889 563 949 582 cum

166 606 193 632 hi
207 605 259 631 duo
273 604 354 639 pedes
376 604 430 630 sive
444 603 503 635 soli,
527 603 582 629 sive
600 610 659 629 cum
681 602 738 628 aliis
760 600 950 635 copulabilibus

166 657 274 685 quoquo
285 649 363 675 modo
377 649 465 675 mixtis
477 648 501 674 in
511 655 561 674 una
577 649 645 673 serie
658 645 765 678 fuerint,
777 645 909 679 spondeus
923 645 949 671 in

166 696 228 727 line,
251 694 413 729 approbante
428 700 516 723 sensu,
537 692 596 727 poni
619 699 671 718 non
685 695 780 726 potest.
799 690 863 723 Quis
878 690 949 716 enim

164 740 266 767 dubitet
280 747 357 766 aures
373 739 485 765 libenter
503 739 621 772 accipere
643 737 692 763 ista
711 736 812 770 singula
826 735 947 770 repetita,

167 784 289 811 Timenda
311 792 350 810 res
367 792 417 810 non
434 788 469 809 est
483 791 491 809 :
504 787 530 810 et
545 783 606 809 item
620 781 771 816 separatim,
789 780 849 806 Jam
865 781 949 806 timere

165 831 237 857 nali?
250 832 283 858 At
298 831 319 857 si
337 830 372 857 ita
385 830 490 864 jungas,
508 829 629 856 Timenda
642 837 691 860 res,
706 829 762 863 jam
782 828 868 854 timere
881 828 948 859 noli;

163 877 214 904 nisi
233 877 258 903 in
280 876 364 903 soluta
377 876 495 902 oratione
510 875 600 902 audire
621 875 711 901 nolim.
733 874 785 900 Nec
806 873 947 900 absurdum

163 923 252 949 minus
267 926 317 954 est,
342 922 364 949 si
388 922 505 956 quolibet
528 921 585 948 loco
604 921 683 947 alium
699 925 851 950 connectas,
867 919 947 945 veluti

162 968 308 995 molossum
321 967 370 994 hoc
385 967 464 994 modo
484 976 489 993 :
507 966 550 993 Vir
567 967 647 1001 fortis,
664 965 773 991 timenda
784 973 832 997 res,
844 965 899 998 jam
915 964 948 990 li-

162 1021 229 1039 mere
241 1013 302 1039 noli.
319 1012 367 1039 Vel
383 1013 417 1039 ita
433 1022 439 1039 :
456 1012 575 1038 Timenda
588 1020 637 1043 res,
655 1011 691 1037 uir
704 1010 785 1044 fortis,
796 1011 852 1044 jam
863 1010 948 1035 timere

162 1059 224 1085 noli.
240 1058 287 1085 Vel
301 1058 379 1085 etiam
392 1058 426 1084 ita
441 1067 446 1084 :
462 1057 585 1083 Timenda
596 1065 643 1088 res,
655 1056 711 1090 jam
728 1055 813 1081 timere
827 1055 863 1080 vir
875 1054 948 1088 fartis

162 1102 225 1129 noli.
246 1103 327 1136 Cujus
337 1102 507 1129 absurditatis
520 1109 598 1128 causa
612 1107 661 1133 est,
675 1100 743 1134 quod
757 1107 803 1134 pes
817 1099 948 1125 diiambus

162 1150 242 1176 etiam
255 1149 287 1175 ad
301 1149 408 1183 duplum
424 1153 450 1175 et
463 1148 584 1182 simplum
601 1147 687 1182 plaudi
697 1150 791 1181 potest,
802 1150 830 1172 ut
842 1145 873 1172 ad
885 1146 948 1171 sitn-

162 1195 234 1228 plum
262 1198 288 1221 et
310 1194 418 1228 duplum
431 1193 564 1220 dichorius
581 1192 733 1226 :spondeus
750 1196 836 1217 autem
861 1191 947 1224 dupla:

161 1240 229 1275 parti
241 1247 332 1266 eorum
346 1239 454 1273 aequalis
469 1243 525 1270 est;
544 1238 589 1264 sed
608 1245 667 1264 cum
688 1245 747 1263 eum
762 1237 805 1262 ille
820 1235 899 1262 trahit
915 1235 946 1261 ad

162 1285 285 1319 primam,
297 1284 339 1311 hic
353 1284 385 1310 ad
394 1289 549 1315 extremam,
562 1282 653 1310 existit
663 1282 785 1309 nonnulla
800 1280 946 1312 discordia;

161 1335 188 1357 et
203 1331 237 1357 ita
249 1331 316 1357 ratio
332 1330 399 1357 tollit
413 1329 625 1356 admirationem.

197 1375 240 1402 51.
263 1375 316 1402 Nec
339 1375 426 1401 minus
449 1374 603 1401 miraculum
619 1373 673 1401 edit
687 1373 858 1407 antispastus,
871 1373 913 1399 cui
925 1371 947 1398 si

162 1420 249 1447 nullus
260 1420 326 1447 alius
343 1420 449 1454 pedum,
464 1424 509 1446 aut
524 1423 595 1445 certe
610 1419 680 1445 solus
693 1419 822 1445 diiambus
838 1418 948 1444 miscea-

162 1470 214 1498 tur,
226 1465 322 1500 patitur
336 1465 422 1491 iambo
431 1470 544 1491 metrtnn
554 1464 649 1497 claudi,
664 1472 722 1491 cum
734 1464 793 1490 aliis
805 1469 891 1490 autem
902 1471 949 1497 pnâ€”

161 1511 228 1538 situs
244 1511 316 1537 nullo
329 1510 422 1543 modo;
438 1516 464 1537 et
487 1518 547 1536 cum
571 1510 690 1536 dichorio
711 1509 816 1544 quidem
842 1514 949 1544 propter

162 1555 249 1590 ipsum
273 1555 437 1587 dichorium;
455 1556 541 1589 itaque
562 1555 613 1581 hoc
631 1554 739 1581 minime
766 1554 856 1581 miror.
882 1555 947 1581 Cum

163 1604 267 1631 caeteris
281 1611 345 1630 vero
366 1611 457 1630 senum
481 1607 627 1637 temporum
647 1602 768 1636 pedibus,
784 1610 831 1628 cur
846 1609 948 1628 memo-

162 1654 247 1676 ratum
264 1649 340 1675 trium
357 1653 504 1683 temporum
518 1648 610 1682 pedem
620 1648 644 1674 in
657 1647 708 1674 line
719 1647 848 1681 repudiet,
861 1647 949 1673 nescio

162 1702 222 1729 quae
236 1699 276 1722 est
290 1702 368 1721 causa
382 1695 508 1721 secretior
523 1694 633 1720 fortasse
645 1700 724 1727 quam
739 1697 788 1719 uta
802 1693 877 1719 nobis
892 1693 948 1720 crui

162 1744 242 1774 atque
256 1739 358 1766 ostendi
378 1743 456 1773 queat
470 1748 476 1764 :
493 1739 540 1766 sed
560 1739 610 1765 hoc
632 1739 667 1764 ita
690 1746 749 1765 esse
763 1738 805 1765 his
819 1739 948 1773 exemplis

164 1784 256 1818 probo.
272 1784 336 1811 Nam
350 1784 399 1810 ista
412 1784 464 1810 duo
474 1788 566 1815 metra,
582 1783 709 1810 Potestate
722 1783 813 1819 placet,
831 1788 950 1818 potestate

164 1830 300 1864 potentium
312 1830 404 1864 placet,
417 1837 496 1856 nemo
508 1830 616 1864 ambigit
630 1829 746 1857 suaviter
754 1830 854 1864 singula
867 1830 949 1863 repeti

164 1882 225 1902 cum
236 1876 339 1902 silentio
353 1876 432 1902 trium
450 1880 596 1910 temporum
607 1875 633 1902 in
645 1875 705 1902 line.
721 1875 755 1902 At
767 1875 816 1902 ista
835 1875 950 1902 insuavi-

165 1925 205 1947 ter
215 1929 272 1947 cum
284 1921 376 1947 eodem
388 1921 493 1947 silentio
506 1930 511 1947 :
524 1922 650 1947 lâ€™otestate
661 1920 783 1955 praclara
793 1922 882 1956 placet.
898 1920 949 1948 Po-

165 1970 251 1992 testate
261 1966 303 1991 tibi
318 1966 424 1991 multant
439 1966 528 2000 placet.
542 1965 670 1992 Polestate
679 1967 735 2001 jant
755 1966 798 1992 tibi
812 1967 847 1993 sic
859 1967 948 2000 placet.

166 2010 406 2038 Potestalenmltum
419 2011 462 2037 tibi
473 2011 564 2045 placet.
582 2010 718 2038 Poteslatis
733 2012 878 2046 magnitudo
892 2012 950 2046 pla-

165 2061 212 2083 cet.
227 2056 302 2089 Quod
315 2056 346 2082 ad
360 2064 465 2083 sensum
478 2057 581 2087 attinet,
597 2057 697 2091 peregit
709 2057 823 2083 ofï¬ciunt
832 2065 907 2084 suum
925 2058 949 2083 in

166 2101 216 2128 hac
229 2102 383 2135 quatstione,
398 2106 425 2128 et
441 2101 503 2135 quid
518 2102 659 2135 acceperit,
681 2106 707 2128 et
728 2102 790 2136 quid
808 2102 961 2136 eitploserit~

167 2146 291 2173 indicavit
305 2156 312 2173 :
326 2146 371 2173 sed
387 2147 419 2174 de
432 2154 510 2173 causa
526 2154 574 2173 cur
591 2147 626 2174 ita
644 2147 688 2179 sit,
711 2147 778 2173 ratio
791 2147 951 2174 consulenda

167 2197 216 2220 est.
232 2194 267 2220 Ac
278 2193 354 2219 meaâ€˜
370 2193 475 2227 quidem
490 2194 515 2220 in
539 2198 610 2220 tanta
625 2193 787 2220 obscuritate
803 2193 867 2219 nihil
881 2193 951 2220 aliud

167 2237 248 2270 videt,
264 2238 314 2264 nisi
328 2245 387 2264 cum
410 2238 526 2265 diiambo
547 2238 723 2272 antispastum
739 2238 874 2264 dimidiam
891 2246 952 2272 par-

168 2287 220 2309 tem
248 2282 362 2316 priorem
390 2282 489 2309 habere
509 2290 677 2310 communem
701 2292 706 2309 :
728 2290 788 2310 nam
812 2287 922 2316 uterque
937 2290 953 2309 a

168 2329 240 2355 brevi
253 2332 279 2355 et
289 2329 366 2363 longa
380 2329 486 2363 incipit;
500 2330 671 2363 posteriorem
685 2333 773 2356 autem
786 2337 845 2356 cum
860 2328 953 2356 dicito-

167 2373 222 2400 rio:
239 2373 314 2407 longa
328 2373 399 2400 enim
414 2378 440 2400 et
450 2374 522 2400 brevi
535 2374 612 2401 ambo
627 2374 763 2401 ï¬niuntur.
779 2374 869 2408 Itaque
885 2375 952 2401 anti-

167 2422 271 2453 spastus
286 2419 327 2445 vel
348 2419 419 2446 solus
438 2423 562 2453 tanquam
587 2427 660 2446 suam
674 2420 789 2454 priorem
804 2419 949 2454 dimidiam,

166 2464 208 2491 vel
222 2472 282 2491 cum
308 2464 422 2491 diiambo
435 2472 494 2491 cum
514 2472 566 2498 quo
586 2472 645 2490 eam
666 2466 841 2492 communiter
861 2465 950 2498 habet,

166 2509 320 2541 collocatus,
335 2509 430 2543 patitur
445 2509 470 2535 in
486 2508 537 2535 ï¬ne
551 2509 628 2536 metri
640 2516 698 2536 esse
709 2509 842 2542 iambum;
858 2515 951 2538 etcum

166 2554 287 2582 dichorio
307 2559 450 2589 pateretur,
466 2555 487 2581 si
508 2554 593 2581 eidem
609 2554 729 2581 dichorio
747 2556 806 2582 talis
824 2557 952 2584 terminus

166 2602 319 2628 conveniret
335 2611 341 2628 :
357 2609 416 2628 cum
428 2602 532 2628 caeteris
555 2606 642 2628 autem
663 2608 715 2628 non
729 2601 835 2635 patitur,
857 2602 951 2637 quibus

167 2647 212 2674 tali
226 2648 353 2674 societate
367 2655 418 2674 non
432 2648 441 2662 Â²
453 2646 581 2681 jungitur.

237 2692 347 2720 CAPUT
367 2691 447 2719 XVII.
462 2691 544 2718 â€”De
558 2696 693 2719 metrorum
712 2692 879 2727 copulatione.

202 2737 246 2764 35.
260 2737 335 2770 Quod
352 2745 414 2765 vero
427 2737 458 2764 ad
470 2741 614 2765 metrorum
638 2738 831 2772 copulationem
846 2739 949 2772 attinet,

166 2782 230 2809 satis
243 2787 283 2809 est
295 2783 320 2808 in
337 2783 475 2817 prï¬entia
487 2782 586 2816 videre,
602 2790 680 2818 posse
695 2783 745 2810 sibi
755 2783 950 2812 diversametra

198 2828 206 2844 á½·
221 2832 260 2852 MS.
273 2832 289 2852 Î‘
301 2828 372 2859 addit,
387 2829 455 2854 ratio.
479 2832 506 2853 Îœ.

198 2860 207 2874 Â¹
220 2862 256 2883 Er.
271 2863 296 2883 et
307 2862 360 2892 Lgv.
376 2861 486 2885 omittunt
505 2860 543 2885 hic
562 2861 724 2892 negationem,
734 2867 804 2892 quam
815 2864 896 2886 tamen
905 2868 949 2887 ex-

166 2889 251 2915 bibent
263 2894 313 2914 uss.
323 2886 350 2914 Et
358 2894 406 2914 Am.

845 177 945 207 LIBER
962 175 1131 212 QUARTUS.

1004 233 1134 267 copulari,
1146 240 1204 268 quae
1218 237 1304 262 tamen
1319 234 1423 269 plausu,
1439 233 1466 263 id
1480 241 1521 264 est
1534 237 1663 268 levatione
1674 248 1706 269 ac
1719 243 1790 277 posi-

1003 278 1078 306 tione
1087 278 1256 306 conveniant.
1271 279 1381 309 Diversa
1395 285 1458 309 sunt
1470 287 1558 311 autem
1570 285 1612 318 vel
1632 288 1787 321 quantitate.

1003 331 1032 354 ut
1038 334 1098 354 cum
1110 327 1210 362 majora
1220 328 1378 363 copulantur
1392 329 1547 363 minoribus,
1557 331 1644 366 qualia
1652 333 1700 360 ista
1715 338 1786 368 sunt,

1003 371 1125 400 videlicet
1137 380 1143 398 :

1139 419 1190 441 tam
1200 417 1258 450 satis
1267 417 1341 450 terris
1350 418 1413 443 nivis
1423 421 1496 450 atque
1507 419 1566 445 dira:

1140 448 1264 472 Grandinis
1273 448 1337 472 misit
1348 451 1424 478 Pater,
1436 448 1462 473 et
1473 450 1577 476 rubente

1140 480 1246 502 Dextera
1256 484 1336 511 sacras
1344 478 1463 511 jaeulatus
1472 486 1551 511 arces,

1244 509 1338 533 Terruit
1348 510 1442 534 urbem.

1275 538 1368 569 (Horat.
1381 539 1422 564 lib.
1435 540 1447 564 1
1459 540 1606 571 canm'nwn,
1616 541 1662 567 ode
1671 542 1707 574 2.)

1001 579 1066 606 Nam
1077 579 1129 606 hoc
1142 584 1275 614 quartum,
1291 581 1361 615 quod
1375 589 1428 609 uno
1435 581 1589 611 choriambo
1602 588 1627 611 et
1638 592 1689 611 una
1700 584 1726 611 in
1736 585 1789 613 lino

1002 624 1079 659 longa
1094 625 1262 658 terminatur,
1277 634 1355 660 quam
1367 634 1477 661 parvum
1489 628 1525 655 sit
1544 628 1627 656 tribus
1641 630 1787 664 superiori-

1001 669 1050 696 bus
1064 669 1134 696 inter
1145 677 1175 697 se
1187 670 1333 705 atqualibus
1346 671 1494 707 subjectum
1505 673 1591 702 vides.
1606 674 1653 702 Vel
1675 674 1788 710 pedibus

1001 715 1077 742 sicuti
1092 715 1147 742 haec
1160 724 1167 742 :

1198 764 1268 794 Grato
1276 762 1363 793 Pyrrha
1372 763 1419 794 sub
1430 767 1507 794 antro,

1199 792 1239 816 Cui
1251 792 1334 825 ï¬‚avam
1345 792 1544 825 religasgoomam.

1321 822 1413 853 (Horat
1425 823 1466 849 lib.
1479 825 1490 848 1
1503 824 1649 856 caminum,
1662 826 1707 851 ode
1716 827 1753 859 5.)

1000 862 1093 890 Cernis
1108 862 1205 897 quippe
1218 861 1311 889 horum
1320 863 1430 891 duorum
1443 866 1565 899 superius
1574 871 1696 894 constare
1709 875 1789 902 spon-

1001 908 1050 935 deo
1065 913 1091 935 et
1104 908 1268 941 choriambo,
1291 914 1318 936 et
1331 909 1409 944 longa
1423 910 1526 944 ultima,
1540 919 1599 946 quae
1612 912 1645 939 ad
1657 919 1703 939 sex
1720 917 1788 939 tem-

1001 961 1064 988 pora
1078 953 1210 988 implenda
1224 953 1343 988 spondeo
1356 954 1504 982 debebatur
1517 964 1523 981 :
1538 955 1588 983 hoc
1599 960 1687 984 autem
1702 962 1790 991 poste-

1001 998 1055 1026 rius
1068 998 1187 1033 spondeo
1200 1003 1227 1026 et
1239 998 1404 1032 choriambo,
1418 1003 1446 1027 et
1466 999 1569 1026 duabus
1586 1000 1686 1027 ultimis
1700 1001 1789 1028 brevi-

1000 1043 1061 1077 bus,
1077 1051 1137 1078 quat
1150 1043 1214 1070 item
1228 1051 1288 1071 cum
1300 1043 1385 1078 primo
1400 1044 1519 1079 spondeo
1535 1044 1645 1079 implent
1661 1052 1707 1072 sex
1721 1049 1789 1072 tem-

1001 1096 1074 1123 pora.
1089 1088 1165 1115 Paria
1178 1093 1240 1115 sunt
1253 1096 1316 1123 ergo
1330 1089 1379 1115 ista
1393 1089 1566 1124 temporibus,
1581 1088 1629 1116 sed
1638 1089 1665 1116 in
1677 1089 1790 1124 pedibus

1001 1134 1120 1160 nonnihil
1133 1133 1294 1161 diversitatis
1310 1138 1411 1162 tenent.

1035 1181 1078 1207 36.
1096 1180 1143 1207 Est
1157 1184 1183 1207 et
1207 1180 1257 1207 alia
1279 1180 1427 1208 dill'erentia
1448 1181 1558 1208 istarum
1578 1181 1786 1215 copulationum,

1000 1225 1070 1260 quod
1083 1225 1132 1251 alia
1153 1225 1187 1252 ita
1201 1225 1366 1259 copulentur,
1380 1231 1409 1253 ut
1429 1227 1500 1253 nulla
1515 1226 1565 1253 sibi
1585 1227 1688 1254 silentia
1706 1227 1789 1254 inter-

1001 1270 1063 1304 poni
1073 1270 1167 1303 velint,
1183 1271 1250 1297 sicut
1263 1270 1319 1297 haec
1333 1270 1386 1297 duo
1401 1271 1600 1304 recentissima;
1614 1272 1664 1299 alia
1678 1272 1746 1300 inter
1759 1280 1788 1300 se

1000 1314 1072 1343 sileri
1084 1315 1181 1350 aliquid
1196 1316 1338 1349 postulent,
1353 1315 1420 1342 sicut
1430 1316 1487 1344 haec
1499 1325 1506 1343 :

1167 1359 1240 1383 vides
1250 1363 1278 1384 ut
1287 1359 1334 1384 alta
1345 1363 1394 1384 stet
1405 1360 1460 1384 nive
1471 1361 1596 1385 candidum

1167 1393 1271 1420 Soracte,
1283 1396 1329 1414 nec
1338 1391 1386 1420 jam
1397 1391 1531 1415 sustineant
1542 1398 1603 1416 onus

1199 1420 1271 1452 Silvae,
1287 1421 1433 1452 laborantes,
1444 1421 1551 1452 geluque

1200 1449 1305 1475 Flumina
1315 1449 1466 1476 constiterint
1477 1449 1554 1476 actito.

1296 1481 1389 1513 (Horat.
1402 1481 1443 1506 lib.
1455 1482 1468 1506 1
1480 1486 1624 1513 Carmana,
1637 1483 1682 1508 ode
1691 1484 1727 1515 9.)

1000 1523 1066 1551 Nam
1077 1523 1100 1550 si
1113 1522 1171 1550 haec
1184 1523 1285 1558 singula
1297 1527 1461 1558 repetantur,
1476 1524 1562 1558 priora
1574 1524 1627 1552 duo
1638 1533 1717 1553 unum
1724 1530 1791 1554 tem-

1001 1577 1052 1605 pus
1066 1569 1093 1596 in
1106 1569 1159 1596 ï¬‚ne
1167 1569 1239 1596 sileri
1252 1568 1380 1603 ï¬‚agitant,
1397 1570 1502 1597 tertium
1517 1569 1580 1604 duo,
1592 1576 1713 1605 quartum
1727 1572 1788 1599 tria.

1000 1614 1126 1649 Copulata
1146 1621 1210 1641 vero
1231 1621 1245 1640 a
1261 1614 1347 1649 primo
1367 1614 1401 1641 ad
1425 1615 1570 1642 secundum
1594 1613 1788 1650 transeuntem,

1001 1667 1081 1686 unum
1107 1663 1211 1693 tempus
1226 1659 1306 1686 silere
1327 1664 1441 1694 cogunt;
1461 1667 1476 1687 a
1494 1660 1611 1688 secundo
1633 1661 1666 1688 ad
1683 1663 1789 1690 tertium

1001 1705 1064 1738 duo,
1075 1713 1090 1732 a
1105 1705 1183 1732 tertio
1203 1705 1236 1732 ad
1258 1710 1380 1740 quartum
1399 1706 1460 1733 tria.
1474 1706 1497 1733 Î‘
1508 1711 1602 1741 quarto
1616 1712 1704 1735 autem
1717 1707 1740 1735 si
1755 1708 1789 1735 ad

1002 1750 1114 1784 primum
1126 1750 1229 1781 redeas.
1242 1754 1347 1785 tempus
1357 1758 1438 1778 unum
1451 1750 1551 1779 silebis.
1560 1751 1612 1779 Sed
1622 1760 1681 1786 qua:
1692 1757 1734 1780 est
1745 1760 1789 1780 ra-

1002 1795 1039 1822 tio
1048 1799 1089 1822 est
1100 1794 1230 1823 redeundi
1242 1796 1276 1823 ad
1287 1796 1411 1830 primum,
1422 1796 1516 1824 eadem
1528 1801 1569 1825 est
1578 1797 1610 1824 ad
1621 1798 1699 1825 aliam
1711 1798 1788 1826 talem

1001 1840 1195 1874 eopulationem
1219 1841 1382 1868 transeundi.
1406 1841 1462 1868 Hoc
1484 1849 1568 1877 genus
1591 1843 1788 1877 copulationum

1001 1889 1075 1913 recte
1088 1892 1137 1912 nos
1147 1885 1311 1919 appellamus
1321 1886 1460 1914 circuitum
1469 1907 1476 1919 ,
1490 1887 1533 1921 qui
1544 1889 1648 1922 Ï€ÎµÏÎ¹á½¹Î´Î¿Ï‚
1657 1895 1742 1922 graece
1750 1887 1790 1915 di-

1002 1931 1079 1957 citur.
1101 1929 1233 1958 Circuitus
1254 1938 1318 1965 ergo
1330 1931 1418 1958 minor
1434 1939 1494 1959 esse
1514 1940 1567 1958 non
1592 1937 1694 1966 potest,
1709 1934 1796 1967 quam

1002 1976 1046 2010 qui
1060 1975 1163 2003 duobus
1175 1976 1302 2003 membris
1323 1980 1437 2009 constat,
1451 1976 1477 2003 id
1496 1981 1537 2004 est
1551 1976 1654 2005 duobus
1674 1978 1766 2005 metris
1781 1987 1788 2006 :

1002 2028 1052 2047 nec
1065 2028 1124 2048 esse
1136 2021 1262 2055 majorem
1275 2021 1416 2048 voluerunt
1433 2029 1465 2048 eo
1477 2021 1521 2056 qui
1536 2030 1618 2057 usque
1632 2022 1664 2050 ad
1676 2028 1789 2057 quatuor

1003 2067 1121 2094 membra
1135 2067 1263 2102 procedit.
1274 2067 1346 2095 Licet
1361 2068 1438 2102 igitur
1451 2068 1589 2095 minimum
1606 2068 1789 2101 bimembrem,

1003 2111 1118 2138 medium
1142 2111 1336 2145 trimembrem,
1357 2117 1384 2139 et
1405 2112 1525 2139 ultimum
1551 2113 1790 2148 quadrimembrem

1003 2162 1114 2187 vocare;
1137 2155 1187 2183 hos
1199 2156 1269 2183 enim
1283 2156 1367 2183 Graeci
1390 2158 1496 2188 Î´á½·Ï€Ï…Î»Î¿Î½,
1515 2162 1637 2192 Ï„Ïá½·ÎºÏ‰Î»Î¿Î½,
1650 2162 1792 2194 Ï„Î¹Ï„Ïá½±ÎºÏ…Î»ÏƒÎ½

1003 2205 1108 2228 vocant.
1124 2200 1161 2228 De
1180 2208 1232 2235 quo
1250 2204 1306 2227 toto
1319 2208 1418 2235 genere
1431 2202 1556 2236 quoniam
1569 2202 1721 2238 diligentius
1738 2209 1791 2231 tra-

1004 2245 1099 2273 ctaturi
1108 2253 1208 2279 sumus,
1219 2249 1247 2272 ut
1259 2245 1322 2278 dixi,
1336 2245 1362 2271 in
1372 2253 1404 2273 eo
1413 2253 1536 2274 sermone
1545 2247 1589 2281 qui
1602 2248 1679 2275 nobis
1686 2248 1720 2276 de
1730 2256 1791 2276 ver-

1004 2292 1078 2319 sibus
1091 2292 1152 2325 erit,
1161 2291 1346 2318 nuncinterim
1360 2291 1411 2318 hoc
1420 2293 1485 2319 satis
1499 2293 1543 2319 sit.

1039 2338 1084 2365 37.
1099 2337 1169 2365 Sane
1180 2336 1296 2364 arbitror
1303 2336 1357 2371 jam
1372 2341 1397 2364 te
1412 2337 1570 2373 intelligere,
1587 2338 1791 2366 innumerabilia

1004 2389 1101 2418 genera
1113 2389 1173 2410 esse
1186 2387 1342 2415 metrorum,
1353 2389 1413 2417 quae
1427 2383 1571 2418 quingenta
1583 2384 1718 2418 sexaginta
1732 2389 1793 2411 octo

1005 2427 1189 2456 inveneramus
1204 2427 1224 2461 â€˜,
1237 2435 1298 2455 cum
1319 2432 1346 2455 et
1365 2427 1399 2455 de
1412 2428 1524 2455 silentiis
1537 2436 1589 2455 non
1605 2429 1655 2456 nisi
1670 2428 1793 2456 linalibus

1004 2473 1124 2508 exempla
1134 2477 1224 2500 essent
1238 2473 1308 2505 data,
1322 2477 1349 2501 et
1363 2473 1432 2500 nulla
1448 2473 1543 2508 pedum
1554 2474 1714 2502 commixtio
1724 2474 1792 2502 facta

1004 2524 1085 2552 esset,
1100 2524 1126 2547 et
1138 2520 1210 2547 nulla
1222 2520 1320 2547 solutio
1339 2520 1478 2554 longarum
1492 2519 1518 2546 in
1537 2519 1604 2547 duas
1616 2521 1720 2553 breves,
1733 2529 1793 2556 qua:

1003 2564 1098 2599 pedem
1120 2565 1187 2591 ultra
1207 2565 1323 2600 syllabas
1335 2569 1448 2599 quatuor
1462 2559 1617 2599 porrigeret.
1633 2565 1668 2593 At
1684 2566 1705 2593 si
1719 2566 1794 2593 adbi-

1002 2610 1058 2637 bita
1070 2611 1142 2638 omni
1157 2611 1325 2638 silentiorum
1340 2610 1551 2645 interpositione,
1569 2616 1595 2639 et
1608 2613 1680 2640 omni
1695 2613 1792 2649 pedum

1002 2657 1201 2690 commixtione,
1223 2662 1250 2684 et
1269 2657 1341 2684 omni
1364 2656 1497 2684 solutione
1518 2657 1654 2693 longarum
1667 2660 1793 2694 colligere

1003 2708 1143 2728 numerum
1166 2705 1312 2728 metrorum
1326 2701 1410 2733 velis;
1431 2705 1520 2729 tantus
1532 2702 1635 2737 existit,
1657 2708 1685 2731 ut
1696 2711 1793 2732 nomen

1002 2746 1061 2781 ejus
1075 2745 1188 2773 fortasse
1206 2754 1260 2773 non
1274 2750 1407 2781 suppetat.
1424 2746 1477 2775 Sed
1497 2747 1555 2775 haec
1564 2749 1687 2784 exempla
1700 2757 1759 2784 qua:
1778 2757 1792 2776 a

1035 2801 1082 2837 {tu
1094 2801 1160 2835 prius
1172 2800 1275 2832 vulgatis
1286 2805 1312 2837 et
1318 2801 1427 2837 pluribus
1432 2806 1490 2837 Î¼Î¹á¾¶Ï‚.
1499 2803 1616 2837 habetur,
1635 2802 1794 2837 quadraginta

1036 2809 1043 2816 -
1057 2809 1082 2825 nx
1094 2809 1160 2835 pnus
1172 2809 1275 2832 vulgatis
1286 2809 1312 2826 et
1335 2809 1427 2828 turlnus
1438 2809 1490 2827 mss.
1500 2809 1616 2834 habetur,
1635 2809 1712 2837 quadr
1749 2809 1793 2830 Ï€Î·

1002 2834 1091 2862 septem
1101 2809 1333 2866 t_nwwramua._$e$
1348 2832 1479 2866 legendum
1490 2840 1544 2859 cum
1556 2835 1676 2860 Albinensi
1694 2812 1776 2861 (á¼Ï€á½³Ï
1785 2853 1793 2866 ,

1002 2864 1207 2898 multabat).
1226 2862 1311 2888 Confer
1322 2862 1400 2889 locum
1412 2864 1453 2889 lib.
1467 2864 1491 2896 4,
1503 2872 1544 2891 nn.
1559 2866 1587 2892 15
1599 2870 1624 2892 et
1638 2866 1674 2897 Î¹Ï,
1686 2867 1728 2892 ubi
1739 2862 1792 2893 me;

1004 2895 1096 2918 trorum
1107 2893 1191 2919 isthtec
1202 2900 1293 2920 summa
1304 2898 1426 2920 censetur.
