4118 6370
569 291 706 347 1147

536 370 719 457 Enobis
758 409 883 456 sunt
910 402 1101 473 posita,
1133 410 1186 456 et
1224 414 1572 471 quaecumque
1596 399 1694 454 alia
1732 399 1857 470 poni
1887 409 2128 469 possunt,

560 507 862 561 quanquam
902 508 964 546 ea
1008 503 1061 547 et
1098 501 1250 561 poeta
1294 492 1344 545 in
1374 490 1652 545 efficiendo
1681 491 1956 560 approbet,
1986 498 2042 545 et
2077 492 2132 547 in

546 580 825 635 audiendo
857 584 872 613 ³
903 591 1087 635 natura
1126 583 1451 645 communis;
1482 589 1657 634 tamen
1682 579 1782 634 nisi
1825 594 1886 634 ea
1916 580 2055 635 docti
2082 589 2136 635 et

544 685 549 693 ³
598 712 647 781 ut
677 718 740 781 tta
764 719 867 781 ltiss.
894 718 951 781 _At
973 717 1254 781 Am..Etf..et
1274 718 1382 781 tov.
1400 723 1413 759 :
1430 720 1709 781 Quanquam
1729 724 1787 761 ea
1805 716 1852 761 et
1874 717 2064 775 appetat
2085 710 2136 762 in

555 771 831 835 efﬁciendo,
859 778 904 822 et
925 771 1152 835 approbet
1171 771 1223 821 in
1243 771 1498 822 audiendo.

1713 288 1802 343 DE
1840 286 2104 356 MUSICA,
2145 291 2201 346 S.
2242 288 2605 346 AUGUSTINI

3674 297 3815 354 1148

2239 402 2508 456 exercitati
2541 399 2768 456 hominis
2794 402 3155 473 pronuntiatio
3194 404 3522 460 commenda”
3556 408 3808 477 auribus,

2238 506 2529 562 sensusque
2552 491 2872 546 audientium
2902 508 3009 547 non
3028 493 3097 547 sit
3119 494 3313 550 tardior
3331 511 3488 564 quam
3514 497 3813 553 humanitas

2238 582 2487 651 postulat,
2516 596 2619 636 non
2655 593 2874 652 possunt
2906 600 2969 639 ea
2995 601 3112 656 qua:
3140 588 3478 642 tractavimus
3504 603 3627 643 vera
3666 590 3813 657 judi-

2240 674 2369 728 cari.
2392 675 2494 729 Sed
2519 676 2852 744 quiescamus
2877 675 3277 746 aliquantulum,
3310 687 3363 733 et
3385 678 3451 733 de
3476 695 3631 733 versu
3658 679 3814 734 dein-

2241 778 2365 833 ceps
2393 765 2740 818 disseramus.
2773 764 2842 817 D.
2872 766 2944 818 lta
2972 766 3079 820 fiat.

1540 886 2021 991 LIBER
2107 883 2874 1010 QUINTUS.-

1843 1052 1892 1094 In
1913 1058 2009 1108 quo
2030 1044 2095 1094 de
2118 1058 2263 1095 versu
2282 1045 2552 1121 disseritur.

1960 1128 2431 1181 -ο-ῧεεοβΒᾶ-ο-

589 1209 813 1267 CAPUT
840 1210 1120 1267 PRIMUM.
1140 1240 1213 1252 -π-
1232 1210 1495 1276 Quomoao
1527 1209 1766 1278 diﬁ'erant
1792 1210 2055 1281 rhythmus
2072 1250 2089 1279 ,

1083 1311 1296 1355 metrum
1321 1310 1368 1356 et
1394 1318 1583 1356 υενοιιε.

624 1393 678 1447 Ι.
715 1390 792 1444 Η.
830 1390 966 1456 Quid
994 1390 1064 1445 sit
1106 1406 1324 1457 versus,
1366 1392 1506 1445 inter
1547 1391 1733 1446 doctos
1774 1399 1981 1445 veteres
2023 1404 2127 1444 non

551 1498 716 1552 parva
740 1482 1024 1537 luctatione
1062 1483 1342 1552 qumsitum
1389 1492 1500 1546 est,
1548 1498 1648 1538 nec
1697 1482 1898 1537 fructus
1938 1482 2125 1537 defuit.

551 1572 682 1627 Nam
712 1573 920 1626 inventa
949 1587 1036 1627 res
1061 1583 1161 1638 est,
1193 1582 1247 1627 et
1271 1572 1337 1627 ad
1360 1572 1597 1626 notitiam
1626 1582 1954 1642 posterorum
1980 1587 2128 1625 man-

550 1663 673 1717 data
701 1662 892 1717 litteris
912 1704 928 1729 ,
969 1663 1114 1731 gravi
1154 1672 1313 1732 atque
1355 1672 1497 1717 certa
1530 1678 1633 1717 non
1665 1672 1865 1717 tantum
1893 1663 2126 1717 auctori-

550 1760 658 1807 tate
677 1793 693 1818 ,
716 1767 897 1807 verum
924 1752 1081 1807 etiam
1102 1753 1305 1808 ratione
1330 1752 1537 1806 ﬁrmata
1562 1762 1663 1807 est.
1694 1753 1954 1807 interesse
1972 1753 2128 1821 igitur

549 1843 1035 1899 animadverterunt
1062 1842 1201 1899 inter
1229 1845 1536 1912 rhythmum
1571 1855 1624 1898 et
1653 1853 1879 1899 metrum
1907 1844 2123 1914 aliquid,

550 1945 610 1986 ut
634 1948 791 1987 omne
814 1942 1041 1987 metrum
1080 1934 1362 2005 rliythmus
1382 1976 1396 1999 ,
1429 1951 1533 1989 non
1559 1934 1716 1989 etiam
1739 1935 1911 1989 omnis
1940 1935 2127 2006 rhyth-

550 2036 672 2075 mus
696 2031 922 2077 metrum
950 2022 1037 2078 sit.
1084 2023 1268 2077 Omnis
1311 2024 1452 2078 enim
1484 2024 1715 2093 legitima
1762 2024 1956 2093 pedum
1996 2040 2127 2079 con-

550 2112 710 2165 nexio
737 2126 1017 2167 numerosa
1037 2121 1119 2167 est
1146 2114 1184 2178 1;
1214 2128 1369 2182 quam
1390 2114 1637 2183 quoniam
1677 2123 1904 2167 metrum
1931 2113 2123 2181 habet,

552 2219 660 2257 non
690 2217 810 2258 esse
837 2219 1088 2259 numerus
1107 2204 1252 2259 nullo
1272 2204 1430 2259 modo
1453 2213 1650 2275 potest,
1681 2205 1733 2259 id
1760 2215 1842 2260 est
1871 2221 1977 2260 non
2006 2221 2126 2261 esse

547 2294 849 2365 rhythmus.
886 2295 990 2351 Sed
1018 2297 1264 2365 quoniam
1285 2311 1389 2350 non
1419 2305 1502 2351 est
1530 2296 1673 2352 idem
1693 2337 1708 2360 ,
1736 2298 1975 2366 quamvis
2000 2297 2129 2366 legi-

547 2383 690 2437 timis
721 2381 970 2454 pedibus,
1014 2385 1158 2438 nullo
1186 2394 1360 2439 tamen
1401 2397 1549 2440 certo
1596 2386 1699 2440 fine
1749 2387 2018 2455 provolvi,
2073 2397 2127 2441 et

547 2473 673 2528 item
705 2474 949 2542 legitimis
978 2476 1226 2545 progredi
1253 2477 1474 2545 pedibus
1498 2519 1512 2541 ,
1540 2476 1635 2530 sed
1661 2486 1808 2531 certo
1841 2476 1946 2531 fine
1969 2491 2126 2531 coer-

546 2564 685 2630 ceri;
735 2564 851 2620 luec
884 2566 991 2620 duo
1028 2582 1221 2636 genera
1266 2568 1423 2621 etiam
1467 2567 1736 2622 vocabulis
1777 2567 2123 2622 discernenda

547 2664 734 2722 erant,
781 2664 842 2710 ut
881 2656 1011 2710 illud
1055 2657 1300 2726 superius
1343 2657 1622 2727 rhythmus
1667 2665 1866 2710 tantum
1910 2657 2126 2725 proprio

546 2745 654 2813 jam
684 2746 920 2811 nomine,
948 2747 1049 2800 hoc
1074 2756 1250 2801 autem
1277 2747 1499 2800 alterum
1532 2747 1602 2800 ita
1627 2745 1905 2816 rhythmus
1933 2755 1993 2800 ut
2017 2761 2127 2800 me-

550 2843 688 2888 trum
721 2836 878 2890 etiam
917 2845 1212 2891 vocaretur.
1243 2837 1477 2901 Rursus,
1523 2838 1771 2906 quoniam
1801 2851 1987 2890 eorum
2027 2852 2125 2891 nu-

549 2940 818 2981 merorum
838 2926 927 2995 qui
957 2937 1105 2981 certo
1128 2928 1233 2981 line
1257 2927 1601 2993 clauduntur,
1627 2927 1676 2980 id
1703 2934 1783 2980 est
1813 2936 2121 2992 metrorum,

544 3016 657 3070 alia
683 3025 807 3071 sunt
830 3017 883 3070 in
912 3017 1104 3086 quibus
1130 3032 1235 3071 non
1263 3017 1487 3072 habetur
1520 3018 1655 3072 ratio
1691 3016 1963 3086 cujusdam
1992 3017 2127 3071 divi-

550 3106 719 3163 sionis
741 3107 881 3173 circa
926 3107 1155 3162 medium
1175 3148 1192 3175 ,
1221 3108 1323 3161 alia
1353 3109 1404 3161 in
1432 3108 1622 3176 quibus
1655 3107 1839 3162 sedulo
1868 3106 2121 3173 habetur;

549 3204 666 3251 erat
692 3198 851 3252 etiam
880 3196 995 3252 hate
1034 3196 1328 3253 differentia
1369 3198 1595 3252 notanda
1641 3198 1932 3252 vocabulis.
1979 3199 2123 3265 Qua-

551 3298 772 3359 propter
794 3289 923 3345 illud
939 3330 956 3357 ,
978 3290 1069 3345 ubi
1094 3305 1199 3345 non
1220 3290 1444 3345 habetur
1464 3290 1578 3346 hac
1596 3291 1750 3356 ratio,
1780 3289 2010 3361 rhythmi
2034 3305 2125 3359 ge-

553 3396 654 3434 nus
674 3381 887 3451 proprie
906 3390 1134 3437 metrum
1166 3392 1405 3437 vocatum
1434 3391 1517 3439 est
1544 3400 1558 3436 :
1593 3382 1696 3438 hoc
1715 3391 1890 3437 autem
1919 3383 2008 3437 ubi
2040 3383 2125 3436 ba-

547 3468 734 3537 hetur,
790 3485 1004 3526 versum
1051 3472 1477 3526 nominaverunt.
1541 3471 1703 3541 Cujus
1759 3471 2127 3541 appellationis

548 3558 806 3629 originem
856 3560 1081 3617 fortasse
1116 3561 1579 3631 progredientibus
1629 3562 1783 3617 nobis
1828 3562 1964 3616 ratio
2011 3562 2125 3631 ipsa

548 3652 883 3707 monstrabit.
914 3651 1098 3722 Neque
1128 3653 1230 3706 hoc
1251 3652 1324 3707 ita
1348 3653 1714 3723 prmscriptum
1742 3660 1926 3722 putes,
1959 3660 2015 3708 ut
2039 3654 2126 3708 illa

546 3744 708 3797 etiam
749 3752 917 3798 metra
944 3758 1131 3799 versus
1157 3758 1348 3798 vocare
1377 3760 1482 3797 non
1508 3744 1683 3799 liceat.
1730 3742 1834 3799 Sed
1873 3743 2016 3798 aliud
2044 3753 2127 3799 est

546 3849 673 3889 cum
696 3834 958 3889 abutimur
991 3834 1240 3901 nomine,
1272 3834 1481 3890 licentia
1501 3833 1773 3902 cujusdam
1800 3833 2122 3900 vicinitatis;

546 3923 714 3990 aliud,
760 3938 883 3978 cum
906 3939 1017 3977 rem
1034 3923 1292 3978 vocabulo
1310 3938 1408 3978 suo
1434 3924 1789 3979 enuntiamus.
1820 3923 1923 3978 Sed
1953 3926 2126 3979 nomi-

546 4031 677 4069 num
701 4015 1142 4068 commemoratio
1172 4014 1429 4069 hactenus
1452 4013 1588 4068 facta
1610 4015 1711 4077 sit;
1742 4015 1795 4067 in
1819 4013 2028 4084 quibus,
2070 4025 2128 4071 ut

541 4104 655 4176 jam
681 4104 961 4159 didicimus
981 4144 995 4167 ,
1027 4104 1301 4158 concessio
1344 4104 1811 4173 interloquentium
1840 4106 1859 4136 ³
1884 4114 1939 4159 et
1975 4115 2126 4159 vetu-

546 4193 705 4247 statis
732 4192 1017 4246 auctoritas
1042 4201 1207 4246 totum
1234 4193 1394 4247 valet.
1418 4192 1642 4258 Caetera,
1682 4194 1726 4247 si
1753 4193 1951 4263 placet,
1979 4210 2126 4250 more

546 4291 736 4337 nostro
755 4282 1130 4351 investigemus
1148 4297 1307 4337 sensu
1323 4284 1527 4351 nuntio,
1548 4284 1722 4340 indice
1738 4285 1941 4339 ratione
1959 4303 1972 4351 ;
1995 4295 2053 4341 ut
2072 4286 2129 4340 il-

546 4372 630 4428 los
644 4373 801 4427 etiam
813 4381 1023 4428 veteres
1037 4381 1279 4428 auctores
1295 4389 1398 4428 non
1420 4374 1708 4430 instituisse
1727 4375 1823 4430 ista
1843 4377 1991 4445 quasi
2008 4391 2127 4446 quae

546 4464 604 4519 in
620 4474 804 4518 natura
822 4479 999 4520 rerum
1018 4465 1216 4535 integra
1239 4474 1293 4520 et
1317 4466 1547 4536 perfecta
1568 4482 1674 4521 non
1697 4466 1913 4534 fuerint,
1938 4467 2031 4522 sed
2050 4482 2127 4522 ra-

547 4554 850 4609 tiocinando
875 4556 1157 4620 invenisse,
1177 4565 1230 4611 et
1252 4556 1565 4625 appellando
1586 4568 1800 4613 notasse
1811 4572 2124 4627 cognoscas.

544 4676 549 4683 -
578 4644 807 4702 CAPUT
831 4645 896 4701 ll.
917 4675 990 4686 —
1004 4645 1171 4700 Metra
1200 4647 1253 4700 in
1282 4647 1408 4700 duas
1428 4656 1596 4718 partes
1614 4648 1883 4702 divisibilia
1898 4648 2090 4703 caeteris

1201 4747 1460 4808 praesunt.

613 4829 669 4883 2.
700 4828 875 4895 Quare
905 4828 1132 4899 primum
1161 4844 1191 4883 a
1222 4838 1275 4884 te
1299 4845 1517 4899 quaero,
1548 4838 1723 4885 utrum
1752 4831 1821 4886 ob
1857 4830 2001 4885 aliud
2031 4845 2124 4901 pes

542 4934 730 4975 aurem
752 4921 1001 4988 mulceat,
1032 4920 1133 4975 nisi
1159 4919 1300 4990 quod
1327 4920 1379 4973 in
1405 4935 1472 4975 eo
1494 4920 1615 4975 dua:
1644 4921 1746 4974 illa:
1766 4928 1962 4991 partes,
1993 4936 2125 4991 qua-

544 5027 665 5067 rum
693 5026 797 5066 una
823 5012 876 5065 in
898 5012 1163 5066 levatione
1182 5052 1197 5079 ,
1227 5011 1395 5066 altera
1425 5010 1476 5065 in
1502 5010 1766 5080 positione
1787 5019 1870 5064 est
1887 5052 1902 5076 ,
1934 5026 2120 5065 nume-

536 5114 670 5159 rosa
695 5101 797 5157 sibi
820 5102 1174 5157 concinnitate
1188 5101 1549 5170 respondent?
1564 5100 1635 5155 ι).
1652 5101 1771 5156 Jam
1791 5100 1894 5156 hoc
1907 5101 2122 5171 quidem

540 5192 676 5249 mihi
701 5200 826 5247 ante
844 5206 1155 5261 persuasum
1180 5200 1262 5247 est
1288 5201 1444 5262 atque
1471 5202 1817 5262 compertum.
1841 5191 1920 5245 Π.
1947 5192 2122 5261 Quid?

547 5291 795 5348 metrum,
824 5282 966 5352 quod
992 5282 1329 5339 manifestum
1360 5291 1444 5338 est
1472 5282 1661 5351 pedum
1689 5284 1968 5338 collatione
1988 5298 2121 5338 con-

544 5372 665 5439 fici,
696 5388 822 5429 num
851 5389 920 5428 ex
952 5388 1021 5429 eo
1058 5389 1235 5430 rerum
1264 5389 1461 5445 genere
1494 5389 1614 5430 esse
1639 5375 2002 5430 arbitrantium
2039 5383 2125 5431 est

547 5485 625 5596 es:
652 5490 752 5535 Am.
773 5489 851 5535 Br.
874 5491 928 5536 et
945 5490 1080 5547 ων..
1099 5496 1329 5537 numerus
1342 5490 1431 5538 est.
1444 5485 1536 5537 sed
1550 5484 1727 5538 melius
1736 5493 2122 5550 uss.,numerosa

606 5609 626 5637 ³
659 5611 784 5657 Inter
805 5618 857 5657 se
880 5604 1184 5671 loquentium,
1207 5608 1347 5672 juxta
1370 5609 1516 5660 Vatic.
1542 5617 1599 5660 at.

2234 1210 2374 1280 quod
2397 1210 2559 1265 dividi
2598 1226 2701 1266 non
2731 1219 2941 1282 potest;
2984 1228 3102 1268 cum
3129 1215 3345 1270 omnino
3370 1225 3422 1271 et
3446 1216 3576 1270 nihil
3619 1215 3813 1271 indivi‘

2233 1301 2393 1354 duum
2432 1316 2528 1370 per
2557 1310 2763 1372 tempus
2789 1304 2929 1358 tendi
2960 1314 3148 1375 queat,
3194 1314 3248 1360 et
3291 1306 3435 1376 quod
3478 1322 3545 1361 ex
3583 1307 3813 1361 dividuis

2233 1390 2452 1459 pedibus
2478 1400 2715 1458 constat,
2756 1393 3133 1450 absurdissime
3180 1395 3503 1452 individuum
3554 1400 3813 1467 putetur?

2232 1480 2302 1535 D.
2332 1481 2485 1534 Nullo
2512 1482 2669 1536 modo
2696 1482 2798 1538 hoc
2820 1500 2985 1553 genus
3014 1484 3327 1539 divisionem
3353 1487 3590 1555 recipere
3610 1488 3814 1542 abnue-

2232 1570 2352 1623 rim.
2380 1569 2455 1622 Μ.
2484 1570 2552 1625 At
2589 1572 2763 1625 omnia
2805 1589 2923 1642 qua:
2950 1574 3213 1643 recipiunt
3237 1574 3581 1642 divisionem,
3633 1592 3812 1632 nonne

2234 1661 2531 1729 pulchriora
2555 1672 2676 1717 sunt
2702 1664 2746 1717 si
2770 1680 2952 1718 eorum
2982 1674 3159 1733 partes
3184 1667 3358 1736 aliqua
3386 1666 3647 1736 parilitate
3673 1684 3808 1723 con-

2231 1752 2449 1807 cordent
2468 1793 2484 1820 ,
2510 1769 2665 1823 quam
2696 1755 2741 1808 si
2774 1754 3043 1809 discordes
3062 1764 3116 1810 et
3147 1756 3372 1810 dissona:
3397 1756 3540 1810 sint?
3569 1757 3639 1810 D.
3668 1757 3811 1813 Nulli

2231 1841 2446 1896 dubium
2478 1852 2579 1898 est.
2622 1843 2697 1897 Μ.
2725 1844 2905 1910 Quid?
2952 1846 3115 1915 ipsius
3162 1847 3341 1916 parilis
3391 1847 3665 1902 divisionis
3714 1848 3810 1918 qui

2232 1934 2445 1989 tandem
2493 1951 2742 1990 numerus
2766 1946 2949 1990 auctor
2970 1940 3088 1991 est?
3131 1952 3195 1990 an
3236 1936 3441 1991 dualis?
3489 1936 3662 1992 0.1m
3701 1944 3805 1992 est.

2233 2024 2310 2077 Μ.
2340 2024 2406 2079 Ut
2445 2040 2572 2095 ergo
2603 2026 2654 2080 in
2682 2025 2813 2080 duas
2840 2036 3015 2095 partes
3057 2027 3397 2082 concinentes
3425 2027 3587 2082 dividi
3616 2025 3809 2096 pedem

2233 2122 2287 2167 et
2314 2128 2378 2167 eo
2400 2114 2513 2182 ipso
2538 2130 2717 2169 aurem
2743 2116 3007 2170 delectare
3027 2118 3419 2185 comperimus;
3452 2118 3495 2171 si
3515 2117 3675 2170 etiam
3702 2130 3809 2170 me-

2233 2212 2367 2256 trum
2401 2204 2500 2258 tale
2520 2205 2867 2270 inveniamus,
2898 2221 3073 2261 nonne
3100 2206 3307 2261 exteris
3334 2222 3443 2261 non
3473 2206 3664 2262 talibus
3686 2206 3810 2276 jure

2230 2294 2614 2362 anteponetur?
2644 2293 2710 2346 D.
2744 2294 3041 2348 Assentior.

2509 2383 2735 2439 CAPUT
2766 2384 2851 2438 Ill.
2879 2414 2952 2424 —
2975 2383 3161 2439 Versus
3184 2384 3318 2439 unde
3344 2385 3524 2440 dictus.

2303 2476 2354 2530 3.
2394 2473 2471 2527 Μ.
2499 2474 2661 2530 Recte
2683 2490 2825 2531 sane.
2854 2475 3026 2542 Quare
3048 2476 3157 2547 jam
3198 2476 3325 2531 illud
3352 2476 3648 2545 responde,
3685 2491 3807 2531 cum

2232 2565 2281 2617 in
2314 2566 2556 2620 omnibus
2581 2581 2698 2635 quae
2724 2567 2898 2636 aliqua
2926 2568 3181 2637 temporis
3201 2577 3349 2637 parte
3375 2569 3644 2634 metimur,
3663 2567 3811 2621 aliud

2234 2656 2527 2724 przccedat,
2576 2656 2717 2710 aliud
2763 2657 3145 2727 subsequatur,
3178 2657 3321 2712 aliud
3363 2659 3611 2728 incipiat,
3664 2658 3809 2712 aliud

2232 2745 2516 2809 terminet;
2560 2745 2759 2802 nihilne
2794 2746 2889 2801 tibi
2926 2746 3164 2801 videatur
3192 2730 3331 2802 inter
3365 2756 3566 2818 partem
3608 2762 3812 2817 prince-

2231 2835 2441 2889 dentem
2470 2844 2627 2905 atque
2655 2836 2988 2905 incipientem
3008 2880 3023 2904 ,
3054 2848 3107 2891 et
3135 2838 3276 2891 illam
3307 2853 3426 2908 qua:
3455 2837 3811 2907 subsequatur

2231 2941 2291 2978 ac
2322 2926 2567 2979 terminet
2598 2927 2637 2993 ί,
2666 2927 2923 2983 interesse
2965 2938 3231 2998 Oportere.
3263 2928 3329 2982 D.
3360 2929 3622 2984 Interesse
3660 2928 3808 2983 arbi—

2233 3025 2363 3069 tror.
2397 3016 2473 3069 M.
2506 3017 2597 3070 Dic
2624 3032 2751 3086 ergo
2778 3016 2907 3087 quid
2934 3018 3142 3074 intersit
3170 3019 3308 3074 inter
3338 3021 3432 3073 has
3457 3019 3591 3073 duas
3630 3026 3812 3088 partes

2230 3122 2438 3174 versus,
2457 3123 2676 3177 quarum
2696 3124 2801 3164 una
2815 3118 2917 3176 est,
2938 3107 3139 3164 Cornua
3165 3110 3474 3176 velatarum;
3498 3111 3664 3164 altera
3682 3123 3811 3164 vero

2232 3205 2314 3250 est
2337 3236 2350 3261 ,
2382 3198 2620 3250 vertimus
2663 3206 2996 3251 antennan
3038 3197 3061 3268 (
3082 3197 3295 3253 Aineid.
3340 3200 3427 3253 lib.
3455 3201 3489 3255 3
3512 3241 3527 3266 ,
3566 3215 3615 3254 v.
3657 3199 3809 3270 549).

2230 3284 2344 3337 Non
2366 3285 2507 3339 enim
2526 3293 2585 3340 ut
2610 3284 2747 3340 idem
2776 3295 2950 3356 poeta,
2979 3287 3277 3342 obvertimus
3294 3288 3434 3353 ,‘sed
3455 3288 3501 3343 si
3523 3289 3592 3343 ita
3622 3303 3811 3345 versus

2231 3375 2565 3441 enuntietur,
2612 3376 2813 3430 Cornua
2838 3377 3112 3432 velatarum
3152 3379 3389 3433 vertimus
3434 3388 3811 3445 antennarum;

2233 3482 2409 3522 nonne
2427 3468 2622 3537 smpius
2649 3468 2939 3534 repetendo
2958 3467 3187 3524 efficitur
3209 3469 3467 3523 incertum
3485 3511 3500 3534 ,
3531 3486 3649 3540 qua:
3683 3486 3811 3541 pars

2233 3559 2375 3627 prior
2401 3558 2499 3624 sit,
2521 3574 2637 3629 qua:
2657 3558 2958 3628 posterior?
2980 3558 3161 3630 Neque
3179 3560 3320 3614 enim
3339 3560 3513 3616 minus
3537 3560 3676 3615 idem
3702 3570 3811 3616 stat

2230 3666 2435 3714 versus,
2467 3667 2586 3706 cum
2615 3651 2683 3705 ita
2712 3649 3018 3722 profertur:
3053 3649 3302 3704 Vertimus
3330 3662 3657 3705 antennarum
3686 3667 3810 3705 cor-

2233 3756 2334 3793 nua
2354 3740 2647 3794 velatarum.
2671 3740 2737 3793 D.
2772 3740 2935 3795 Plane
2959 3742 3214 3795 incertum
3246 3740 3357 3795 fieri
3378 3741 3548 3795 video.
3578 3740 3654 3794 ll.
3674 3740 3812 3796 Cen-

2232 3846 2387 3885 sesne
2412 3830 2718 3885 vitandum?
2746 3830 2815 3886 ι).
2837 3829 3061 3887 Censeo.
3091 3830 3169 3885 Μ.
3192 3830 3325 3887 Vide
3346 3832 3505 3902 igitur
3522 3842 3695 3886 utrum
3718 3832 3810 3888 hic

2226 3921 2361 3975 satis
2388 3918 2611 3978 vitatum
2652 3921 2740 3975 sit.
2786 3920 2896 3977 Una
2945 3936 3069 3991 pars
3096 3937 3281 3977 versus
3307 3930 3389 3977 cst
3426 3931 3481 3977 et
3508 3937 3568 3976 ea
3599 3938 3807 3992 praece-

2232 4011 2427 4067 cedens
2454 4054 2470 4078 ,
2518 4010 2675 4064 Arma
2722 4012 2979 4082 virumque
3028 4027 3192 4076 cauo;
3235 4013 3400 4068 altera
3438 4012 3765 4082 subsequens
3788 4055 3807 4079 ,

2235 4100 2277 4154 Τ
2278 4102 2403 4171 νο]ω
2424 4102 2511 4164 qui
2537 4102 2728 4171 primus
2745 4100 2806 4155 ab
2830 4102 2931 4156 oris
2948 4117 2968 4165 ;
2988 4118 3105 4170 qua:
3122 4117 3287 4171 usque
3307 4101 3440 4156 adeo
3466 4102 3601 4157 inter
3612 4117 3671 4156 se
3698 4101 3810 4155 dif-

2230 4189 2444 4257 ferunt,
2476 4199 2535 4245 ut
2578 4191 2621 4244 si
2647 4190 2884 4244 ordinem
2908 4200 3112 4256 vertas,
3142 4200 3197 4245 et
3235 4192 3338 4246 hoc
3365 4190 3523 4246 modo
3564 4206 3809 4261 pronun-

2232 4282 2332 4335 ties
2353 4321 2369 4347 ,
2401 4280 2570 4352 Troiae
2590 4282 2679 4353 qui
2711 4282 2904 4351 primus
2923 4282 2987 4333 ab
3011 4281 3112 4335 oris
3130 4322 3145 4346 ,
3188 4297 3331 4335 arma
3359 4282 3616 4352 virumque
3643 4298 3807 4350 cano,

2230 4373 2366 4427 alios
2405 4372 2567 4442 pedes
2610 4372 2783 4426 metiri
2812 4373 2832 4403 ²
2862 4387 3079 4427 necesse
3104 4373 3192 4427 sit.
3233 4372 3303 4426 ι).
3340 4372 3596 4444 Intelligo.
3627 4372 3707 4427 ll.
3734 4376 3809 4430 At

2232 4463 2355 4518 vide
2373 4503 2388 4528 ,
2420 4470 2594 4516 utrum
2626 4463 2726 4516 ista
2754 4462 2890 4517 ratio
2913 4463 2965 4516 in
2994 4464 3112 4518 aliis
3139 4472 3347 4519 servata
3372 4465 3457 4518 sit.
3490 4465 3623 4519 Nam
3650 4466 3809 4535 cujus

2230 4554 2576 4609 dimensionis
2607 4562 2689 4607 est
2722 4567 2844 4623 pars
2865 4553 3151 4623 incipiens,
3181 4552 3339 4607 Arma
3361 4554 3619 4627 virumque
3651 4571 3809 4621 cano,

2230 4644 2467 4714 ejusdem
2509 4658 2630 4700 esse
2652 4644 2922 4714 agnoscis,
2964 4643 3169 4698 Italiam
3195 4645 3322 4716 fato.
3362 4645 3553 4700 Liuora
3586 4648 3809 4702 multum

2229 4736 2317 4791 ille
2337 4744 2407 4789 et.
2445 4734 2507 4789 Vi
2530 4751 2764 4806 superum
2791 4750 2953 4789 saevae.
2986 4735 3149 4790 Multa
3172 4752 3368 4805 quoque
3391 4748 3437 4791 et
3456 4736 3603 4791 bello.
3633 4736 3811 4809 Infer-

2226 4836 2399 4895 retque
2435 4826 2572 4880 deos.
2618 4825 2896 4898 Albanique
2924 4835 3108 4897 patres.
3153 4827 3230 4881 Ne
3258 4828 3454 4894 multa,
3484 4842 3809 4897 persequere

2224 4928 2449 4975 caeteros
2490 4924 2743 4987 quantum
2779 4917 2955 4983 voles,
2991 4916 3087 4970 bas
3120 4916 3326 4986 priores
3350 4925 3525 4987 partes
3552 4932 3806 4971 versuum

2229 5008 2464 5079 ejusdem
2487 5008 2829 5064 dimensionis
2850 5009 3086 5063 invenies
3104 5049 3119 5073 ,
3146 5008 3198 5062 id
3221 5018 3304 5064 est
3322 5010 3504 5079 quinto
3532 5009 3807 5078 semipede

2227 5102 2528 5157 articulatas
2552 5101 2595 5156 ³.
2637 5100 2926 5156 Rarissime
2965 5104 3182 5157 omnino
3208 5102 3254 5157 si
3295 5117 3401 5157 non
3445 5102 3545 5157 hoc
3573 5103 3642 5156 ita
3686 5111 3802 5167 est;

2228 5194 2299 5249 ita
2321 5202 2381 5249 ut
2404 5195 2722 5265 posteriores
2746 5195 2853 5248 sint
2874 5193 2988 5248 istae
3013 5208 3119 5247 non
3145 5195 3322 5249 minus
3340 5195 3477 5249 inter
3494 5209 3552 5249 se
3575 5194 3772 5263 pariles
3790 5213 3808 5248 :

2229 5285 2401 5355 Troja:
2431 5285 2515 5353 qui
2554 5286 2747 5357 primus
2780 5287 2843 5339 ab
2869 5284 2989 5339 oris.
3032 5281 3292 5356 Profugus
3329 5283 3619 5355 Lavinaque
3648 5285 3805 5338 venit.

2232 5376 2402 5432 Terris
2412 5378 2640 5448 jactalus
2664 5385 2710 5430 et
2733 5376 2852 5430 alto.
2888 5375 3166 5430 Memorem
3182 5374 3399 5429 lunonis
3418 5376 3477 5429 ob
3499 5374 3649 5428 iram.
3682 5373 3806 5429 Pas-

2292 5489 2308 5521 ³
2334 5485 2639 5549 Subsequitur
2661 5499 2719 5536 ac
2741 5484 2978 5548 terminat,
3000 5486 3138 5549 juxta
3160 5486 3305 5536 Vatic.
3331 5490 3383 5536 et
3402 5491 3485 5535 Is.
3508 5490 3562 5534 Δ.
3606 5490 3664 5534 l.

2291 5552 2311 5582 ⁸
2338 5548 2499 5608 metri,
2512 5549 2651 5610 juxta
2672 5551 2816 5598 Vatic.
2881 5556 2937 5597 Μ.
3003 5548 3013 5549 ί
3162 5606 3174 5610 _
3319 5562 3369 5602 ο

2294 5612 2312 5643 ³
2337 5606 2500 5675 Adjicit
2514 5606 2747 5671 '\’atican.,
2770 5616 2816 5661 et
2835 5616 3013 5673 septem
3032 5606 3326 5660 terminatas.
3380 5615 3436 5659 at.
