2059 3185
151 201 219 232 1149

149 270 192 289 sus
212 259 273 286 dum
290 255 404 284 conderet
419 252 512 280 urbem.
538 248 610 276 Latio
624 254 700 283 genus
721 243 787 271 unde
810 241 937 269 Latinum.

152 308 232 341 Atque
240 303 299 330 alue
311 300 401 328 moenia
413 298 508 325 Romtv.
526 295 559 322 ι).
574 291 813 321 Manilestissimum
824 293 874 316 est.

187 336 215 378 λ.
232 348 271 376 Μ.
287 347 407 381 Quinque
420 344 498 379 igitur
510 346 538 370 et
551 344 652 375 septem
675 336 824 371 semipedes
836 340 940 362 versum

151 396 289 425 heroicum
301 393 327 419 in
342 391 395 418 duo
408 388 525 417 membra
538 386 702 421 partiuntur,
715 389 793 418 quem
806 388 852 408 sex
868 379 941 414 pedi—

151 444 200 471 bus
209 445 396 478 quaternorum
406 440 554 469 temporum
566 435 686 459 constare
695 427 861 455 notissimum
870 428 911 452 est
921 425 940 451 ‘z

151 494 178 516 et
193 471 251 514 sine
276 482 454 512 concinnitate
474 477 582 514 quidem
605 475 719 502 duorutn
742 471 921 499 membrorum
934 489 941 501 ,

152 534 208 561 sive
222 532 271 559 ista
281 551 288 563 ,
305 528 360 557 sive
376 527 461 560 aliqua
477 524 526 551 alia
538 545 544 555 ,
558 529 651 549 versus
666 520 753 547 nullus
772 521 821 545 est.
837 516 866 543 in
887 515 944 550 qui-

151 579 202 607 bus
212 575 336 604 omnibus
351 574 403 600 hoc
413 571 480 599 ratio
495 566 686 597 demonstravit
700 571 759 592 esse
774 560 943 593 servandum,

151 631 247 654 utnon
260 623 343 660 possit
355 627 417 656 pars
431 618 503 654 prior
516 617 542 643 in
555 614 718 651 posteriore,
736 614 763 638 et
776 607 906 644 posterior
918 607 944 633 in

152 672 243 707 priore
261 654 321 697 loco
333 654 406 702 poni.
422 663 496 697 Quod
512 662 535 689 si
555 661 632 688 aliter
643 658 722 685 fuerit
732 677 740 690 ,
754 663 807 683 non
819 654 872 689 jam
885 660 945 679 ver-

153 725 216 750 sus,
243 714 292 742 nisi
306 711 421 740 nominis
445 708 590 739 abusione,
616 704 719 731 dicetur
746 710 752 728 :
781 700 832 727 erit
859 702 946 725 autem

154 761 295 797 rhythmus
308 763 334 786 et
346 761 458 784 metrum
471 775 478 787 ,
491 752 578 788 qualia
592 748 728 777 rarissime
747 746 833 779 longis
849 742 946 770 carmi-

154 808 233 837 nibus
244 807 413 840 interponere
423 809 482 836 qua:
495 797 616 826 versrbus
629 796 821 823 contexuntur,
838 798 890 817 non
905 789 947 815 in-

154 855 281 882 decorum
295 836 336 879 est
350 859 356 876 :
373 848 450 884 quale
465 846 534 874 idem
555 845 640 878 ipsum
653 846 693 868 est
706 838 777 874 quod
791 836 870 872 paulo
884 838 946 862 ante

154 898 360 930 commemoravi
371 906 378 924 :
389 896 489 923 Cornua
498 892 635 919 velatarum
646 886 761 914 vertimus
772 888 947 910 antennarum.

155 945 332 980 Quamobrem
344 949 396 969 non
405 939 470 967 mihi
481 944 574 965 versus
584 942 616 962 ex
630 940 662 960 eo
672 929 821 966 appellatus
834 926 947 957 videtur,

155 972 186 1019 ιῖι
197 988 316 1018 nonnulli
327 989 436 1022 putant,
450 982 520 1018 quod
534 988 549 1007 a
562 983 635 1007 certo
646 977 697 1003 line
712 974 745 1001 ad
760 972 879 1008 ejusdem
901 977 952 996 nu-

155 1035 224 1064 meri
233 1037 313 1069 caput
323 1015 438 1062 reditur,
451 1015 480 1055 ut
492 1033 589 1054 nomen
605 1023 711 1051 ductum
725 1020 760 1047 sit
772 1017 805 1045 ab
821 1017 853 1044 iis
863 1015 907 1051 qui
921 1022 951 1042 se

155 1062 335 1109 vertunt-dum
348 1076 389 1105 via
402 1075 528 1105 redeunt;
548 1078 609 1099 nam
623 1069 674 1096 hoc
687 1067 724 1094 illi
735 1073 795 1093 cum
814 1064 856 1091 his
870 1062 950 1090 etiam

156 1125 250 1155 metris
258 1145 266 1158 ,
281 1131 340 1160 quae
355 1127 447 1149 versus
455 1126 508 1146 non
518 1120 589 1149 sunt,
601 1116 710 1149 apparet
723 1119 782 1139 esse
793 1114 949 1137 commune:

157 1172 206 1201 sed
229 1169 314 1206 magis
337 1168 450 1196 fortasse
473 1173 488 1192 a
510 1163 644 1191 contrario
661 1166 758 1187 nomen
783 1155 899 1188 invenit,
925 1162 954 1189 ιιι

157 1200 380 1256 quemadmodum
399 1211 563 1250 grammatici
583 1209 718 1243 deponens
731 1205 840 1232 verbum
857 1200 929 1237 quod
940 1208 954 1226 r

157 1252 272 1292 litteram
280 1269 334 1290 non
347 1259 466 1295 deponit,
478 1256 555 1284 sicuti
568 1258 609 1282 est
618 1275 625 1287 ,
644 1252 738 1283 lucrar,
752 1255 788 1281 et,
803 1254 951 1283 conqueror,

157 1310 371 1347 appellaverunt;
384 1294 421 1333 ita
435 1304 505 1340 quod
519 1301 623 1330 duobus
638 1297 765 1327 membris
777 1294 869 1326 conﬁt,
882 1299 953 1327 quo-

157 1364 218 1386 rum
238 1358 361 1382 neutrum
383 1353 410 1380 in
429 1351 538 1377 alterius
558 1348 619 1375 loco
629 1345 700 1372 salva
714 1343 773 1377 lege
783 1346 953 1368 numerorum

158 1400 328 1430 constituitur
341 1419 349 1432 ,
373 1397 433 1432 quia
446 1395 513 1423 verti
533 1400 586 1420 non
602 1394 705 1426 potest,
727 1393 821 1414 versus
836 1388 953 1412 vocetur.

159 1446 213 1476 Sed
226 1431 479 1474 utramlibetharum
493 1439 623 1474 originem
637 1433 759 1462 vocabuli
775 1437 803 1459 tu
816 1431 879 1458 licet
891 1436 955 1464 pro-

159 1492 225 1525 bes,
245 1490 287 1518 vel
312 1494 452 1522 utramque
467 1484 615 1519 improbes,
637 1485 663 1508 et
677 1479 755 1506 aliam
777 1483 896 1512 quaeras,
912 1478 957 1500 aut

160 1542 317 1567 contemnas
331 1541 434 1562 meeum
450 1535 532 1559 totum
548 1530 598 1556 hoc
612 1524 765 1562 qumstiouis
777 1529 875 1558 genus;
891 1519 956 1547 nihil

161 1584 197 1612 ad
221 1584 273 1610 hoc
300 1586 404 1615 tempus
429 1577 555 1613 pertinet.
574 1574 641 1601 Cum
660 1571 731 1599 enim
754 1568 818 1596 satis
839 1574 882 1594 res
901 1565 957 1599 ipsa

161 1637 222 1665 quae
234 1628 286 1655 hoc
304 1609 411 1654 nomine
423 1609 602 1658 signiﬁcatur,
626 1618 770 1651 appareat,
794 1619 849 1639 non
870 1614 911 1638 est
924 1609 958 1636 de

263 1673 346 1707 stirpe
368 1655 553 1698 laborandum.
573 1663 629 1692 Nisi
651 1660 713 1697 quid
726 1659 810 1687 habes
829 1656 864 1685 ad
889 1655 956 1683 haec.

164 1720 200 1748 D.
213 1720 271 1755 Ego
280 1725 344 1746 vero
357 1716 421 1743 nihil
434 1735 441 1747 ,
455 1713 501 1742 sed
513 1718 593 1747 perge
607 1709 641 1736 ad
653 1711 760 1735 caetera.

255 1762 366 1792 CAPUT
380 1761 424 1789 ιν.
439 1774 475 1780 --
486 1757 617 1785 Terminus
639 1759 754 1780 versuum
775 1749 869 1776 varius.

202 1811 230 1839 5.
251 1809 291 1837 Μ.
307 1807 431 1843 Sequitur
446 1809 475 1832 ut
487 1804 521 1831 de
535 1807 627 1828 versus
648 1798 760 1826 termino
782 1793 959 1829 requiramus.

166 1856 233 1885 Nam
246 1859 273 1882 et
283 1836 450 1886 hunc-aliqua
466 1846 614 1877 dill‘ereutia
631 1847 749 1871 notatum
764 1844 843 1874 atque
853 1836 960 1870 insigni-

166 1905 224 1929 tum
236 1907 295 1927 esse
307 1884 446 1925 voluerunt
456 1915 464 1927 ,
483 1894 526 1921 vel
548 1891 636 1927 potius
653 1889 709 1923 ipsa
721 1886 798 1914 ratio.
815 1884 856 1911 An
871 1887 899 1909 tu
908 1889 962 1909 nor:

169 1943 308 1973 arbitraris
320 1942 416 1969 melius
426 1946 485 1967 esse
496 1942 525 1964 ut
536 1925 596 1963 linis
605 1955 613 1968 ,
635 1940 688 1968 quo
698 1929 847 1966 provolutio
859 1925 962 1954 numeri

168 1992 306 2018 coercetur
315 2007 323 2019 ,
338 1993 391 2013 non
414 1982 568 2019 perturbata
583 1984 730 2012 temporum
744 1973 909 2009 mqualitate,
923 1975 963 1997 ta-

169 2043 231 2064 men
244 2035 255 2050 ¹
272 2032 402 2063 emineat;
426 2036 505 2065 quam
528 2027 551 2054 si
573 2032 633 2052 cum
655 2022 758 2051 caeteris
777 2019 895 2055 partibus
907 2025 965 2052 quae

172 2081 253 2108 ﬁnem
265 2086 318 2105 non
333 2062 448 2107 faciunt,
464 2069 659 2101 confundatur?
674 2067 708 2094 Β.
724 2067 788 2099 Quis
802 2064 905 2092 dubitat
917 2062 966 2089 hoc

172 2132 233 2153 esse
245 2123 354 2156 melius,
367 2120 437 2156 quod
450 2123 492 2147 est
503 2114 671 2146 evidentius?
685 2113 723 2140 Μ.
734 2110 881 2139 Considera
892 2115 966 2143 ergo,

172 2174 261 2198 utrum
274 2173 347 2196 recte
358 2167 488 2201 insignem
503 2164 581 2190 linem
594 2167 685 2187 versus
700 2155 801 2185 heroici
821 2153 967 2189 spondeum

174 2216 269 2252 pedem
281 2214 389 2250 quidam
408 2218 469 2239 esse
485 2207 627 2236 voluerint.
642 2205 708 2232 Nam
730 2203 756 2229 in
777 2200 892 2236 quinque
911 2198 970 2224 aliis

174 2245 239 2290 locis
250 2245 298 2289 vel'
311 2261 381 2287 hunc
392 2258 435 2286 vel
452 2255 584 2291 dactylum
607 2252 669 2279 licet
683 2256 798 2284 ponere;
817 2246 843 2273 in
862 2245 914 2272 line
928 2251 971 2271 au-

178 2312 232 2335 tem
244 2315 296 2335 non
308 2305 358 2333 nisi
368 2302 534 2339 spondeum;
549 2306 611 2327 nam
625 2296 696 2333 quod
710 2294 854 2323 trochaeum
867 2294 969 2327 putant,

176 2358 285 2390 propter
303 2336 507 2379 indiﬂ‘erentiam
520 2346 550 2373 iit
563 2344 663 2372 ultima:
676 2341 786 2378 syllaba:
797 2360 806 2373 ,
824 2338 859 2366 de
879 2344 930 2373 qua
945 2336 971 2363 in

176 2381 271 2426 met-ris
282 2396 347 2424 satis
356 2393 439 2422 locuti
451 2398 553 2420 sumus.
576 2389 630 2417 Sed
647 2386 792 2415 secundum
812 2383 861 2411 hos
881 2381 973 2410 iambi-

177 2451 225 2473 cus
247 2441 369 2471 senarius
381 2444 427 2467 aut
440 2446 494 2466 non
506 2437 557 2464 erit
577 2441 670 2462 versus
680 2453 688 2466 ,
704 2435 750 2458 aut
768 2430 818 2457 erit
842 2428 901 2455 sine
924 2426 973 2454 ista

180 2490 240 2517 linis
253 2487 414 2518 eminentia;
427 2489 571 2517 utrumque
586 2484 673 2507 autem
689 2476 833 2504 absurdum
845 2479 894 2502 est.
908 2473 974 2500 Nam

179 2541 266 2569 neque
280 2533 419 2568 quisquam
434 2535 549 2563 unquam
561 2547 569 2559 ,
585 2525 641 2553 sive
661 2522 875 2551 doctissimorum
888 2517 974 2545 homi-

179 2587 255 2612 num,
268 2578 323 2606 sive
334 2575 503 2604 mediocriter
512 2594 520 2607 ,
536 2572 579 2598 vel
590 2570 671 2598 etiam
682 2567 797 2596 tenuiter
810 2564 975 2593 eruditorum

180 2609 285 2652 versum
298 2630 359 2650 esse
369 2620 511 2652 dubitavit,
530 2615 656 2644 Phaselus
670 2614 713 2641 ille
731 2619 804 2647 quem
815 2610 903 2638 videtis
925 2609 975 2636 ho-

180 2671 257 2705 spite:
270 2668 419 2704 (Catullus);
437 2671 460 2694 ei
475 2662 601 2700 quidquid
621 2662 647 2688 in
661 2659 749 2688 verbis
771 2662 813 2686 est
826 2657 870 2684 tali
884 2662 978 2683 nume-

180 2718 292 2746 rositate
305 2715 446 2743 formatum
463 2721 470 2738 :
487 2715 514 2738 et
525 2707 674 2745 gravissimi
689 2709 812 2733 auctores
822 2711 854 2731 eo
868 2709 921 2738 quo
932 2709 978 2736 pe-

180 2762 302 2790 ritissimi
312 2782 319 2794 ,
340 2760 440 2788 nullum
455 2757 512 2785 sine
526 2754 624 2790 insigni
639 2753 691 2781 line
710 2758 816 2779 versum
831 2747 976 2784 putandum

183 2815 244 2835 esse
255 2804 426 2835 censuerunt.

221 2873 229 2889 '
240 2873 406 2905 lquissimum
416 2872 458 2905 est,
469 2869 539 2905 justa
550 2865 621 2890 Vatic.
634 2867 661 2888 Il.

243 2901 314 2934 rm,
326 2904 395 2934 juxta
405 2901 477 2925 vatio.
489 2902 517 2922 in.

320 2976 344 2986 .r

766 169 772 175 ’
818 178 920 210 manu
936 174 1095 213 QUINTUS.

1029 238 1055 265 6.
1077 234 1109 264 D.
1139 231 1236 264 Verum
1259 235 1336 263 dicis.
1363 233 1450 268 Quare
1477 231 1555 259 aliam
1581 230 1685 258 termini
1704 230 1784 265 huius

994 288 1083 311 notam
1105 282 1272 318 quaerendam
1295 289 1355 309 esse
1374 284 1499 311 autumo,
1526 285 1578 304 non
1599 277 1666 303 hanc
1681 283 1739 310 qua:
1754 276 1781 303 in

994 329 1113 365 spondeo
1135 328 1239 364 ponitur
1258 326 1464 362 approbandam.
1489 323 1528 350 Μ.
1551 321 1618 356 Quid
1638 321 1704 348 hoc?
1720 328 1782 348 num

994 375 1117 407 dubitas,
1141 380 1312 408 quaecumque
1343 372 1392 398 ista
1414 371 1463 402 sit,
1484 373 1530 395 aut
1555 368 1581 395 in
1606 366 1681 401 pedis
1704 373 1784 397 esse,

995 425 1040 447 aut
1062 420 1086 446 in
1103 418 1228 453 temporis
1243 416 1407 447 diil‘erentia,
1431 418 1475 441 aut
1494 414 1521 441 in
1541 411 1672 446 utroque?
1688 409 1720 436 D.
1736 410 1777 443 Qu

995 465 1072 492 aliter
1092 463 1196 499 potest?
1220 463 1259 489 M.
1281 461 1348 495 Quid
1374 460 1478 488 tandem
1502 459 1595 485 horum
1621 456 1700 484 trium
1726 462 1787 490 pro-

996 510 1059 537 bas?
1090 510 1145 544 Ego
1174 509 1261 540 enim,
1285 507 1408 542 quoniam
1433 505 1545 539 idipsum
1577 502 1653 529 linire
1680 508 1785 528 versum

996 563 1031 582 ne
1055 555 1158 589 longius
1181 561 1259 588 quam
1290 555 1394 587 oportet
1418 552 1560 581 excurrat,
1591 555 1643 575 non
1673 546 1789 580 pertinet

996 601 1048 629 nisi
1061 601 1093 628 ad
1107 600 1232 635 temporis
1247 598 1373 630 modum;
1385 604 1438 624 non
1457 595 1573 623 arbitror
1586 591 1691 620 aliunde
1709 592 1787 618 istam

998 651 1088 674 uolam
1103 646 1201 673 debere
1221 644 1289 672 sumi
1310 650 1387 678 quam
1403 649 1436 668 ex
1455 645 1583 674 tempore.
1598 637 1638 665 An
1657 636 1704 664 tibi
1718 635 1789 663 aliud

1000 690 1104 726 placet?
1117 690 1153 716 D.
1172 689 1228 716 imo
1246 688 1387 716 assentior.
1410 685 1449 713 Μ.
1470 684 1587 712 Videsne
1609 682 1689 708 etiam
1712 679 1787 712 illud,

999 744 1059 764 cum
1075 741 1178 770 tempus
1197 734 1239 761 hic
1253 732 1427 760 diil‘erentiam
1442 730 1541 756 habere
1560 735 1612 754 non
1626 725 1724 760 possit,
1738 724 1791 751 nisi

1000 781 1071 818 quod
1085 780 1157 808 aliud
1173 784 1213 807 est
1226 778 1340 813 longius,
1353 776 1423 804 aliud
1436 775 1558 806 brevius;
1574 773 1634 808 quia
1651 778 1712 798 cum
1729 777 1789 797 ver-

1000 815 1046 854 sus
1067 827 1174 859 linitur,
1190 824 1216 852 id
1230 824 1316 858 agitur
1331 830 1364 849 ne
1384 825 1476 856 pergat
1489 819 1593 854 longius
1605 839 1613 851 ,
1629 817 1655 844 in
1670 815 1791 844 breviore

1001 877 1122 907 tempore
1132 874 1221 898 notam
1236 869 1296 896 linis
1306 875 1365 895 esse
1376 865 1515 901 oportere?
1525 864 1560 890 D.
1570 862 1653 889 Video
1665 860 1771 895 quidem
1784 868 1790 885 :

1001 917 1047 945 sed
1057 904 1111 952 quo
1130 915 1247 950 pertinet
1265 912 1335 948 quod
1351 911 1468 938 additum
1482 913 1539 941 est,
1555 907 1621 934 Hic?
1636 906 1675 933 Μ.
1690 906 1727 932 Eo
1740 904 1792 931 sci-

1002 948 1147 996 licet-quod
1165 967 1218 987 non
1239 958 1336 992 ubique
1351 955 1478 990 temporis
1497 952 1671 980 differentiam
1690 950 1716 977 in
1737 948 1793 976 sola

1003 994 1133 1035 brevitate
1152 1012 1183 1032 ae
1198 1002 1364 1038 longitudine
1377 999 1533 1034 accipimus.
1550 998 1589 1023 An
1606 1001 1633 1022 tu
1654 994 1752 1022 aestatis
1764 1000 1794 1019 ac

1004 1052 1103 1080 hiemis
1114 1050 1300 1079 differentiam,
1325 1051 1370 1074 aut
1382 1053 1442 1073 esse
1461 1043 1586 1077 temporis
1598 1047 1679 1074 negas
1688 1060 1695 1072 ,
1710 1043 1756 1066 aut
1768 1038 1795 1065 in

1004 1098 1091 1134 spatio
1103 1097 1190 1132 potius
1204 1094 1326 1123 breviore
1339 1092 1381 1119 vel
1394 1090 1524 1125 lOngiore,
1540 1096 1572 1115 ac
1591 1094 1644 1114 non
1659 1086 1685 1113 in
1705 1085 1731 1112 vi
1748 1083 1795 1111 l‘ri-

1005 1144 1078 1179 goris
1090 1131 1239 1176 calorisque
1256 1138 1405 1169 constituis,
1420 1136 1462 1163 vel
1475 1134 1594 1162 humoris
1604 1136 1630 1160 et
1640 1131 1764 1159 siccitatis
1775 1131 1795 1163 ‘,

1005 1178 1032 1217 et
1043 1189 1066 1217 si
1076 1188 1139 1224 quid
1155 1187 1206 1215 tale
1220 1185 1310 1213 aliud?
1323 1184 1357 1211 ι).
1373 1183 1431 1211 iam
1447 1181 1581 1215 intelligo,
1597 1182 1623 1206 et
1637 1178 1706 1205 hanc
1717 1184 1796 1211 quam

1005 1235 1148 1270 qumrimus
1161 1231 1267 1260 termini
1278 1235 1378 1262 notam,
1392 1236 1407 1255 a
1421 1227 1549 1262 temporis
1560 1224 1689 1253 brevitate
1700 1223 1798 1251 ducen-

1006 1281 1066 1308 dam
1081 1286 1141 1307 esse
1156 1277 1304 1306 consentio.

1041 1327 1067 1353 'l.
1088 1325 1127 1352 ΔΙ.
1148 1323 1262 1351 Attende
1277 1321 1355 1356 igitur
1369 1320 1438 1346 hunc
1451 1324 1574 1348 versum,
1591 1315 1672 1342 Roma
1682 1334 1689 1347 ,
1702 1313 1796 1345 Roma,

1007 1380 1080 1399 cerne
1097 1374 1191 1406 quanta
1205 1369 1237 1396 sit
1252 1368 1327 1394 deum
1345 1364 1493 1399 benignitas,
1509 1362 1553 1396 qui
1567 1360 1718 1388 trochaicus
1732 1358 1798 1386 dici-

1009 1421 1060 1449 tur,
1076 1404 1211 1442 etvmetire
1226 1413 1300 1440 illum
1311 1432 1318 1444 ,
1340 1414 1420 1445 atque
1434 1406 1566 1442 responde
1584 1405 1653 1440 quod
1668 1404 1800 1432 inveneris

1008 1461 1042 1488 de
1055 1460 1183 1488 membris
1201 1458 1259 1493 ejus
1278 1460 1306 1484 et
1324 1461 1435 1483 numero
1456 1452 1565 1488 pedum.
1588 1450 1622 1477 ι).
1637 1450 1676 1477 De
1690 1449 1801 1484 pedibus

1008 1508 1115 1544 quidem
1135 1506 1212 1533 facile
1226 1501 1408 1539 responderim
1426 1500 1529 1534 :liquet
1548 1497 1619 1525 enim
1635 1503 1682 1524 eos
1699 1498 1801 1529 septem

1009 1557 1037 1581 et
1051 1552 1132 1580 semis
1145 1558 1215 1578 esse.
1241 1550 1277 1576 De
1297 1546 1424 1575 membris
1443 1548 1532 1572 autem
1551 1550 1604 1570 non
1626 1542 1692 1569 satis
1712 1543 1802 1575 aperta

1010 1606 1054 1627 res
1065 1602 1121 1630 est;
1139 1596 1228 1624 multis
1242 1594 1312 1622 enim
1334 1592 1400 1620 locis
1419 1595 1520 1626 partem
1535 1587 1664 1616 orationis
1683 1586 1752 1613 iluiri
1765 1585 1804 1612 vi-

1011 1645 1061 1672 deo
1075 1653 1082 1671 :
1098 1646 1280 1670 verumtamen
1303 1638 1398 1674 opinor
1420 1643 1479 1664 esse
1501 1635 1576 1661 istam
1591 1631 1758 1668 partitionem
1776 1630 1803 1657 in

1011 1693 1105 1717 octavo
1116 1685 1261 1721 semipede,
1280 1688 1308 1711 ut
1322 1682 1475 1718 prmcedens
1487 1678 1635 1706 membrum
1649 1677 1694 1709 sit,
1710 1675 1803 1706 Roma,

1013 1735 1104 1766 Roma,
1118 1720 1192 1759 cerne
1204 1734 1317 1766 quanta;
1330 1728 1599 1761 subsequensautem,
1610 1723 1641 1750 sit
1653 1723 1726 1749 deum
1739 1720 1806 1748 beni-

1012 1780 1104 1815 gnitas.
1128 1778 1167 1805 Μ.
1192 1777 1263 1810 Quot
1284 1773 1433 1808 semipedes
1458 1770 1558 1798 habet?
1577 1769 1611 1796 ο.
1631 1768 1748 1803 Septem.
1766 1766 1804 1793 Μ.

1013 1813 1071 1860 ipsa
1084 1824 1152 1851 ratio
1166 1827 1191 1850 te
1203 1821 1278 1849 duxit
1293 1819 1411 1847 omnino.
1427 1818 1492 1844 Cum
1508 1815 1578 1842 enim
1591 1813 1657 1841 nihil
1671 1813 1705 1840 sit
1719 1818 1806 1846 mqua-

1014 1871 1089 1897 litate
1103 1868 1210 1899 melius,
1222 1872 1334 1900 eamque
1349 1864 1374 1890 in
1388 1861 1529 1890 dividendo
1537 1863 1662 1895 appetere
1672 1860 1806 1892 oporteat;

1015 1916 1036 1943 si
1050 1915 1138 1942 minus
1149 1912 1264 1948 potuerit
1272 1909 1395 1940 obtineri,
1406 1906 1528 1934 vicinitas
1538 1905 1596 1939 ejus
1605 1901 1746 1938 quaerenda
1753 1905 1807 1933 est,

1015 1970 1049 1990 ne
1063 1961 1097 1989 ab
1110 1968 1142 1988 ea
1166 1958 1270 1994 longius
1283 1956 1445 1983 aberremus.
1469 1952 1561 1986 itaque
1582 1957 1641 1977 cum
1657 1948 1701 1975 hic
1716 1954 1808 1975 versus

1017 2015 1111 2036 omnes
1133 1993 1284 2041 quindecim
1319 1999 1470 2035 semipedes
1501 1996 1615 2029 habeat,
1646 2002 1698 2022 non
1724 1993 1809 2028 potuit

1018 2053 1118 2089 aequius
1135 2038 1213 2083 quam
1236 2050 1262 2076 in
1277 2051 1338 2075 octo
1358 2049 1385 2073 et
1405 2048 1508 2079 septem
1521 2040 1620 2069 dividi:
1636 2046 1697 2067 nam
1716 2038 1810 2066 eadem

1019 2087 1059 2126 est
1072 2098 1098 2125 in
1111 2101 1213 2131 septem
1229 2099 1256 2122 et
1266 2097 1326 2120 octo
1337 2091 1467 2118 vicinitas.
1482 2087 1535 2115 Sed
1546 2087 1580 2114 ita
1596 2093 1649 2113 non
1661 2087 1811 2112 servaretur

1020 2148 1082 2170 nota
1096 2142 1154 2169 linis
1167 2142 1192 2167 in
1209 2145 1327 2174 tempore
1338 2136 1471 2168 breviore,
1487 2138 1515 2160 ut
1527 2141 1585 2160 eam
1599 2130 1755 2159 servandam
1767 2137 1810 2156 ra-

1021 2189 1058 2216 tio
1079 2188 1135 2222 ipsa
1150 2185 1269 2221 praecipit
1290 2192 1297 2210 :
1316 2190 1376 2209 nam
1396 2181 1419 2208 si
1439 2179 1498 2207 talis
1518 2185 1611 2205 versus
1625 2180 1710 2208 esset,
1731 2174 1813 2201 Roma

1021 2221 1098 2260 cerne
1116 2235 1210 2267 quanta
1235 2230 1267 2256 sit
1289 2228 1332 2255 tibi
1356 2226 1430 2253 deum
1456 2224 1614 2258 benignitas,
1633 2225 1662 2248 ut
1686 2221 1814 2254 inciperet

1023 2279 1170 2307 membrum
1193 2277 1219 2303 in
1242 2275 1284 2302 his
1307 2271 1489 2307 semipedibus
1508 2273 1609 2304 septem
1621 2288 1629 2301 ,
1647 2267 1729 2294 Roma
1743 2274 1816 2293 cerne

1023 2329 1116 2360 quanta
1129 2323 1161 2349 sit
1173 2343 1181 2355 ,
1202 2325 1229 2349 et
1243 2321 1269 2348 in
1292 2319 1333 2346 bis
1345 2322 1406 2346 octo
1427 2307 1540 2343 alterum
1556 2314 1755 2343 terminaretur,
1770 2310 1813 2336 tibi

1024 2371 1098 2398 deum
1107 2369 1245 2405 benignitas
1254 2374 1264 2399 ;
1274 2373 1325 2394 non
1335 2368 1426 2400 posset
1435 2369 1542 2390 versum
1551 2360 1666 2394 semipes
1676 2357 1798 2385 claudere
1810 2365 1817 2382 :

1025 2421 1086 2444 octo
1096 2402 1172 2442 enim—
1182 2411 1332 2448 semipedes
1346 2414 1458 2445 quatuor
1471 2408 1591 2441 integros
1605 2404 1685 2440 pedes
1705 2402 1814 2429 iaciunt.

1026 2461 1109 2490 Simul
1120 2446 1313 2487 incideretlalia
1323 2454 1477 2483 deformitas
1485 2474 1492 2486 ,
1509 2456 1537 2478 ut
1551 2458 1603 2478 non
1615 2448 1723 2476 eosdem
1734 2446 1816 2481 pedes

1027 2508 1054 2536 in
1076 2507 1196 2535 membro
1219 2509 1338 2532 extremo
1362 2509 1429 2537 quos
1446 2501 1473 2527 in
1493 2499 1579 2535 primo
1602 2496 1767 2527 metiremur,
1791 2498 1818 2521 et

1027 2554 1100 2590 prius
1110 2551 1258 2579 membrum
1269 2548 1356 2584 potius
1367 2547 1486 2574 ﬁniretur
1498 2547 1559 2570 nota
1574 2541 1704 2570 brevioris
1717 2544 1819 2573 tempo—

1028 2583 1075 2632 iis,
1091 2597 1118 2624 id
1133 2600 1174 2624 est
1187 2583 1323 2629 semipede
1334 2612 1343 2626 ,
1359 2598 1437 2626 quam
1458 2588 1608 2624 posterius,
1624 2585 1665 2613 cui
1686 2584 1737 2612 hoc
1759 2583 1819 2609 linis

1027 2629 1088 2680 jure
1105 2643 1226 2670 debetur.
1239 2639 1305 2667 Nam
1319 2638 1346 2665 in
1361 2637 1406 2664 illo
1421 2640 1475 2663 tres
1496 2632 1604 2661 trochaei
1627 2631 1721 2662 semis,
1736 2629 1819 2656 Roma

1030 2697 1102 2716 cerne
1113 2691 1208 2723 quanta
1220 2686 1273 2712 sit:
1285 2684 1311 2710 in
1332 2683 1382 2709 hoc
1394 2684 1507 2717 quatuor
1520 2677 1599 2706 iambi
1617 2676 1819 2708 scanderentur,

1031 2734 1075 2761 tibi
1082 2722 1156 2760 deum
1165 2730 1313 2766 benignitas.
1325 2727 1400 2755 Nunc
1413 2733 1477 2754 vero
1485 2729 1511 2752 et
1524 2723 1655 2751 trochmos
1667 2722 1694 2749 in
1709 2724 1822 2755 utroque

1032 2779 1151 2808 membro
1164 2776 1318 2804 seandimus
1327 2795 1334 2807 ,
1347 2777 1375 2801 et
1388 2770 1524 2806 semipede
1537 2775 1630 2797 versus
1641 2766 1782 2799 clauditur,
1798 2768 1826 2792 ut

1034 2825 1112 2861 spatii
1132 2822 1260 2851 brevioris
1274 2824 1362 2847 notam
1378 2817 1506 2846 terminus
1524 2819 1621 2843 teneat.
1638 2813 1704 2840 Nam
1720 2815 1780 2839 sunt
1801 2811 1828 2838 in

1067 2885 1075 2900 ¹
1088 2887 1113 2908 ιιι
1124 2886 1159 2912 8.,
1171 2879 1206 2906 vel
1218 2876 1338 2905 siccitatis.
1351 2875 1445 2902 sectius
1456 2880 1487 2899 ex
1499 2876 1539 2898 iis.
1554 2876 1578 2904 Α,
1592 2875 1613 2898 ετ
1625 2869 1745 2897 siccitatis.
1769 2871 1798 2893 Ii.
