2059 3185
261 148 327 179 1151

261 206 350 242 priore
355 209 476 241 quatuor,
484 203 576 237 Roma,
590 203 669 231 Roma
675 211 747 230 cerne
752 207 858 236 quanta;
867 203 893 230 in
900 202 1047 237 posteriore

262 256 349 279 autem
359 255 412 278 tres
421 250 511 282 semis,
523 250 554 276 sit
567 250 640 276 deum
652 249 799 283 benignitas.
815 249 854 275 An
865 248 1049 276 contradicere

262 296 362 332 aliquid
373 296 469 331 paras?
481 295 515 321 ι).
529 294 599 322 Nihil
610 294 728 326 omnino,
742 298 769 321 et
782 293 895 321 libenter
908 294 1047 321 assentior.

297 342 325 370 8.
346 341 384 368 Μ.
405 341 553 368 Teneamus
574 339 652 374 igitur
676 338 724 366 has
744 339 815 373 leges
827 338 1012 372 inconcussas,
1026 339 1048 366 si

263 388 359 423 placet,
385 390 416 414 ut
438 393 523 420 neque
543 385 723 413 membrorum
745 384 856 412 duorum
881 384 991 412 tendens
1015 384 1049 411 ad

264 432 441 467 aequalitatem
454 430 559 465 partitio
572 430 660 457 versui
674 429 760 462 desit,
775 429 853 456 sicuti
875 429 936 456 huic
957 429 1049 462 deest,

265 476 365 505 Cornua
377 476 514 503 velatarum
528 475 676 502 obvertimus
696 479 870 501 antennarum.
885 473 978 508 Neque
995 473 1050 508 ipsa

265 522 403 557 aequalitas
422 520 603 548 membrorum
617 519 819 547 conversibilem
831 539 839 552 ,
853 523 882 546 ut
898 519 933 546 ita
953 519 1049 551 dicam,

266 566 344 594 iaciat
355 566 522 601 partitionem
532 586 540 599 ,
559 570 587 593 ut
605 565 632 592 in
644 565 696 592 hoc
708 564 787 598 facit,
803 563 903 592 Cornua
915 564 1052 591 velatarum

265 613 383 640 vertimus
396 616 572 639 antennarum.
584 611 675 646 Neque
689 619 749 638 eum
763 610 814 638 ista
828 611 926 638 vitatur
939 618 1052 638 conver-

265 658 316 690 sio,
327 658 406 685 nimis
419 665 434 685 a
448 665 477 685 se
489 657 608 685 membra
620 656 774 688 discedant,
786 657 834 684 sed
847 661 974 692 quantum
992 663 1062 691 pos—

266 707 327 730 sunt
340 703 467 738 proximis
480 702 597 730 numeris
615 709 698 737 prope
714 706 868 736 atquentur,
882 709 918 729 ne
935 701 1053 729 dicamus

267 747 325 774 lucc
338 748 373 775 ita
388 755 466 781 posse
484 740 580 779 dividi,
594 751 624 774 ut
640 751 701 774 octo
722 746 870 781 semipedes
892 746 1052 781 praecedant,

267 791 367 820 Cornua
386 793 522 820 velatarum
533 793 668 823 vertimus;
682 797 710 819 et
727 796 839 827 quatuor
850 792 1052 826 subsequantur,

267 837 293 864 id
304 842 354 870 est,
369 842 543 864 antennarum.
558 837 612 864 Nec
622 837 769 864 membrum
782 836 912 871 posterius
924 836 994 870 paris
1007 844 1055 862 nu-

267 883 335 910 meri
345 882 494 918 semipedes
507 883 611 915 habeat,
622 882 698 909 sicuti
708 886 758 915 est,
770 882 813 908 tibi
826 882 898 908 deum
906 881 1052 916 benignitas,

267 936 303 956 ne
313 929 390 963 pleno
398 929 465 963 pede
477 936 570 956 versus
580 929 669 956 linitus
679 935 730 955 non
742 927 836 955 habeat
846 927 987 955 terminum
997 927 1055 954 bre-

268 973 342 1000 viore
356 977 475 1007 tempore
487 977 616 1001 notatum.
631 972 666 999 ι).
681 972 770 1000 Habeo
779 972 834 1007 jam
848 972 908 1006 ista,
919 976 946 1000 et
959 971 1054 999 mando

268 1017 404 1045 memoriae
415 1022 542 1052 quantum
555 1018 642 1045 valeo.

461 1061 574 1089 CAPUT
591 1062 621 1089 ν.
632 1077 668 1082 -
680 1061 782 1088 Heroici
795 1062 864 1096 ﬁnit.

303 1106 331 1134 9.
341 1106 380 1133 Μ.
392 1106 520 1139 Quoniam
532 1107 610 1142 igitur
619 1107 674 1142 jam
687 1111 816 1139 tenemus,
829 1115 881 1134 non
888 1107 986 1135 debere
995 1114 1055 1135 ver-

268 1160 327 1180 sum
342 1152 411 1179 finiri
430 1153 509 1187 pleno
520 1153 596 1188 pede,
614 1153 746 1190 quomodo
761 1152 836 1180 nobis
850 1153 985 1180 heroicum
997 1161 1056 1181 ver—

268 1206 326 1226 sum
346 1199 507 1226 metiendum
523 1203 608 1234 putas,
620 1203 649 1226 ut
659 1203 686 1226 et
696 1199 873 1226 membrorum
886 1199 929 1226 lex
942 1199 985 1226 illa
999 1206 1056 1227 ser-

267 1248 354 1277 vetur,
369 1249 396 1271 et
411 1244 468 1271 haec
482 1244 587 1271 termini
605 1244 686 1271 nota?
701 1244 734 1270 ι).
751 1244 832 1271 Video
845 1244 982 1271 duodecim
998 1251 1056 1272 esse

267 1289 434 1324 semipedes;
457 1295 483 1317 et
497 1290 558 1325 quia
575 1294 684 1325 propter
706 1290 777 1317 illam
798 1290 997 1317 conversionem
1018 1290 1057 1317 vi—

267 1335 373 1362 tandam
381 1342 460 1362 senos
469 1335 617 1370 semipedes
627 1335 725 1362 habere
737 1335 854 1362 membra
865 1342 917 1362 non
928 1340 1036 1370 possunt
1046 1344 1054 1368 ;

267 1386 355 1414 neque
369 1387 384 1406 a
397 1387 426 1407 se
438 1380 516 1414 longe
530 1384 634 1414 oportet
647 1380 783 1407 discedere
801 1385 829 1407 ut
841 1380 893 1407 sint
906 1385 959 1408 tres
971 1385 998 1408 et
1009 1389 1057 1408 no-

267 1432 337 1458 vem,
354 1429 400 1452 aut
413 1432 508 1452 novem
522 1429 548 1452 et
561 1429 630 1457 tres;
647 1432 732 1459 neque
744 1425 814 1460 paris
828 1427 929 1453 numeri
942 1427 1056 1461 semipe-

267 1469 317 1496 des
338 1469 480 1504 posteriori
502 1470 621 1497 membro
641 1469 720 1497 dandi
741 1474 803 1497 sunt
828 1474 857 1497 ut
878 1470 931 1498 sint
952 1475 1012 1498 octo
1030 1476 1057 1499 et

267 1518 389 1549 quatuor,
410 1519 456 1541 aut
473 1518 585 1549 quatuor
597 1519 624 1542 el
642 1518 712 1547 octo,
726 1522 760 1542 ne
782 1514 861 1549 pleno
880 1515 947 1550 pede
961 1523 1056 1544 versus

266 1560 371 1587 liniatur
385 1569 392 1587 :
407 1560 432 1587 in
446 1560 561 1595 quinque
574 1564 601 1587 et
613 1564 725 1595 septem,
737 1565 783 1587 aut
792 1565 895 1596 septem
905 1566 931 1589 et
941 1562 1056 1598 quinque

266 1604 361 1632 divisio
374 1605 493 1633 facienda
507 1611 557 1633 est.
569 1606 634 1633 Nam
647 1611 674 1633 et
687 1606 713 1633 hi
727 1607 827 1634 numeri
842 1611 903 1634 sunt
917 1608 995 1635 ambo
1008 1608 1057 1635 im-

267 1657 346 1685 pares
368 1651 491 1685 proximi,
515 1655 542 1678 ct
564 1655 636 1679 certe
661 1652 832 1687 propinquius
855 1652 905 1680 sibi
927 1653 1057 1682 accedunt

265 1694 385 1722 membra
404 1703 483 1730 quam
504 1696 531 1722 in
551 1696 723 1730 quaternario
740 1701 767 1724 ct
785 1698 920 1725 octonario
939 1699 1056 1726 numeris

267 1739 433 1767 accederent.
446 1740 522 1774 Quod
537 1745 564 1768 ut
578 1741 757 1769 ﬁrmissimum
771 1746 873 1769 teneam
884 1763 892 1776 ,
906 1742 983 1770 video
994 1751 1055 1779 par-

267 1789 320 1813 tem
342 1786 471 1813 orationis
489 1786 515 1814 in
537 1787 628 1822 quinto
648 1787 782 1822 semipede
799 1796 904 1823 semper
922 1793 968 1816 aut
989 1797 1056 1824 pene

265 1837 371 1865 semper
394 1831 540 1863 terminari,
565 1836 594 1859 ut
612 1836 653 1859 est
676 1833 701 1859 in
725 1833 809 1867 primo
835 1833 934 1868 Virgilii
958 1842 1053 1869 versu,

266 1877 343 1903 Arma
355 1877 482 1912 virumque
494 1885 557 1904 cano
568 1885 577 1904 ε
587 1881 613 1904 et
631 1877 657 1904 in
675 1878 802 1911 secundo,
820 1878 924 1905 Italiam
938 1879 1013 1914 fato:
1028 1884 1056 1907 et

266 1921 292 1947 in
307 1921 400 1954 tertio,
415 1921 512 1949 Littera
532 1921 639 1949 multum
652 1922 694 1949 ille
706 1927 728 1949 et
743 1930 752 1949 :
765 1923 790 1949 in
813 1928 908 1958 quarto
927 1923 988 1950 item
998 1944 1006 1957 ,
1024 1923 1056 1951 Vi

265 1974 383 2000 superum
396 1974 468 1993 stante
480 1974 490 1993 :
501 1970 580 2001 atque
593 1967 628 1994 ita
646 1966 771 2001 deinceps
785 1967 812 1994 in
835 1972 891 1995 toto
913 1976 981 2003 pene
997 1977 1054 1997 car-

266 2011 347 2038 mine.
365 2010 404 2038 H.
418 2011 515 2038 Verum
525 2011 591 2039 dicis
605 2020 611 2038 :
626 2011 672 2039 sed
688 2012 829 2040 videndum
844 2013 889 2040 tibi
904 2018 953 2047 est,
967 2022 1034 2049 quos
1045 2015 1053 2031 ¹

266 2057 347 2090 pedes
360 2057 476 2084 metiaris
488 2077 496 2089 ,
521 2061 550 2084 ut
570 2057 635 2084 nihil
655 2058 820 2092 superiorum
839 2058 924 2093 legum
942 2060 996 2094 jam
1012 2061 1053 2088 in-

265 2108 393 2128 concusse
406 2101 608 2129 constitutarum
621 2102 720 2130 violare
729 2102 837 2130 audeas.
852 2103 886 2129 ι).
899 2104 1052 2140 Quanquam

265 2145 330 2172 mihi
345 2146 409 2173 satis
427 2146 495 2174 ratio
507 2150 647 2182 appareat,
664 2151 750 2174 tamen
766 2148 881 2175 novitate
896 2150 1050 2177 conturbor.

265 2189 324 2217 Non
337 2190 408 2217 enim
420 2190 537 2218 solemus
549 2191 576 2218 in
595 2191 646 2219 hoc
665 2199 762 2226 genere
781 2192 833 2219 nisi
846 2193 990 2227 spondeum
1005 2202 1052 2229 pe-

266 2234 327 2263 dem
348 2240 376 2263 et
393 2235 525 2271 dactylum
544 2235 686 2269 scandere,
701 2236 771 2272 quod
786 2245 864 2265 nemo
878 2238 932 2266 fere
945 2243 985 2266 est
999 2245 1051 2267 tam

266 2280 388 2308 indoctus
401 2280 463 2315 quin
473 2282 484 2296 ’
498 2281 627 2315 audierit,
642 2282 743 2309 etiamsi
756 2283 843 2310 minus
856 2283 881 2310 id
896 2283 981 2312 facere
992 2292 1052 2319 pos-

265 2326 309 2353 sit.
320 2326 394 2354 Hanc
404 2334 466 2361 ergo
477 2327 729 2362 pervulgatissimam
740 2328 969 2362 consuetudinem,
982 2337 1052 2357 nunc

264 2371 287 2399 si
300 2371 375 2408 sequi
384 2372 503 2405 voluero,
514 2372 556 2399 lex
567 2372 610 2399 illa
622 2372 727 2400 termini
738 2378 778 2400 est
789 2373 938 2409 abroganda
947 2374 971 2408 ⁸;
984 2383 1052 2410 pra:-

264 2418 363 2446 cedens
375 2418 445 2446 enim
459 2418 609 2446 membrum
621 2418 755 2453 semipede
768 2419 944 2452 clauderetur,
959 2426 1049 2455 peste-

264 2465 319 2492 rius
329 2468 416 2492 autem
434 2464 514 2499 pleno
531 2463 615 2499 pede;
629 2464 699 2499 quod
712 2468 805 2492 contra
818 2472 877 2492 esse
889 2465 987 2492 debuit.
998 2466 1050 2494 Sed

264 2509 324 2543 quia
338 2509 409 2536 illam
427 2509 511 2543 legem
531 2508 725 2544 iniquissimum
738 2513 780 2536 cst
792 2509 900 2542 tollere,
919 2510 986 2537 etin
1000 2519 1050 2538 nu-

264 2555 345 2583 meris
353 2555 408 2590 jam
422 2554 501 2582 didici
516 2562 594 2589 posse
608 2554 676 2588 lleri,
692 2558 721 2582 ut
733 2561 748 2581 a
761 2562 814 2582 non
833 2555 911 2590 pleno
924 2556 990 2590 pede
1004 2564 1050 2584 or-

263 2600 404 2634 diamur‘;
418 2604 499 2628 restat
512 2604 540 2628 ut
554 2608 605 2628 non
621 2600 664 2627 hic
678 2600 813 2635 dactylum
843 2608 901 2628 cum
920 2602 1048 2636 spondeo,

262 2646 308 2673 sed
320 2650 483 2681 anapestum
496 2646 576 2673 locari
588 2645 753 2680 judicemus;
768 2650 797 2673 ut
811 2646 917 2681 incipiat
931 2655 1022 2675 versus
1034 2655 1048 2675 a

263 2690 340 2725 longa
353 2698 406 2718 una
421 2690 531 2726 syllaba,
546 2690 643 2718 deinde
655 2689 708 2718 duo
722 2689 803 2725 pedes
823 2691 865 2719 vel
886 2691 994 2726 spondei
1008 2693 1048 2720 vel

294 2746 302 2782 ἶ
315 2749 383 2782 9¹¹9³υ
394 2747 463 2782 3”.“
472 2746 586 2782 Vatis-)1-

293 2776 302 2808 ξ
315 2776 358 2808 ριιί
368 2776 500 2808 noit,.juxta
512 2777 584 2808 vatic.
597 2780 625 2801 tt.

293 2806 350 2840 fsto
361 2806 452 2840 \‘aticI;
466 2811 513 2832 ua:
524 2806 567 2832 illa
577 2807 703 2840 terminata
712 2810 746 2832 est
758 2807 903 2840 abroganda.
927 2812 954 2833 ut.

292 2835 301 2851 ‘
313 2836 349 2862 sic
361 2843 392 2862 ex
405 2838 477 2863 vatio.
490 2841 514 2863 In
527 2841 560 2868 8.,
573 2845 617 2863 non
629 2845 644 2863 tl
655 2838 723 2870 pleno
734 2839 794 2870 pede
805 2835 936 2864 ordiamur.
972 2843 998 2863 δι.

826 145 871 173 DE
888 143 1026 178 MUSICA,
1044 144 1073 172 S.
1095 142 1275 172 AUGUSTINI

1821 147 1896 177 1152

1101 202 1229 236 anapaesti
1250 202 1292 229 vel
1304 201 1399 230 alterni
1412 202 1421 218 ¹
1435 203 1584 231 membrum
1596 205 1717 239 superius
1731 205 1893 235 terminenti

1101 248 1174 273 tnm’
1188 252 1242 274 tres
1260 255 1352 274 rursus
1374 248 1486 275 alterum
1509 249 1549 276 vcl
1570 251 1695 285 anapaesti
1715 251 1758 278 vel
1776 252 1897 286 quolibet.

1101 292 1159 318 loco
1171 292 1303 326 spondeus
1315 314 1322 325 ,
1339 293 1394 320 sive
1407 294 1530 321 omnibus
1540 314 1546 326 ,
1568 300 1595 322 et
1610 295 1635 321 in
1652 295 1703 323 line
1715 304 1766 323 una
1779 297 1894 332 syllaba,

1102 346 1152 372 qua
1168 345 1260 364 versus
1270 338 1385 372 legitime
1400 339 1563 366 terminatur.
1576 339 1711 368 Probasne
1724 346 1749 367 et
1761 341 1806 368 id?

1139 382 1180 409 l0.
1203 382 1240 408 Μ.
1256 383 1310 417 Ego
1330 391 1432 417 quoque
1447 384 1623 411 rectissimum
1644 393 1703 412 esse
1718 386 1819 420 judico,
1847 388 1895 414 sed

1102 435 1155 454 non
1174 428 1248 454 facile
1263 429 1311 455 ista
1330 429 1426 463 populo
1439 430 1640 463 persuadentur.
1662 431 1743 458 Tanta
1763 433 1834 459 enim
1855 438 1897 460 est

1102 473 1141 499 vis
1153 473 1350 500 consuetudinis
1360 495 1367 506 ,
1382 478 1410 500 ut
1425 482 1455 501 ea
1478 475 1623 501 inveterata
1634 496 1640 506 ,
1657 476 1677 502 si
1693 476 1756 503 falsa
1770 477 1896 511 opinione

1103 518 1190 551 genita
1208 522 1262 551 est,
1279 518 1343 544 nihil
1356 519 1389 545 sit
1403 519 1534 546 inimicius
1546 521 1660 547 veritati.
1677 521 1794 557 Namque
1808 523 1841 549 ad
1857 522 1896 549 fa-

1103 562 1225 589 ciendum
1244 570 1348 590 versum
1369 564 1432 590 nihil
1456 565 1583 592 interesse
1603 566 1742 601 intelligis,
1767 572 1854 594 utrum
1870 569 1895 596 in

1104 607 1153 634 hoc
1165 615 1261 641 genere
1275 613 1423 641 anapaestus
1437 617 1495 635 cum
1519 610 1646 643 spondeo,
1661 618 1693 636 an
1708 611 1828 647 dactylus
1840 613 1896 640 col-

1104 653 1206 679 locetur
1220 662 1226 679 :
1240 653 1271 679 ad
1291 654 1450 680 metiendum
1472 659 1558 682 tamen
1579 656 1767 683 rationabiliter
1781 657 1803 689 ',
1824 658 1895 692 quod

1105 706 1157 725 non
1172 699 1273 725 aurium
1287 699 1333 726 sed
1344 700 1440 726 mentis
1455 704 1494 726 cst
1503 701 1647 734 proprium,
1660 709 1721 728 vcra
1732 706 1759 729 et
1768 707 1840 729 certa
1852 711 1895 729 ra-

1106 744 1175 771 tione
1190 744 1249 777 hoc,
1264 752 1315 771 non
1325 745 1494 772 irrationabili
1504 746 1627 779 opinione
1640 746 1799 774 discernitur
1809 747 1819 762 ⁸
1831 756 1837 774 :
1850 756 1897 776 ne-

1105 798 1155 824 que
1171 798 1240 817 nunc
1260 798 1273 816 a
1291 790 1366 817 nobis
1377 791 1489 825 primum
1504 791 1608 818 inventa
1625 796 1675 823 est,
1691 792 1736 819 sed
1759 793 1843 820 multo
1856 798 1897 820 est

1106 835 1155 861 hac
1171 835 1313 861 inveterata
1326 836 1517 862 consuetudine
1527 837 1659 870 antiquius
1673 837 1856 865 animadversa
1871 838 1895 864 '.

1106 880 1191 913 Quare
1207 881 1228 907 si
1242 888 1287 907 cos
1301 881 1388 915 legant
1401 882 1444 915 qui
1460 882 1500 908 vel
1514 881 1539 907 in
1563 889 1646 916 grmca
1658 883 1699 909 vel
1710 883 1734 909 in
1751 883 1830 910 latina
1847 884 1898 910 lin-

1106 934 1155 960 gua
1182 927 1327 961 disciplinic
1350 928 1426 960 hujus
1441 928 1585 955 doctissimi
1600 929 1713 962 luerunt,
1738 938 1791 957 non
1815 931 1897 958 mira-

1109 971 1206 997 buntur
1220 972 1298 998 nimis
1311 973 1354 1006 qui
1377 972 1443 999 forte
1458 972 1507 999 hoc
1521 973 1667 1000 audierint:
1684 982 1834 1008 quanquam
1848 983 1896 1009 pu-

1105 1015 1150 1042 det
1165 1016 1360 1049 imbecillitatis,
1384 1025 1443 1044 cum
1471 1018 1564 1044 rationi
1580 1018 1738 1046 roborandcc
1760 1020 1896 1047 hominum

1106 1062 1246 1089 auctoritas
1255 1062 1388 1096 qtncritur,
1399 1071 1456 1089 cum
1471 1063 1551 1097 ipsius
1561 1063 1669 1090 rationis
1678 1065 1835 1092 acverilatis
1847 1073 1896 1091 an-

1106 1107 1236 1140 ctoritate,
1252 1116 1309 1142 qua:
1323 1107 1440 1141 proiecto
1455 1113 1494 1135 est
1507 1109 1576 1134 onmi
1590 1109 1697 1136 homine
1712 1110 1817 1143 melior,
1830 1111 1897 1138 nihil

1107 1152 1214 1179 dcbcrct
1229 1161 1286 1179 esse
1306 1154 1481 1188 prmstanlius.
1498 1154 1554 1180 Non
1568 1154 1637 1180 cnim
1653 1159 1682 1180 nt
1693 1154 1717 1180 in
1728 1155 1899 1189 producenda

1107 1197 1308 1231 corripiendave
1330 1198 1429 1233 syllaba
1449 1207 1499 1225 non
1519 1199 1566 1225 nisi
1582 1200 1763 1226 auctoritatem
1777 1205 1897 1227 veterum

1107 1243 1242 1270 hominum
1253 1245 1404 1278 quaerimus,
1416 1249 1442 1270 ut
1451 1244 1673 1278 quemadmodum
1683 1246 1788 1272 suntusi
1805 1245 1896 1273 verbis

1106 1288 1199 1322 quibus
1207 1296 1254 1315 nos
1264 1296 1366 1323 quoque
1375 1289 1514 1323 loquimur,
1523 1290 1557 1315 ita
1568 1294 1595 1316 et
1604 1297 1651 1316 nos
1658 1295 1777 1322 utamur;
1787 1290 1848 1324 quia
1868 1291 1897 1317 in

1107 1333 1286 1368 hujuscemodi
1302 1342 1330 1361 re
1347 1335 1779 1369 ctnullnmohscrvalioncmscqni
1790 1336 1899 1363 desidia

1107 1382 1156 1409 est,
1167 1382 1193 1404 et
1207 1386 1300 1404 novam
1309 1378 1445 1405 instituere
1455 1379 1623 1406 licentiaxita
1634 1379 1658 1405 in
1672 1379 1806 1406 metiendo
1818 1387 1899 1407 versu

1108 1423 1250 1450 inveterata
1270 1424 1390 1450 voluntas
1409 1423 1555 1455 hominum,
1574 1431 1604 1451 ac
1618 1432 1670 1450 non
1687 1430 1785 1451 acterna
1807 1433 1898 1452 rerum

1108 1468 1174 1494 ratio
1190 1468 1327 1502 cogitanda
1341 1473 1457 1500 csl,cum
1474 1473 1500 1495 ct
1513 1469 1675 1495 moderatam
1692 1469 1748 1503 cjus
1762 1470 1899 1503 longitudi-

1108 1522 1167 1541 nem
1182 1514 1254 1548 prius
1267 1515 1422 1540 naturaliter
1436 1522 1498 1541 aure
1514 1515 1668 1548 sentiamus,
1685 1515 1779 1542 deinde
1799 1523 1898 1550 appro-

1107 1559 1200 1585 hemus
1215 1559 1363 1586 rationabili
1378 1559 1588 1586 consideratione
1603 1567 1783 1592 numerorum,
1796 1565 1820 1587 et
1835 1568 1897 1587 eum

1107 1603 1200 1637 insigni
1214 1602 1265 1630 ﬁne
1283 1603 1456 1630 claudendum
1473 1611 1531 1630 esse
1543 1604 1642 1638 judicet
1665 1604 1782 1639 quisquis
1794 1605 1897 1639 judicat

1106 1648 1204 1674 certius
1215 1656 1274 1674 cum
1289 1656 1366 1682 quam
1380 1654 1473 1675 cratera
1486 1653 1567 1676 metra
1581 1656 1639 1676 esse
1653 1649 1807 1683 ﬁniendum,
1818 1658 1896 1678 eum-

1107 1701 1156 1727 que
1169 1693 1246 1720 ﬁnem
1260 1694 1283 1719 in
1296 1694 1415 1720 breviore
1427 1698 1545 1728 tempore
1555 1694 1698 1721 notandum
1711 1702 1769 1722 esse
1781 1696 1893 1724 manife-

1107 1743 1174 1764 stum
1184 1739 1234 1771 sit;
1249 1739 1395 1773 siquidem6
1410 1740 1535 1774 temporis
1549 1739 1738 1774 longitudinem
1748 1746 1853 1769 coercet
1868 1747 1896 1769 et

1107 1784 1193 1811 frenat
1209 1784 1413 1819 quodammodo.

1230 1831 1342 1857 CAPUT
1363 1831 1406 1857 Vl.
1420 1846 1455 1850 —
1466 1831 1564 1858 Rursus
1574 1832 1605 1858 de
1615 1832 1665 1866 ﬁne
1677 1841 1769 1860 versus.

1143 1876 1185 1902 ll.
1195 1876 1258 1908 Quae
1272 1883 1331 1902 cum
1342 1876 1375 1902 ita
1392 1876 1454 1908 sint,
1464 1877 1507 1910 qui
1517 1878 1740 1911 potestposterius
1747 1878 1897 1913 cjusmem-

1107 1921 1181 1947 brum
1195 1921 1245 1947 nisi
1268 1928 1319 1947 non
1345 1921 1424 1955 pleno
1437 1922 1570 1948 terminari
1588 1922 1670 1956 pede?
1685 1923 1785 1950 Prioris
1805 1928 1895 1951 autem

1109 1965 1220 1992 membri
1236 1965 1371 1992 exordium
1385 1970 1429 1991 aut
1444 1966 1550 2000 plenum
1565 1967 1657 2000 pcdcm
1681 1975 1748 2000 esse,
1764 1973 1793 1995 ut
1809 1969 1835 1995 in
1849 1969 1896 1996 illo

1107 2010 1249 2043 trochaica,
1264 2010 1353 2042 Roma,
1365 2010 1453 2041 Ronm,
1464 2019 1534 2037 cerne
1544 2016 1636 2044 quanta
1647 2013 1678 2038 sit
1693 2013 1766 2039 deum
1778 2013 1898 2049 benigni-

1105 2060 1157 2088 tas;
1168 2061 1212 2083 aut
1225 2060 1324 2090 partem
1341 2057 1414 2091 pedis
1429 2062 1542 2091 oportet,
1560 2062 1588 2084 ut
1604 2058 1629 2084 in
1644 2059 1763 2091 heroico,
1773 2060 1850 2086 Arma
1858 2061 1896 2087 vi-

1105 2110 1208 2136 rumque
1221 2110 1293 2133 cano,
1309 2102 1396 2136 Troij
1418 2103 1461 2135 qui
1480 2103 1574 2136 primus
1587 2104 1617 2129 ab
1632 2104 1691 2130 oris.
1716 2104 1894 2140 Quapropter,

1104 2146 1175 2172 omni
1198 2146 1252 2180 jam
1274 2146 1434 2173 dubitatione
1452 2146 1564 2179 sublata,
1585 2147 1664 2174 etiatn
1688 2148 1766 2175 istum
1787 2156 1894 2177 vorsum

1103 2191 1208 2223 metire,
1218 2192 1240 2218 si
1256 2191 1353 2225 placet,
1367 2195 1394 2218 et
1408 2191 1473 2218 mihi
1483 2191 1516 2219 de
1526 2192 1652 2220 membris
1662 2194 1720 2227 ejus
1730 2193 1895 2229 pedibusque

1103 2235 1244 2270 responde,
1258 2235 1384 2263 Phaselut
1396 2236 1439 2263 ille
1447 2245 1519 2272 quem
1530 2237 1627 2269 videtis,
1636 2238 1754 2273 hospites.
1767 2238 1802 2265 D.
1817 2239 1896 2267 Mem-

1103 2280 1149 2307 bra
1158 2280 1263 2315 quidem
1278 2280 1355 2316 hujus
1368 2281 1393 2308 in
1406 2282 1524 2317 quinque
1535 2286 1563 2309 et
1572 2287 1674 2318 septem
1690 2284 1838 2319 semipedes
1852 2285 1894 2313 vi-

1102 2325 1153 2353 deo
1167 2325 1318 2359 distributa,
1342 2329 1371 2353 ut
1384 2326 1457 2361 prius
1476 2327 1519 2358 sit,
1534 2326 1658 2354 Phaselim
1678 2327 1738 2360 ille;
1761 2329 1895 2363 posterius

1102 2376 1200 2403 autem,
1212 2379 1284 2406 quem
1291 2371 1388 2405 uidetis,
1396 2372 1504 2407 hospites
1514 2380 1524 2399 :
1532 2372 1612 2407 pedes
1620 2381 1684 2400 vero
1691 2373 1792 2401 iambos
1800 2381 1893 2402 cerno.

1103 2416 1234 2472 ":3!me
1246 2417 1318 2441 vatio.
1332 2419 1358 2441 et
1369 2420 1409 2441 Ms.
1421 2420 1447 2441 Α.
1459 2420 1484 2442 tn
1496 2420 1531 2448 3,,
1539 2416 1575 2442 uel
1586 2417 1807 2450 mapwstialtenun
1817 2425 1892 2445 menu-

1133 2453 1182 2472 um.
1193 2450 1223 2471 Μ.

1133 2478 1144 2512 I_
1155 2480 1179 2512 In
1190 2480 1225 2512 ᾖ,
1237 2479 1392 2512 εᾳῃιΝᾳιὶα,
1405 2477 1520 2512 duntus.
1532 2482 1558 2509 Δ,
1567 2481 1625 2504 tum.
1649 2483 1677 2504 lt.

1134 2508 1144 2539 Ρ
1157 2506 1317 2538 Rationaliter,
1329 2508 1398 2539 juxta
1410 2509 1482 2533 \‘atic.
1494 2512 1523 2533 Μ.

1132 2538 1212 2575 fise.
1329 2539 1484 2575 habent:
1493 2538 1634 2575 ρνσρρίισπ,
1779 2544 1893 2575 quam

1100 2567 1153 2593 Iuec
1165 2568 1226 2593 ratio
1237 2568 1267 2592 ab
1277 2567 1320 2593 illa
1330 2568 1438 2597 munione
1449 2567 1600 2595 discernitur.
1613 2567 1642 2589 —'
1660 2575 1730 2595 Juxta
1748 2567 1820 2596 i'at'ic.
1831 2579 1837 2596 :
1850 2571 1892 2597 Ni-

1101 2597 1311 2637 anew
1318 2597 1405 2637 ίιθβιιιι
1534 2600 1730 2637 disseminati-
1814 2635 1819 2637 _
1847 2631 1863 2637 ..

1132 2630 1194 2664 ﬁsie
1209 2630 1281 2664 Vatjc.
1295 2631 1359 2664 :‘sed
1373 2630 1446 2656 multo
1459 2631 1511 2656 lues
1525 2634 1561 2656 est
1578 2634 1708 2656 mveterata
1722 2631 1891 2658 cmuctudt‘u

1100 2660 1205 2705 antiquis
1214 2660 1389 2696 animadversa.
1395 2664 1434 2697 .tt.

1153 2691 1439 2729 [27:1qu
1448 2690 1537 2729 rerum
1547 2698 1661 2729 εςιιρνηιιε
1670 2699 1740 2729 rem
1748 2696 1837 2729 ςιείενα
1841 2699 1891 2728 ξηι-

1099 2722 1139 2755 tra
1155 2727 1206 2745 esse
1364 2722 1508 2755 ﬁniendum,
1527 2722 1571 2755 qui
1586 2722 1774 2755 ﬁnem/labenti
1787 2723 1893 2749 breviore

1100 2753 1233 2786 “terarum
1364 2752 1516 2786 murem
1529 2752 1539 2778 i
1550 2752 1675 2785 siquidm
1689 2758 1736 2779 elc-
1749 2757 1781 2786 tta
1792 2760 1892 2786 quoque

1101 2780 1222 2817 editiones
1232 2781 1295 2812 alite,
1303 2782 1350 2817 nisi
1357 2783 1422 2817 quod
1428 2780 1503 2817 habet
1509 2787 1569 2817 Au},
1576 2780 1682 2809 notatum
1845 2780 1892 2814 sit;

1100 2813 1147 2839 Fr,
1159 2814 1269 2838 notnmm
1285 2813 1436 2845 manifestum
1453 2813 1490 2839 sit.
1503 2813 1549 2838 Sed
1561 2813 1657 2846 prtestat
1668 2818 1720 2840 Mss.
1733 2813 1807 2840 lectio
1817 2813 1891 2846 quam

1102 2841 1147 2865 huc
1159 2843 1331 2865 remeavimus.

1110 2848 1147 2866 tuc
1159 2848 1331 2868 I‘CTOCIVIII'NS.
