4118 6370
284 344 422 401 H55

285 437 586 503 ,κροκι-ο,
601 435 798 491 nihilne
823 448 980 489 caves
1006 431 1135 502 pede
1147 430 1301 501 pleno
1312 444 1520 485 versum
1535 429 1849 484 terminare?

286 527 356 580 Ι).
387 525 585 581 Verum
626 525 845 587 dicis,et
865 523 953 578 ubi
973 522 1162 578 fuerim
1191 520 1388 576 nescio.
1418 518 1548 588 Quis
1571 520 1711 574 enim
1743 533 1848 573 non

284 616 489 670 videret
510 614 647 669 sicut
672 615 725 668 in
740 614 952 668 heroico
971 610 1355 667 exordiendum
1370 624 1487 665 esse
1502 624 1531 663 a
1547 607 1849 678 semipede?

280 704 422 775 quod
433 719 553 759 cum
565 705 617 758 in
630 704 731 758 hoc
743 718 934 774 genere
950 703 1027 766 fit,
1042 717 1147 757 non
1158 702 1267 771 jam
1279 700 1483 765 iambis,
1497 699 1589 754 sed
1606 698 1849 753 trochaeis

279 811 495 853 versum
524 798 798 861 metimur,
845 804 900 850 ut
932 810 1053 849 eum
1080 794 1312 864 legitime
1347 792 1576 860 semipes
1616 789 1842 857 claudat.

352 886 440 942 12.
470 886 547 941 Μ.
572 888 647 945 ita
692 895 774 942 est
807 894 864 940 ut
889 885 1020 940 dicis
1052 902 1066 938 :
1099 883 1196 940 sed
1242 882 1361 937 vide
1389 882 1513 952 quid
1539 881 1629 936 tibi
1655 881 1721 934 de
1746 880 1847 934 hoc

278 978 707 1050 respondendum
749 986 929 1045 putes,
979 990 1137 1045 quem
1176 972 1579 1043 asclepiadteum
1611 977 1838 1033 vocant,

280 1066 535 1121 Maecenas
562 1066 718 1119 atavis
738 1065 869 1119 edite
891 1064 1088 1134 regibus
1118 1062 1328 1132 (Horat.
1363 1060 1450 1115 lib.
1479 1060 1507 1113 1
1533 1058 1840 1123 Carminum,

276 1157 363 1210 od.
388 1158 464 1226 l).
489 1155 620 1209 Nam
642 1168 765 1223 pars
789 1153 1040 1208 orationis
1060 1154 1110 1207 in
1132 1161 1280 1207 sexta
1296 1151 1493 1221 syllaba
1510 1147 1842 1210 terminatur,

277 1261 451 1317 neque
476 1247 855 1311 inconstanter,
885 1244 979 1300 sed
1024 1244 1077 1298 in
1107 1242 1350 1298 omnibus
1378 1240 1485 1295 fere
1508 1239 1663 1308 hujus
1682 1253 1840 1308 gene-

276 1338 351 1391 ris
370 1337 631 1391 versibus.
659 1335 834 1405 ltaque
849 1335 964 1405 ejus
983 1334 1207 1404 primum
1236 1339 1319 1387 est
1354 1331 1669 1395 membrum,
1710 1327 1842 1382 Maa-

274 1444 423 1482 eenas
470 1427 627 1480 atavis
648 1442 668 1480 :
692 1426 1001 1490 secundum,
1051 1425 1179 1478 edite
1202 1422 1421 1493 regibus,
1451 1420 1588 1491 quod
1615 1433 1842 1490 quanam

273 1520 479 1573 ratione
506 1517 596 1571 fiat
621 1516 846 1572 dubitari
887 1523 1078 1587 potest.
1111 1514 1165 1570 Si
1204 1514 1345 1568 enim
1390 1511 1623 1567 metiaris
1661 1511 1713 1565 in
1739 1510 1842 1565 hoc

274 1608 437 1678 pedes
488 1616 862 1678 quaternorum
913 1617 1240 1675 temporum,
1298 1613 1452 1659 erunt
1507 1603 1737 1673 quinque
1786 1602 1842 1656 in

273 1698 471 1766 priore,
497 1700 548 1752 in
578 1699 871 1768 posteriore
899 1706 1073 1752 autem
1102 1695 1341 1751 membro
1362 1700 1585 1763 quatuor
1608 1691 1838 1760 semipe-

272 1790 403 1845 des:
426 1790 508 1844 lex
532 1798 706 1844 autem
731 1797 875 1843 vetat
893 1789 1184 1843 membrum
1204 1786 1463 1856 posterius
1486 1784 1595 1854 pari
1621 1796 1841 1837 numero

272 1890 519 1933 constare
543 1877 900 1948 semipedum,
930 1893 998 1932 ne
1026 1877 1183 1945 pleno
1219 1876 1350 1945 pede
1377 1889 1561 1929 versus
1587 1874 1839 1928 termine-

271 1977 376 2021 tur.
404 1969 589 2023 Restat
636 1976 692 2022 ut
722 1968 884 2038 pedes
912 1967 1308 2022 consideremus
1351 1980 1597 2019 senorum
1634 1971 1839 2033 tempo-

271 2074 410 2124 rum,
434 2073 500 2113 ex
516 2074 619 2128 quo
648 2058 704 2112 fit
730 2067 789 2112 nt
817 2058 1107 2112 membrum
1130 2064 1409 2124 utrumque
1432 2054 1595 2108 ternis
1615 2054 1841 2121 semipe-

271 2147 428 2202 dibus
458 2157 682 2203 constet.
714 2149 841 2201 Nam
872 2161 927 2201 ut
955 2148 1158 2217 integro
1186 2146 1317 2216 pede
1341 2145 1642 2215 prmeedens
1670 2159 1839 2197 mem-

270 2237 425 2293 brum
448 2240 675 2302 finiatur,
690 2254 719 2291 a
748 2239 950 2292 duabus
969 2238 1140 2307 longis
1153 2235 1504 2306 incipiendum
1520 2245 1599 2290 est
1618 2254 1631 2288 :
1649 2233 1840 2288 deinde

273 2339 416 2385 totus
453 2330 797 2385 choriambus
822 2344 1032 2383 versum
1073 2327 1275 2391 dividit,
1309 2335 1365 2380 ut
1406 2333 1657 2394 sequente
1681 2324 1838 2377 etiam

271 2421 378 2473 alio
408 2420 717 2475 cboriambo
761 2420 1057 2474 membrum
1087 2417 1347 2487 posterius
1376 2416 1668 2479 inchoetur,
1700 2414 1841 2467 clau-

270 2510 432 2565 dente
461 2526 670 2569 versum
705 2509 973 2579 semipede
1003 2510 1053 2562 in
1079 2508 1277 2568 duabus
1308 2507 1554 2562 brevibus
1579 2505 1794 2576 syllabis
1822 2521 1836 2558 :

274 2612 349 2657 tot
374 2603 513 2657 enim
543 2611 779 2671 tempora
818 2617 937 2656 cum
981 2600 1216 2670 spondeo
1251 2600 1302 2653 in
1330 2599 1500 2667 capite
1526 2598 1714 2662 locato,
1740 2598 1839 2650 im-

271 2693 420 2763 plent
446 2708 540 2747 sex
569 2702 865 2762 temporum
896 2691 1103 2761 pedem.
1138 2690 1248 2744 Nisi
1276 2689 1398 2758 quid
1426 2688 1587 2742 hach
1609 2688 1675 2741 ad
1704 2687 1837 2741 hac.

272 2782 341 2836 Β.
367 2783 508 2837 Nihil
534 2798 771 2854 prorsus.
802 2782 880 2835 Μ.
913 2783 1091 2836 Placet
1136 2796 1281 2848 ergo,
1308 2778 1523 2833 totidem
1552 2776 1841 2847 semipedi-

273 2873 373 2928 bus
404 2883 653 2929 constare
679 2883 961 2943 utrumque
1006 2872 1319 2927 membrum.
1367 2870 1434 2922 D.
1462 2870 1569 2924 Cur
1592 2886 1695 2923 non
1731 2869 1841 2938 pla-

271 2965 427 3019 ceat?
467 2963 645 3033 Neque
673 2966 815 3018 enim
867 2962 1147 3017 metuenda
1172 2969 1252 3015 est
1296 2960 1381 3015 hic
1419 2961 1506 3014 illa
1541 2963 1837 3026 Conversio,

269 3055 392 3125 quia
416 3056 585 3124 posito
614 3054 908 3124 posteriore
951 3053 1188 3107 membro
1216 3052 1267 3105 in
1316 3050 1659 3120 przecedentis
1699 3051 1836 3113 loco,

270 3148 341 3199 ita
364 3154 421 3199 ut
439 3144 577 3214 quod
602 3152 682 3198 est
708 3145 953 3213 primum,
984 3140 1269 3196 secundum
1299 3140 1408 3205 fiat,
1428 3155 1531 3193 non
1553 3139 1736 3193 eadem
1756 3140 1836 3194 lex

271 3235 506 3290 manebit
523 3236 730 3304 pedum.
757 3234 1088 3303 Quapropter
1114 3231 1255 3285 nulla
1281 3244 1435 3284 causa
1461 3238 1559 3293 est,
1587 3245 1681 3284 cur
1701 3230 1837 3283 idem

273 3324 603 3394 semipedum
632 3339 884 3379 numerus
911 3322 1078 3376 inlioc
1095 3336 1288 3391 genere
1314 3321 1562 3375 membris
1588 3329 1836 3391 negetur;

270 3430 392 3470 cum
421 3418 534 3471 sine
562 3416 670 3470 ullo
702 3415 1061 3471 conversionis
1101 3413 1231 3467 vitio
1260 3413 1493 3481 parilitas
1528 3413 1626 3467 ista
1674 3412 1840 3482 possit

271 3508 458 3571 teneri,
474 3507 594 3563 finis
618 3509 774 3562 etiam
802 3505 1100 3575 insignioris
1125 3505 1239 3574 lege
1263 3512 1488 3565 servata,
1516 3519 1634 3558 cum
1657 3519 1841 3558 versus

269 3612 375 3653 non
404 3598 558 3667 pleno
585 3598 719 3667 pede
745 3597 1074 3663 terminatur,
1105 3594 1245 3666 quod
1272 3594 1696 3649 constantissime
1721 3609 1837 3648 ser-

268 3687 499 3742 vandum
527 3696 609 3743 est
628 3690 668 3740 ί.

265 3777 492 3833 CAPUT
526 3778 709 3832 Vll.—-
735 3777 990 3843 Quomodo
1007 3775 1311 3844 semipedum
1335 3775 1631 3845 imparilitas
1656 3772 1707 3827 in
1728 3789 1839 3826 uer-

337 3886 487 3923 suum
524 3870 757 3922 membris
783 3869 850 3920 ad
878 3867 1182 3938 parilitatem
1207 3867 1470 3935 referatur.
1502 3865 1841 3919 Conciliantur

336 3958 557 4011 uieinbra
596 3957 903 4026 semipedum
936 3965 1151 4025 quatuor
1178 3964 1223 4009 et
1250 3956 1420 4007 trium.
1447 3954 1671 4007 Membra
1694 3954 1840 4007 senti-

337 4046 520 4116 pedum
546 4045 757 4113 quinque
776 4052 822 4097 et
843 4044 1013 4096 trium.

339 4137 427 4190 l5.
463 4134 541 4189 Μ.
575 4135 704 4188 Ιὶεηι
738 4135 903 4203 ipsam
930 4132 1144 4187 omnino
1163 4131 1335 4185 vidisti
1367 4148 1379 4183 :
1410 4146 1571 4200 quare
1581 4131 1688 4199 jam
1705 4146 1837 4200 quo-

268 4226 412 4281 niam
457 4224 713 4293 comperit
746 4223 879 4276 ratio
898 4236 1144 4276 versuum
1165 4235 1282 4275 esse
1304 4220 1409 4274 duo
1432 4235 1623 4288 genera
1644 4261 1657 4284 ,
1679 4235 1837 4273 unum

268 4317 324 4371 in
350 4330 458 4386 quo
479 4315 617 4368 idem
639 4329 890 4369 numerus
916 4311 1240 4381 semipedum
1260 4352 1275 4377 ,
1306 4310 1446 4364 aliud
1469 4310 1520 4364 in
1541 4325 1645 4380 quo
1662 4309 1839 4379 dispar

268 4408 325 4462 in
370 4406 620 4461 membris
658 4405 765 4467 sit;
804 4404 1080 4474 diligenter
1104 4402 1529 4465 consideremus,
1559 4402 1602 4457 si
1628 4402 1834 4471 placet,

267 4513 501 4569 quonam
545 4497 704 4552 modo
748 4497 847 4551 ista
886 4495 1195 4565 imparilitas
1218 4493 1540 4563 semipedum
1566 4492 1632 4547 ad
1651 4508 1837 4563 quam-

268 4591 390 4645 dam
417 4591 734 4660 parilitatem
757 4588 1036 4653 referatur,
1059 4587 1367 4642 obscuriore
1383 4586 1726 4655 aliquanlum,
1745 4586 1837 4640 sed

269 4696 398 4735 sane
425 4683 446 4712 ¹
488 4681 829 4736 subtilissima
867 4680 1068 4734 ratione
1107 4692 1471 4733 numerorum.
1510 4677 1642 4732 Nam
1659 4693 1839 4749 qurere

269 4787 335 4826 ex
366 4780 417 4825 te
435 4810 451 4836 ,
487 4787 606 4826 cum
630 4772 736 4826 duo
760 4780 815 4825 et
844 4771 941 4825 tria
968 4770 1142 4824 dicam
1167 4810 1183 4835 ,
1213 4777 1342 4839 quot
1367 4785 1615 4825 numeros
1642 4770 1834 4826 dicam-

265 4862 334 4919 ι).
379 4863 521 4917 Duos
556 4864 776 4918 scilicet.
824 4862 900 4914 Μ.
942 4862 1083 4930 Ergo
1101 4869 1155 4915 et
1178 4859 1283 4914 duo
1304 4874 1471 4927 unus,
1499 4869 1553 4916 et
1581 4862 1675 4915 tria
1702 4877 1838 4917 unus

266 4963 349 5009 est
395 4970 684 5019 numerus;
725 4964 782 5009 et
826 4952 1114 5023 quemlibet
1138 4951 1300 5005 alium
1326 4951 1630 5007 dixerimus.
1662 4953 1731 5006 ι).
1764 4953 1836 5007 lta

264 5052 366 5098 est.
393 5043 471 5095 Η.
493 5043 677 5098 Nonne
706 5043 796 5098 tibi
824 5059 886 5097 ex
915 5043 1016 5097 hoc
1041 5040 1248 5096 videtur
1274 5057 1433 5095 unum
1457 5058 1574 5096 cum
1604 5044 1837 5113 quolibet

266 5148 491 5188 numero
521 5149 625 5188 non
652 5133 879 5189 absurde
906 5147 1062 5202 posse
1089 5131 1358 5188 conferri?
1377 5132 1643 5201 Siquidem
1673 5146 1834 5187 unum

265 5224 370 5278 duo
416 5238 533 5279 esse
586 5239 691 5279 non
743 5238 1015 5292 possemus
1055 5222 1277 5288 dicere;
1322 5222 1427 5277 duo
1464 5230 1637 5277 autem
1676 5239 1834 5280 unum

265 5330 386 5372 esse
437 5316 826 5386 quodammodo
871 5334 884 5368 :
930 5324 985 5370 et
1020 5316 1144 5369 item
1183 5318 1282 5369 tria
1327 5324 1382 5369 et
1414 5324 1636 5384 quatuor
1673 5331 1834 5371 unum

265 5421 388 5463 esse
408 5448 422 5473 ,
451 5422 556 5462 non
581 5406 713 5462 falso
741 5406 842 5461 dici
871 5386 1062 5476 potest.
1082 5403 1150 5457 ο.
1178 5404 1474 5459 Assentior.
1508 5404 1583 5458 Μ.
1610 5405 1837 5461 Attende

266 5499 412 5554 aliud
436 5517 448 5553 :
473 5499 560 5554 die
580 5498 729 5565 mihi,
752 5498 858 5553 duo
880 5506 958 5552 ter
978 5497 1153 5566 ducta,
1175 5494 1299 5566 quid
1320 5495 1514 5549 faciunt
1530 5495 1580 5549 in
1598 5497 1836 5551 summa?

326 5633 344 5663 ⁸
364 5630 769 5681 ςενυωιάηηιεδδε
786 5628 1037 5694 perplacet,
1060 5630 1377 5692 juxtaomnes
1397 5626 1506 5677 Edd.
1536 5634 1586 5677 et
1608 5634 1688 5677 Ms.
1704 5637 1754 5676 Α.
1775 5634 1831 5679 ιι.

325 5694 344 5723 ²
372 5702 557 5766 Tamen,
578 5695 715 5756 juxta
738 5693 879 5742 \‘atic.
944 5699 999 5741 Il.

1681 334 1877 390 LIBER
1914 335 2229 401 QUINTUS.

3385 359 3524 419 Hb“

1958 427 2027 482 Β.
2075 431 2198 487 Sex.
2246 432 2323 487 Μ.
2362 432 2499 489 Num
2539 451 2635 492 sex
2658 444 2713 493 et
2741 441 2836 495 tria
2859 443 3073 500 totidem
3096 451 3254 504 sunt?
3276 451 3343 505 ι).
3368 453 3526 510 Nullo

1955 523 2133 578 modo.
2166 524 2254 615 7M.
2288 526 2438 582 Nunc
2468 529 2566 583 tria
2585 539 2771 598 quater
2788 533 2951 590 ducas
2966 537 3145 606 velim,
3162 554 3524 615 summamque

1954 614 2295 682 respondeas.
2336 616 2405 670 D.
2448 618 2755 675 Duodecim.
2804 622 2882 677 Μ.
2911 625 3070 683 Vides
3097 630 3221 684 item
3246 614 3522 691 duodecim

1953 700 2131 768 plures
2157 718 2277 760 esse
2301 721 2459 775 quam
2482 717 2726 777 quatuor.
2748 710 2818 766 D.
2847 714 2914 769 Et
2937 716 3094 787 longe
3112 734 3264 775 sane.
3295 722 3373 775 Μ.
3403 723 3522 779 Jam

1954 805 2023 878 ne
2067 791 2317 849 immorer
2356 797 2411 861 ί,
2459 798 2664 867 figenda
2706 803 2884 871 regula
2935 815 3017 860 est
3069 826 3082 860 :
3130 811 3174 862 Α
3200 809 3525 878 duobus,et

1950 877 2200 950 deinceps
2224 884 2491 952 quoslibet
2515 902 2767 944 numeros
2792 891 2925 947 duos
2952 896 3319 964 constitueris,
3342 877 3520 955 minor

1951 981 2045 1035 per
2093 970 2349 1039 majorem
2392 975 2767 1045 multiplicatus
2795 1020 2809 1043 ,
2854 996 2976 1036 eum
3023 984 3250 1040 excedat
3296 1003 3516 1044 necesse

1950 1066 2048 1111 est.
2078 1058 2149 1113 ι).
2177 1062 2305 1127 Quis
2320 1062 2422 1119 hoc
2445 1065 2804 1125 dubitaverit?
2832 1073 2966 1137 Quid
2990 1076 3131 1129 enim
3162 1086 3266 1131 tam
3294 1095 3514 1148 parvum

1955 1148 2009 1204 in
2039 1150 2226 1219 plurali
2258 1169 2479 1210 numero
2507 1172 2664 1227 quam
2684 1159 2824 1214 duo?
2851 1177 3008 1231 quem
3034 1173 3209 1219 tamen
3239 1184 3519 1226 numerum

1949 1238 1992 1292 si
2032 1241 2227 1295 millies
2271 1243 2502 1312 duxero,
2539 1248 2609 1302 ita
2629 1251 2848 1305 excedet
2868 1253 3041 1319 mille,
3081 1264 3137 1310 ut
3163 1257 3378 1326 duplum
3408 1262 3520 1316 fiat.

1948 1329 2027 1401 Μ.
2068 1331 2261 1387 Verum
2300 1335 2433 1391 dicis
2481 1355 2495 1391 :
2541 1339 2635 1394 sed
2663 1343 2923 1398 constitue
2949 1361 3132 1412 unum,
3162 1357 3216 1402 et
3235 1351 3522 1419 quemlibet

1945 1420 2136 1477 deinde
2172 1424 2429 1494 majorem
2452 1444 2752 1499 numerum,
2784 1442 2837 1487 et
2864 1437 3307 1504 quemadmodum
3338 1442 3393 1496 in
3419 1443 3521 1498 illis

1946 1510 2271 1569 faciebamus
2289 1556 2303 1581 ,
2348 1518 2608 1575 minorem
2648 1536 2744 1589 per
2765 1524 3019 1593 majorem
3048 1528 3332 1598 multiplica
3352 1572 3367 1598 ,
3394 1548 3522 1588 num

1944 1600 2129 1655 eodem
2179 1605 2337 1659 modo
2374 1607 2542 1676 major
2566 1612 2937 1680 superabitur?
2976 1614 3047 1669 D.
3075 1616 3190 1671 Non
3217 1620 3399 1688 plane,
3426 1623 3521 1676 sed

1944 1691 2131 1759 majori
2151 1693 2327 1748 minor
2345 1697 2653 1765 aequabitur.
2683 1700 2812 1754 Nam
2842 1719 3000 1757 unum
3021 1705 3122 1772 bis,
3155 1707 3279 1772 duo;
3296 1719 3348 1763 et
3361 1726 3523 1766 unum

1943 1779 2140 1846 decies,
2159 1783 2363 1848 decem;
2382 1796 2434 1840 et
2456 1804 2614 1842 unum
2636 1791 2845 1857 millies,
2871 1796 3014 1850 mille
3035 1812 3049 1859 ;
3067 1806 3119 1850 et
3133 1813 3225 1866 per
3237 1802 3525 1869 quemlibet

1943 1871 2099 1926 alium
2119 1889 2394 1930 numerum
2416 1880 2847 1950 multiplicavero,
2866 1899 3023 1939 unum
3045 1902 3259 1944 necesse
3278 1900 3361 1959 est
3372 1908 3527 1962 aeque

1949 1963 2163 2052 tur.iM.
2192 1965 2359 2021 Habet
2400 1984 2527 2038 ergo
2572 1988 2734 2026 unum
2776 1988 2897 2029 cum
2931 1978 3138 2033 caeteris
3184 1983 3416 2037 numeris
3436 1985 3525 2052 jus

1943 2051 2204 2120 quoddam
2245 2058 2584 2125 mqualitatis;
2625 2076 2729 2116 non
2770 2064 2926 2118 modo
2974 2067 3113 2135 quod
3163 2051 3522 2141 quicumque'

1944 2163 2192 2202 numerus
2211 2158 2312 2217 est,
2341 2152 2433 2207 sed
2453 2155 2611 2209 etiam
2637 2158 2775 2225 quod
2803 2160 2956 2215 toties
2983 2160 3171 2217 ductus
3199 2166 3523 2221 tantumdem

1947 2238 2091 2293 facit.
2122 2240 2191 2294 Β.
2224 2242 2709 2302 Manifestissimum
2735 2259 2835 2304 est.
3376 2232 3379 2237 ί
3522 2304 3525 2305 ν

2014 2329 2099 2384 14.
2150 2330 2228 2383 Μ.
2276 2336 2387 2402 Age
2434 2350 2601 2403 nunc,
2642 2337 2786 2393 refer
2837 2342 3071 2398 animum
3101 2346 3167 2399 ad
3191 2347 3519 2417 semipedum

1944 2433 2192 2475 numeros
2211 2462 2224 2485 ,
2253 2422 2440 2491 quibus
2466 2425 2518 2479 iu
2539 2441 2694 2481 versu
2722 2428 2853 2484 fiunt
2882 2434 3119 2488 membra
3141 2434 3439 2505 inmqualia,
3464 2446 3520 2493 et

1943 2509 2129 2563 miram
2170 2514 2448 2582 quamdam
2481 2518 2834 2585 aequalitatem
2867 2522 2963 2577 ista
2994 2539 3150 2593 quam
3179 2506 3518 2584 tractavimus

1944 2599 2145 2654 ratione
2189 2604 2441 2671 reperies.
2490 2606 2652 2673 Nam’,
2696 2618 2753 2664 ut
2798 2611 3015 2680 opinor,
3059 2630 3244 2670 versus
3264 2596 3517 2674 minimus

1944 2692 2187 2762 inaequali
2214 2696 2539 2765 semipedum
2567 2715 2788 2755 numero
2815 2703 2866 2756 in
2896 2705 3149 2760 membris
3174 2717 3253 2763 est
3281 2708 3506 2775 duobus,

1946 2781 2145 2837 habens
2171 2785 2468 2855 semipedes
2497 2799 2724 2858 quatuor
2750 2800 2805 2846 et
2830 2800 2936 2847 tres
2958 2835 2972 2859 ,
3002 2805 3058 2849 ut
3086 2797 3139 2850 in
3164 2797 3297 2863 hoc,
3324 2799 3522 2869 Hospes

1943 2872 2029 2926 ille
2071 2891 2217 2944 quem
2260 2876 2398 2933 vides
2428 2896 2447 2943 ;
2476 2880 2627 2950 cujus
2654 2883 2877 2950 primum
2909 2887 3205 2943 membrum
3232 2889 3373 2959 quod
3400 2898 3517 2957 est,

1947 2964 2145 3036 Hospes
2188 2969 2302 3036 illc,
2349 2972 2518 3025 secari
2570 2975 2841 3044 mqualiter
2884 2986 3059 3046 potest
3096 2979 3147 3032 in
3190 2979 3324 3035 duas
3349 2991 3524 3050 partes

1944 3055 2187 3112 binorum
2231 3061 2559 3131 semipedum
2612 3083 2625 3117 :
2670 3067 2957 3121 secundum
3005 3078 3182 3125 autem
3228 3072 3370 3141 quod
3403 3081 3522 3141 est,

1943 3162 2085 3215 quem
2106 3148 2270 3214 uides,
2298 3150 2368 3205 ita
2398 3151 2676 3222 dividitur,
2707 3165 2764 3210 ut
2795 3173 2895 3211 una
2920 3173 3046 3228 pars
3073 3158 3204 3214 duos
3223 3162 3523 3231 semipedes

1945 3239 2167 3307 habeat,
2191 3242 2356 3298 altera
2387 3260 2579 3309 unum;
2610 3246 2754 3315 quod
2785 3248 2855 3301 ita
2886 3255 2993 3312 est,
3028 3251 3177 3319 quasi
3207 3251 3312 3307 duo
3339 3261 3394 3307 et
3416 3253 3524 3308 duo

1944 3331 2049 3386 sint
2067 3373 2081 3396 ,
2109 3332 2228 3401 jure
2253 3334 2344 3388 illo
2369 3336 2683 3417 aequalitatis
2702 3379 2716 3404 ,
2749 3338 2815 3393 de
2841 3354 2947 3409 quo
2968 3341 3095 3395 satis
3119 3343 3353 3412 egimus,
3379 3345 3521 3414 quod

1946 3420 2103 3477 habet
2126 3438 2284 3477 unum
2306 3439 2425 3478 cum
2455 3427 2703 3482 omnibus
2732 3434 2985 3485 numeris.
3017 3431 3093 3486 Ex
3120 3448 3227 3501 quo
3258 3435 3313 3489 fit
3339 3444 3395 3490 ut
3422 3437 3522 3493 ista

1944 3510 2201 3568 divisione
2231 3523 2434 3569 tantum
2461 3517 2529 3571 sit
2548 3519 2937 3587 quodammodo
2959 3524 3202 3592 superius
3229 3527 3525 3585 membrum

1943 3610 2195 3670 quantum
2228 3605 2509 3673 posterius.
2534 3606 2715 3677 Itaque
2738 3608 2823 3663 ubi
2843 3609 3037 3665 fuerint
3056 3622 3279 3682 quatuor
3296 3626 3348 3670 et
3367 3617 3523 3686 quin-

1943 3708 2044 3762 que
2088 3695 2416 3763 semipedes,
2466 3697 2601 3752 sicut
2640 3699 2739 3754 hoc
2778 3710 2894 3769 est,
2922 3701 3120 3770 Roma,
3153 3704 3346 3771 Roma,
3379 3714 3524 3762 cerne

1943 3792 2128 3851 quanta
2176 3785 2276 3850 sit;
2326 3801 2430 3841 non
2478 3788 2548 3842 ita
2583 3790 2869 3858 probatur,
2905 3802 2958 3847 et
2991 3804 3268 3863 propterea
3296 3808 3521 3854 metrum

1943 3872 2042 3926 erit
2095 3874 2266 3942 potius
2313 3892 2470 3946 quam
2521 3893 2738 3946 versus,
2781 3882 2901 3950 quia
2930 3884 2997 3937 ita
3023 3895 3149 3940 sunt
3174 3889 3407 3943 membra
3436 3890 3519 3945 in-

1941 3964 2159 4031 a:qnalia
2183 3972 2238 4017 ut
2257 3965 2321 4019 ad
2348 3967 2544 4021 nullam
2573 3970 2881 4039 aequalitatis
2905 3973 3073 4043 legem
3099 3977 3330 4033 sectione
3350 3979 3522 4049 aliqua

1942 4053 2143 4120 possint
2187 4055 2392 4109 referri.
2429 4056 2615 4114 Cernis
2642 4062 2867 4131 quippe,
2902 4072 2956 4118 ut
2982 4067 3201 4134 opinor,
3234 4072 3521 4139 superioris

1942 4145 2164 4199 membri
2201 4157 2429 4215 quatuor
2471 4152 2797 4222 semipedes,
2834 4156 3021 4223 Roma,
3061 4160 3251 4227 Roma,
3285 4164 3335 4216 in
3365 4163 3520 4220 binos

1943 4245 2099 4300 posse
2132 4233 2404 4293 discedere
2426 4238 2447 4269 ³
2492 4258 2503 4294 :
2537 4242 2767 4313 quinque
2793 4255 2967 4300 autem
3000 4251 3350 4318 posteriores,
3377 4269 3522 4308 cerne

1941 4334 2128 4391 quanta
2150 4325 2244 4391 sit,
2276 4327 2328 4381 in
2358 4328 2492 4384 duos
2519 4340 2572 4385 et
2593 4341 2700 4387 tres
2728 4335 3026 4404 semipedes
3046 4339 3242 4407 dividi;
3265 4343 3351 4398 ubi
3373 4345 3520 4399 nullo

1937 4412 2057 4503 jure
2102 4426 2319 4483 apparet
2366 4420 2654 4488 aequalitas.
2699 4423 2878 4493 Neque
2916 4427 3056 4480 enim
3093 4440 3311 4497 possunt
3343 4434 3519 4503 aliquo

1942 4502 2099 4557 modo
2131 4512 2332 4559 tantum
2359 4508 2533 4563 valere
2558 4510 2791 4581 quinque
2819 4515 3116 4583 semipedes
3144 4528 3359 4590 propter
3386 4502 3517 4579 duos

1941 4601 1997 4646 et
2043 4601 2180 4660 tres,
2224 4603 2480 4664 quantum
2518 4609 2744 4667 quatuor
2783 4603 2992 4671 valent;
3020 4608 3283 4675 quomodo
3309 4611 3515 4667 inveni-

1940 4698 2060 4737 mus
2085 4685 2327 4753 superius
2354 4687 2405 4741 in
2430 4687 2669 4745 breviore
2700 4707 2858 4747 versu
2881 4702 3079 4751 tantum
3107 4699 3281 4755 valere
3303 4710 3407 4757 tres
3427 4718 3514 4758 se-

1941 4773 2178 4842 mipedes
2212 4786 2427 4845 propter
2460 4794 2621 4833 unum
2650 4790 2701 4836 et
2731 4782 2868 4850 duo,
2890 4794 3144 4855 quantum
3170 4799 3399 4859 quatuor
3427 4808 3515 4846 va-

1941 4861 2068 4916 lent.
2116 4864 2197 4919 An
2243 4866 2440 4936 aliquid
2487 4884 2591 4924 non
2635 4886 2694 4926 es
2721 4885 3025 4942 assecutus,
3056 4886 3148 4932 aut
3175 4894 3277 4933 non
3300 4878 3521 4949 placet?

1940 4951 2007 5006 D.
2036 4952 2147 5019 Imo
2173 4970 2299 5010 vero
2319 4964 2373 5011 et
2394 4958 2671 5015 manifesta
2696 4964 2872 5018 omnia
2901 4973 2954 5019 et
2976 4975 3086 5020 rata
3113 4977 3254 5023 sunt.

2010 5045 2099 5099 15.
2134 5044 2211 5098 Μ.
2245 5046 2388 5117 Age,
2435 5066 2574 5105 nunc
2615 5053 2845 5122 quinque
2868 5063 2922 5107 et
2943 5063 3048 5110 tres
3076 5059 3371 5128 semipedes
3388 5077 3517 5118 con-

1938 5131 2267 5201 sideremus,
2314 5138 2487 5205 qualis
2529 5147 2611 5193 est
2651 5140 2742 5196 ille
2785 5143 3102 5211 versiculus,
3152 5146 3398 5204 Pliaselus
3429 5153 3517 5207 ille

1938 5238 2083 5292 quem
2131 5224 2263 5278 vides
2300 5241 2315 5277 :
2361 5237 2415 5281 et
2442 5228 2717 5283 videamus
2757 5232 3021 5301 quomodo
3051 5234 3149 5291 ista
3192 5237 3516 5308 inrequalitas

1938 5313 2116 5385 aliquo
2146 5317 2463 5385 mqualitatis
2485 5320 2605 5389 jure
2643 5329 2884 5378 teneatur
2911 5340 2926 5378 :
2955 5341 3076 5380 nam
3102 5327 3203 5384 hoc
3219 5345 3383 5400 genus
3409 5348 3513 5388 non

1938 5404 2108 5459 solum
2148 5414 2373 5458 metrum
2395 5447 2410 5471 ,
2454 5407 2550 5461 sed
2581 5410 2739 5464 etiam
2768 5427 2979 5469 versum
3000 5431 3147 5487 esse,
3170 5435 3355 5475 omnes
3382 5438 3513 5478 con-

2001 5512 2676 5605 ἶ.
2698 5532 2759 5569 ex
2774 5527 2854 5572 Its.
2870 5525 3003 5574 A.Sic
3024 5526 3073 5575 in
3096 5534 3174 5579 3.:
3198 5536 3252 5582 Et
3274 5529 3422 5605 longe.
3449 5539 3512 5599 ll.

1937 5580 2071 5635 Sane,
2096 5586 2156 5635 ne
2178 5580 2285 5635 jam
2306 5580 2546 5627 mmwrer.
2574 5588 2626 5629 Μ.
3237 5580 3246 5582 ⁷
3298 5580 3303 5581 ⁷
3348 5580 3420 5605 Τ

2001 5636 2024 5704 ξ
2045 5633 2405 5704 (ﬁrmamque,
2424 5640 2564 5700 juxta
2589 5642 2733 5692 vatlc.
2796 5650 2851 5695 Μ.

2006 5695 2026 5726 ³
2048 5695 2346 5757 Discindere,
2371 5695 2506 5761 juita
2532 5710 2551 5747 \
2566 5704 2674 5753 atic.
2736 5711 2791 5753 at.
