4118 6370
548 314 727 375 1155

590 426 844 485 sentiunt.
878 422 1061 493 Itaque
1087 432 1207 474 cum
1235 416 1464 486 primum
1484 408 1780 465 membrum
1800 406 1853 459 in
1869 400 2167 471 semipedes

595 519 730 573 duos
747 523 803 570 et
827 525 937 569 tres
962 508 1199 567 secueris
1214 546 1233 573 ,
1261 514 1317 561 et
1341 500 1633 559 secundum
1659 498 1713 551 in
1741 496 1877 550 duos
1898 500 1953 548 et
1969 505 2165 554 unum;

590 608 707 677 conj
714 619 879 675 ungas
899 599 1186 674 particulas
1206 610 1337 667 quas
1358 595 1414 648 iu
1428 600 1652 661 utroque
1669 602 1824 659 pares
1843 584 2128 677 inveneris?
2147 622 2164 648 ,

589 672 713 770 quia
737 672 876 752 et'iu
890 672 1060 764 primo
1092 687 1330 744 membro
1354 684 1611 739 habemus
1629 681 1756 745 duo,
1775 688 1829 734 et
1854 679 1907 733 in
1933 672 2166 770 secundo

588 767 793 846 restant
829 787 951 842 dua:
973 780 1243 852 particulae
1265 818 1280 843 ,
1308 791 1411 832 una
1441 776 1493 829 in
1519 774 1691 829 tribus
1713 768 2075 840 semipedibus
2098 767 2167 823 de

589 881 767 950 priore
810 874 1084 936 membro,
1126 871 1290 924 altera
1334 869 1385 921 in
1429 880 1539 920 uno
1577 863 1647 919 de
1693 861 2009 933 posteriore.
2059 857 2165 950 Has

590 982 717 1039 ergo
754 974 809 1021 et
850 963 1169 1019 sociabiliter
1185 959 1451 1029 jungimus
1468 997 1484 1022 ,
1507 955 1629 1025 quia
1656 968 1820 1007 unum
1840 965 1963 1006 cum
1990 949 2167 1004 omni-

588 1062 689 1117 bus
734 1058 895 1113 habet
932 1055 1236 1109 societatem
1264 1052 1319 1116 ';
1365 1057 1419 1104 et
1447 1050 1500 1102 in
1525 1060 1729 1102 summa
1758 1059 1920 1099 unum
1948 1052 2003 1097 et
2032 1042 2161 1107 tria,

588 1157 816 1221 quatuor
856 1148 987 1202 ﬁunt
1004 1185 1018 1209 ,
1067 1143 1208 1213 quod
1237 1149 1319 1196 est
1345 1138 1675 1194 tantumdem
1704 1144 1956 1207 quantum
1980 1134 2086 1189 duo
2111 1140 2165 1189 et

586 1244 713 1298 duo.
744 1240 848 1295 Per
870 1238 1009 1292 hanc
1030 1237 1190 1305 igitur
1217 1233 1504 1288 sectionem
1533 1230 1693 1301 etiam
1719 1230 1949 1299 quinque
1977 1237 2032 1283 et
2052 1238 2163 1283 tres

588 1332 886 1403 semipedes
920 1329 988 1385 ad
1019 1325 1359 1383 concordiam
1383 1324 1710 1393 rediguntur.
1740 1321 1844 1377 Sed
1865 1321 2159 1390 responde,

588 1433 766 1482 utrum
796 1420 1137 1476 intellexeris.
1170 1416 1241 1470 D.
1263 1416 1335 1469 Ita
1349 1430 1475 1470 vero
1490 1454 1505 1478 ,
1528 1421 1583 1469 et
1600 1412 1882 1467 admodum
1904 1413 2089 1481 probo.

587 1513 814 1570 CAPUT
842 1512 1047 1568 Vlll.—-—
1065 1508 1292 1563 Membra
1318 1506 1622 1576 eetnipedum
1644 1505 1862 1577 quinque
1883 1513 1929 1557 et
1952 1512 2159 1572 septem.

664 1604 754 1659 16.
784 1602 861 1658 Μ.
891 1601 1140 1672 Sequitur
1164 1610 1220 1653 ut
1238 1598 1303 1652 de
1322 1598 1552 1667 quinque
1579 1604 1633 1650 et
1650 1603 1852 1663 septem
1875 1593 2161 1663 semipedi-

588 1698 688 1752 bus
727 1696 1080 1760 disseramus,
1122 1691 1306 1762 quales
1345 1697 1468 1743 sunt
1496 1702 1681 1743 versus
1703 1686 1808 1741 duo
1836 1686 1911 1740 illi
1939 1686 2160 1740 nobilis-

589 1788 742 1855 simi,
775 1786 1017 1842 heroicus
1038 1792 1094 1838 et
1112 1797 1268 1853 quem
1292 1780 1572 1839 iambicum
1597 1778 1752 1847 vulgo
1774 1784 1984 1843 vocant,
2002 1777 2159 1830 etiam

590 1878 706 1949 ipse
752 1877 1013 1933 senarius.
1044 1874 1175 1929 Nam
1194 1916 1210 1940 ,
1241 1872 1397 1926 Anna
1418 1872 1673 1940 uirumque
1699 1885 1825 1923 cano
1844 1909 1860 1935 ,
1886 1866 2057 1939 Troja:
2074 1869 2163 1939 qui

588 1971 781 2041 primus
808 1968 871 2023 ab
891 1969 995 2023 oris
1008 2010 1023 2035 ,
1050 1968 1122 2023 ila
1147 1965 1397 2021 dividitur
1414 1972 1471 2019 ut
1484 1965 1712 2034 primum
1731 1962 1845 2032 ejus
1861 1961 2160 2018 membrum

588 2058 857 2127 sit,Arma
879 2059 1136 2127 virumque
1161 2072 1316 2122 cano,
1344 2055 1433 2125 qui
1461 2062 1583 2109 sunt
1604 2052 1868 2123 quinque;
1896 2060 1949 2107 et
1970 2067 2159 2108 secun-

586 2149 748 2218 dum,
787 2148 959 2219 Trojce
995 2148 1081 2219 qui
1118 2148 1310 2218 primus
1338 2146 1401 2199 ab
1426 2146 1553 2209 oris,
1580 2146 1669 2215 qui
1696 2153 1819 2199 sunt
1842 2152 2047 2213 septem
2071 2159 2158 2200 se-

587 2238 846 2309 mipedes.
871 2239 968 2306 Et,
999 2238 1247 2292 Phasetus
1270 2237 1357 2291 ille
1382 2252 1527 2308 quem
1544 2236 1721 2292 videtis
1738 2281 1756 2306 ,
1786 2237 2028 2308 hospites,
2048 2238 2159 2309 pri-

593 2346 739 2385 mum
768 2330 1065 2386 membrum
1092 2330 1280 2392 habet,
1314 2328 1566 2384 Phaselus
1592 2330 1706 2394 ille,
1731 2331 1784 2384 in
1805 2331 2162 2401 semipedibus

589 2424 825 2493 quinque
865 2439 882 2489 ;
925 2422 1216 2478 secundum
1264 2422 1318 2476 in
1365 2429 1602 2491 septem,
1628 2439 1774 2493 quem
1800 2422 2008 2490 videtis,
2038 2422 2159 2477 hoe—

586 2516 731 2584 pites.
777 2514 883 2570 Sed
926 2524 1070 2570 tanta
1109 2515 1196 2569 illa
1231 2513 1477 2570 nobilitas
1504 2513 1556 2568 in
1582 2514 1697 2584 lege
1730 2514 1829 2569 ista
1850 2515 2162 2585 azqualitatis

583 2606 806 2661 laborat.
848 2602 980 2660 Cum
1025 2605 1168 2660 enim
1213 2604 1512 2675 superiores
1537 2606 1767 2675 quinque
1786 2605 2079 2675 semipedes
2108 2606 2161 2661 in

583 2695 719 2751 duos
746 2706 800 2751 et
820 2703 933 2750 tres
949 2693 1304 2761 diviserimus,
1332 2694 1656 2763 posteriores
1684 2704 1861 2750 autem
1889 2703 2091 2765 septem
2108 2696 2161 2752 iu

584 2792 692 2840 tres
714 2794 768 2841 et
790 2794 1032 2855 quatuor;
1053 2791 1343 2854 congruent
1366 2784 1466 2839 sibi
1480 2784 1689 2854 quidem
1704 2786 1972 2855 particula:
1989 2795 2165 2841 terno-

587 2890 706 2929 rum
735 2874 1064 2943 semipedum
1090 2890 1104 2926 :
1135 2873 1230 2928 sed
1249 2872 1294 2927 si
1318 2873 1435 2928 duce
1463 2876 1678 2945 reliqua:
1702 2876 1772 2930 ita
1796 2877 2161 2946 convenirent,

588 2972 650 3018 ut
677 2978 781 3017 una
804 2978 984 3018 earum
1010 2972 1278 3018 constaret
1305 2979 1411 3018 uno
1434 2965 1705 3034 semipede
1723 3007 1739 3032 ,
1764 2966 1869 3021 alia
1892 2968 2161 3038 quinque;

589 3052 1037 3123 conjungerentur
1077 3053 1194 3123 lege
1234 3054 1321 3108 illa
1343 3070 1446 3125 qua
1464 3070 1626 3110 unum
1652 3071 1771 3111 eum
1801 3058 2046 3113 omnibus
2065 3075 2165 3114 nu-

588 3143 749 3199 meris
776 3144 1023 3213 conjungi
1053 3152 1259 3214 potest,
1291 3152 1347 3200 et
1371 3143 1424 3198 in
1459 3160 1663 3200 summa
1682 3163 1773 3201 sex
1796 3146 2000 3214 tierent,
2026 3149 2167 3218 quod

589 3242 717 3289 sunt
755 3234 912 3289 etiam
956 3240 1064 3289 tres
1099 3243 1153 3289 et
1185 3244 1291 3290 tres
1333 3253 1346 3289 :
1381 3252 1520 3292 nunc
1542 3252 1670 3292 vero
1689 3236 1809 3309 quia
1832 3238 1940 3293 duo
1963 3248 2017 3294 et
2034 3256 2166 3310 qua-

586 3331 707 3379 tuor
731 3326 1086 3391 inveniuntur,
1109 3341 1368 3381 summam
1398 3328 1611 3399 quidem
1634 3330 1857 3386 reddent
1872 3332 2165 3398 senariam;

585 3416 678 3471 sed
718 3417 862 3472 nullo
890 3418 1202 3487 :equalitatis
1216 3419 1336 3489 jure
1365 3427 1565 3475 tantum
1594 3422 1769 3475 valent
1788 3422 1893 3477 duo
1912 3431 2165 3492 quantum

583 3517 808 3577 quatuor
826 3550 839 3572 ,
867 3518 925 3564 ut
948 3510 999 3564 in
1021 3509 1387 3580 hujuscemodi
1418 3514 1564 3582 quasi
1589 3515 1978 3572 necessitudine
2002 3530 2169 3586 copu-

585 3598 780 3652 lentur.
830 3598 939 3653 Nisi
984 3600 1118 3655 forte
1157 3603 1276 3672 quis
1317 3602 1510 3658 dixerit
1546 3604 1680 3660 satis
1707 3619 1825 3661 esse
1849 3605 1914 3659 ad
1939 3606 2170 3675 aliquam

582 3689 822 3758 regulam
867 3691 1178 3759 parilitatis,
1220 3692 1363 3761 quod
1409 3700 1465 3746 ut
1508 3703 1616 3748 tres
1642 3704 1696 3750 et
1720 3704 1861 3762 tres,
1892 3696 1963 3749 ita
1991 3696 2096 3749 duo
2119 3705 2173 3749 et

584 3786 811 3847 quatuor
832 3794 928 3835 sex
957 3781 1109 3835 fiunt.
1136 3780 1233 3836 Cui
1262 3783 1451 3838 rationi
1479 3786 1873 3854 repugnandum
1904 3803 2007 3840 non
2036 3787 2175 3842 arbi-

588 3877 701 3924 tror
745 3887 762 3925 :
810 3879 892 3927 est
933 3874 1073 3926 enim
1117 3882 1171 3927 ct
1215 3872 1329 3928 haec
1365 3875 1539 3945 aliqua
1578 3876 1875 3945 mqualitas.
1908 3876 2012 3933 Sed
2043 3878 2169 3933 illud

587 3963 783 4018 nollem
826 3972 887 4018 ut
936 3965 1138 4032 majore
1163 3966 1505 4033 congruentia
1532 3968 1761 4036 quinque
1794 3976 1848 4022 et
1878 3975 1986 4024 tres
2016 3986 2171 4039 quam

585 4052 817 4122 quinque
845 4061 899 4107 et
929 4062 1132 4122 septem
1160 4053 1455 4122 semipedes
1483 4056 1848 4111 convenirent.
1884 4056 2001 4112 Non
2029 4060 2171 4113 enim

588 4151 791 4196 tantum
838 4158 1030 4198 nomen
1057 4152 1139 4198 est
1167 4144 1309 4197 illius
1333 4159 1517 4199 versus
1546 4154 1799 4215 quantum
1829 4148 2087 4214 istorum;
2119 4158 2173 4204 et

587 4233 737 4287 vides
780 4234 833 4287 iu
872 4234 963 4288 illo
1005 4249 1109 4288 non
1159 4235 1317 4288 modo
1364 4243 1565 4289 tantam
1605 4250 1864 4292 summam
1905 4240 2169 4294 inventam

587 4322 795 4377 collatis
843 4337 948 4377 uno
993 4332 1047 4379 et
1095 4324 1262 4379 tribus
1283 4366 1297 4391 ,
1326 4336 1519 4395 quanta
1545 4334 1626 4381 est
1650 4326 1704 4381 in
1732 4328 1937 4383 duobus
1962 4337 2014 4384 et
2040 4331 2172 4385 duo-

587 4411 720 4477 bus;
752 4412 846 4467 sed
876 4413 1033 4468 etiam
1063 4416 1230 4469 multo
1258 4415 1633 4471 concordiores
1665 4426 1842 4487 partes
1867 4434 1985 4474 esse
2004 4462 2019 4485 ,
2050 4435 2168 4475 cum

586 4501 875 4572 junguntur
899 4519 1060 4558 unum
1082 4513 1135 4559 et
1158 4505 1255 4559 tria
1278 4547 1291 4569 ,
1319 4515 1534 4576 propter
1559 4506 1701 4561 illam
1732 4509 1889 4563 unius
1914 4525 2034 4565 cum
2061 4527 2167 4565 cae-

589 4596 717 4651 teris
759 4598 1002 4653 omnibus
1042 4600 1277 4655 numeris
1309 4602 1592 4656 amicitiam
1614 4644 1627 4667 ,
1658 4618 1817 4673 quam
1844 4619 1963 4658 cum
1990 4603 2094 4658 duo
2116 4614 2169 4659 et

586 4694 814 4757 quatuor
854 4688 1197 4758 copulantur,
1238 4690 1376 4745 sicut
1405 4691 1455 4745 in
1487 4692 1600 4747 istis
1626 4701 1724 4747 est.
1752 4694 1832 4748 An
1857 4691 1951 4748 tibi
1974 4694 2166 4764 aliquid

586 4775 872 4833 obscurum
896 4779 1022 4835 est?
1046 4779 1114 4834 D.
1144 4780 1283 4835 Nihil
1312 4797 1545 4852 prorsus.
1574 4781 1679 4839 Sed
1704 4786 1883 4839 nescio
1901 4785 2167 4855 quomodo

587 4883 675 4922 me
716 4868 967 4939 otl‘endit,
1013 4871 1151 4941 quod
1180 4872 1262 4927 isti
1291 4874 1483 4928 senarii
1509 4890 1628 4931 cum
1660 4875 1766 4930 sint
1794 4876 2167 4933 celebratiores

584 4961 793 5014 czeteris
813 4962 1114 5031 generibus,
1146 4971 1199 5018 et
1228 4964 1575 5035 principatum
1605 4966 1889 5037 quemdam
1920 4968 1972 5021 in
1997 4970 2164 5024 versi-

586 5047 687 5103 bus
720 5050 917 5106 ltaberc
945 5051 1187 5107 dicantur
1205 5096 1220 5119 ,
1248 5054 1444 5124 aliquid
1475 5055 1529 5110 in
1555 5056 1911 5111 membrorum
1942 5073 2164 5113 concor-

588 5140 676 5194 dia
704 5142 878 5195 minus
899 5142 1122 5209 habent,
1150 5160 1307 5215 quam
1338 5146 1415 5199 illi
1438 5146 1590 5200 famae
1614 5148 1940 5203 obscurioris
1956 5164 2161 5204 versus.

587 5228 665 5283 Μ.
704 5231 854 5287 Bono
890 5232 1068 5288 animo
1093 5221 1209 5289 esto
1237 5252 1249 5287 :
1278 5250 1399 5289 nam
1421 5251 1519 5304 ego
1546 5237 1638 5292 tibi
1664 5245 1859 5293 tantam
1882 5239 1934 5293 in
1959 5238 2059 5293 illis
2074 5255 2163 5294 os-

587 5322 800 5376 tendam
830 5323 1167 5378 concordiam
1184 5366 1199 5392 ,
1226 5334 1479 5396 quantam
1499 5327 1596 5381 soli
1624 5342 1689 5383 ex
1711 5329 1955 5384 omnibus
1972 5330 2165 5387 habere

588 5423 931 5481 meruerunt,
960 5427 1017 5472 ut
1046 5418 1255 5485 videas,
1286 5414 1608 5489 non-injuria
1637 5437 1730 5476 eos
1753 5437 1872 5478 esse
1900 5424 2159 5493 prmlatos.

647 5547 765 5623 {sic
779 5550 935 5623 static.
961 5551 1289 5619 :Conjmgens
1310 5552 1586 5617 particulas,
1603 5569 1721 5619 (ptas
1737 5554 1796 5606 ab
1819 5563 2019 5622 utraque
2027 5567 2166 5623 parte

580 5605 831 5659 inveneris.
896 5617 953 5660 at.

646 5672 665 5701 ³
690 5670 1068 5735 c‘msocictatem,
1093 5677 1227 5738 juxta
1251 5676 1395 5727 \‘atic.
1460 5682 1517 5727 tl.

1814 290 1901 345 DE
1939 283 2214 351 MUSICA.
2252 281 2312 338 S.
2352 284 2715 346 AUGUSTINI

3716 296 3856 354 “56

2274 400 2381 456 Sed
2424 404 2550 473 quia
2595 403 2711 473 ipsa
2740 404 2983 461 tractatio
3009 404 3280 476 aliquanto
3298 417 3383 463 est
3402 408 3641 478 longior,
3666 423 3827 478 quam
3852 437 3863 446 -

2270 492 2351 546 vis
2373 494 2591 547 omnino
2611 493 2912 562 jucundior,
2946 504 3149 552 restare
3163 497 3314 552 nobis
3336 497 3498 554 debet
3515 508 3775 567 extrema,
3794 510 3854 555 ut

2268 598 2390 638 cum
2419 584 2487 639 de
2510 584 2718 640 caneris
2736 626 2752 651 ,
2786 594 3044 655 quantum
3066 588 3197 641 satis
3221 588 3513 655 videbitur,
3540 589 3851 658 disputave-

2268 674 2467 741 rimus,
2509 675 2619 745 jam
2657 676 2799 731 omni
2823 691 2951 732 cura
2981 677 3218 744 liberati,
3250 679 3316 733 ad
3344 680 3533 735 horum
3560 681 3851 735 scrutanda

2270 766 2555 835 penetralia
2598 767 2895 821 veniamus.
2944 767 3012 820 υ.
3057 768 3182 823 Mihi
3220 786 3349 825 vero
3371 771 3546 840 placet
3573 789 3590 826 :
3614 772 3711 827 sed
3736 772 3850 841 jam

2268 855 2457 910 vellem
2502 864 2560 909 ut
2598 855 2699 911 ista
2738 872 2857 926 quae
2888 858 3066 927 priora
3092 860 3451 929 suscepimus,
3478 861 3739 931 explicata
3766 878 3854 917 es-

2268 954 2417 1010 sent,
2461 954 2517 999 ut
2554 946 2660 1014 jam
2702 946 2830 1001 illud
2872 947 3108 1003 audirem
3137 950 3486 1006 commodius.
3510 951 3589 1007 Μ.
3618 951 3851 1008 Istorum

2267 1036 2658 1105 comparatione
2699 1052 2817 1105 quae
2858 1048 2982 1092 ante
3027 1038 3409 1106 disseruimus,
3441 1042 3576 1097 ﬁunt
3605 1043 3697 1098 illa
3721 1044 3848 1099 du]-

2267 1124 2409 1178 ciora
2435 1111 2873 1195 quae‘exspeetas.
3782 1166 3801 1174 ι

2265 1211 2488 1271 CAPUT
2542 1215 2634 1271 IX.
2676 1246 2749 1257 —
2793 1216 3022 1272 Membra
3067 1220 3375 1289 semipedum
3420 1236 3511 1276 sea:
3554 1230 3603 1275 et
3633 1230 3848 1292 septem

2338 1302 2566 1357 Membra
2602 1307 2910 1376 semipedum
2938 1317 3050 1361 octo
3074 1318 3121 1361 et
3142 1318 3351 1380 septem.
3378 1309 3607 1364 llentbra
3630 1312 3849 1382 διετήρε-

2336 1396 2457 1448 dum
2485 1410 2658 1450 nouem
2686 1405 2732 1450 et
2754 1404 2960 1465 septem.

2337 1484 2423 1538 l7.
2453 1484 2605 1539 Nunc
2630 1484 2808 1555 itaque
2831 1485 3139 1552 considera,
3167 1496 3339 1541 utrum
3371 1486 3425 1542 in
3443 1486 3654 1543 duobus
3670 1503 3849 1545 mem~

2263 1574 2374 1629 bris
2413 1591 2635 1644 quorum
2679 1576 2907 1645 primum
2948 1576 3198 1631 exhibeat
3240 1576 3536 1647 semipedes
3560 1592 3689 1644 sex,
3713 1578 3850 1633 alte.

2264 1680 2382 1720 rum
2410 1675 2613 1735 septem
2632 1706 2648 1731 ,
2676 1666 2970 1736 reperiatur
2991 1681 3055 1721 ea
3082 1666 3355 1737 aequalitas
3383 1674 3443 1721 ut
3468 1667 3569 1723 rite
3587 1680 3709 1723 esse
3730 1682 3851 1722 ver-

2262 1770 2356 1811 sus
2396 1764 2576 1827 queat.
2619 1755 2755 1812 Nam
2801 1766 2921 1826 post
2960 1756 3194 1827 quinque
3230 1766 3284 1812 et
3312 1767 3517 1827 septem
3542 1758 3850 1828 semipedes

2264 1844 2405 1901 hunc
2446 1860 2568 1902 esse
2609 1846 2993 1901 discutiendum
3039 1847 3207 1902 vides.
3256 1848 3422 1918 Hujus
3457 1856 3633 1904 autem
3662 1863 3850 1904 exun-

2264 1937 2409 2006 plum
2454 1945 2538 1992 est
2576 1953 2593 1992 :
2638 1935 2832 2005 Roma,
2862 1954 3006 1993 cerne
3031 1947 3222 2008 quanta
3240 1938 3307 1992 sit
3328 1938 3479 1992 deum
3505 1939 3785 2009 benignitas
3803 1940 3845 1993 ί.

2262 2026 2332 2081 D.
2360 2026 2528 2083 Video
2554 2030 2780 2099 primum
2806 2030 3102 2083 membrum
3125 2044 3283 2099 posse
3303 2029 3356 2083 in
3378 2038 3553 2098 partes
3575 2030 3846 2095 distribui,

2261 2134 2380 2189 qum
2423 2118 2652 2176 habeant
2695 2129 2874 2175 ternos
2909 2119 3228 2190 semipedes,
3258 2120 3552 2175 secundum
3576 2120 3629 2175 in
3658 2128 3769 2174 tres
3792 2129 3848 2175 et

2260 2221 2506 2282 quatuor.
2554 2213 2731 2279 Quare
2765 2212 2965 2283 junctis
3007 2212 3299 2282 mqualibus
3326 2212 3461 2266 ﬁunt
3485 2227 3578 2267 sex
3609 2212 3845 2281 semipe-

2263 2304 2380 2369 des,
2409 2313 2518 2360 tres
2543 2319 2673 2359 vero
2699 2312 2753 2358 ct
2778 2312 3004 2374 quatuor
3028 2313 3232 2373 septem
3256 2313 3402 2370 sunt,
3424 2311 3479 2358 et
3506 2318 3609 2357 non
3628 2317 3847 2373 aquan-

2264 2404 2353 2450 tur
2397 2394 2473 2449 illi
2517 2409 2759 2450 uumero.
2808 2394 2912 2450 Sed
2957 2395 3002 2448 si
3047 2394 3154 2458 duo
3199 2404 3254 2448 et
3281 2394 3387 2449 duo
3417 2394 3468 2448 in
3494 2399 3733 2464 eaparte
3755 2392 3846 2447 ubi

2262 2494 2492 2555 quatuor
2534 2493 2690 2551 suntJ
2735 2493 2790 2539 et
2829 2484 2936 2539 duo
2978 2492 3033 2538 et
3072 2498 3237 2538 unum
3276 2484 3330 2538 in
3356 2498 3417 2537 ea
3444 2492 3592 2552 parte
3622 2482 3709 2535 ubi
3735 2490 3847 2535 tres

2264 2583 2419 2643 sunt,
2463 2575 2863 2631 consideremus
2883 2616 2897 2641 ,
2930 2574 3132 2645 junctis
3164 2574 3402 2645 partibus
3425 2589 3543 2644 qua:
3566 2574 3724 2628 binos
3749 2572 3848 2626 ha-

2263 2664 2424 2730 bent,
2474 2665 2532 2720 llt
2576 2680 2783 2720 summa
2828 2665 3165 2735 quateruaria
3214 2682 3230 2719 :
3270 2664 3468 2734 junctis
3512 2671 3692 2718 autem
3735 2661 3847 2716 illis

2264 2770 2492 2826 quarum
2527 2754 2582 2810 in
2616 2770 2719 2810 una
2748 2755 2854 2810 duo
2878 2763 3033 2819 sunt,
3066 2755 3119 2809 in
3147 2754 3251 2808 alia
3276 2769 3475 2821 unum,
3494 2753 3540 2808 si
3563 2752 3725 2808 etiam
3745 2752 3847 2806 ista

2268 2855 2515 2917 tanquam
2541 2848 2649 2902 sint
2673 2855 2901 2918 quatuor
2920 2847 3239 2917 accipiamus
3262 2887 3277 2910 ,
3306 2854 3521 2916 propter
3545 2845 3703 2900 uuius
3725 2858 3848 2899 cum

2266 2938 2475 2993 czeteris
2521 2938 2759 2994 numeris
2796 2936 3171 3002 concordiam,
3212 2944 3333 2990 octo
3358 2935 3512 2990 simul
3540 2934 3707 2999 ﬁunt,
3734 2947 3850 2987 ma-

2266 3031 2452 3101 gisque
2491 3030 2753 3086 excedunt
2780 3044 3042 3086 summam
3068 3028 3363 3095 senarium,
3394 3043 3553 3099 quam
3609 3041 3731 3082 cum
3758 3040 3850 3081 se-

2269 3133 2415 3193 ptem
2443 3124 2683 3178 fuissent.

2234 3207 2244 3213 ’
2343 3214 2430 3268 18.
2462 3211 2540 3267 Μ.
2565 3213 2647 3267 ‘lta
2678 3220 2790 3279 est,
2823 3220 2881 3267 ut
2907 3211 3075 3267 dicis:
3104 3219 3161 3266 et
3189 3210 3309 3265 ideo
3334 3210 3437 3265 isto
3458 3224 3656 3280 genere
3688 3222 3855 3279 copu-

2272 3302 2485 3357 lationis
2510 3317 2539 3356 a
2569 3304 2685 3373 lege
2713 3317 2961 3357 versuum
2985 3309 3251 3370 separato,
3278 3299 3490 3355 attende
3519 3308 3579 3354 ut
3593 3297 3729 3354 ordo
3757 3314 3855 3369 po-

2272 3393 2466 3459 stulat,
2496 3395 2547 3447 in
2576 3409 2639 3448 ea
2668 3408 2807 3447 nunc
2850 3392 3121 3458 membra,
3156 3406 3379 3462 quorum
3423 3390 3649 3460 primum
3694 3389 3855 3444 habet

2272 3492 2395 3539 octo
2419 3483 2738 3552 semipedes,
2760 3492 2964 3553 septem
2984 3481 3297 3537 secundum.
3318 3481 3423 3535 Ista
3442 3495 3569 3536 vero
3587 3480 3855 3549 copulatio

2276 3573 2434 3626 habet
2459 3571 2598 3643 quod
2618 3571 2922 3641 quaerimus.
2950 3569 3085 3625 Nam
3117 3569 3463 3640 praecedentis
3485 3569 3707 3624 membri
3732 3584 3857 3638 par—

2276 3670 2384 3717 tem
2423 3660 2698 3716 dimidiam
2727 3676 2852 3716 cum
2891 3668 3043 3730 parte
3070 3660 3443 3730 subsequentis
3477 3658 3706 3727 majore.
3733 3674 3855 3728 qua

2274 3750 2506 3806 dimidia:
2535 3751 2778 3820 proxima
2803 3759 2884 3804 eat
2901 3790 2918 3815 ,
2934 3750 3183 3820 jungens,
3217 3748 3466 3818 quoniam
3494 3749 3739 3819 quaterni
3760 3762 3855 3803 se-

2276 3841 2513 3913 mipedes
2535 3850 2693 3907 sunt,
2725 3842 2982 3897 octonarii
3010 3839 3222 3895 numeri
3262 3854 3521 3895 summam
3558 3840 3714 3895 facio.
3745 3840 3854 3895 Re-

2275 3943 2417 3989 stant
2442 3950 2570 4004 ergo
2589 3944 2816 4004 quatuor
2837 3934 3134 4003 semipedes
3152 3934 3222 3989 de
3240 3934 3437 4004 priore,
3460 3943 3570 3990 tres
3588 3934 3655 3988 de
3672 3942 3856 4004 poste-

2277 4024 2417 4079 riore
2444 4025 2703 4079 membro.
2733 4025 2847 4079 Duo
2881 4024 3004 4079 inde
3022 4064 3039 4089 ,
3065 4032 3120 4078 et
3154 4023 3262 4079 duo
3286 4024 3410 4079 hinc
3431 4024 3692 4093 copulati,
3721 4023 3857 4080 ﬁunt

2278 4123 2524 4186 quatuor.
2555 4116 2671 4171 Duo
2697 4131 2882 4170 rursus
2924 4115 3047 4171 inde
3082 4116 3312 4183 residui,
3345 4124 3399 4172 et
3437 4132 3570 4170 unus
3600 4116 3757 4181 hinc,
3787 4116 3856 4171 ad

2276 4208 2445 4277 legem
2466 4207 2607 4262 illius
2627 4208 3009 4262 convenientia:
3022 4208 3273 4275 copulati,
3294 4221 3396 4277 qua
3416 4209 3437 4239 ²
3452 4222 3614 4262 unum
3633 4208 3858 4277 reliquis

2276 4312 2371 4365 par
2392 4305 2501 4359 est,
2531 4296 2921 4367 quodammodo
2946 4307 3224 4352 sumuntur
3252 4312 3349 4367 pro
3373 4305 3616 4367 quatuor.
3644 4296 3722 4355 lta
3738 4297 3854 4367 jam

2274 4389 2578 4444 octouarius
2602 4387 2861 4457 superiori
2901 4388 3176 4442 octonario
3199 4388 3460 4456 congruit.
3500 4385 3572 4440 D.
3613 4386 3720 4442 Sed
3756 4402 3856 4441 cur

2276 4477 2432 4548 hujus
2460 4478 2760 4548 exemplum
2802 4491 2907 4531 non
2936 4477 3129 4531 audio?
3156 4476 3234 4530 Μ.
3263 4476 3395 4543 Quia
3433 4491 3574 4546 saepe
3611 4490 3854 4533 comme-

2274 4577 2535 4624 moratum
2565 4577 2648 4623 est
2671 4584 2685 4621 :
2711 4577 2886 4623 tamen
2914 4583 2982 4623 ne
3018 4582 3117 4622 suo
3151 4569 3272 4624 loco
3310 4567 3726 4637 praetermissum
3756 4582 3857 4636 pu-

2273 4667 2384 4727 tes,
2418 4663 2587 4730 ipsum
2619 4670 2729 4727 est,
2768 4662 2932 4715 Roma
2952 4702 2967 4728 ,
3009 4661 3202 4727 Roma,
3229 4676 3375 4714 cerne
3397 4668 3589 4732 quanta
3612 4660 3677 4714 sit
3705 4659 3856 4711 deum

2275 4752 2588 4822 benignitas;
2617 4751 2704 4807 vel
2731 4751 2830 4806 hoc
2854 4752 3036 4817 etiam,
3068 4750 3300 4821 Optimus
3328 4752 3497 4806 beatus
3516 4750 3605 4805 ille
3624 4750 3709 4820 qui
3736 4767 3866 4819 pro-

2272 4842 2355 4894 cul
2380 4842 2592 4912 negotio.

2345 4931 2431 4987 t9.
2450 4932 2625 4999 Quare
2640 4932 2748 5003 jam
2776 4930 2979 5003 inspice
3003 4946 3196 4987 novem
3221 4939 3277 4986 et
3298 4939 3503 5000 septem
3523 4928 3762 4999 semiped
3772 4943 3865 4982 um

2272 5024 2678 5090 connexionem,
2698 5021 2848 5091 cujus
2865 5021 3164 5091 exemplum
3185 5030 3267 5077 est
3291 5039 3306 5077 :
3337 5020 3426 5075 Vir
3444 5022 3661 5089 optimus
3677 5019 3865 5074 beatus

2275 5117 2363 5171 itte
2379 5116 2466 5188 qui
2490 5116 2667 5186 procul
2690 5118 2908 5186 negotio.
2930 5114 3001 5169 D.
3027 5114 3219 5171 Facilis
3246 5123 3329 5169 est
3354 5114 3565 5184 cognitu
3596 5114 3695 5167 ista
3726 5128 3858 5167 con—

2275 5208 2516 5279 gruentia
2539 5225 2553 5262 :
2575 5207 2818 5276 superius
2837 5206 2979 5260 enim
3000 5207 3296 5260 membrum
3316 5206 3371 5260 in
3393 5215 3616 5274 quatuor
3634 5212 3689 5259 et
3707 5205 3859 5274 quiu~

2274 5314 2394 5370 que,
2420 5300 2687 5367 posterius
2717 5297 2770 5350 in
2798 5304 2904 5351 tres
2929 5304 2983 5351 et
3007 5307 3235 5407 quatuo‘
3260 5296 3556 5367 semipedes
3576 5296 3854 5351 dividitur.

2339 5438 2356 5469 ί
2384 5442 2435 5484 tn
2456 5440 2527 5495 8.,
2557 5442 2715 5493 Roma,
2742 5441 2900 5493 Roma,
2928 5444 3070 5482 cerne
3092 5437 3267 5495 quanta
3289 5430 3350 5483 sit
3367 5431 3516 5496 deum
3541 5430 3807 5496 benignitas
3836 5430 3857 5483 ξ

2271 5496 2395 5547 mala
2416 5496 2709 5557 repetitione
2744 5496 2891 5554 vocis,
2917 5501 3076 5553 Roma,
3097 5506 3209 5543 nam
3233 5495 3377 5555 priori
3399 5497 3619 5557 membro
3639 5495 3750 5544 Octo
3771 5507 3858 5544 se-

2270 5556 2493 5622 mipedes
2514 5557 2752 5622 concedit,
2777 5563 2967 5622 septem
2993 5568 3108 5622 vero
3128 5557 3384 5622 posteriori
3410 5570 3422 5603 :
3449 5556 3576 5620 quod
3611 5564 3861 5622 repugnat

2273 5615 2581 5688 explicationi
2603 5620 2666 5688 ab
2690 5615 2951 5688 augustino
2972 5615 3114 5681 paulo
3130 5615 3243 5680 post
3262 5615 3512 5680 subjectis.
3576 5623 3635 5667 at.

2336 5680 2356 5715 ί
2380 5680 2513 5743 Quia,
2534 5680 2674 5742 juxta
2696 5680 2840 5728 \‘atic.
2901 5684 2958 5733 Μ.
