4118 6370
322 344 458 402 H51

321 457 452 512 Pars
465 449 882 523 ergosuperioris
895 450 1068 503 minor
1078 462 1199 504 cum
1216 456 1364 518 parte
1378 446 1687 517 posterioris
1697 447 1898 516 majore

317 543 624 614 conjuncta,
645 539 973 597 octonarium
993 553 1268 595 numerum
1288 538 1413 593 facit
1444 556 1458 593 :
1480 545 1535 592 et
1554 536 1722 606 major
1744 549 1902 609 supe-

319 633 478 688 rioris
491 644 614 686 cum
639 629 847 686 minore
867 628 1176 699 posterioris
1192 668 1209 694 ,
1235 628 1359 682 item
1389 626 1717 681 octonarium
1739 643 1753 679 :
1776 638 1897 678 nam

318 725 410 783 illa
451 721 759 794 coniunctio
779 730 864 776 est
889 728 1115 789 quatuor
1142 728 1201 775 et
1239 727 1480 788 quatuor,
1530 718 1629 773 ista
1666 717 1898 786 quinque

319 821 379 869 et
404 822 515 868 tres
545 809 865 881 semipedes.
895 810 1010 864 Huc
1035 809 1267 875 accedit,
1288 808 1429 879 quod
1458 808 1687 878 quinque
1711 808 1767 862 iu
1790 806 1898 863 duo

320 916 378 963 et
402 914 513 962 tres
535 902 857 972 semipedes,
888 909 1002 957 tres
1020 909 1195 955 autem
1220 900 1275 954 in
1296 900 1405 955 duo
1427 907 1482 955 et
1505 914 1669 955 unum
1695 897 1742 953 si
1765 897 1899 953 divi-

320 996 477 1063 seris,
499 1001 719 1064 apparet
740 992 844 1048 alia
868 992 1238 1047 convenientia
1265 990 1491 1047 duorum
1518 1005 1640 1045 cum
1668 989 1895 1055 duobus,

319 1096 376 1142 et
398 1086 557 1142 unius
583 1097 704 1139 cum
722 1083 912 1149 tribus,
931 1081 1056 1152 quia
1072 1097 1231 1136 unum
1253 1097 1373 1137 eum
1394 1081 1640 1137 omnibus
1664 1080 1896 1136 numeris

319 1177 567 1247 superius
610 1182 1023 1231 commemorata
1046 1173 1160 1243 lege
1183 1172 1469 1230 confertur.
1513 1172 1621 1227 Sed
1666 1171 1769 1226 nisi
1808 1186 1897 1227 me

319 1266 459 1321 ratio
486 1265 653 1332 fallit,
684 1264 816 1318 nihil
849 1270 1017 1319 restat
1038 1264 1262 1319 ulterius
1280 1262 1421 1332 quod
1445 1261 1512 1317 de
1536 1261 1895 1317 membrorum

320 1356 663 1426 copulatione
688 1355 1064 1425 requiramus:
1089 1355 1198 1424 jam
1220 1354 1364 1410 enim
1402 1353 1469 1407 ad
1505 1360 1627 1409 octo
1665 1367 1896 1422 perven-

322 1454 433 1500 tum
458 1454 541 1500 est
561 1444 748 1515 pedes,
770 1459 928 1515 quem
954 1458 1230 1507 numerum
1252 1444 1464 1509 versui,
1490 1443 1625 1498 sicut
1648 1442 1777 1497 satis
1800 1457 1896 1496 co-

319 1536 626 1607 gnovimus,
655 1549 763 1590 non
795 1533 875 1589 fas
899 1542 982 1589 est
1005 1533 1284 1589 excedere.
1322 1534 1497 1601 Quare
1515 1533 1624 1603 jam
1654 1547 1778 1602 age,
1807 1532 1896 1587 illa

320 1625 656 1681 sellariorum
686 1638 934 1681 versuum
962 1624 1160 1680 heroici
1186 1633 1242 1681 et
1270 1624 1478 1678 iambici
1508 1624 1591 1678 vel
1612 1622 1891 1687 trochaici,

319 1733 426 1787 quo
455 1719 805 1775 intentionem
830 1733 1003 1775 meam
1021 1728 1079 1774 et
1094 1718 1335 1773 exeitasti
1355 1726 1410 1773 et
1432 1718 1701 1786 distulisti,
1724 1717 1895 1788 pande

318 1818 524 1865 secreta
532 1848 547 1863 .

318 1898 547 1958 CAPUT
589 1901 661 1957 Χ.
679 1932 755 1943 —
785 1901 858 1955 De
905 1903 1217 1957 senarion
1275 1918 1505 1957 versuum
1550 1901 1841 1956 excellentia
1877 1916 1896 1955 :

392 2009 476 2047 eos
517 1993 887 2048 decentissimas
925 2009 1027 2048 non
1062 2009 1203 2059 esse,
1234 1993 1333 2047 nisi
1360 1995 1436 2048 vel
1459 1994 1645 2048 heroici
1681 1995 1780 2048 sint
1820 1994 1895 2047 vel
1936 2018 1943 2025 -

387 2080 611 2135 imbici.

386 2172 478 2229 20.
502 2172 582 2227 ll.
614 2172 859 2242 Faciam,
905 2172 1029 2229 imo'
1052 2173 1208 2230 faciet
1250 2175 1362 2245 ipsa
1406 2176 1580 2241 ratio,
1608 2191 1728 2246 quae
1763 2177 1893 2231 mihi

318 2263 519 2333 tibique
544 2264 844 2319 communis
867 2272 969 2320 est.
1011 2263 1118 2319 Sed
1144 2265 1518 2334 meministine,
1539 2281 1740 2337 quaeso,
1771 2282 1892 2322 cum

317 2369 595 2425 ageremus
621 2356 691 2412 de
716 2356 922 2421 metris,
950 2356 1150 2412 dixisse
1182 2372 1281 2413 nos
1304 2366 1356 2412 et
1382 2359 1499 2428 ipso
1523 2373 1685 2413 sensu
1706 2359 1892 2416 admo-

317 2444 445 2499 dum
476 2447 749 2515 probasse,
778 2448 900 2502 illos
933 2448 1096 2518 pedes
1122 2464 1345 2519 quorum
1390 2458 1567 2520 partes
1599 2452 1666 2505 ad
1702 2466 1893 2521 sesqua

317 2534 669 2601 conveniunt,
695 2538 808 2591 sive
834 2538 887 2591 in
911 2538 1115 2593 duobus
1143 2549 1197 2593 et
1222 2540 1423 2606 tribus,
1452 2550 1512 2594 ut
1545 2550 1629 2595 est
1665 2541 1893 2596 creticus

316 2627 399 2681 vel
417 2641 648 2696 paeones,
666 2628 778 2682 sive
798 2630 851 2682 in
876 2629 1042 2683 tribus
1062 2638 1116 2684 et
1143 2640 1387 2700 quatuor,
1410 2639 1469 2684 ut
1485 2631 1701 2700 epitriti,
1714 2630 1894 2684 exclu-

316 2729 407 2771 sos
433 2731 461 2772 a
484 2718 655 2787 poetis
680 2726 895 2788 propter
912 2719 1132 2774 minoris
1162 2721 1454 2775 venustatis
1472 2736 1684 2789 sonum,
1705 2722 1893 2776 soluta:

316 2807 572 2860 orationis
599 2808 938 2862 severitatem
966 2809 1222 2863 decorare
1252 2796 1645 2877 congruentius,
1668 2825 1789 2864 cum
1811 2811 1894 2866 his

315 2895 566 2951 clausulae
604 2896 953 2968 colligantur?
988 2897 1058 2952 Ι).
1088 2898 1305 2953 Memini
1332 2916 1346 2952 :
1374 2900 1467 2955 sed
1494 2915 1749 2970 quorsum
1778 2902 1893 2957 hmo

315 2988 589 3055 spectant?
615 2987 693 3042 Μ.
722 2989 981 3056 Quoniam
1017 2988 1147 3043 illud
1178 2990 1299 3044 volo
1332 2991 1480 3059 prius
1514 2990 1889 3062 intelligamus,

316 3076 681 3146 hujuscemodi
704 3078 928 3147 pedibus
941 3094 974 3134 a
990 3087 1262 3149 poetarum
1286 3082 1597 3136 tractatione
1616 3083 1889 3151 sejunctis,

316 3182 424 3222 non
443 3184 740 3237 remanere,
764 3170 864 3223 nisi
882 3185 977 3225 eos
994 3171 1185 3240 quibus
1201 3171 1267 3225 ad
1291 3171 1637 3237 tantumdem,
1663 3180 1719 3226 ut
1741 3188 1894 3243 spon-

315 3257 449 3313 deus
473 3267 588 3324 est;
615 3269 706 3313 aut
729 3275 825 3315 eos
847 3261 1036 3331 quibus
1067 3262 1134 3316 ad
1162 3261 1378 3331 duplum
1397 3302 1413 3326 ,
1454 3271 1510 3317 ut
1534 3262 1769 3331 iambus;
1799 3273 1894 3320 aut

316 3364 411 3405 eos
434 3351 622 3420 quibus
647 3351 714 3406 ad
740 3360 1021 3423 utrumque
1061 3359 1239 3422 partes
1272 3354 1626 3422 conveniunt,
1657 3363 1714 3409 ut
1736 3356 1892 3411 chor-

316 3439 542 3496 iambus.
590 3442 658 3495 ι).
690 3442 766 3497 lta
804 3452 906 3499 est.
931 3444 1009 3497 M.
1032 3445 1102 3497 At
1121 3445 1165 3497 si
1190 3443 1305 3499 bzee
1332 3452 1415 3499 est
1434 3454 1705 3514 poetarum
1725 3456 1893 3502 mate-

316 3530 443 3595 ries,
465 3541 520 3587 et
545 3534 717 3588 soluta
742 3535 912 3589 oratio
940 3534 1183 3590 versibus
1205 3536 1415 3590 inimica
1440 3544 1523 3590 est
1539 3578 1553 3602 ,
1582 3551 1687 3591 non
1708 3552 1891 3592 versus

318 3621 454 3675 ullus
479 3623 578 3676 nisi
606 3638 674 3678 ex
700 3624 800 3680 hoc
821 3639 1018 3695 genere
1044 3625 1235 3695 pedum
1259 3626 1527 3681 faciendus
1549 3635 1650 3681 est.
1681 3626 1752 3681 ι).
1787 3629 1888 3682 As-

319 3714 538 3770 sentior.
568 3715 734 3772 Video
763 3718 904 3772 enim
939 3727 1179 3788 poemata
1207 3719 1447 3774 versibus
1478 3734 1635 3788 quam
1665 3720 1783 3774 aliis
1808 3720 1891 3791 ly-

317 3803 551 3859 ricorum
593 3815 867 3875 poetarum
906 3808 1088 3863 metris
1114 3808 1228 3863 fieri
1252 3809 1564 3879 grandiora,
1596 3810 1689 3865 sed
1720 3810 1892 3865 adhuc

317 3906 421 3960 quo
444 3896 579 3947 ratio
602 3895 701 3949 ista
733 3896 932 3962 tendat,
962 3895 1167 3966 ignoro.

384 3984 476 4042 2|.
501 3984 580 4041 Μ.
608 3984 685 4041 Ne
707 4001 932 4057 propera
957 4002 970 4040 :
999 3987 1329 4056 disputamus
1351 3989 1493 4043 enim
1513 3989 1624 4059 jam
1643 3989 1710 4045 de
1738 4005 1894 4045 seua-

318 4082 520 4137 riorum
550 4095 797 4135 versuum
836 4079 1172 4142 excellentia,
1198 4088 1250 4132 et
1290 4080 1435 4147 prius
1478 4080 1569 4133 tibi
1609 4082 1764 4149 cupio
1800 4082 1891 4135 de-

319 4178 652 4234 monstrare,
695 4170 741 4223 si
784 4178 993 4239 potero,
1034 4168 1437 4223 decentissimos
1477 4170 1750 4235 senarios,
1791 4170 1891 4224 nisi

318 4260 543 4314 duorum
561 4261 781 4315 istorum
798 4274 1051 4329 generum
1066 4273 1185 4313 esse
1200 4274 1304 4312 non
1327 4274 1502 4328 posse,
1519 4275 1637 4329 qua:
1656 4262 1891 4316 omnium

320 4352 480 4404 etiam
506 4359 629 4404 sunt
650 4350 1015 4415 celeberrima,
1045 4364 1269 4419 quorum
1298 4365 1457 4403 unum
1484 4358 1566 4403 est
1590 4352 1889 4419 heroicum,

318 4451 404 4507 ut,
431 4441 584 4495 Arma
609 4442 867 4512 virumque
902 4456 1059 4506 cono,
1104 4439 1147 4492 Τ
1146 4440 1272 4509 rojw
1305 4440 1391 4509 qui
1430 4441 1621 4509 primus
1656 4444 1718 4493 ab
1755 4444 1890 4509 oris,

319 4534 461 4604 quod
489 4549 613 4590 usus
640 4535 858 4589 metitur
879 4532 1118 4602 spondeo
1143 4540 1197 4586 et
1217 4531 1460 4603 dactylo,
1492 4532 1738 4588 subtilior
1758 4534 1893 4587 ratio

320 4624 558 4694 spondeo
599 4634 653 4679 et
693 4634 962 4695 anapaesto
991 4642 1003 4677 :
1028 4625 1253 4678 alterum
1282 4624 1424 4694 quod
1453 4624 1735 4680 iambicum
1763 4626 1892 4680 dici-

320 4724 425 4781 tur,
440 4723 492 4769 et
509 4715 693 4770 eadem
714 4716 920 4769 ratione
940 4714 1202 4769 invenitur
1218 4716 1560 4770 trochaicum.
1578 4715 1710 4771 Nam
1731 4716 1893 4771 credo

320 4803 413 4857 tibi
444 4803 776 4859 manifestum
803 4818 923 4858 esse
961 4804 1130 4872 longis
1166 4804 1419 4875 syllabis,
1451 4806 1554 4860 nisi
1593 4807 1780 4862 breves
1813 4809 1895 4862 in—

320 4904 683 4964 terponantur,
716 4894 937 4949 obtundi
971 4893 1200 4963 quodam
1227 4894 1387 4950 modo
1412 4896 1578 4965 spatia
1602 4912 1887 4964 sonorum;

318 4987 445 5042 item
473 4986 576 5040 nisi
600 4986 849 5041 brevibus
875 4986 1046 5056 longa:
1067 5027 1081 5052 ,
1110 4986 1269 5041 nimis
1293 4987 1505 5042 concisa
1531 4996 1585 5042 et
1612 4990 1762 5057 quasi
1788 4998 1892 5044 tre-

317 5078 457 5135 mula
486 5077 629 5142 ﬁeri;
652 5086 837 5132 neutra
861 5093 981 5133 esse
1005 5087 1312 5149 temperata,
1335 5081 1576 5149 quamvis
1598 5089 1891 5150 temporum

317 5168 615 5238 equalitate
638 5182 794 5224 aures
820 5168 1074 5239 impleant
1098 5171 1139 5223 ⁸.
1168 5170 1520 5238 Quamobrem
1552 5187 1651 5227 nec
1678 5173 1754 5226 illi
1775 5188 1893 5228 ver-

318 5272 409 5313 sus
433 5259 522 5328 qui
550 5272 644 5315 sex
671 5258 1033 5329 pyrrhichios,
1060 5268 1116 5315 et
1151 5276 1246 5316 sex
1289 5262 1762 5330 proceleumaticos
1798 5263 1893 5319 ha-

319 5345 477 5413 bent,
508 5350 745 5421 aspirant
765 5350 832 5405 ad
858 5351 1057 5436 h‘roici
1096 5351 1403 5423 dignitatem
1423 5396 1438 5420 ,
1465 5369 1565 5409 nec
1591 5356 1665 5410 illi
1687 5356 1755 5411 ad
1781 5366 1889 5413 tro-

329 5437 488 5494 :baici
526 5441 617 5511 qui
652 5455 747 5497 sex
792 5443 1087 5499 tribrachos
1124 5446 1339 5501 habent.
1371 5445 1483 5501 lluc
1511 5449 1741 5514 accedit,
1770 5451 1889 5519 quia

318 5529 372 5585 in
407 5532 521 5587 istis
553 5548 687 5604 quos
709 5535 917 5591 caeteris
942 5536 1053 5607 ipsa
1080 5538 1212 5592 ratio
1239 5539 1529 5608 praeponit,
1570 5540 1615 5594 si
1654 5542 1890 5596 membra

319 5634 668 5695 praeposteres
690 5668 705 5692 ,
738 5635 904 5681 totum
934 5627 1005 5682 ita
1027 5631 1455 5699 commutabitur,
1488 5642 1543 5687 ut
1566 5633 1702 5689 alios
1730 5634 1888 5689 etiam

378 5737 395 5767 ί
424 5735 729 5798 Implemmo',
749 5740 893 5799 juxta
913 5742 1058 5791 vatic.
1123 5748 1181 5791 ﬂ.

1672 333 1874 389 LIBER
1902 331 2211 397 QUINTUS.

3438 343 3579 403 “58

2005 447 2169 517 pedes
2194 446 2496 503 necessario
2511 446 2812 502 metiamur.
2838 448 3015 519 Itaque
3041 451 3576 527 inconversibiliores,

2004 547 2063 593 ut
2113 538 2183 593 ita
2211 538 2405 603 dicam,
2435 548 2559 593 sunt
2581 553 2739 608 quam
2784 538 2855 594 illi
2900 541 2988 610 qui
3026 549 3116 595 aut
3161 544 3406 600 omnibus
3454 546 3577 603 bre-

2002 627 2177 694 vibus,
2200 638 2287 683 aut
2315 628 2487 698 longis
2505 628 2751 683 omnibus
2774 639 3040 685 constant.
3064 631 3133 685 Et
3155 630 3275 687 ideo
3296 633 3407 689 sive
3425 636 3578 703 quin-

2003 733 2109 787 que
2135 727 2190 772 et
2217 726 2452 788 septem,
2479 718 2591 773 sive
2614 727 2817 788 septem
2860 727 2915 774 et
2948 721 3181 790 quinque
3221 723 3577 792 semipedibus

2003 808 2241 864 membra
2288 809 2341 864 in
2386 809 2469 864 his
2513 811 2969 879 temperatioribus
3012 812 3322 868 ordinentur
3348 815 3405 882 ¹,
3445 816 3576 871 nihil

2002 898 2222 955 interest
2249 915 2262 953 :
2290 909 2479 955 neutro
2502 900 2643 956 enim
2672 902 2861 956 horum
2885 902 3071 958 ordine
3105 906 3343 960 converti
3388 922 3578 962 versus

2002 998 2175 1058 potest
2202 990 2318 1045 sine
2347 998 2491 1044 tanta
2519 994 2948 1057 commutatione,
2981 1001 3036 1047 ut
3059 994 3177 1048 aliis
3206 994 3427 1064 pedibus
3454 1011 3577 1051 cur-

2000 1091 2121 1132 rere
2148 1078 2407 1134 videatur.
2438 1077 2495 1132 1η
2535 1080 2639 1133 illis
2681 1089 2858 1136 autem
2885 1082 2929 1135 si
2957 1097 3174 1138 carmen
3216 1094 3448 1154 emptum
3474 1086 3578 1142 erit

2002 1168 2193 1223 talibus
2218 1169 2477 1235 versibus,
2500 1186 2723 1240 quorum
2748 1172 2920 1241 priora
2948 1164 3183 1227 membra
3206 1175 3397 1244 quinos
3417 1178 3576 1231 semi-

2001 1258 2164 1328 pedes
2192 1259 2449 1325 habeant,
2476 1276 2582 1315 non
2607 1270 2849 1330 oporteat
2887 1276 2982 1317 eos
3016 1264 3241 1318 miscere
3283 1264 3339 1318 in
3383 1264 3576 1334 quibus

2000 1350 2204 1419 septeni
2225 1350 2431 1420 priores
2449 1358 2592 1418 sunt,
2613 1366 2679 1405 ne
2696 1352 2806 1420 jam
2830 1352 2986 1407 liceat
3012 1368 3199 1408 omnes
3225 1365 3569 1410 convertere:

1999 1452 2105 1493 non
2146 1438 2286 1492 enim
2312 1452 2344 1491 a
2369 1440 2716 1494 conversione
2750 1450 2962 1496 revocat
2987 1442 3089 1497 ulla
3114 1443 3306 1513 pedum
3332 1457 3573 1499 commu-

1999 1527 2147 1581 tatio.
2173 1527 2279 1581 Sed
2304 1534 2480 1583 tamen
2506 1529 2736 1585 heroicis
2761 1532 3070 1586 conceditur
3089 1534 3356 1603 spondeos
3383 1550 3571 1591 omnes

1998 1618 2268 1673 rarissime
2298 1619 2668 1688 interponere,
2698 1621 2842 1690 quod
2886 1622 3101 1691 quidem
3144 1625 3406 1692 posterior
3443 1635 3573 1679 aetas

1997 1708 2114 1765 haec
2152 1717 2331 1765 nostra
2374 1710 2595 1766 minime
2635 1712 2890 1779 probavit.
2933 1712 3239 1770 Trochaicis
3264 1725 3437 1770 autem
3462 1717 3573 1770 sive

1996 1798 2255 1865 iambicis,
2285 1814 2405 1855 cum
2437 1800 2625 1870 pedem
2653 1801 2973 1856 tribrachum
3003 1803 3237 1872 quolibet
3259 1805 3377 1859 loco
3405 1804 3572 1860 interc

1996 1903 2197 1958 ponere
2222 1890 2397 1957 liceat,
2426 1889 2623 1946 habere
2651 1898 2828 1946 tamen
2853 1892 2907 1945 in
2932 1891 3297 1961 hujuscemodi
3318 1895 3571 1950 carmini-

1995 1977 2097 2033 bus
2126 1994 2337 2033 versum
2382 1980 2615 2036 solutum
2657 1981 2711 2035 in
2754 1996 2940 2037 omnes
2973 1982 3183 2050 breves,
3210 1984 3573 2053 turpissimum

1991 2066 2286 2137 judicatum
2311 2079 2416 2124 est.

2065 2157 2155 2212 22.
2187 2158 2426 2216 Remotis
2446 2160 2604 2231 igitur
2621 2160 2847 2231 epitritis
2870 2160 3094 2230 pedibus
3119 2176 3150 2215 a
3180 2162 3296 2232 lege
3323 2177 3569 2217 versuum

1995 2248 2227 2315 senaria,
2256 2264 2364 2305 non
2391 2249 2563 2304 solum
2588 2249 2733 2320 quod
2758 2251 2948 2305 soluta:
2985 2251 3214 2305 orationi
3251 2260 3374 2306 sunt
3404 2253 3574 2321 aptio-

1994 2353 2110 2404 res,
2137 2355 2321 2394 verum
2348 2340 2506 2395 etiam
2535 2340 2676 2410 quod
2704 2340 2749 2395 si
2776 2355 2869 2396 sex
2897 2340 3122 2407 fuerint,
3152 2341 3362 2412 triginta
3387 2350 3443 2398 et
3468 2343 3574 2398 duo

1996 2438 2234 2499 tempora
2280 2430 2584 2496 excedunt,
2629 2431 2766 2485 sicut
2805 2430 3114 2500 dispondei;
3159 2432 3377 2486 remotis
3414 2440 3571 2487 etiam

1995 2521 2211 2590 quinum
2242 2530 2537 2590 temporum
2558 2522 2803 2592 pedibus,
2828 2523 2966 2591 quod
2992 2521 3094 2576 sibi
3118 2536 3211 2575 eos
3231 2521 3481 2577 libentius
3504 2523 3572 2577 ad

1995 2612 2257 2667 clausulas
2278 2611 2563 2665 vindicavit
2583 2611 2788 2677 oratio;
2810 2611 3055 2665 molossis
3080 2610 3207 2665 item
3230 2620 3282 2665 et
3300 2612 3419 2665 aliis
3442 2621 3576 2665 tem-

1996 2715 2184 2770 porum
2214 2715 2398 2755 senum
2420 2742 2435 2767 ,
2464 2701 2702 2770 quamvis
2732 2701 2785 2755 in
2816 2701 3072 2769 poematis
3100 2703 3468 2757 venustissime
3491 2704 3573 2755 vi-

1993 2798 2172 2859 geant,
2198 2791 2264 2846 ab
2293 2792 2392 2844 hoc
2421 2790 2489 2846 de
2514 2805 2621 2860 quo
2647 2805 2788 2845 nunc
2807 2791 3011 2860 agimus
3034 2806 3257 2846 numero
3276 2800 3572 2861 temporum

1993 2881 2258 2946 exclusis;
2287 2889 2488 2935 restant
2507 2895 2691 2935 versus
2712 2880 2946 2934 omnium
2970 2881 3207 2935 brevium
3229 2882 3571 2953 syllabarum,

1994 2972 2081 3041 qui
2103 2972 2184 3025 vel
2212 2971 2545 3042 pyrrhichios
2569 2971 2655 3025 vel
2683 2970 3157 3040 proceleumaticos
3176 2972 3258 3026 vel
3281 2972 3575 3029 tribrachos

1995 3060 2215 3126 habent,
2234 3069 2287 3114 et
2304 3061 2540 3115 omnium
2561 3059 2835 3129 longarum
2862 3059 2951 3129 qui
2980 3059 3265 3128 spondeos.
3288 3062 3387 3127 Qui
3407 3078 3576 3132 quan-

1996 3165 2152 3220 quam
2184 3150 2530 3204 admittantnr
2557 3149 2623 3203 ad
2652 3149 2921 3205 senarium
2950 3149 3199 3216 modum,
3225 3150 3468 3220 dignitati
3498 3163 3576 3207 ta-

1994 3256 2115 3295 men
2142 3248 2199 3295 ct
2227 3241 2597 3312 temperationi
2639 3240 2829 3294 horum
2872 3240 2963 3310 qui
3007 3241 3258 3297 brevibus
3301 3242 3573 3313 longisque

1992 3331 2295 3396 variantur;
2325 3339 2377 3385 et
2412 3330 2482 3385 ob
2510 3328 2614 3385 hoc
2642 3330 2806 3385 multo
2835 3330 3009 3384 minus
3037 3331 3278 3385 converti
3319 3341 3570 3401 possunt,

1993 3419 2183 3475 cedant
2208 3435 2427 3476 necesse
2455 3430 2558 3475 est.

1992 3514 2219 3569 CAPUT
2262 3514 2441 3568 XL—
2461 3514 2665 3569 Sertorii
2692 3514 2942 3585 quomodo
2980 3516 3288 3571 commodius
3315 3519 3568 3572 metiendi.

2062 3603 2151 3658 25.
2177 3603 2281 3659 Sed
2319 3605 2485 3675 quaeri
2521 3614 2694 3674 potest
2732 3620 2828 3660 cur
2869 3606 3120 3662 meliores
3150 3623 3332 3662 versus
3350 3609 3571 3677 judicati

1993 3693 2099 3748 sint
2123 3694 2347 3760 senarii,
2377 3696 2431 3748 in
2460 3695 2650 3764 quibus
2691 3705 3017 3764 anapaistum
3053 3696 3261 3751 subtilis
3299 3697 3389 3750 illa
3433 3699 3570 3752 ratio

1994 3786 2229 3852 metitur,
2258 3795 2311 3840 et
2330 3786 2366 3840 ii
2396 3786 2447 3840 iu
2476 3785 2671 3855 quibus
2696 3786 3018 3851 trochaeum;
3047 3802 3204 3856 quam
3231 3787 3275 3841 si
3303 3786 3571 3858 dactylum

1994 3875 2086 3942 ibi,
2118 3884 2173 3930 et
2202 3874 2289 3930 hic
2316 3875 2546 3930 iambum
2576 3875 2872 3930 metiretur.
2918 3876 3046 3931 Sine
3092 3876 3398 3951 prmjudicio
3429 3878 3574 3932 enim

1993 3967 2272 4022 sententia:
2293 4006 2310 4034 ,
2339 3967 2587 4037 quoniam
2613 3981 2753 4022 nunc
2774 3966 2840 4021 de
2868 3969 3104 4022 numeris
3129 3969 3348 4039 agimus,
3376 3969 3424 4023 si
3450 3984 3574 4025 ver-

1994 4071 2086 4110 sus
2114 4057 2186 4111 ita
2213 4066 2355 4113 esset
2379 4074 2391 4109 :
2416 4055 2587 4126 Trojo:
2607 4059 2693 4127 qui
2721 4057 2911 4126 primus
2939 4058 3000 4112 ab
3025 4059 3126 4112 oris
3145 4077 3287 4113 arma
3316 4061 3575 4130 virumque

1995 4164 2121 4201 cano
2141 4189 2156 4215 ,
2182 4148 2267 4203 vel
2294 4148 2361 4203 de
2386 4149 2479 4203 illo
2512 4164 2708 4219 genere
2732 4166 2745 4201 :
2780 4150 2878 4215 Qui
2903 4151 3078 4220 procul
3106 4152 3241 4206 malo
3265 4138 3380 4223 pius
3406 4152 3577 4207 beatus

1995 4237 2114 4303 ille;
2141 4246 2362 4307 uterque
2407 4237 2594 4293 horum
2640 4254 2739 4292 nec
2780 4239 2955 4294 minus
2996 4241 3235 4295 senarius
3273 4250 3448 4305 esset,
3476 4257 3575 4297 nec

1996 4329 2175 4384 minus
2195 4329 2435 4383 brevium
2455 4330 2831 4400 longarumque
2852 4332 3171 4402 syllabarum
3195 4334 3580 4402 temperatione

1997 4418 2322 4484 moderatus,
2347 4434 2446 4473 nec
2471 4420 2638 4489 magis
2666 4422 2902 4475 converti
2933 4429 3172 4492 poterat;
3196 4432 3249 4478 et
3274 4424 3326 4478 in
3351 4433 3579 4495 utroque

1996 4507 2237 4561 membra
2266 4507 2335 4561 ita
2364 4507 2607 4563 ordinata
2634 4516 2774 4574 sunt,
2806 4519 2862 4563 ut
2889 4519 2944 4565 et
2967 4511 3018 4564 iu
3040 4512 3223 4581 quinto
3252 4522 3306 4568 et
3334 4514 3384 4568 iu
3416 4516 3580 4584 septi-

1996 4614 2085 4652 mo
2130 4597 2403 4669 semipede
2449 4613 2573 4669 pars
2610 4600 2865 4654 orationis
2915 4602 3226 4657 terminetur
3260 4621 3273 4657 :
3313 4620 3409 4660 cur
3451 4621 3580 4675 ergo

1996 4691 2242 4744 meliores
2269 4689 2384 4743 istis
2413 4697 2678 4757 putentur,
2726 4690 2771 4744 si
2819 4691 2993 4761 potius
3036 4693 3105 4747 ita
3149 4695 3284 4761 sint,
3316 4696 3471 4749 Arma
3506 4697 3577 4749 vi-

1997 4795 2205 4850 rumque
2232 4794 2379 4845 cano,
2411 4778 2578 4850 Trojaz
2600 4782 2687 4852 qui
2708 4781 2903 4852 primus
2928 4781 2988 4837 ab
3010 4784 3130 4838 oris.
3175 4783 3362 4839 Beatus
3386 4786 3471 4838 ille
3493 4788 3577 4855 qui

1998 4872 2171 4942 procul
2195 4870 2307 4941 pius
2329 4871 2463 4924 malo
2484 4874 2509 4926 Ρ
2538 4872 2590 4925 lu
2619 4889 2721 4943 qua
2750 4875 3045 4944 quaestione
3070 4875 3277 4930 facilius
3303 4886 3356 4931 et
3382 4878 3577 4947 procli-

1997 4963 2110 5016 vius
2136 4963 2359 5017 dixerint
2400 4962 2534 5020 forte
2574 4966 2847 5033 evenisse,
2876 4976 2933 5022 ut
2960 4968 3044 5021 isti
3076 4968 3220 5036 prius
3242 4967 3579 5023 animadver-

1998 5061 2232 5109 terentur
2259 5063 2311 5109 et
2338 5054 2798 5126 frcquentarentur
2817 5058 2874 5122 ’ς
2901 5066 2990 5112 aut
3018 5057 3064 5111 si
3090 5056 3141 5111 id
3162 5072 3270 5112 non
3288 5067 3369 5111 est
3390 5056 3579 5113 fortui-

1998 5155 2107 5198 tum
2130 5186 2144 5210 ,
2176 5145 2364 5201 melius
2391 5146 2553 5200 credo
2577 5146 2746 5201 visum
2776 5145 2940 5202 fuisse
2960 5190 2977 5216 ,
3008 5156 3069 5202 ut
3094 5148 3339 5203 heroicus
3366 5148 3575 5204 duabus

1996 5236 2200 5307 longis,
2227 5252 2386 5307 quam
2419 5237 2624 5293 duabus
2660 5237 2910 5293 brevibus
2949 5248 3003 5294 et
3040 5240 3191 5310 longa
3220 5239 3575 5307 clauderetur,

1995 5328 2135 5399 quod
2162 5328 2213 5382 in
2241 5327 2412 5399 longis
2431 5315 2588 5384 aures
2612 5331 2944 5384 commodius
2965 5332 3307 5401 acquiescunt
3330 5350 3343 5386 :
3368 5332 3459 5387 ille
3484 5349 3582 5387 au-

1998 5430 2104 5475 tem
2135 5420 2271 5475 alter
2291 5420 2344 5474 in
2368 5420 2513 5476 ﬁnali
2559 5422 2830 5492 semipede
2867 5424 3077 5494 longam
3117 5424 3374 5495 syllabam
3405 5426 3579 5495 potius

1996 5511 2218 5567 haberet
2249 5528 2405 5584 quam
2442 5513 2679 5569 brevem.
2718 5515 2825 5570 Res
2857 5517 3069 5586 quidem
3111 5518 3189 5573 sic
3213 5532 3273 5571 se
3310 5518 3486 5577 habet.
3515 5510 3573 5574 ut

2058 5624 2076 5656 ¹
2107 5620 2534 5689 Temperatiquibus
2556 5623 2852 5687 ordinentur,
2872 5629 3012 5689 juxta
3031 5627 3179 5678 vatio.
3241 5634 3301 5679 Il.

1995 5689 2347 5798 mulguﬁoam
2366 5685 2803 5752 frequentaretuur.
2818 5685 2963 5740 vatio.
2988 5697 3040 5741 et
3060 5695 3143 5740 Ms.
3169 5697 3279 5752 A,ct
3301 5691 3577 5757 frequenta-
