2059 3185
277 155 348 186 1159

278 213 440 249 quicumque
450 212 543 239 borum
554 211 656 246 priores
667 210 837 245 eligerentur.
850 209 1000 237 necessario
1008 206 1066 234 aliis

281 258 419 286 auferrent
433 259 532 291 locum,
547 257 593 292 qui
614 257 740 284 membris
754 255 848 283 iisdem
871 256 1066 291 przeposteratis

279 305 336 331 ﬁert
349 308 465 339 possent.
484 304 612 336 Quocirca
625 303 646 329 si
665 303 759 330 melior
771 303 903 337 judicatus
922 307 981 336 est,
991 303 1067 337 cujus

278 349 430 383 exemplum
439 353 490 380 est,
504 348 582 374 Arma
595 348 724 383 vit-tutique
734 356 805 380 cano,
820 348 904 383 Trojtc
916 348 958 383 qui
972 349 1068 383 primus

278 394 310 420 ab
318 396 384 426 oris,-
395 393 541 428 ineptejam
552 393 627 420 ﬁeret
636 393 688 420 isto
702 401 829 420 converso
842 393 911 420 aliud
924 401 1017 428 genus,
1029 393 1067 420 si-

279 440 332 466 cuti
347 444 397 471 est,
408 439 491 474 Troja:
499 439 542 473 qui
553 438 648 473 prium;
658 438 689 465 ab
704 438 762 470 oris,
770 447 841 464 arma
850 439 979 472 virumque
992 446 1065 465 cono.

278 484 353 517 Quod
362 484 440 510 etiam
447 483 480 510 de
488 483 620 510 trochaico
630 490 726 517 genere
737 482 932 517 intelligendum
943 488 993 510 est.
1000 483 1067 510 Nam

278 531 300 557 si
313 534 355 557 est
367 529 513 562 honestior,
529 528 621 556 Beatus
637 528 681 555 ille
696 529 739 563 qui
760 528 849 563 procul
859 528 957 563 negotio
971 536 980 555 :
996 527 1067 563 quod

277 582 360 608 genus
367 574 416 600 isto
421 577 611 609 prmposterato
619 573 704 606 ﬁeret,
716 578 744 600 ttt
750 578 790 601 est
798 594 805 605 ,
818 574 867 605 Qui
874 574 963 608 procul
970 574 1067 608 negotio

277 620 365 647 beatus
374 620 426 651 ille,
441 619 497 646 ﬁeri
510 618 627 653 profecto
642 626 695 646 non
709 623 813 653 oportet
827 620 836 634 ¹
850 627 856 645 :
868 623 956 646 tamen
971 619 993 646 si
1008 619 1067 654 quis

277 664 373 691 audeat
385 669 410 692 et
424 665 500 692 faciat
515 666 580 692 tales
590 672 692 697 versus,
706 664 874 692 manifestum
888 668 929 692 est
940 672 999 692 eum
1014 665 1067 692 alia

277 717 375 744 genera
397 711 562 737 senariorum
583 717 643 737 esse
664 709 809 742 facturum,
828 709 925 744 quibus
944 709 997 736 sint
1017 710 1066 736 ista

277 756 399 783 meliora.

311 803 357 829 24.
372 802 403 830 Hi
418 810 481 837 ergo
503 802 668 830 senariorum
681 802 798 829 omnium
812 801 1000 837 pulcherrimi,
1012 807 1065 828 nou

277 851 419 880 potuerunt
431 847 509 874 ambo
522 847 642 874 obtinere
654 846 834 873 sinceritatem
849 854 923 873 suam
937 845 1066 873 adversus

278 892 414 919 hominum
427 892 570 919 licentiam.
586 891 653 918 Nam
677 892 703 918 in
726 891 859 919 trocltaico
877 898 974 926 genere
985 911 992 923 ,
1012 898 1066 918 non

277 937 383 964 senario
395 937 463 968 solo,
475 936 521 963 sed
534 931 606 964 unde
616 936 703 964 minus
718 936 808 971 incipit
821 943 904 971 usqtte
916 935 949 963 ad
962 935 1065 971 magni-

279 981 396 1008 tudinem
410 985 555 1008 extremam
571 988 630 1016 quae
643 985 703 1009 octo
716 981 796 1015 pedes
806 981 902 1013 habet,
917 980 1066 1008 miscendos

279 1030 363 1060 poetae
382 1030 539 1060 putaverunt
561 1031 674 1061 quatuor
697 1030 846 1060 temporum
860 1025 941 1060 pedes
956 1033 1064 1059 omnes,

278 1071 321 1105 qui
332 1070 491 1098 adhibentur
501 1070 535 1097 ad
548 1078 673 1098 numeres
685 1079 692 1096 :
704 1075 732 1097 et
741 1070 826 1098 ϐπ*ωοί
841 1070 945 1105 quidem
956 1071 1067 1099 alternis

279 1116 343 1142 locis
354 1115 439 1150 primo
452 1120 479 1142 et
492 1116 582 1148 tertio,
596 1120 624 1143 et
638 1116 672 1142 ita
686 1115 812 1150 deinceps
822 1136 830 1148 ,
851 1116 873 1143 si
894 1123 910 1143 a
930 1116 1066 1151 semipede

277 1169 368 1189 versus
393 1161 552 1195 incipitzsin
576 1161 609 1188 ab
631 1161 733 1196 integro
754 1161 887 1195 trochaeo,
902 1161 1019 1189 secundo
1039 1166 1067 1190 et

276 1210 370 1241 quarto
383 1206 458 1239 loco,
471 1211 550 1241 atque
572 1206 606 1233 ita
627 1206 754 1241 deinceps
772 1207 884 1234 servatis
902 1207 1064 1240 intervallis,

277 1252 413 1278 memorati
428 1252 559 1287 longiores
572 1252 735 1279 collocantur
746 1251 837 1286 pedes.
851 1252 916 1286 Quze
930 1252 1066 1288 corruptio

276 1301 305 1325 ιιι
320 1297 463 1325 tolerabilis
477 1297 570 1329 ﬁeret,
591 1305 644 1325 non
659 1297 778 1333 singulos
791 1297 874 1332 pedes
887 1298 912 1325 in
927 1298 993 1325 duas
1006 1305 1066 1333 par-

277 1347 334 1375 tes,
357 1350 467 1377 quarum
492 1350 543 1369 una
568 1342 719 1375 levationis,
742 1343 823 1370 altera
847 1343 984 1378 positionis
1006 1348 1063 1377 est,

276 1388 425 1423 plaudenda
437 1388 598 1420 diviserunt;
612 1388 660 1416 sed
677 1396 758 1415 unum
770 1389 864 1423 pedem
879 1389 1012 1423 levantes,
1025 1389 1065 1416 al-

277 1437 362 1461 terum
377 1438 515 1468 ponentes,
527 1433 597 1461 unde
610 1434 696 1468 ipsum
713 1434 846 1461 senarium
860 1434 1008 1461 trimetrum
1019 1442 1066 1462 vo-

276 1483 351 1511 cant,
365 1479 397 1505 ad
415 1478 580 1513 epitritorum
597 1478 754 1506 divisionem
775 1479 895 1513 plausum
908 1479 1063 1506 retulerunt.

277 1523 330 1550 Sed
345 1523 366 1550 si
380 1522 431 1550 hoc
449 1522 541 1550 saltem
561 1527 713 1551 constanter
727 1527 871 1556 teneretur,
884 1523 1003 1558 quamvis
1017 1531 1065 1558 pe-

276 1569 326 1596 des
337 1569 435 1603 epitriti
449 1569 532 1604 magis
545 1569 672 1597 orationis
685 1570 738 1596 sint
756 1577 834 1604 quam
854 1570 984 1604 poematis
994 1591 1001 1602 ,
1016 1577 1066 1597 nec

275 1613 329 1648 jam
352 1614 482 1647 senarius,
502 1614 548 1641 sed
563 1614 695 1641 ternarius
708 1622 800 1642 versus
820 1614 998 1647 inveniretur;
1012 1623 1064 1642 non

277 1663 366 1687 tamen
376 1659 527 1688 omnimodo
536 1660 580 1687 illa
591 1668 761 1688 numerorum
769 1660 973 1688 labefactaretur
982 1669 1068 1696 acqua-

278 1705 348 1732 litas.
361 1705 435 1732 Nunc
449 1713 513 1733 vero
526 1711 639 1741 quatuor
652 1710 800 1740 temporum
816 1706 907 1741 pedes,
922 1706 1065 1734 dummodo

278 1751 305 1777 in
319 1750 384 1778 locis
398 1751 553 1779 memoratis
567 1755 708 1785 ponantur,
724 1751 786 1779 licct
798 1759 849 1780 non
864 1752 948 1779 solum
964 1752 991 1779 in
1005 1760 1065 1780 om-

277 1795 355 1822 nibus
374 1803 490 1831 ponere,
504 1796 550 1823 sed
564 1796 610 1823 ubi
623 1796 687 1825 libet
700 1804 808 1830 eorum,
825 1801 853 1824 et
871 1797 975 1831 quoties
991 1797 1063 1824 libet.

277 1841 365 1869 Nostri
388 1849 451 1869 vero
469 1846 584 1874 veteres,
600 1850 650 1869 nec
664 1843 720 1877 ipsa
739 1842 857 1870 locorum
871 1843 1008 1870 intervalla
1023 1842 1065 1869 in-

278 1887 462 1915 lermiscendis
472 1887 653 1922 hujuscemodi
664 1888 784 1922 pedibus,
796 1896 903 1915 servare
914 1892 1062 1923 potuerunt.

277 1932 364 1966 Quare
375 1933 401 1960 in
412 1933 463 1961 hoc
478 1941 577 1968 genere
594 1938 680 1968 poeta:
692 1934 742 1961 ista
754 1934 922 1969 corruptione
934 1939 1012 1970 atque
1031 1935 1064 1962 li-

276 1978 362 2005 centia
374 1978 451 2013 plane
462 1978 575 2005 assecuti
589 1983 660 2010 sunt,
669 1979 739 2013 quod
752 1986 799 2006 eos
808 1979 922 2007 voluisse
935 1980 1065 2007 arbitran-

276 2023 338 2051 dum
354 2028 404 2056 est,
420 2028 449 2051 ut
463 2028 552 2051 essent
565 2023 592 2050 in
605 2024 699 2051 tabulis
713 2028 835 2059 poemata
847 2025 939 2052 solutae
952 2025 1064 2053 orationi

276 2068 420 2096 simillima.
433 2068 486 2096 Sed
498 2069 622 2103 quoniam
635 2068 700 2096 satis
713 2069 811 2096 dictum
827 2074 867 2097 est
878 2078 927 2097 cur
939 2070 1008 2098 inter
1019 2078 1064 2098 se-

277 2114 366 2141 narios
388 2114 430 2141 isti
443 2121 536 2141 versus
555 2115 638 2150 magis
659 2115 787 2143 nobilitati
806 2116 875 2150 sint,
890 2124 960 2144 nunc
973 2117 1063 2145 videa-

277 2167 337 2187 mus
350 2167 398 2187 eur
409 2159 458 2194 ipsi
473 2160 569 2188 senarii
584 2161 709 2190 meliores
723 2162 877 2191 sintversus
886 2171 964 2199 quam
975 2164 1063 2192 ceteri

276 2205 303 2232 in
318 2205 436 2240 quolibet
449 2205 501 2232 alio
515 2205 609 2240 pedum
624 2214 736 2235 numero
757 2208 904 2235 constituti.
925 2208 983 2236 Nisi
1001 2209 1064 2244 quid

276 2251 357 2278 habes
371 2251 499 2279 adversus
512 2252 562 2279 ista
575 2260 633 2287 qum
648 2253 773 2281 disseras.
795 2254 829 2281 υ.
849 2255 960 2283 Prorsus
973 2263 1064 2283 assen-

275 2297 328 2324 tior
339 2305 346 2323 :
358 2298 446 2332 etjam
459 2298 530 2326 illam
545 2300 725 2327 membrorum
749 2301 924 2335 aequalitatem
935 2323 943 2334 ,
956 2302 998 2329 cui
1021 2309 1064 2329 me

275 2344 480 2372 attentissimum
500 2345 580 2380 paulo
601 2350 664 2373 ante
686 2346 841 2379 reddidisti,
853 2347 875 2374 si
890 2347 930 2374 vel
944 2355 1013 2375 nunc
1025 2346 1064 2375 ias

274 2396 326 2422 est,
342 2397 504 2426 cognoscere
518 2391 691 2419 vehementer
700 2396 836 2427 exspecto.

274 2434 387 2463 CAPUT
405 2435 505 2463 Xll.-—
515 2436 617 2464 Sertorii
630 2444 715 2464 verm
735 2445 779 2464 cur
797 2437 854 2464 aliis
871 2438 1063 2472 prastantiom.

309 2480 353 2508 25.
374 2480 413 2507 Μ.
433 2481 517 2509 Totus
534 2489 598 2517 ergo
609 2482 711 2514 adesto,
726 2486 805 2517 atque
819 2483 960 2518 responde,
976 2487 1064 2511 utrum

275 2525 321 2553 tibi
336 2526 455 2554 videatur
469 2527 594 2562 quaslibet
604 2526 740 2562 longitudo
747 2535 826 2562 posse
835 2527 860 2554 in
869 2528 996 2563 quotlibet
1003 2536 1066 2564 par-

274 2575 315 2599 tes
329 2572 423 2600 secari.
438 2571 474 2599 D.
486 2572 557 2600 Satis
574 2573 639 2600 milii
657 2572 708 2600 ista
721 2579 848 2608 persuasa
860 2576 938 2600 sunt:
953 2581 1002 2601 nec
1013 2574 1064 2601 du-

275 2617 354 2645 bitari
366 2625 444 2653 posse
458 2618 582 2651 arbitror,
594 2618 658 2653 quin
673 2618 760 2646 omnis
773 2618 910 2653 longitudo
923 2627 982 2655 qua:
996 2619 1064 2648 linea

273 2663 380 2698 dicitur,
402 2663 500 2692 habeat
519 2664 655 2692 dimidiam
669 2665 709 2692 sui
723 2669 825 2700 partem
835 2666 856 2698 ',
868 2672 901 2693 ac
913 2673 960 2702 per
973 2665 1025 2694 hoc
1038 2667 1066 2695 in

273 2709 341 2737 duas
354 2710 439 2738 lineas
452 2710 611 2738 decussatim
625 2710 709 2738 secari
720 2715 814 2746 queat:
825 2715 853 2739 et
863 2711 924 2747 quia
934 2712 998 2748 ipsa:
1007 2712 1066 2740 dua:

308 2796 316 2830 ξ
328 2800 353 2822 tu
363 2799 528 2830 l3..oportem.
535 2799 618 2828 valle,
629 2800 727 2830 oportet.
738 2801 767 2823 tl.

306 2828 317 2844 ³
327 2826 557 2854 Habeat'dimammt
569 2826 670 2862 partem,
685 2829 755 2860 juxta
765 2830 837 2855 vatic.
849 2833 878 2855 It.

875 150 919 178 DE
940 148 1079 182 MUSICA.
1093 148 1125 177 8.
1144 148 1324 180 AUGUSTINI

1838 157 1907 188 “60

1121 207 1198 236 lineae
1215 217 1275 244 qua:
1297 210 1347 237 ista
1368 210 1486 238 sectione
1507 210 1602 246 liunt',
1621 212 1713 247 procul
1735 212 1816 242 dubio
1829 214 1910 243 linere

1121 258 1192 286 sunt,
1208 255 1287 282 etiatn
1310 255 1336 282 in
1358 255 1423 290 ipsis
1437 255 1488 283 hoc
1502 256 1560 284 ﬁeri
1575 264 1653 292 posse
1665 257 1835 286 manifestum
1856 265 1908 287 est.

1121 298 1212 333 Itaque
1224 303 1252 326 et
1263 300 1502 335 quantulacumque
1517 301 1652 336 longitudo
1667 302 1695 329 in
1707 303 1836 337 quotlibet
1848 310 1910 338 par-

1121 347 1162 370 tes
1176 344 1259 371 secari
1273 348 1368 378 potest.
1383 343 1422 371 Μ.
1437 345 1645 379 Expeditissime
1657 350 1737 382 atque
1756 347 1907 376 verissime.

1120 388 1208 421 Quare
1220 396 1291 417 nunc
1305 389 1369 417 illud
1383 390 1454 423 vide,
1468 395 1556 418 utrum
1570 395 1642 419 recte
1655 397 1832 426 asseveretur,
1845 400 1909 421 om~

1120 441 1180 461 nem
1195 433 1384 469 longitudinem
1400 435 1434 462 ad
1448 435 1612 464 latitudinem
1626 437 1823 472 porrigendam,
1847 445 1910 473 quae

1119 479 1153 506 ab
1165 480 1220 514 ipsa
1232 479 1326 513 oritur,
1340 484 1440 507 tantum
1451 481 1540 508 valere
1548 486 1674 516 quantum
1686 481 1832 510 latitudinis
1839 490 1909 518 qua-

1120 525 1222 552 dratum
1236 530 1356 560 occupat.
1372 526 1400 553 Si
1414 526 1485 554 enim
1499 528 1587 555 minus
1598 532 1644 555 aut
1655 528 1769 565 amplius
1781 529 1808 556 in
1822 528 1907 557 latum

1119 571 1232 604 spatium
1246 571 1396 605 proceditur
1409 579 1487 606 quam
1505 572 1581 607 longa
1595 577 1637 599 est
1651 572 1719 599 linea
1731 573 1801 600 unde
1812 580 1908 607 proce-

1119 615 1199 647 ditur,
1214 616 1368 650 qttadratum
1381 624 1433 642 non
1444 616 1487 648 ﬁt;
1499 617 1539 644 sin
1549 621 1661 650 tantum,
1673 617 1737 644 nihil
1744 618 1815 645 aliud
1825 626 1907 653 quam

1118 661 1274 695 quadratum
1289 661 1326 687 lit.
1350 661 1385 688 D.
1411 662 1531 696 Intelligo
1549 666 1577 689 et
1597 662 1742 690 assentior:
1757 662 1820 697 quid
1834 663 1907 690 enim

1118 707 1222 734 verius?
1238 707 1276 734 M.
1293 707 1357 734 lllud
1372 715 1435 742 ergo
1446 708 1499 742 jam
1514 708 1598 742 sequi,
1615 712 1643 734 ut
1655 708 1758 742 opinor,
1778 708 1863 740 vides,
1877 713 1908 735 ut

1118 750 1139 777 si
1153 758 1201 785 pro
1216 751 1283 778 linea
1300 752 1326 778 in
1337 751 1442 785 longum
1454 752 1565 778 ordinati
1575 752 1666 778 calculi
1676 759 1752 785 pares
1761 756 1906 786 ponantur,

1118 803 1170 822 non
1185 796 1321 830 perveniat
1344 796 1387 822 illa
1408 797 1543 830 longitudo
1558 797 1590 822 ad
1606 797 1760 830 quadratam
1781 796 1906 828 fortnam,

1119 841 1170 868 nisi
1181 849 1228 876 per
1235 842 1357 868 eumdem
1368 849 1506 868 numerum
1515 842 1679 875 multiplicati
1687 841 1780 868 calculi
1790 841 1905 868 fuerint:

1118 890 1147 913 ut
1160 887 1182 914 si
1195 887 1269 913 verbi
1282 887 1365 921 gratia
1376 886 1442 913 duos
1453 886 1567 913 calculos
1581 894 1673 920 ponas,
1684 886 1840 920 quadratum
1852 893 1907 912 non

1117 930 1209 963 facias,
1223 932 1273 958 nisi
1286 932 1344 958 aliis
1357 931 1459 958 duobus
1476 930 1508 957 ad
1521 930 1685 957 latitudinem
1699 928 1848 964 adjunctis:
1864 930 1907 956 sin

1117 978 1181 1009 tres,
1198 984 1243 1004 sex
1258 977 1416 1011 adjttngendi
1431 981 1502 1008 sunt,
1517 976 1563 1003 sed
1578 976 1644 1003 terni
1655 975 1786 1002 distributi
1795 975 1828 1002 ad
1838 975 1906 1002 duos

1117 1022 1223 1049 ordines
1236 1022 1357 1048 similiter
1371 1022 1396 1048 in
1410 1021 1593 1048 latitudinem‘
1607 1030 1612 1047 :
1628 1021 1650 1047 si
1663 1021 1732 1047 enim
1744 1020 1777 1047 ad
1791 1020 1907 1054 longitu-

1117 1067 1205 1095 dinem
1216 1067 1297 1093 additi
1311 1067 1417 1098 fuerint,
1432 1067 1503 1093 nulla
1519 1066 1600 1100 ﬁgura
1619 1066 1655 1092 ﬁt.
1672 1065 1821 1100 Longitudo
1834 1065 1905 1092 enim

1117 1114 1175 1140 sine
1188 1113 1324 1140 latitudine
1338 1113 1419 1147 ﬁgura
1434 1120 1486 1139 non
1501 1117 1541 1138 est
1551 1112 1570 1137 ³.
1587 1112 1672 1146 Atque
1686 1111 1722 1138 ita
1736 1110 1907 1145 proportione

1117 1159 1178 1186 licet
1188 1159 1356 1185 considerare
1370 1158 1434 1185 alios
1450 1165 1590 1184 numeros:
1605 1161 1632 1183 ut
1646 1157 1717 1183 enim
1731 1156 1773 1183 bis
1790 1156 1862 1186 bina,
1879 1160 1907 1182 et

1118 1208 1159 1232 ter
1169 1209 1243 1232 terna
1255 1205 1395 1239 quadratas
1404 1204 1500 1238 ﬁguras
1512 1203 1536 1229 in
1546 1202 1662 1229 numeris
1673 1202 1781 1232 faciunt,
1792 1201 1828 1227 ita
1839 1208 1906 1235 qua-

1119 1256 1159 1279 ter
1172 1256 1310 1286 quaterna,
1331 1251 1470 1285 quinquies
1483 1251 1572 1284 quina.
1588 1250 1675 1276 sexies
1689 1255 1762 1280 sena,
1777 1252 1857 1282 atque
1870 1247 1908 1273 ita

1117 1304 1165 1331 per
1177 1297 1306 1323 inﬁnitum
1327 1296 1352 1322 in
1367 1296 1479 1322 cmteris.
1493 1295 1528 1321 ο.
1544 1295 1629 1321 Etiam
1650 1294 1697 1320 ista
1711 1297 1767 1319 rata
1780 1296 1808 1320 et
1821 1291 1907 1318 mani-

1118 1342 1183 1369 festa
1193 1346 1263 1368 sunt.
1279 1342 1316 1367 Μ.
1329 1341 1441 1368 Attende
1455 1348 1526 1367 nunc
1536 1344 1623 1367 utrum
1635 1339 1669 1365 sit
1681 1338 1767 1372 aliqua
1778 1336 1906 1371 temporis

1119 1388 1264 1423 longitudo.
1281 1386 1315 1413 D.
1339 1387 1402 1419 Quis
1423 1385 1580 1412 dubitaverit
1599 1384 1701 1410 nullum
1722 1390 1782 1409 esse
1799 1385 1907 1415 tempus

1118 1434 1176 1461 sine
1186 1434 1272 1467 aliqua
1286 1432 1464 1467 longitudine?
1477 1431 1514 1457 Μ.
1526 1430 1612 1464 Quid?
1623 1436 1714 1456 versus
1722 1431 1844 1462 potestne
1853 1434 1906 1453 non

1118 1479 1240 1507 obtinere
1256 1480 1369 1513 aliquam
1383 1478 1508 1512 tentporis
1521 1475 1728 1511 longitudinem?
1741 1474 1776 1500 D.
1788 1473 1844 1500 lmo
1856 1480 1906 1499 ne—

1118 1532 1193 1552 cesse
1208 1528 1249 1551 est
1263 1524 1389 1550 obtineat.
1408 1523 1445 1548 Μ.
1460 1522 1528 1555 Quid
1542 1522 1567 1548 in
1578 1529 1608 1548 ea
1622 1519 1785 1555 longitudine
1794 1525 1844 1553 pro
1853 1517 1909 1545 cal-

1116 1569 1182 1597 culis
1199 1569 1293 1596 melius
1306 1567 1480 1595 collocamus?
1493 1567 1617 1601 pcdesne,
1631 1566 1675 1600 qui
1690 1565 1755 1592 duas
1765 1565 1791 1591 in
1803 1567 1906 1598 partes.

1117 1614 1143 1641 id
1153 1619 1195 1642 est
1208 1614 1364 1641 levationem
1380 1618 1406 1640 et
1419 1613 1575 1647 positionem
1584 1610 1733 1638 necessario
1742 1609 1907 1637 distribuun-

1118 1659 1195 1693 tur‘;
1210 1668 1241 1686 an
1255 1660 1324 1694 ipsos
1339 1658 1488 1693 semipedes
1502 1658 1599 1692 potius,
1612 1656 1656 1691 qui
1667 1655 1783 1690 singulas
1796 1654 1909 1682 levatio-

1117 1713 1165 1733 nes
1181 1705 1375 1740 positionesque
1390 1703 1527 1730 obtinent?
1541 1702 1576 1729 D.
1592 1701 1744 1736 Semipedes
1756 1707 1908 1735 congruen-

1117 1751 1169 1778 tius
1180 1750 1268 1784 judico
1280 1758 1326 1784 pro
1335 1750 1385 1776 illis
1398 1749 1506 1775 calculis
1516 1748 1586 1782 poni.

1151 1796 1196 1822 26.
1218 1795 1256 1821 Ill.
1278 1796 1342 1830 Age,
1363 1802 1433 1821 nunc
1447 1800 1625 1820 comutemora
1645 1792 1792 1819 membrum
1811 1797 1907 1817 versus

1117 1841 1216 1868 heroici
1230 1841 1345 1873 brevius,
1360 1845 1424 1875 quot
1440 1839 1588 1874 semipedes
1602 1839 1706 1866 habeat.
1720 1837 1756 1864 D.
1770 1837 1903 1871 Quinque.

1117 1885 1156 1913 Μ.
1173 1886 1218 1913 Dic
1232 1886 1392 1920 exemplum.
1409 1885 1442 1910 ι).
1458 1884 1535 1910 Arma
1555 1885 1683 1916 virumque
1700 1891 1773 1909 cano.
1786 1882 1823 1909 Μ.
1836 1882 1905 1908 Num

1116 1932 1195 1966 igitur
1205 1931 1275 1958 aliud
1289 1931 1434 1962 desideras,
1451 1930 1500 1956 nisi
1523 1934 1550 1956 ut
1574 1929 1618 1955 alii
1640 1932 1740 1963 septem
1754 1927 1906 1961 semipedes

1116 1985 1176 2005 cum
1192 1978 1248 2004 istis
1263 1978 1379 2012 quinque
1403 1977 1489 2010 aliqua
1508 1976 1658 2010 mqualitate
1679 1973 1854 2002 conveniant?
1868 1972 1904 1999 D.

1116 2023 1187 2051 Nihil
1202 2031 1310 2058 prorsus
1325 2022 1404 2049 aliud.
1422 2023 1458 2049 M.
1474 2022 1560 2055 Quid?
1575 2026 1675 2055 septem
1690 2019 1839 2055 semipedes
1848 2026 1907 2054 pos-

1117 2075 1212 2097 suntne
1227 2070 1340 2103 aliquem
1354 2076 1459 2095 versum
1474 2068 1607 2102 complere
1621 2074 1668 2101 per
1680 2066 1726 2093 se?
1737 2065 1772 2092 D.
1789 2065 1906 2092 Possunt

1116 2122 1196 2141 vero:
1213 2122 1272 2141 natn
1289 2118 1327 2140 tot
1347 2112 1496 2147 semipedes
1519 2112 1598 2139 habet
1612 2111 1713 2146 primus
1730 2117 1761 2137 ac
1778 2109 1906 2136 minimus

1116 2167 1218 2191 versus,
1233 2163 1406 2185 annumerato
1420 2158 1445 2184 itt
1468 2157 1519 2184 ﬁne
1534 2157 1650 2184 silentio.
1668 2156 1705 2182 Μ.
1718 2155 1801 2182 Recte
1815 2154 1882 2181 dicis
1898 2163 1905 2181 :

1116 2205 1163 2232 sed
1183 2210 1211 2231 ut
1229 2212 1323 2231 versus
1343 2210 1403 2230 esse
1423 2203 1514 2237 possit,
1532 2201 1665 2236 quomodo
1677 2202 1702 2228 in
1719 2200 1772 2228 duo
1784 2200 1905 2227 membra

1115 2250 1258 2278 dividitur?
1273 2250 1307 2276 ι).
1324 2250 1350 2276 ln
1370 2253 1482 2283 quatuor
1496 2248 1605 2279 scilicet,
1627 2251 1652 2274 et
1671 2250 1725 2274 tres
1744 2244 1905 2280 semipedes.

1117 2295 1156 2322 Μ.
1169 2296 1226 2323 Duc
1236 2302 1300 2329 ergo
1312 2295 1338 2321 in
1354 2294 1437 2328 legem
1451 2293 1571 2327 quadrati
1583 2292 1630 2319 has
1640 2295 1728 2327 partes
1738 2290 1866 2325 singulas,
1878 2294 1906 2316 et

1115 2340 1176 2368 vide
1191 2340 1252 2375 quid
1269 2340 1366 2366 iaciant
1377 2342 1489 2373 quatuor
1502 2342 1605 2373 quater.
1625 2337 1660 2363 D.
1686 2335 1837 2364 Sexdecim.
1863 2334 1904 2362 Π.

1115 2386 1183 2421 Quid
1204 2387 1252 2413 tria
1269 2386 1326 2412 ter?
1339 2384 1374 2411 D.
1392 2385 1502 2411 Novem.
1522 2383 1560 2410 Μ.
1575 2382 1643 2417 Quid
1658 2387 1741 2410 totum
1757 2381 1855 2409 simul?
1868 2379 1905 2406 D.

1117 2432 1214 2467 Viginti
1227 2432 1353 2466 quinque.
1371 2430 1410 2456 M.
1421 2430 1527 2464 Septem
1542 2435 1606 2464 ergo
1619 2426 1768 2462 semipedes
1779 2425 1907 2462 quoniam

1117 2482 1227 2512 possunt
1241 2476 1339 2503 habere
1352 2475 1404 2502 duo
1418 2475 1536 2502 membra
1545 2495 1552 2508 ,
1577 2473 1689 2509 singulis
1709 2471 1836 2500 membris
1850 2471 1908 2498 suis

1117 2522 1151 2550 ad
1161 2521 1349 2557 quadratorum
1361 2519 1491 2547 rationem
1503 2518 1602 2551 relatis,
1616 2517 1772 2553 vigesimum
1783 2516 1907 2552 quintum

1109 2574 1258 2600 ‘numerum
1271 2567 1297 2593 in
1311 2572 1415 2593 summa
1429 2565 1541 2597 iaciunt;
1557 2567 1585 2591 et
1598 2567 1639 2591 est
1655 2571 1706 2590 una
1730 2570 1791 2598 pars
1812 2568 1909 2589 versus

1118 2613 1230 2641 heroici.
1252 2612 1288 2639 Β.
1310 2612 1348 2639 lta
1368 2616 1419 2639 est.
1435 2611 1474 2638 Μ.
1487 2611 1577 2638 Altera
1591 2611 1669 2646 igitur
1681 2616 1741 2645 pars
1753 2615 1813 2644 quae
1826 2607 1910 2635 habet

1119 2660 1236 2695 quinque
1245 2658 1405 2693 semipedes,
1419 2657 1545 2693 quoniam
1558 2664 1615 2700 nou
1622 2659 1709 2692 potest
1718 2656 1746 2684 in
1758 2654 1813 2683 duo
1821 2660 1910 2682 mem—

1151 2738 1159 2754 ¹
1172 2734 1371 2786 secatioyte’ﬂwu,
1381 2734 1450 2766 juxta
1460 2734 1533 2771 vatic.
1545 2736 1574 2758 nt.

1150 2769 1161 2785 ι
1178 2767 1210 2786 ΑΛ
1221 2767 1288 2786 ΙιιΙώι
1307 2771 1377 2786 1mm
1390 2765 1458 2786 iuxta
1465 2768 1535 2786 Valte.
1546 2767 1574 2786 Ι.

1150 2769 1161 2785 ¹
1174 2767 1210 2792 Ad
1221 2765 1378 2795 latitudinem,
1388 2765 1458 2796 juxta
1465 2765 1535 2789 \‘atic.
1546 2767 1575 2788 Ι.

1150 2796 1296 2834 fortem
1304 2799 1349 2833 est.
1358 2795 1550 2834 summie-3'

1153 2830 1164 2845 ⁸
1180 2827 1330 2858 tribuuntur,
1341 2827 1410 2858 juxta
1422 2829 1462 2850 Ms.
1478 2829 1502 2849 It.
1514 2828 1542 2849 ll.
