4118 6370
336 305 472 362 “Ci

343 426 437 481 bra
461 424 643 490 dividi,
661 423 891 496 ctdebct
918 424 1091 495 aliqua
1113 425 1407 493 aequalitate
1425 436 1725 483 cortctncre,
1754 438 1925 474 nonne

343 529 452 574 tota
474 520 526 573 in
548 518 858 589 quadratum
881 517 1119 573 ducenda
1143 517 1259 571 est?
1286 515 1355 569 Β.
1378 515 1517 571 Nihil
1544 515 1685 569 aliud
1709 516 1927 568 omnino

342 625 559 677 censeo,
592 620 644 667 et
669 610 779 680 jam
819 610 1029 665 tandem
1059 624 1290 680 agnosco
1317 609 1671 679 :equalitalem
1714 606 1927 660 mirabi-

340 705 471 759 lem.
519 703 762 772 Quinque
805 702 946 758 enim
991 703 1269 773 quinquies
1312 702 1466 756 ducta
1512 701 1700 756 eadem
1744 700 1926 771 viginti

341 795 576 864 quinque
601 803 993 849 consummant.
1023 793 1129 848 Nec
1153 808 1280 862 ergo
1303 792 1562 847 immerito
1589 793 1782 847 senarii
1810 807 1926 846 ver-

342 899 438 938 sus
479 885 691 939 czeteris
734 884 1112 939 celebratiores
1163 884 1554 953 nobilioresque
1596 882 1718 938 facti
1762 892 1923 937 sunt:

343 977 449 1031 dici
487 976 627 1032 enim
668 978 750 1031 vix
800 986 973 1045 potest
1015 987 1269 1047 quantum
1300 977 1437 1032 inter
1464 976 1676 1031 illorum
1707 976 1924 1045 aequali-

344 1078 505 1123 tatem
555 1068 605 1122 in
660 1068 911 1123 membris
964 1068 1273 1136 imparibus,
1318 1077 1373 1124 et
1411 1068 1639 1123 aliorum
1686 1068 1924 1122 omnium

341 1160 570 1217 intersit.

745 1231 973 1288 CAPUT
1012 1232 1149 1287 Xlll.
1167 1262 1239 1272 —
1257 1231 1522 1301 Epiloqus.

412 1323 501 1376 9.7.
544 1321 621 1376 Μ.
662 1321 776 1377 Non
808 1332 861 1377 te
901 1339 1028 1392 ergo
1077 1322 1265 1378 fefellit
1312 1321 1623 1393 pollicitatio
1664 1339 1801 1388 mea,
1840 1323 1923 1377 vel

343 1415 519 1485 potius
549 1415 659 1487 ipsa
688 1430 806 1479 nos,
837 1430 993 1485 quam
1024 1425 1243 1483 uterque
1272 1423 1517 1469 nostrum
1545 1414 1803 1485 sequitur,
1837 1431 1926 1469 ra-

344 1509 438 1561 tio.
470 1508 643 1575 Quare
673 1517 729 1562 ut
758 1507 914 1561 istum
954 1508 1061 1575 jam
1089 1522 1389 1561 sermonem
1430 1505 1809 1561 concludamus
1832 1506 1927 1561 ali-

342 1598 573 1670 quando,
607 1600 782 1655 cernis
809 1607 953 1653 certe
977 1614 1099 1653 cum
1130 1597 1235 1651 sint
1261 1609 1428 1653 metra
1458 1613 1592 1667 pene
1624 1598 1929 1653 innumera-

342 1692 489 1756 bilia,
512 1707 725 1747 versum
750 1701 923 1746 tamen
950 1706 1067 1745 esse
1091 1707 1193 1743 nun
1216 1705 1394 1759 posse,
1420 1690 1518 1744 nisi
1542 1689 1746 1744 duobus
1762 1706 1928 1745 mem-

340 1784 453 1839 bris
478 1784 689 1839 sibimet
702 1784 1054 1847 concinnatis,
1075 1794 1167 1838 aut
1185 1783 1405 1838 totidem
1432 1783 1811 1853 semipedibus,
1830 1783 1925 1838 sed

340 1891 447 1929 non
470 1875 911 1930 conversibilibus
936 1875 1254 1941 terminatis,
1277 1884 1335 1929 ttt
1362 1882 1463 1939 est,
1495 1874 1749 1929 Harenas
1769 1877 1927 1929 alaris

342 1968 473 2021 edite
506 1968 739 2038 regibus;
765 1976 855 2022 aut
883 1968 1078 2038 dispari
1119 1984 1343 2024 numero
1381 1970 1543 2024 etiam
1568 1969 1924 2039 semipednm,

342 2060 437 2115 sed
470 2070 645 2115 tamen
669 2061 843 2132 aliqua
870 2062 1175 2133 aequalitate
1200 2062 1522 2133 conjunctis,
1558 2074 1612 2117 ut
1640 2071 1765 2119 sunt
1792 2078 1925 2133 qua-

342 2162 463 2207 tuor
486 2162 538 2208 et
568 2163 695 2216 tres,
728 2164 819 2208 aut
857 2155 1095 2226 quinque
1116 2164 1169 2210 et
1205 2164 1344 2221 tres,
1372 2157 1452 2212 vel
1492 2158 1725 2228 quinque
1762 2166 1815 2211 et
1838 2172 1925 2211 se-

341 2254 508 2314 ptem,
540 2255 628 2298 aut
654 2260 749 2299 sex
781 2254 835 2301 et
863 2256 1089 2315 septem,
1124 2258 1214 2302 aut
1253 2258 1373 2302 octo
1402 2257 1455 2304 et
1480 2258 1706 2320 septem,
1734 2249 1817 2304 vel
1838 2264 1926 2304 se-

342 2344 485 2404 ptem
515 2343 569 2389 et
598 2351 809 2390 novem.
843 2337 880 2391 A
906 2338 1062 2406 pleno
1082 2338 1224 2393 enim
1247 2339 1379 2409 pede
1403 2340 1724 2408 trochaicus,
1747 2348 1805 2396 ut
1824 2352 1925 2409 est,

346 2424 579 2495 Optimus
608 2426 780 2480 beatus
808 2428 895 2482 ille
917 2428 1005 2499 qui
1033 2434 1212 2499 procul
1239 2430 1476 2499 negotio;
1504 2440 1559 2486 et
1586 2447 1617 2487 a
1640 2448 1742 2487 non
1768 2434 1929 2503 pleno

342 2525 520 2586 potest
548 2533 735 2573 versus
761 2519 1013 2584 exordiri,
1061 2529 1117 2575 ut
1144 2530 1245 2588 est,
1286 2521 1375 2576 Vir
1410 2524 1627 2594 optimus
1654 2525 1822 2580 beatus
1842 2526 1930 2582 ille

341 2609 427 2677 qui
456 2609 631 2677 procul
674 2610 871 2680 negotio
904 2626 925 2664 :
958 2613 1227 2666 terminari
1257 2621 1433 2669 autem
1476 2615 1575 2669 nisi
1623 2632 1727 2671 non
1770 2617 1928 2687 pleno

341 2717 559 2770 prorsus
582 2720 689 2761 non
721 2716 915 2776 potest.
945 2709 1050 2764 Sed
1076 2709 1161 2764 isti
1187 2725 1293 2765 non
1324 2712 1465 2781 pleni
1497 2712 1680 2781 pedes,
1708 2714 1821 2769 sive
1842 2714 1926 2769 in-

343 2802 520 2865 tegros
566 2799 865 2868 semipedes
906 2800 1153 2866 habeant,
1183 2802 1337 2856 sicuti
1362 2813 1446 2858 est
1475 2805 1575 2860 iste
1601 2820 1756 2875 quem
1788 2823 1929 2864 nunc

342 2890 524 2956 posui;
557 2890 667 2943 sive
695 2893 870 2946 minus
894 2908 1053 2962 quam
1083 2893 1357 2948 dimidium
1390 2896 1601 2964 pedem,
1620 2898 1820 2953 sicutin
1840 2901 1927 2954 illo

341 2979 702 3036 choriambico
730 2982 847 3037 duae
874 2984 1070 3038 ultimae
1099 2985 1309 3049 breves,
1342 2984 1595 3041 Maecenas
1616 2992 1772 3045 atavis
1800 2994 1930 3048 edite

341 3072 573 3140 regibus;
610 3073 723 3129 sive
752 3075 872 3144 plus
903 3091 1058 3146 quam
1101 3077 1398 3144 dimidium,
1439 3090 1497 3135 ut
1525 3082 1577 3135 in
1617 3083 1732 3150 ejus
1757 3087 1929 3154 capite

341 3161 462 3217 dum
493 3164 676 3233 prima!
715 3166 908 3237 longae,
952 3178 1043 3223 aut
1090 3170 1140 3224 in
1185 3171 1289 3225 fine
1332 3174 1551 3229 alterius
1578 3175 1927 3234 choriambici

342 3252 612 3321 bacchius,
641 3257 791 3326 cujus
809 3260 1108 3329 exemplum
1139 3271 1239 3328 est,
1270 3262 1343 3317 Te
1366 3264 1545 3319 domus
1576 3266 1801 3322 Evandri
1821 3272 1859 3336 ³,
1884 3282 1931 3326 te

342 3346 482 3399 sedes
507 3347 639 3401 celsa
663 3347 835 3403 Latini
856 3350 955 3421 (a).
980 3350 1177 3407 Omnes
1198 3368 1324 3423 ergo
1352 3355 1437 3409 isti
1460 3372 1566 3412 non
1594 3358 1735 3429 pleni
1765 3361 1929 3432 pedes

344 3439 647 3507 semipedes
678 3452 1065 3511 nuncupantur.

406 3553 419 3581 ¹
455 3561 511 3603 Te
534 3553 703 3605 domus
726 3555 991 3617 Evmtdrea,
1017 3558 1157 3620 juxta
1180 3566 1254 3609 Er.
1280 3562 1543 3626 Evandria,
1566 3566 1707 3629 juxta
1728 3573 1839 3619 ιον.

402 3638 475 3700 (τι)
508 3646 639 3690 ttunc
661 3655 854 3693 versum
877 3646 1197 3695 Terentianus
1219 3645 1375 3699 refert
1397 3650 1526 3699 inter
1549 3651 1811 3714 phalecios.

1715 302 1910 357 LIBER
1950 301 2240 359 SEXTUS.

3478 320 3619 378 “6!

2111 422 2198 476 9.8.
2225 420 2340 476 Jaat
2352 440 2477 478 vero
2492 442 2599 480 non
2618 427 2785 481 solum
2805 428 2925 482 talia
2945 443 3184 499 poemata
3205 433 3444 491 versibus
3461 443 3614 506 fiunt,

2038 516 2165 569 utin
2197 516 2277 571 his
2304 533 2462 571 unum
2488 536 2651 587 genus
2684 530 2946 589 teneatur,
2973 524 3147 593 qualia
3180 527 3457 595 Epioorum
3483 547 3616 601 poe-

2036 619 2208 663 tarum
2238 620 2383 671 sunt.
2413 612 2493 665 vel
2523 613 2681 667 etiam
2706 612 3075 683 Comicorum;
3106 617 3201 673 sed
3247 618 3368 675 illos
3404 636 3618 692 quoque

2032 700 2267 755 ambitus
2287 717 2421 771 quos
2447 709 2687 773 περιόδους
2718 704 2888 760 Graeci
2920 718 3128 774 vocant,
3154 725 3259 764 non
3284 720 3483 767 tantum
3514 713 3617 769 illis

2034 792 2219 846 metris
2242 809 2359 863 qua:
2385 793 2501 864 lege
2528 811 2781 850 versuum
2804 813 2907 851 non
2941 808 3207 864 tenentur,
3239 800 3417 873 Lyrici
3444 815 3623 876 poetae

2031 881 2251 950 faciunt,
2282 884 2375 939 sed
2402 886 2561 940 etiam
2588 887 2848 942 versibus.
2878 888 3008 944 Nam
3037 890 3125 948 ille
3154 891 3350 959 Flacci,

2278 1028 2377 1070 Nox
2402 1032 2527 1083 erat,
2551 1030 2602 1074 et
2624 1023 2749 1074 caelo
2769 1022 2990 1089 fulgebat
3012 1027 3127 1079 luna
3146 1042 3330 1080 sereno

2276 1112 2405 1156 Inter
2427 1108 2611 1157 minora
2632 1108 2810 1159 sidera.

2737 1194 2927 1255 (uorat.
2952 1195 3097 1259 Epod.
3122 1195 3215 1258 ode
3239 1198 3341 1259 15)

2031 1313 2341 1370 bimembris
2360 1316 2591 1371 ambitus
2610 1328 2710 1382 est,
2744 1327 2798 1374 et
2826 1320 3064 1375 versibus
3094 1332 3362 1377 constans.
3387 1322 3489 1391 Qtti
3512 1322 3620 1377 duo

2030 1419 2215 1460 versus
2244 1406 2454 1462 sibimet
2476 1410 2760 1464 convenire
2788 1426 2889 1463 non
2913 1421 3155 1481 possunt,
3179 1412 3277 1467 nisi
3309 1421 3525 1483 uterque
3550 1415 3617 1468 ad

2030 1512 2280 1553 senornm
2308 1508 2600 1570 temporum
2636 1502 2895 1555 referatur
2924 1501 3103 1569 pedes.
3139 1502 3272 1557 Nam
3302 1504 3491 1560 modus
3517 1504 3615 1560 he-

2031 1592 2209 1645 roicus
2236 1606 2355 1646 cum
2385 1591 2544 1645 modo
2574 1592 2802 1647 iambico
2832 1594 2910 1649 vel
2940 1593 3213 1652 trochaico
3230 1610 3335 1650 non
3350 1594 3618 1666 concinit,

2031 1681 2153 1750 quia
2186 1682 2256 1736 illi
2288 1683 2447 1753 pedes
2468 1684 2532 1737 ad
2563 1686 2911 1754 tantumdem,
2941 1685 2991 1740 hi
3016 1686 3082 1740 ad
3123 1687 3341 1756 duplum
3372 1688 3615 1758 partiun-

2032 1788 2137 1833 tur.
2167 1779 2325 1834 Fiunt
2349 1795 2477 1851 ergo
2502 1780 2736 1836 ambitus
2765 1791 2856 1834 aut
2884 1782 3129 1835 omnibus
3160 1783 3343 1837 metris
3364 1798 3469 1836 non
3491 1798 3614 1839 cum

2030 1872 2294 1938 versibus,
2324 1882 2379 1926 ut
2409 1873 2483 1926 illi
2522 1882 2645 1927 sunt
2681 1873 2748 1927 de
2776 1874 2969 1942 quibus
2995 1873 3045 1926 in
3078 1874 3337 1943 superiori
3363 1888 3614 1930 sermone

2030 1964 2351 2034 disputatum
2381 1975 2484 2032 est,
2529 1981 2649 2021 eum
2690 1966 2757 2021 de
2800 1967 2927 2037 ipsis
2971 1966 3154 2021 metris
3181 1982 3491 2037 ageremus;
3522 1976 3615 2021 aut

2033 2064 2236 2111 tantum
2276 2058 2537 2124 versibus,
2580 2066 2635 2111 ut
2676 2058 2708 2110 ii
2752 2058 2820 2113 de
2864 2058 3057 2128 quibus
3086 2074 3228 2113 nunc
3263 2058 3460 2115 dictum
3489 2068 3610 2119 est:

2031 2156 2123 2203 aut
2150 2158 2207 2203 ut
2232 2157 2286 2204 et
2304 2149 2567 2216 versibus,
2593 2158 2646 2204 et
2664 2150 2782 2205 aliis
2810 2151 2993 2205 metris
3018 2160 3383 2221 temperentur
3400 2153 3439 2218 ‘,
3458 2152 3613 2222 quale

2031 2240 2158 2296 illud
2188 2250 2301 2297 est:

2187 2377 2432 2442 Diflbgere
2454 2380 2612 2439 nives,
2633 2379 2845 2429 redeunt
2856 2381 2957 2443 jam
2977 2382 3192 2445 gramina
3214 2394 3337 2445 caml
3352 2382 3412 2441 is,

2185 2461 2539 2526 uberibusque
2552 2476 2720 2513 comae.

2521 2544 2621 2607 (Id.
2643 2543 2728 2596 lib.
2751 2545 2783 2594 4
2802 2544 3094 2607 Cruminam,
3119 2544 3211 2597 ode
3230 2546 3304 2610 7.)

2030 2669 2150 2739 Quo
2175 2680 2352 2726 autem
2383 2671 2570 2727 ordine
2598 2672 2841 2727 locentur
2868 2673 2951 2728 vel
2978 2690 3161 2728 versus
3189 2689 3309 2728 cum
3347 2674 3464 2728 aliis
3503 2690 3620 2728 mo-

2035 2763 2151 2828 tris,
2182 2762 2267 2818 vel
2296 2762 2497 2833 majora
2527 2763 2765 2818 membra
2791 2780 2915 2819 eum
2944 2765 3255 2828 minoribus,
3289 2764 3418 2819 nihil
3447 2765 3615 2819 inter-

2030 2866 2115 2911 est
2155 2842 2221 2911 ad
2265 2857 2472 2911 aurium
2519 2857 2873 2927 voluptatem,
2919 2856 3207 2911 dummodo
3252 2873 3358 2911 non
3408 2857 3620 2911 brevior

2031 2964 2188 3019 quam
2218 2949 2550 3017 bimembris,
2582 2965 2685 3005 non
2714 2951 2939 3020 amplior
2974 2966 3131 3020 quam
3177 2949 3619 3021 quadrimembrh

2034 3041 2102 3095 sit
2126 3040 2377 3095 ambitus.
2405 3040 2508 3096 Sed
2528 3042 2637 3110 jam
2666 3042 2709 3095 si
2742 3042 2871 3096 nihil
2904 3042 3066 3096 habes
3094 3041 3233 3113 quod
3263 3040 3615 3107 contradicas,

2033 3132 2156 3186 finis
2183 3132 2251 3186 sit
2279 3132 2436 3202 hujus
2460 3132 2856 3203 disputationis,
2882 3143 2939 3187 ut
2966 3131 3217 3203 deinceps
3234 3131 3371 3202 quod
3389 3131 3455 3186 ad
3480 3131 3619 3186 hanc

2034 3236 2237 3295 partem
2260 3231 2476 3282 musica:
2504 3226 2693 3280 attinet
2712 3240 2829 3295 quae
2857 3225 2906 3278 in
2930 3226 3165 3279 numeris
3187 3234 3481 3295 temporum
3513 3234 3617 3290 est,

2034 3320 2103 3374 ab
2132 3320 2214 3375 his
2238 3319 2476 3390 vestigiis
2503 3320 2620 3389 ejus
2645 3318 3009 3386 sensibilibus,
3041 3318 3104 3372 ad
3134 3319 3246 3387 ipsa
3275 3318 3489 3381 cubilia,
3526 3318 3617 3372 ubi

2033 3412 2101 3467 ab
2126 3412 2268 3465 omni
2295 3426 2519 3481 corpore
2539 3411 2711 3466 aliena
2731 3420 2832 3476 est,
2857 3419 3054 3482 quanta
3074 3410 3314 3466 valemus
3334 3409 3620 3481 sagacitate

2032 3519 2330 3560 veniamus.

2098 3665 2116 3697 ι
2140 3664 2213 3713 sic
2233 3670 2316 3713 Its.
2341 3671 2400 3712 A:
2421 3668 2508 3713 Αυε
2527 3668 2575 3714 et
2594 3657 2984 3713 versabusetaliis
3005 3657 3525 3722 metristemperm.
3556 3662 3617 3707 It.

345 3767 3610 3805 _____________________________________

1377 3850 1861 3964 LIBER
1942 3863 2590 3975 SEXTUS.

340 4008 387 4052 lu
414 4017 512 4067 quo
537 4018 599 4055 ex
624 4006 921 4056 mutabilium
945 4022 1254 4061 numerorum
1276 4013 1326 4062 in
1349 4013 1659 4069 inferioribus
1679 4023 1830 4074 rebus
1852 4030 2241 4084 consideratione
2266 4037 2490 4088 evehitur
2524 4038 2713 4088 animus
2744 4038 2805 4089 ad
2829 4038 3156 4090 immutabiles
3176 4051 3420 4099 numeros,
3442 4040 3526 4103 qui
3569 4041 3620 4091 in

1561 4109 1663 4163 ipsa
1685 4114 1797 4156 sunt
1820 4109 2098 4164 immutabili
2125 4119 2346 4169 veritate.

1784 4242 2153 4302 sema

345 4352 565 4409 CAPUT
624 4350 995 4408 PRIMUM.—-
1030 4352 1329 4423 Superiores
1377 4352 1490 4406 libri
1536 4356 1713 4425 quibus
1752 4359 1926 4428 scripti

880 4443 997 4505 sint,
1027 4458 1181 4513 quove
1210 4443 1437 4496 consilio.

415 4536 463 4587 l.
509 4534 586 4589 M.
629 4534 770 4589 Satis
797 4534 884 4589 ditt
913 4550 1048 4605 pene
1067 4536 1081 4565 ¹
1110 4544 1267 4604 atque
1305 4534 1439 4591 adeo
1467 4535 1621 4605 plane
1650 4540 1924 4606 pueriliter

346 4643 436 4695 per
464 4629 692 4697 quinque
723 4628 885 4682 libros
917 4628 967 4681 in
998 4628 1233 4697 veSIigiis
1270 4643 1611 4684 numerorum
1654 4629 1719 4684 ad
1747 4646 1925 4686 moras

343 4730 636 4785 temporum
665 4718 1039 4789 pertinentium
1064 4719 1250 4772 morati
1274 4734 1460 4774 sumus
1480 4738 1491 4772 :
1510 4736 1665 4790 quam
1690 4735 1925 4777 nostram

345 4809 693 4876 nugacitatem
724 4809 859 4878 apud
892 4809 1179 4863 benevolos
1221 4808 1466 4865 homines
1504 4810 1656 4866 facile
1685 4811 1928 4868 fortassis

341 4910 558 4953 excuset
581 4899 852 4954 officiosus
872 4901 1048 4963 labor;
1076 4916 1234 4970 quem
1266 4915 1369 4954 non
1387 4901 1457 4955 ob
1480 4902 1620 4956 aliud
1643 4904 1928 4973 suscipien-

341 4988 465 5041 dum
508 4990 824 5059 putavimus,
858 4990 956 5045 nisi
987 5000 1047 5045 ut
1088 4990 1473 5056 adolescentes,
1520 4992 1605 5047 vel
1645 4994 1928 5063 cujuslibet

345 5080 515 5134 :etatis
540 5082 799 5144 homines,
828 5098 960 5151 quos
983 5082 1123 5136 bono
1146 5083 1357 5153 ingenio
1380 5083 1601 5138 donavit
1627 5084 1789 5149 Deus,
1820 5102 1925 5141 non

346 5183 704 5237 pnepmpere,
735 5174 827 5225 sed
858 5173 1169 5240 quibusdam
1197 5173 1448 5243 gradibus
1467 5190 1496 5228 a
1527 5176 1774 5231 sensibus
1803 5193 1923 5233 car-

343 5260 425 5314 nis
451 5269 608 5329 atque
635 5278 662 5313 a
688 5266 990 5319 carnalibus
1012 5266 1220 5331 litteris,
1244 5267 1436 5337 quibus
1463 5283 1558 5322 eos
1586 5284 1688 5323 non
1721 5269 1925 5327 luctere

341 5351 555 5407 difficile
583 5364 687 5420 est,
718 5356 855 5410 duce
886 5359 1086 5413 ratione
1112 5359 1490 5427 avellerentur,
1523 5370 1680 5432 atque
1707 5379 1793 5416 um
1819 5364 1925 5417 Deo

340 5455 395 5499 et
439 5446 665 5502 Domino
706 5465 882 5503 rerum
927 5452 1181 5517 omnium,
1229 5453 1317 5522 qui
1363 5453 1610 5509 humanis
1656 5455 1925 5511 mentibus

338 5537 483 5589 nulla
514 5548 701 5592 natura
734 5540 1046 5609 interposita
1076 5542 1344 5611 prtesidet,
1371 5544 1814 5600 incommutabilis
1835 5561 1926 5600 ve-

339 5628 514 5677 rnalis
552 5644 735 5685 amore
776 5632 1225 5688 adhmrescercut.
1268 5635 1392 5688 lllos
1436 5636 1592 5704 igitur
1630 5636 1795 5691 libros
1834 5635 1923 5709 qtti

402 5754 423 5784 ⁸
457 5752 577 5804 Salis
599 5752 683 5803 diu
706 5767 847 5817 penes
870 5768 931 5817 te,
952 5764 1183 5819 juxta-Er.
1210 5774 1327 5816 \‘en.
1358 5772 1407 5816 et
1430 5774 1507 5816 bis.
1536 5774 1584 5815 Α.
1634 5774 1692 5817 ll.

576 5837 652 5897 SA
665 5855 803 5898 NCT.
843 5840 1117 5901 Auu'tsr.
1164 5844 1191 5904 Ι
1354 5856 1357 5859 ‘

1618 5948 1700 5963 ,δι-δ

1316 5965 1343 5977 ι
1408 5962 1537 5993 ’~“

2036 4367 2194 4437 leget,
2228 4372 2457 4431 inveniet
2501 4393 2600 4433 nos
2639 4394 2759 4434 cum
2789 4381 3149 4451 grammaticis
3176 4391 3230 4437 et
3256 4382 3475 4452 poeticis
3498 4384 3618 4439 anis

2034 4462 2159 4530 mis,
2190 4481 2293 4519 non
2324 4466 2594 4524 habitandi
2622 4471 2899 4536 electione,
2938 4473 3034 4529 sed
3074 4473 3355 4530 itinerandi
3384 4476 3621 4531 necessi-

2034 4564 2142 4611 tate
2168 4568 2427 4616 versatos.
2454 4560 2535 4615 Ad
2565 4560 2707 4617 hunc
2730 4572 2906 4619 autem
2928 4564 3121 4619 librum
3148 4580 3271 4620 cum
3298 4567 3520 4633 venerit,
3548 4568 3616 4631 si,

2034 4656 2091 4701 ut
2116 4664 2272 4717 spero
2298 4661 2352 4705 et
2378 4651 2601 4722 supplex
2622 4653 2901 4725 deprecor,
2921 4655 3059 4712 Deus
3079 4666 3132 4711 et
3159 4657 3413 4713 Dominus
3438 4667 3616 4712 noster
3688 4642 3699 4655 ’

2032 4743 2363 4810 prepositum
2397 4760 2572 4799 meum
2600 4746 3032 4819 voluntatemque
3050 4748 3451 4819 gubernaverit,
3478 4756 3533 4802 et
3550 4763 3618 4802 eo

2033 4851 2139 4905 quo
2165 4846 2247 4891 est
2276 4837 2473 4891 intenta
2502 4838 2828 4908 perduxerit,
2862 4840 3119 4911 intelliget
3137 4854 3241 4895 non
3260 4839 3378 4893 vilis
3403 4852 3619 4909 posscs-

2034 4928 2201 4981 sionis
2230 4944 2350 4984 esse
2370 4930 2531 4985 vilem
2562 4931 2724 4995 viam,
2751 4948 2846 5002 per
2867 4946 3025 5001 quam
3055 4946 3194 4986 nunc
3224 4946 3346 4986 cum
3370 4930 3617 4985 imbecil-

2036 5017 2279 5087 lioribus,
2308 5036 2407 5077 nec
2434 5037 2535 5079 nos
2564 5024 2663 5093 ipsi
2690 5019 2978 5079 admodum
3010 5021 3175 5077 fortes
3197 5020 3472 5077 ambulare
3486 5034 3619 5076 ma-

2035 5108 2252 5173 luimus,
2283 5127 2441 5182 quam
2485 5112 2662 5169 minus
2705 5119 2963 5183 pennatos
3005 5126 3103 5183 per
3141 5110 3419 5166 liberiores
3457 5123 3619 5167 auras

2031 5202 2386 5271 praecipitare.
2413 5203 2490 5258 Ita
2533 5220 2653 5272 nos,
2684 5212 2941 5275 quantum
2968 5203 3217 5271 arbitror,
3248 5210 3341 5258 aut
3364 5201 3496 5259 nihil
3523 5212 3619 5258 aut

2035 5308 2139 5346 non
2171 5294 2395 5349 multum
2422 5310 2671 5364 peccasse
2705 5294 2983 5365 judicahit,
3025 5294 3068 5348 si
3095 5302 3271 5348 tamen
3297 5293 3364 5349 de
3392 5306 3620 5350 numero

2030 5386 2378 5457 Spiritualium
2402 5390 2634 5443 virorum
2658 5390 2758 5444 iste
2791 5389 2967 5443 fuerit.
2992 5388 3126 5444 Nam
3153 5388 3301 5441 turba
3330 5397 3523 5444 ctetera
3548 5387 3617 5442 de

2028 5479 2226 5533 scholis
2259 5480 2553 5549 linguarum
2593 5481 3041 5546 tumultuantium,
3080 5490 3135 5551 et
3158 5483 3224 5534 ad
3252 5479 3613 5551 plaudendum

2029 5572 2307 5640 strepitum
2338 5572 2538 5642 vulgari
2567 5573 2777 5628 levitate
2805 5572 3112 5637 laetantium,
3156 5572 3199 5627 si
3230 5572 3363 5627 forte
3400 5572 3615 5629 irruerit

2028 5660 2081 5716 in
2114 5660 2210 5717 has
2237 5662 2460 5729 litteras,
2489 5672 2581 5720 aut
2603 5673 2909 5720 contemnet
2935 5678 3140 5727 omnes,
3172 5673 3263 5719 aut
3299 5663 3418 5720 illos
3459 5665 3614 5734 quin-

2029 5767 2132 5821 que
2161 5752 2323 5810 libros
2353 5752 2602 5809 sufficere
2630 5755 2730 5810 sibi
2774 5755 3117 5810 arbitrabitur
3150 5774 3163 5808 :
3194 5755 3351 5809 istum
3392 5769 3520 5811 vero
3554 5755 3612 5810 in

2866 5847 3312 5926 (Trente-sept
3334 5848 3373 5924 λ
