  <div class='ocr_page' id='page_1' title='image "/cluster/home/n/w/nwhite01/storage/ocr_20150623/32/hvd.32044015706328/601.png"; bbox 0 0 4118 6370; ppageno 0'>
   <div class='ocr_carea' id='block_1_1' title="bbox 504 332 659 395">
    <p class='ocr_par' dir='ltr' id='par_1_1' title="bbox 504 332 659 395">
     <span class='ocr_line' id='line_1_1' title="bbox 504 332 659 395; baseline -0.045 0"><span class='ocrx_word' id='word_1_1' title='bbox 504 332 659 395; x_wconf 50' lang='grc' dir='ltr'>ίιιοε</span> 
     </span>
    </p>
   </div>
   <div class='ocr_carea' id='block_1_2' title="bbox 514 438 2096 520">
    <p class='ocr_par' dir='ltr' id='par_1_2' title="bbox 514 438 2096 520">
     <span class='ocr_line' id='line_1_2' title="bbox 514 438 2096 520; baseline -0.011 -15"><span class='ocrx_word' id='word_1_2' title='bbox 514 464 622 520; x_wconf 85' lang='lat' dir='ltr'><strong>quo</strong></span> <span class='ocrx_word' id='word_1_3' title='bbox 652 451 852 503; x_wconf 79' lang='lat' dir='ltr'><strong>fructus</strong></span> <span class='ocrx_word' id='word_1_4' title='bbox 889 447 1094 500; x_wconf 81' lang='lat' dir='ltr'><strong>illorum</strong></span> <span class='ocrx_word' id='word_1_5' title='bbox 1124 452 1220 507; x_wconf 76' lang='lat' dir='ltr'><strong>est,</strong></span> <span class='ocrx_word' id='word_1_6' title='bbox 1258 442 1343 497; x_wconf 88' lang='lat' dir='ltr'><strong>vel</strong></span> <span class='ocrx_word' id='word_1_7' title='bbox 1372 440 1579 510; x_wconf 82' lang='lat' dir='ltr'><strong>ahjieiet</strong></span> <span class='ocrx_word' id='word_1_8' title='bbox 1603 438 1751 507; x_wconf 85' lang='lat' dir='ltr'><strong>quasi</strong></span> <span class='ocrx_word' id='word_1_9' title='bbox 1783 453 1886 490; x_wconf 89' lang='lat' dir='ltr'><strong>non</strong></span> <span class='ocrx_word' id='word_1_10' title='bbox 1915 452 2096 490; x_wconf 83' lang='lat' dir='ltr'><strong>neces-</strong></span> 
     </span>
    </p>
   </div>
   <div class='ocr_carea' id='block_1_3' title="bbox 521 528 2095 605">
    <p class='ocr_par' dir='ltr' id='par_1_3' title="bbox 521 528 2095 605">
     <span class='ocr_line' id='line_1_3' title="bbox 521 528 2095 605; baseline -0.01 -7"><span class='ocrx_word' id='word_1_11' title='bbox 521 556 737 605; x_wconf 78' lang='lat' dir='ltr'><strong>sarium,</strong></span> <span class='ocrx_word' id='word_1_12' title='bbox 765 540 847 593; x_wconf 81' lang='lat' dir='ltr'><strong>vel</strong></span> <span class='ocrx_word' id='word_1_13' title='bbox 877 537 1087 592; x_wconf 74' lang='lat' dir='ltr'><strong>differet</strong></span> <span class='ocrx_word' id='word_1_14' title='bbox 1112 535 1260 605; x_wconf 89' lang='lat' dir='ltr'><strong>quasi</strong></span> <span class='ocrx_word' id='word_1_15' title='bbox 1288 543 1409 604; x_wconf 89' lang='lat' dir='ltr'><strong>post</strong></span> <span class='ocrx_word' id='word_1_16' title='bbox 1439 531 1816 586; x_wconf 87' lang='lat' dir='ltr'><strong>necessarium.</strong></span> <span class='ocrx_word' id='word_1_17' title='bbox 1847 528 2095 597; x_wconf 83' lang='lat' dir='ltr'><strong>Reliquos</strong></span> 
     </span>
    </p>
   </div>
   <div class='ocr_carea' id='block_1_4' title="bbox 505 621 2092 701">
    <p class='ocr_par' dir='ltr' id='par_1_4' title="bbox 505 621 2092 701">
     <span class='ocr_line' id='line_1_4' title="bbox 505 621 2092 701; baseline -0.008 -16"><span class='ocrx_word' id='word_1_18' title='bbox 505 644 646 689; x_wconf 81' lang='lat' dir='ltr'><strong>‘vero</strong></span> <span class='ocrx_word' id='word_1_19' title='bbox 674 632 761 701; x_wconf 86' lang='lat' dir='ltr'><strong>qui</strong></span> <span class='ocrx_word' id='word_1_20' title='bbox 791 628 853 685; x_wconf 89' lang='lat' dir='ltr'><strong>:td</strong></span> <span class='ocrx_word' id='word_1_21' title='bbox 888 630 983 683; x_wconf 84' lang='lat' dir='ltr'><strong>ista</strong></span> <span class='ocrx_word' id='word_1_22' title='bbox 1016 625 1352 696; x_wconf 88' lang='lat' dir='ltr'><strong>intelligenda</strong></span> <span class='ocrx_word' id='word_1_23' title='bbox 1387 623 1575 678; x_wconf 81' lang='lat' dir='ltr'><strong>emditi</strong></span> <span class='ocrx_word' id='word_1_24' title='bbox 1612 638 1719 675; x_wconf 87' lang='lat' dir='ltr'><strong>non</strong></span> <span class='ocrx_word' id='word_1_25' title='bbox 1760 630 1901 687; x_wconf 90' lang='lat' dir='ltr'><strong>sunt,</strong></span> <span class='ocrx_word' id='word_1_26' title='bbox 1933 621 1975 674; x_wconf 92' lang='lat' dir='ltr'><strong>si</strong></span> <span class='ocrx_word' id='word_1_27' title='bbox 2006 635 2092 673; x_wconf 90' lang='lat' dir='ltr'><strong>sa-</strong></span> 
     </span>
    </p>
   </div>
   <div class='ocr_carea' id='block_1_5' title="bbox 521 715 2095 787">
    <p class='ocr_par' dir='ltr' id='par_1_5' title="bbox 521 715 2095 787">
     <span class='ocr_line' id='line_1_5' title="bbox 521 715 2095 787; baseline -0.01 -6"><span class='ocrx_word' id='word_1_28' title='bbox 521 723 808 781; x_wconf 87' lang='lat' dir='ltr'><strong>cramentis</strong></span> <span class='ocrx_word' id='word_1_29' title='bbox 832 720 1143 775; x_wconf 80' lang='lat' dir='ltr'><strong>Christianae</strong></span> <span class='ocrx_word' id='word_1_30' title='bbox 1191 716 1432 787; x_wconf 74' lang='lat' dir='ltr'><strong>puritatis</strong></span> <span class='ocrx_word' id='word_1_31' title='bbox 1463 715 1645 769; x_wconf 88' lang='lat' dir='ltr'><strong>imbuti</strong></span> <span class='ocrx_word' id='word_1_32' title='bbox 1668 716 1704 779; x_wconf 80' lang='grc' dir='ltr'><strong>ί,</strong></span> <span class='ocrx_word' id='word_1_33' title='bbox 1754 716 1805 768; x_wconf 91' lang='lat' dir='ltr'><strong>in</strong></span> <span class='ocrx_word' id='word_1_34' title='bbox 1847 730 2003 767; x_wconf 88' lang='lat' dir='ltr'><strong>unum</strong></span> <span class='ocrx_word' id='word_1_35' title='bbox 2043 721 2095 767; x_wconf 92' lang='lat' dir='ltr'><strong>et</strong></span> 
     </span>
    </p>
   </div>
   <div class='ocr_carea' id='block_1_6' title="bbox 521 805 2095 874">
    <p class='ocr_par' dir='ltr' id='par_1_6' title="bbox 521 805 2095 874">
     <span class='ocr_line' id='line_1_6' title="bbox 521 805 2095 874; baseline -0.008 -3"><span class='ocrx_word' id='word_1_36' title='bbox 521 832 706 871; x_wconf 86' lang='lat' dir='ltr'><strong>verum</strong></span> <span class='ocrx_word' id='word_1_37' title='bbox 731 816 890 869; x_wconf 83' lang='lat' dir='ltr'><strong>Deum</strong></span> <span class='ocrx_word' id='word_1_38' title='bbox 924 827 1124 866; x_wconf 88' lang='lat' dir='ltr'><strong>summa</strong></span> <span class='ocrx_word' id='word_1_39' title='bbox 1156 811 1409 865; x_wconf 85' lang='lat' dir='ltr'><strong>charitate</strong></span> <span class='ocrx_word' id='word_1_40' title='bbox 1435 810 1683 870; x_wconf 86' lang='lat' dir='ltr'><strong>nitentes,</strong></span> <span class='ocrx_word' id='word_1_41' title='bbox 1707 816 1892 862; x_wconf 90' lang='lat' dir='ltr'><strong>cuncta</strong></span> <span class='ocrx_word' id='word_1_42' title='bbox 1923 805 2095 874; x_wconf 88' lang='lat' dir='ltr'><strong>pueri-</strong></span> 
     </span>
    </p>
   </div>
   <div class='ocr_carea' id='block_1_7' title="bbox 522 896 2094 966">
    <p class='ocr_par' dir='ltr' id='par_1_7' title="bbox 522 896 2094 966">
     <span class='ocr_line' id='line_1_7' title="bbox 522 896 2094 966; baseline -0.007 -5"><span class='ocrx_word' id='word_1_43' title='bbox 522 908 589 961; x_wconf 91' lang='lat' dir='ltr'><strong>lia</strong></span> <span class='ocrx_word' id='word_1_44' title='bbox 623 906 1095 966; x_wconf 82' lang='lat' dir='ltr'><strong>transvolavernnt,</strong></span> <span class='ocrx_word' id='word_1_45' title='bbox 1129 901 1359 955; x_wconf 91' lang='lat' dir='ltr'><strong>fraterne</strong></span> <span class='ocrx_word' id='word_1_46' title='bbox 1398 900 1657 954; x_wconf 88' lang='lat' dir='ltr'><strong>adntoneo</strong></span> <span class='ocrx_word' id='word_1_47' title='bbox 1685 914 1750 951; x_wconf 92' lang='lat' dir='ltr'><strong>ne</strong></span> <span class='ocrx_word' id='word_1_48' title='bbox 1780 897 1842 950; x_wconf 89' lang='lat' dir='ltr'><strong>ad</strong></span> <span class='ocrx_word' id='word_1_49' title='bbox 1871 898 1968 951; x_wconf 89' lang='lat' dir='ltr'><strong>ista</strong></span> <span class='ocrx_word' id='word_1_50' title='bbox 1998 896 2094 950; x_wconf 88' lang='lat' dir='ltr'><strong>de-</strong></span> 
     </span>
    </p>
   </div>
   <div class='ocr_carea' id='block_1_8' title="bbox 520 976 2097 1061">
    <p class='ocr_par' dir='ltr' id='par_1_8' title="bbox 520 976 2097 1061">
     <span class='ocr_line' id='line_1_8' title="bbox 520 976 2097 1061; baseline -0.008 -8"><span class='ocrx_word' id='word_1_51' title='bbox 520 997 799 1061; x_wconf 76' lang='lat' dir='ltr'><strong>scendam,</strong></span> <span class='ocrx_word' id='word_1_52' title='bbox 827 1007 879 1049; x_wconf 89' lang='lat' dir='ltr'><strong>et</strong></span> <span class='ocrx_word' id='word_1_53' title='bbox 905 1010 1023 1049; x_wconf 92' lang='lat' dir='ltr'><strong>cum</strong></span> <span class='ocrx_word' id='word_1_54' title='bbox 1056 993 1139 1046; x_wconf 89' lang='lat' dir='ltr'><strong>hic</strong></span> <span class='ocrx_word' id='word_1_55' title='bbox 1180 976 1420 1047; x_wconf 81' lang='lat' dir='ltr'><strong>laborare</strong></span> <span class='ocrx_word' id='word_1_56' title='bbox 1450 991 1728 1061; x_wconf 82' lang='lat' dir='ltr'><strong>coeperint,</strong></span> <span class='ocrx_word' id='word_1_57' title='bbox 1760 989 1826 1044; x_wconf 91' lang='lat' dir='ltr'><strong>de</strong></span> <span class='ocrx_word' id='word_1_58' title='bbox 1852 988 2097 1041; x_wconf 90' lang='lat' dir='ltr'><strong>tarditate</strong></span> 
     </span>
    </p>
   </div>
   <div class='ocr_carea' id='block_1_9' title="bbox 524 1083 2096 1159">
    <p class='ocr_par' dir='ltr' id='par_1_9' title="bbox 524 1083 2096 1159">
     <span class='ocr_line' id='line_1_9' title="bbox 524 1083 2096 1159; baseline -0.006 -15"><span class='ocrx_word' id='word_1_59' title='bbox 524 1106 615 1144; x_wconf 86' lang='lat' dir='ltr'><strong>sua</strong></span> <span class='ocrx_word' id='word_1_60' title='bbox 646 1097 1052 1159; x_wconf 79' lang='lat' dir='ltr'><strong>conquerantur,</strong></span> <span class='ocrx_word' id='word_1_61' title='bbox 1086 1088 1384 1157; x_wconf 79' lang='lat' dir='ltr'><strong>ignorantes</strong></span> <span class='ocrx_word' id='word_1_62' title='bbox 1420 1086 1606 1139; x_wconf 81' lang='lat' dir='ltr'><strong>itinera</strong></span> <span class='ocrx_word' id='word_1_63' title='bbox 1636 1083 1865 1138; x_wconf 73' lang='lat' dir='ltr'><strong>difficilia</strong></span> <span class='ocrx_word' id='word_1_64' title='bbox 1896 1092 1949 1136; x_wconf 90' lang='lat' dir='ltr'><strong>et</strong></span> <span class='ocrx_word' id='word_1_65' title='bbox 1977 1097 2096 1135; x_wconf 88' lang='lat' dir='ltr'><strong>mo-</strong></span> 
     </span>
    </p>
   </div>
   <div class='ocr_carea' id='block_1_10' title="bbox 523 1174 2095 1250">
    <p class='ocr_par' dir='ltr' id='par_1_10' title="bbox 523 1174 2095 1250">
     <span class='ocr_line' id='line_1_10' title="bbox 523 1174 2095 1250; baseline -0.008 -13"><span class='ocrx_word' id='word_1_66' title='bbox 523 1183 654 1237; x_wconf 91' lang='lat' dir='ltr'><strong>lesta</strong></span> <span class='ocrx_word' id='word_1_67' title='bbox 697 1181 915 1250; x_wconf 79' lang='lat' dir='ltr'><strong>pedibus</strong></span> <span class='ocrx_word' id='word_1_68' title='bbox 958 1180 1087 1244; x_wconf 85' lang='lat' dir='ltr'><strong>suis,</strong></span> <span class='ocrx_word' id='word_1_69' title='bbox 1120 1178 1344 1232; x_wconf 86' lang='lat' dir='ltr'><strong>volando</strong></span> <span class='ocrx_word' id='word_1_70' title='bbox 1372 1192 1428 1230; x_wconf 88' lang='lat' dir='ltr'><strong>se</strong></span> <span class='ocrx_word' id='word_1_71' title='bbox 1468 1192 1623 1245; x_wconf 88' lang='lat' dir='ltr'><strong>posse</strong></span> <span class='ocrx_word' id='word_1_72' title='bbox 1664 1176 1819 1229; x_wconf 87' lang='lat' dir='ltr'><strong>etiam</strong></span> <span class='ocrx_word' id='word_1_73' title='bbox 1860 1174 2095 1243; x_wconf 80' lang='lat' dir='ltr'><strong>ignorata</strong></span> 
     </span>
    </p>
   </div>
   <div class='ocr_carea' id='block_1_11' title="bbox 525 1267 2096 1341">
    <p class='ocr_par' dir='ltr' id='par_1_11' title="bbox 525 1267 2096 1341">
     <span class='ocr_line' id='line_1_11' title="bbox 525 1267 2096 1341; baseline -0.008 -11"><span class='ocrx_word' id='word_1_74' title='bbox 525 1276 773 1330; x_wconf 86' lang='lat' dir='ltr'><strong>transire.</strong></span> <span class='ocrx_word' id='word_1_75' title='bbox 803 1274 857 1328; x_wconf 81' lang='lat' dir='ltr'><strong>Si</strong></span> <span class='ocrx_word' id='word_1_76' title='bbox 879 1283 1050 1326; x_wconf 89' lang='lat' dir='ltr'><strong>autem</strong></span> <span class='ocrx_word' id='word_1_77' title='bbox 1081 1272 1113 1325; x_wconf 92' lang='lat' dir='ltr'><strong>ii</strong></span> <span class='ocrx_word' id='word_1_78' title='bbox 1140 1272 1314 1341; x_wconf 88' lang='lat' dir='ltr'><strong>legunt</strong></span> <span class='ocrx_word' id='word_1_79' title='bbox 1334 1272 1420 1341; x_wconf 89' lang='lat' dir='ltr'><strong>qui</strong></span> <span class='ocrx_word' id='word_1_80' title='bbox 1451 1279 1504 1324; x_wconf 91' lang='lat' dir='ltr'><strong>et</strong></span> <span class='ocrx_word' id='word_1_81' title='bbox 1529 1270 1749 1323; x_wconf 75' lang='lat' dir='ltr'><strong>infirmis</strong></span> <span class='ocrx_word' id='word_1_82' title='bbox 1774 1276 1863 1321; x_wconf 91' lang='lat' dir='ltr'><strong>aut</strong></span> <span class='ocrx_word' id='word_1_83' title='bbox 1889 1267 2096 1320; x_wconf 53' lang='lat' dir='ltr'><strong>inexer-</strong></span> 
     </span>
    </p>
   </div>
   <div class='ocr_carea' id='block_1_12' title="bbox 523 1357 2097 1436">
    <p class='ocr_par' dir='ltr' id='par_1_12' title="bbox 523 1357 2097 1436">
     <span class='ocr_line' id='line_1_12' title="bbox 523 1357 2097 1436; baseline -0.007 -15"><span class='ocrx_word' id='word_1_84' title='bbox 523 1367 696 1421; x_wconf 82' lang='lat' dir='ltr'><strong>citatis</strong></span> <span class='ocrx_word' id='word_1_85' title='bbox 722 1365 987 1436; x_wconf 88' lang='lat' dir='ltr'><strong>gressibus</strong></span> <span class='ocrx_word' id='word_1_86' title='bbox 1014 1362 1112 1416; x_wconf 91' lang='lat' dir='ltr'><strong>hac</strong></span> <span class='ocrx_word' id='word_1_87' title='bbox 1141 1364 1411 1416; x_wconf 88' lang='lat' dir='ltr'><strong>ambulare</strong></span> <span class='ocrx_word' id='word_1_88' title='bbox 1442 1377 1544 1414; x_wconf 91' lang='lat' dir='ltr'><strong>non</strong></span> <span class='ocrx_word' id='word_1_89' title='bbox 1577 1367 1817 1431; x_wconf 78' lang='lat' dir='ltr'><strong>possunt,</strong></span> <span class='ocrx_word' id='word_1_90' title='bbox 1851 1367 1903 1411; x_wconf 84' lang='lat' dir='ltr'><strong>et</strong></span> <span class='ocrx_word' id='word_1_91' title='bbox 1930 1357 2097 1411; x_wconf 90' lang='lat' dir='ltr'><strong>nullas</strong></span> 
     </span>
    </p>
   </div>
   <div class='ocr_carea' id='block_1_13' title="bbox 524 1451 2097 1528">
    <p class='ocr_par' dir='ltr' id='par_1_13' title="bbox 524 1451 2097 1528">
     <span class='ocr_line' id='line_1_13' title="bbox 524 1451 2097 1528; baseline -0.006 -19"><span class='ocrx_word' id='word_1_92' title='bbox 524 1457 735 1528; x_wconf 89' lang='lat' dir='ltr'><strong>pietatis</strong></span> <span class='ocrx_word' id='word_1_93' title='bbox 774 1454 884 1509; x_wconf 89' lang='lat' dir='ltr'><strong>alas</strong></span> <span class='ocrx_word' id='word_1_94' title='bbox 924 1454 1137 1519; x_wconf 82' lang='lat' dir='ltr'><strong>habent,</strong></span> <span class='ocrx_word' id='word_1_95' title='bbox 1179 1452 1364 1521; x_wconf 87' lang='lat' dir='ltr'><strong>quibus</strong></span> <span class='ocrx_word' id='word_1_96' title='bbox 1410 1452 1504 1505; x_wconf 89' lang='lat' dir='ltr'><strong>ista</strong></span> <span class='ocrx_word' id='word_1_97' title='bbox 1544 1451 1782 1519; x_wconf 78' lang='lat' dir='ltr'><strong>neglecta</strong></span> <span class='ocrx_word' id='word_1_98' title='bbox 1814 1458 2097 1518; x_wconf 85' lang='lat' dir='ltr'><strong>praetervo-</strong></span> 
     </span>
    </p>
   </div>
   <div class='ocr_carea' id='block_1_14' title="bbox 512 1536 2097 1611">
    <p class='ocr_par' dir='ltr' id='par_1_14' title="bbox 512 1536 2097 1611">
     <span class='ocr_line' id='line_1_14' title="bbox 512 1536 2097 1611; baseline -0.008 -7"><span class='ocrx_word' id='word_1_99' title='bbox 512 1536 651 1610; x_wconf 24' lang='lat' dir='ltr'><strong>vlent,</strong></span> <span class='ocrx_word' id='word_1_100' title='bbox 687 1563 788 1601; x_wconf 89' lang='lat' dir='ltr'><strong>non</strong></span> <span class='ocrx_word' id='word_1_101' title='bbox 810 1548 873 1599; x_wconf 42' lang='lat' dir='ltr'><strong>‘se</strong></span> <span class='ocrx_word' id='word_1_102' title='bbox 900 1546 1133 1599; x_wconf 83' lang='lat' dir='ltr'><strong>inserant</strong></span> <span class='ocrx_word' id='word_1_103' title='bbox 1161 1543 1547 1597; x_wconf 87' lang='lat' dir='ltr'><strong>inconvenienti</strong></span> <span class='ocrx_word' id='word_1_104' title='bbox 1571 1542 1809 1611; x_wconf 87' lang='lat' dir='ltr'><strong>negotio;</strong></span> <span class='ocrx_word' id='word_1_105' title='bbox 1840 1541 1930 1595; x_wconf 87' lang='lat' dir='ltr'><strong>sed</strong></span> <span class='ocrx_word' id='word_1_106' title='bbox 1960 1556 2097 1609; x_wconf 57' lang='lat' dir='ltr'><strong>prgu-</strong></span> 
     </span>
    </p>
   </div>
   <div class='ocr_carea' id='block_1_15' title="bbox 523 1631 2097 1709">
    <p class='ocr_par' dir='ltr' id='par_1_15' title="bbox 523 1631 2097 1709">
     <span class='ocr_line' id='line_1_15' title="bbox 523 1631 2097 1709; baseline -0.008 -14"><span class='ocrx_word' id='word_1_107' title='bbox 523 1640 690 1709; x_wconf 88' lang='lat' dir='ltr'><strong>ccptis</strong></span> <span class='ocrx_word' id='word_1_108' title='bbox 718 1637 1075 1691; x_wconf 72' lang='lat' dir='ltr'><strong>saluberrimm</strong></span> <span class='ocrx_word' id='word_1_109' title='bbox 1102 1635 1389 1704; x_wconf 82' lang='lat' dir='ltr'><strong>religionis,</strong></span> <span class='ocrx_word' id='word_1_110' title='bbox 1414 1643 1462 1685; x_wconf 91' lang='lat' dir='ltr'><strong>et</strong></span> <span class='ocrx_word' id='word_1_111' title='bbox 1493 1633 1616 1686; x_wconf 90' lang='lat' dir='ltr'><strong>nido</strong></span> <span class='ocrx_word' id='word_1_112' title='bbox 1647 1632 1763 1685; x_wconf 83' lang='lat' dir='ltr'><strong>fidei</strong></span> <span class='ocrx_word' id='word_1_113' title='bbox 1786 1631 2097 1686; x_wconf 71' lang='lat' dir='ltr'><strong>Christiana:</strong></span> 
     </span>
    </p>
   </div>
   <div class='ocr_carea' id='block_1_16' title="bbox 524 1722 2100 1800">
    <p class='ocr_par' dir='ltr' id='par_1_16' title="bbox 524 1722 2100 1800">
     <span class='ocr_line' id='line_1_16' title="bbox 524 1722 2100 1800; baseline -0.005 -17"><span class='ocrx_word' id='word_1_114' title='bbox 524 1732 725 1800; x_wconf 85' lang='lat' dir='ltr'><strong>pennas</strong></span> <span class='ocrx_word' id='word_1_115' title='bbox 752 1728 1006 1790; x_wconf 89' lang='lat' dir='ltr'><strong>nutriant,</strong></span> <span class='ocrx_word' id='word_1_116' title='bbox 1038 1726 1227 1795; x_wconf 82' lang='lat' dir='ltr'><strong>quibus</strong></span> <span class='ocrx_word' id='word_1_117' title='bbox 1266 1725 1497 1778; x_wconf 80' lang='lat' dir='ltr'><strong>subvecti</strong></span> <span class='ocrx_word' id='word_1_118' title='bbox 1544 1724 1774 1777; x_wconf 84' lang='lat' dir='ltr'><strong>laborem</strong></span> <span class='ocrx_word' id='word_1_119' title='bbox 1820 1739 1881 1778; x_wconf 91' lang='lat' dir='ltr'><strong>ac</strong></span> <span class='ocrx_word' id='word_1_120' title='bbox 1916 1722 2100 1793; x_wconf 86' lang='lat' dir='ltr'><strong>pulve-</strong></span> 
     </span>
    </p>
   </div>
   <div class='ocr_carea' id='block_1_17' title="bbox 514 1806 2095 1893">
    <p class='ocr_par' dir='ltr' id='par_1_17' title="bbox 514 1806 2095 1893">
     <span class='ocr_line' id='line_1_17' title="bbox 514 1806 2095 1893; baseline -0.004 -20"><span class='ocrx_word' id='word_1_121' title='bbox 514 1806 637 1876; x_wconf 44' lang='lat' dir='ltr'><strong>‘vent</strong></span> <span class='ocrx_word' id='word_1_122' title='bbox 670 1821 822 1888; x_wconf 82' lang='lat' dir='ltr'><strong>hujus</strong></span> <span class='ocrx_word' id='word_1_123' title='bbox 853 1819 1052 1893; x_wconf 85' lang='lat' dir='ltr'><strong>itineris</strong></span> <span class='ocrx_word' id='word_1_124' title='bbox 1077 1816 1320 1882; x_wconf 86' lang='lat' dir='ltr'><strong>evadant,</strong></span> <span class='ocrx_word' id='word_1_125' title='bbox 1354 1817 1517 1885; x_wconf 89' lang='lat' dir='ltr'><strong>magis</strong></span> <span class='ocrx_word' id='word_1_126' title='bbox 1540 1817 1703 1886; x_wconf 88' lang='lat' dir='ltr'><strong>ipsius</strong></span> <span class='ocrx_word' id='word_1_127' title='bbox 1735 1817 1912 1883; x_wconf 64' lang='lat' dir='ltr'><strong>patrim</strong></span> <span class='ocrx_word' id='word_1_128' title='bbox 1942 1831 2095 1883; x_wconf 87' lang='lat' dir='ltr'><strong>quam</strong></span> 
     </span>
    </p>
   </div>
   <div class='ocr_carea' id='block_1_18' title="bbox 526 1908 2097 1980">
    <p class='ocr_par' dir='ltr' id='par_1_18' title="bbox 526 1908 2097 1980">
     <span class='ocr_line' id='line_1_18' title="bbox 526 1908 2097 1980; baseline -0.004 -15"><span class='ocrx_word' id='word_1_129' title='bbox 526 1915 729 1968; x_wconf 86' lang='lat' dir='ltr'><strong>viarum</strong></span> <span class='ocrx_word' id='word_1_130' title='bbox 758 1914 1107 1966; x_wconf 79' lang='lat' dir='ltr'><strong>ﬂexuosarum</strong></span> <span class='ocrx_word' id='word_1_131' title='bbox 1136 1927 1314 1964; x_wconf 85' lang='lat' dir='ltr'><strong>amore</strong></span> <span class='ocrx_word' id='word_1_132' title='bbox 1353 1910 1653 1980; x_wconf 86' lang='lat' dir='ltr'><strong>flagrantes.</strong></span> <span class='ocrx_word' id='word_1_133' title='bbox 1684 1910 1777 1962; x_wconf 86' lang='lat' dir='ltr'><strong>llis</strong></span> <span class='ocrx_word' id='word_1_134' title='bbox 1814 1908 1951 1963; x_wconf 85' lang='lat' dir='ltr'><strong>enim</strong></span> <span class='ocrx_word' id='word_1_135' title='bbox 1986 1908 2097 1960; x_wconf 72' lang='lat' dir='ltr'><strong>lnec</strong></span> 
     </span>
    </p>
   </div>
   <div class='ocr_carea' id='block_1_19' title="bbox 522 2000 2099 2075">
    <p class='ocr_par' dir='ltr' id='par_1_19' title="bbox 522 2000 2099 2075">
     <span class='ocr_line' id='line_1_19' title="bbox 522 2000 2099 2075; baseline -0.006 -15"><span class='ocrx_word' id='word_1_136' title='bbox 522 2006 721 2075; x_wconf 27' lang='lat' dir='ltr'><strong>‘scripta</strong></span> <span class='ocrx_word' id='word_1_137' title='bbox 765 2014 904 2067; x_wconf 90' lang='lat' dir='ltr'><strong>sunt,</strong></span> <span class='ocrx_word' id='word_1_138' title='bbox 949 2006 1035 2074; x_wconf 90' lang='lat' dir='ltr'><strong>qui</strong></span> <span class='ocrx_word' id='word_1_139' title='bbox 1084 2003 1271 2058; x_wconf 84' lang='lat' dir='ltr'><strong>litteris</strong></span> <span class='ocrx_word' id='word_1_140' title='bbox 1315 2002 1653 2056; x_wconf 73' lang='lat' dir='ltr'><strong>Stccularibus</strong></span> <span class='ocrx_word' id='word_1_141' title='bbox 1683 2000 1861 2061; x_wconf 87' lang='lat' dir='ltr'><strong>dediti,</strong></span> <span class='ocrx_word' id='word_1_142' title='bbox 1896 2001 2099 2070; x_wconf 82' lang='lat' dir='ltr'><strong>magnis</strong></span> 
     </span>
    </p>
   </div>
   <div class='ocr_carea' id='block_1_20' title="bbox 527 2092 2099 2166">
    <p class='ocr_par' dir='ltr' id='par_1_20' title="bbox 527 2092 2099 2166">
     <span class='ocr_line' id='line_1_20' title="bbox 527 2092 2099 2166; baseline -0.004 -16"><span class='ocrx_word' id='word_1_143' title='bbox 527 2097 864 2166; x_wconf 84' lang='lat' dir='ltr'><strong>implicantur</strong></span> <span class='ocrx_word' id='word_1_144' title='bbox 889 2096 1176 2155; x_wconf 71' lang='lat' dir='ltr'><strong>erroribus,</strong></span> <span class='ocrx_word' id='word_1_145' title='bbox 1206 2102 1259 2147; x_wconf 84' lang='lat' dir='ltr'><strong>et</strong></span> <span class='ocrx_word' id='word_1_146' title='bbox 1288 2094 1420 2146; x_wconf 89' lang='lat' dir='ltr'><strong>bona</strong></span> <span class='ocrx_word' id='word_1_147' title='bbox 1451 2093 1653 2162; x_wconf 83' lang='lat' dir='ltr'><strong>ingenia</strong></span> <span class='ocrx_word' id='word_1_148' title='bbox 1687 2092 1736 2145; x_wconf 94' lang='lat' dir='ltr'><strong>in</strong></span> <span class='ocrx_word' id='word_1_149' title='bbox 1782 2092 1933 2159; x_wconf 82' lang='lat' dir='ltr'><strong>nugis</strong></span> <span class='ocrx_word' id='word_1_150' title='bbox 1972 2107 2099 2144; x_wconf 47' lang='lat' dir='ltr'><strong>con.</strong></span> 
     </span>
    </p>
   </div>
   <div class='ocr_carea' id='block_1_21' title="bbox 528 2182 2098 2255">
    <p class='ocr_par' dir='ltr' id='par_1_21' title="bbox 528 2182 2098 2255">
     <span class='ocr_line' id='line_1_21' title="bbox 528 2182 2098 2255; baseline -0.004 -14"><span class='ocrx_word' id='word_1_151' title='bbox 528 2196 721 2247; x_wconf 85' lang='lat' dir='ltr'><strong>terunt.</strong></span> <span class='ocrx_word' id='word_1_152' title='bbox 753 2188 1043 2240; x_wconf 79' lang='lat' dir='ltr'><strong>nescientes</strong></span> <span class='ocrx_word' id='word_1_153' title='bbox 1070 2185 1191 2255; x_wconf 87' lang='lat' dir='ltr'><strong>qttid</strong></span> <span class='ocrx_word' id='word_1_154' title='bbox 1232 2185 1299 2238; x_wconf 88' lang='lat' dir='ltr'><strong>ibi</strong></span> <span class='ocrx_word' id='word_1_155' title='bbox 1333 2184 1574 2237; x_wconf 87' lang='lat' dir='ltr'><strong>delectet.</strong></span> <span class='ocrx_word' id='word_1_156' title='bbox 1610 2183 1757 2251; x_wconf 87' lang='lat' dir='ltr'><strong>Quod</strong></span> <span class='ocrx_word' id='word_1_157' title='bbox 1788 2184 1830 2237; x_wconf 87' lang='lat' dir='ltr'><strong>si</strong></span> <span class='ocrx_word' id='word_1_158' title='bbox 1859 2182 2098 2237; x_wconf 84' lang='lat' dir='ltr'><strong>animad-</strong></span> 
     </span>
    </p>
   </div>
   <div class='ocr_carea' id='block_1_22' title="bbox 526 2273 2098 2345">
    <p class='ocr_par' dir='ltr' id='par_1_22' title="bbox 526 2273 2098 2345">
     <span class='ocr_line' id='line_1_22' title="bbox 526 2273 2098 2345; baseline -0.002 -15"><span class='ocrx_word' id='word_1_159' title='bbox 526 2286 810 2338; x_wconf 86' lang='lat' dir='ltr'><strong>verterent,</strong></span> <span class='ocrx_word' id='word_1_160' title='bbox 832 2278 1066 2331; x_wconf 79' lang='lat' dir='ltr'><strong>viderent</strong></span> <span class='ocrx_word' id='word_1_161' title='bbox 1081 2292 1179 2345; x_wconf 89' lang='lat' dir='ltr'><strong>qua</strong></span> <span class='ocrx_word' id='word_1_162' title='bbox 1197 2276 1486 2344; x_wconf 79' lang='lat' dir='ltr'><strong>etfugerent</strong></span> <span class='ocrx_word' id='word_1_163' title='bbox 1506 2275 1588 2326; x_wconf 86' lang='lat' dir='ltr'><strong>illa</strong></span> <span class='ocrx_word' id='word_1_164' title='bbox 1611 2276 1759 2339; x_wconf 91' lang='lat' dir='ltr'><strong>retia,</strong></span> <span class='ocrx_word' id='word_1_165' title='bbox 1781 2282 1833 2328; x_wconf 91' lang='lat' dir='ltr'><strong>et</strong></span> <span class='ocrx_word' id='word_1_166' title='bbox 1857 2273 2098 2343; x_wconf 88' lang='lat' dir='ltr'><strong>quisnam</strong></span> 
     </span>
    </p>
   </div>
   <div class='ocr_carea' id='block_1_23' title="bbox 526 2366 1508 2423">
    <p class='ocr_par' dir='ltr' id='par_1_23' title="bbox 526 2366 1508 2423">
     <span class='ocr_line' id='line_1_23' title="bbox 526 2366 1508 2423; baseline -0.005 0"><span class='ocrx_word' id='word_1_167' title='bbox 526 2380 666 2423; x_wconf 86' lang='lat' dir='ltr'><strong>esset</strong></span> <span class='ocrx_word' id='word_1_168' title='bbox 689 2369 1002 2423; x_wconf 74' lang='lat' dir='ltr'><strong>beatissima:</strong></span> <span class='ocrx_word' id='word_1_169' title='bbox 1024 2368 1319 2421; x_wconf 89' lang='lat' dir='ltr'><strong>securitatis</strong></span> <span class='ocrx_word' id='word_1_170' title='bbox 1344 2366 1508 2420; x_wconf 86' lang='lat' dir='ltr'><strong>locus.</strong></span> 
     </span>
    </p>
   </div>
   <div class='ocr_carea' id='block_1_24' title="bbox 523 2458 2100 2529">
    <p class='ocr_par' dir='ltr' id='par_1_24' title="bbox 523 2458 2100 2529">
     <span class='ocr_line' id='line_1_24' title="bbox 523 2458 2100 2529; baseline -0.002 -16"><span class='ocrx_word' id='word_1_171' title='bbox 523 2459 750 2517; x_wconf 80' lang='lat' dir='ltr'><strong>CAPUT</strong></span> <span class='ocrx_word' id='word_1_172' title='bbox 779 2460 842 2513; x_wconf 89' lang='lat' dir='ltr'><strong>ll.</strong></span> <span class='ocrx_word' id='word_1_173' title='bbox 868 2490 940 2499; x_wconf 98' lang='lat'><strong>—</strong></span> <span class='ocrx_word' id='word_1_174' title='bbox 968 2459 1221 2514; x_wconf 84' lang='lat' dir='ltr'><strong>Sonorum</strong></span> <span class='ocrx_word' id='word_1_175' title='bbox 1254 2460 1447 2512; x_wconf 80' lang='lat' dir='ltr'><strong>numeri</strong></span> <span class='ocrx_word' id='word_1_176' title='bbox 1474 2458 1784 2529; x_wconf 79' lang='lat' dir='ltr'><strong>quotttplt&#39;cis</strong></span> <span class='ocrx_word' id='word_1_177' title='bbox 1811 2460 2019 2528; x_wconf 73' lang='lat' dir='ltr'><strong>generis,</strong></span> <span class='ocrx_word' id='word_1_178' title='bbox 2055 2468 2100 2510; x_wconf 87' lang='lat' dir='ltr'><strong>et</strong></span> 
     </span>
    </p>
   </div>
   <div class='ocr_carea' id='block_1_25' title="bbox 595 2548 2100 2622">
    <p class='ocr_par' dir='ltr' id='par_1_25' title="bbox 595 2548 2100 2622">
     <span class='ocr_line' id='line_1_25' title="bbox 595 2548 2100 2622; baseline -0.002 -17"><span class='ocrx_word' id='word_1_179' title='bbox 595 2570 660 2605; x_wconf 85' lang='lat' dir='ltr'><strong>an</strong></span> <span class='ocrx_word' id='word_1_180' title='bbox 681 2552 906 2622; x_wconf 79' lang='lat' dir='ltr'><strong>quodque</strong></span> <span class='ocrx_word' id='word_1_181' title='bbox 926 2568 1092 2605; x_wconf 82' lang='lat' dir='ltr'><strong>eorum</strong></span> <span class='ocrx_word' id='word_1_182' title='bbox 1114 2566 1268 2622; x_wconf 77' lang='lat' dir='ltr'><strong>genus</strong></span> <span class='ocrx_word' id='word_1_183' title='bbox 1291 2552 1397 2603; x_wconf 79' lang='lat' dir='ltr'><strong>sine</strong></span> <span class='ocrx_word' id='word_1_184' title='bbox 1419 2550 1519 2603; x_wconf 72' lang='lat' dir='ltr'><strong>aiio</strong></span> <span class='ocrx_word' id='word_1_185' title='bbox 1545 2567 1647 2603; x_wconf 84' lang='lat' dir='ltr'><strong>esse</strong></span> <span class='ocrx_word' id='word_1_186' title='bbox 1670 2550 1842 2619; x_wconf 78' lang='lat' dir='ltr'><strong>possit.</strong></span> <span class='ocrx_word' id='word_1_187' title='bbox 1869 2548 2100 2602; x_wconf 85' lang='lat' dir='ltr'><strong>Primum</strong></span> 
     </span>
    </p>
   </div>
   <div class='ocr_carea' id='block_1_26' title="bbox 508 2641 2099 2716">
    <p class='ocr_par' dir='ltr' id='par_1_26' title="bbox 508 2641 2099 2716">
     <span class='ocr_line' id='line_1_26' title="bbox 508 2641 2099 2716; baseline -0.002 -18"><span class='ocrx_word' id='word_1_188' title='bbox 508 2700 515 2705; x_wconf 67' lang='grc'><strong>,</strong></span> <span class='ocrx_word' id='word_1_189' title='bbox 594 2662 752 2716; x_wconf 81' lang='lat' dir='ltr'><strong>genus</strong></span> <span class='ocrx_word' id='word_1_190' title='bbox 793 2660 1109 2697; x_wconf 85' lang='lat' dir='ltr'><strong>numerorum</strong></span> <span class='ocrx_word' id='word_1_191' title='bbox 1136 2644 1187 2696; x_wconf 81' lang='lat' dir='ltr'><strong>in</strong></span> <span class='ocrx_word' id='word_1_192' title='bbox 1224 2643 1333 2714; x_wconf 84' lang='lat' dir='ltr'><strong>ipso</strong></span> <span class='ocrx_word' id='word_1_193' title='bbox 1364 2659 1506 2696; x_wconf 82' lang='lat' dir='ltr'><strong>sono.</strong></span> <span class='ocrx_word' id='word_1_194' title='bbox 1541 2641 1830 2697; x_wconf 82' lang='lat' dir='ltr'><strong>Secundum</strong></span> <span class='ocrx_word' id='word_1_195' title='bbox 1863 2659 2019 2713; x_wconf 80' lang='lat' dir='ltr'><strong>genus</strong></span> <span class='ocrx_word' id='word_1_196' title='bbox 2050 2643 2099 2696; x_wconf 83' lang='lat' dir='ltr'><strong>in</strong></span> 
     </span>
    </p>
   </div>
   <div class='ocr_carea' id='block_1_27' title="bbox 594 2734 1169 2805">
    <p class='ocr_par' dir='ltr' id='par_1_27' title="bbox 594 2734 1169 2805">
     <span class='ocr_line' id='line_1_27' title="bbox 594 2734 1169 2805; baseline -0.002 -16"><span class='ocrx_word' id='word_1_197' title='bbox 594 2738 705 2805; x_wconf 81' lang='lat' dir='ltr'><strong>ipso</strong></span> <span class='ocrx_word' id='word_1_198' title='bbox 732 2752 878 2789; x_wconf 81' lang='lat' dir='ltr'><strong>sensu</strong></span> <span class='ocrx_word' id='word_1_199' title='bbox 901 2734 1169 2788; x_wconf 83' lang='lat' dir='ltr'><strong>audientis.</strong></span> 
     </span>
    </p>
   </div>
   <div class='ocr_carea' id='block_1_28' title="bbox 594 2822 2097 2892">
    <p class='ocr_par' dir='ltr' id='par_1_28' title="bbox 594 2822 2097 2892">
     <span class='ocr_line' id='line_1_28' title="bbox 594 2822 2097 2892; baseline -0.003 -11"><span class='ocrx_word' id='word_1_200' title='bbox 594 2828 648 2882; x_wconf 75' lang='grc'><strong>2.</strong></span> <span class='ocrx_word' id='word_1_201' title='bbox 680 2826 757 2881; x_wconf 75' lang='grc' dir='ltr'><strong>Μ.</strong></span> <span class='ocrx_word' id='word_1_202' title='bbox 785 2826 1138 2892; x_wconf 82' lang='lat' dir='ltr'><strong>Quamobrem</strong></span> <span class='ocrx_word' id='word_1_203' title='bbox 1167 2834 1219 2877; x_wconf 88' lang='lat' dir='ltr'><strong>ttt</strong></span> <span class='ocrx_word' id='word_1_204' title='bbox 1246 2839 1363 2878; x_wconf 86' lang='lat' dir='ltr'><strong>cum</strong></span> <span class='ocrx_word' id='word_1_205' title='bbox 1390 2838 1494 2892; x_wconf 90' lang='lat' dir='ltr'><strong>quo</strong></span> <span class='ocrx_word' id='word_1_206' title='bbox 1518 2822 1644 2877; x_wconf 93' lang='lat' dir='ltr'><strong>mihi</strong></span> <span class='ocrx_word' id='word_1_207' title='bbox 1676 2838 1814 2877; x_wconf 93' lang='lat' dir='ltr'><strong>nunc</strong></span> <span class='ocrx_word' id='word_1_208' title='bbox 1836 2823 1970 2878; x_wconf 82' lang='lat' dir='ltr'><strong>ratio</strong></span> <span class='ocrx_word' id='word_1_209' title='bbox 1996 2832 2097 2888; x_wconf 90' lang='lat' dir='ltr'><strong>est,</strong></span> 
     </span>
    </p>
   </div>
   <div class='ocr_carea' id='block_1_29' title="bbox 452 2914 2099 2987">
    <p class='ocr_par' dir='ltr' id='par_1_29' title="bbox 452 2914 2099 2987">
     <span class='ocr_line' id='line_1_29' title="bbox 452 2914 2099 2987; baseline -0.004 -14"><span class='ocrx_word' id='word_1_210' title='bbox 452 2914 455 2917; x_wconf 33' lang='grc'>⁴</span> <span class='ocrx_word' id='word_1_211' title='bbox 512 2919 799 2987; x_wconf 79' lang='lat' dir='ltr'><strong>familiaris</strong></span> <span class='ocrx_word' id='word_1_212' title='bbox 830 2932 999 2979; x_wconf 90' lang='lat' dir='ltr'><strong>meus,</strong></span> <span class='ocrx_word' id='word_1_213' title='bbox 1029 2926 1084 2970; x_wconf 89' lang='lat' dir='ltr'><strong>ut</strong></span> <span class='ocrx_word' id='word_1_214' title='bbox 1123 2931 1151 2969; x_wconf 91' lang='lat' dir='ltr'><strong>a</strong></span> <span class='ocrx_word' id='word_1_215' title='bbox 1182 2916 1453 2985; x_wconf 85' lang='lat' dir='ltr'><strong>corporeis</strong></span> <span class='ocrx_word' id='word_1_216' title='bbox 1491 2915 1556 2969; x_wconf 90' lang='lat' dir='ltr'><strong>ad</strong></span> <span class='ocrx_word' id='word_1_217' title='bbox 1587 2915 1895 2982; x_wconf 88' lang='lat' dir='ltr'><strong>incorporea</strong></span> <span class='ocrx_word' id='word_1_218' title='bbox 1928 2924 2099 2968; x_wconf 87' lang='lat' dir='ltr'><strong>trans-</strong></span> 
     </span>
    </p>
   </div>
   <div class='ocr_carea' id='block_1_30' title="bbox 526 3006 2095 3079">
    <p class='ocr_par' dir='ltr' id='par_1_30' title="bbox 526 3006 2095 3079">
     <span class='ocr_line' id='line_1_30' title="bbox 526 3006 2095 3079; baseline -0.004 -14"><span class='ocrx_word' id='word_1_219' title='bbox 526 3026 731 3075; x_wconf 79' lang='lat' dir='ltr'><strong>eamus,</strong></span> <span class='ocrx_word' id='word_1_220' title='bbox 761 3008 1043 3079; x_wconf 88' lang='lat' dir='ltr'><strong>responde,</strong></span> <span class='ocrx_word' id='word_1_221' title='bbox 1075 3008 1117 3062; x_wconf 91' lang='lat' dir='ltr'><strong>si</strong></span> <span class='ocrx_word' id='word_1_222' title='bbox 1147 3008 1368 3072; x_wconf 89' lang='lat' dir='ltr'><strong>videtur,</strong></span> <span class='ocrx_word' id='word_1_223' title='bbox 1402 3022 1520 3061; x_wconf 91' lang='lat' dir='ltr'><strong>cum</strong></span> <span class='ocrx_word' id='word_1_224' title='bbox 1551 3006 1707 3060; x_wconf 87' lang='lat' dir='ltr'><strong>istum</strong></span> <span class='ocrx_word' id='word_1_225' title='bbox 1736 3022 1944 3061; x_wconf 88' lang='lat' dir='ltr'><strong>versum</strong></span> <span class='ocrx_word' id='word_1_226' title='bbox 1975 3022 2095 3075; x_wconf 84' lang='lat' dir='ltr'><strong>pro-</strong></span> 
     </span>
    </p>
   </div>
   <div class='ocr_carea' id='block_1_31' title="bbox 528 3100 2099 3169">
    <p class='ocr_par' dir='ltr' id='par_1_31' title="bbox 528 3100 2099 3169">
     <span class='ocr_line' id='line_1_31' title="bbox 528 3100 2099 3169; baseline -0.003 -11"><span class='ocrx_word' id='word_1_227' title='bbox 528 3103 849 3166; x_wconf 87' lang='lat' dir='ltr'><strong>nuntiamus,</strong></span> <span class='ocrx_word' id='word_1_228' title='bbox 871 3100 1010 3155; x_wconf 80' lang='lat' dir='ltr'><strong>Dcus</strong></span> <span class='ocrx_word' id='word_1_229' title='bbox 1030 3111 1226 3155; x_wconf 84' lang='lat' dir='ltr'><strong>creator</strong></span> <span class='ocrx_word' id='word_1_230' title='bbox 1244 3102 1485 3167; x_wconf 84' lang='lat' dir='ltr'><strong>omnium,</strong></span> <span class='ocrx_word' id='word_1_231' title='bbox 1507 3101 1636 3155; x_wconf 86' lang='lat' dir='ltr'><strong>istos</strong></span> <span class='ocrx_word' id='word_1_232' title='bbox 1656 3108 1879 3169; x_wconf 84' lang='lat' dir='ltr'><strong>quatuor</strong></span> <span class='ocrx_word' id='word_1_233' title='bbox 1899 3101 2099 3154; x_wconf 71' lang='lat' dir='ltr'><strong>iambos</strong></span> 
     </span>
    </p>
   </div>
   <div class='ocr_carea' id='block_1_32' title="bbox 458 3192 2099 3266">
    <p class='ocr_par' dir='ltr' id='par_1_32' title="bbox 458 3192 2099 3266">
     <span class='ocr_line' id='line_1_32' title="bbox 458 3192 2099 3266; baseline 0 -19"><span class='ocrx_word' id='word_1_234' title='bbox 458 3260 461 3261; x_wconf 17' lang='grc' dir='ltr'><em>ν</em></span> <span class='ocrx_word' id='word_1_235' title='bbox 525 3196 716 3266; x_wconf 81' lang='lat' dir='ltr'><strong>quibus</strong></span> <span class='ocrx_word' id='word_1_236' title='bbox 759 3202 985 3257; x_wconf 85' lang='lat' dir='ltr'><strong>constat,</strong></span> <span class='ocrx_word' id='word_1_237' title='bbox 1024 3203 1077 3249; x_wconf 89' lang='lat' dir='ltr'><strong>et</strong></span> <span class='ocrx_word' id='word_1_238' title='bbox 1120 3202 1358 3262; x_wconf 89' lang='lat' dir='ltr'><strong>tempora</strong></span> <span class='ocrx_word' id='word_1_239' title='bbox 1402 3192 1676 3247; x_wconf 89' lang='lat' dir='ltr'><strong>duodecim</strong></span> <span class='ocrx_word' id='word_1_240' title='bbox 1721 3192 1932 3246; x_wconf 89' lang='lat' dir='ltr'><strong>ubinam</strong></span> <span class='ocrx_word' id='word_1_241' title='bbox 1981 3208 2099 3247; x_wconf 89' lang='lat' dir='ltr'><strong>esse</strong></span> 
     </span>
    </p>
   </div>
   <div class='ocr_carea' id='block_1_33' title="bbox 466 3282 2096 3352">
    <p class='ocr_par' dir='ltr' id='par_1_33' title="bbox 466 3282 2096 3352">
     <span class='ocr_line' id='line_1_33' title="bbox 466 3282 2096 3352; baseline -0.002 -13"><span class='ocrx_word' id='word_1_242' title='bbox 466 3348 469 3349; x_wconf 21' lang='grc' dir='ltr'><em>ν</em></span> <span class='ocrx_word' id='word_1_243' title='bbox 523 3286 825 3350; x_wconf 87' lang='lat' dir='ltr'><strong>arbitreris,</strong></span> <span class='ocrx_word' id='word_1_244' title='bbox 866 3283 915 3338; x_wconf 90' lang='lat' dir='ltr'><strong>id</strong></span> <span class='ocrx_word' id='word_1_245' title='bbox 951 3293 1059 3351; x_wconf 89' lang='lat' dir='ltr'><strong>est,</strong></span> <span class='ocrx_word' id='word_1_246' title='bbox 1107 3283 1159 3337; x_wconf 92' lang='lat' dir='ltr'><strong>in</strong></span> <span class='ocrx_word' id='word_1_247' title='bbox 1205 3298 1337 3337; x_wconf 90' lang='lat' dir='ltr'><strong>sono</strong></span> <span class='ocrx_word' id='word_1_248' title='bbox 1385 3291 1583 3336; x_wconf 90' lang='lat' dir='ltr'><strong>tantum</strong></span> <span class='ocrx_word' id='word_1_249' title='bbox 1629 3282 1716 3352; x_wconf 91' lang='lat' dir='ltr'><strong>qui</strong></span> <span class='ocrx_word' id='word_1_250' title='bbox 1757 3282 1981 3347; x_wconf 90' lang='lat' dir='ltr'><strong>auditur,</strong></span> <span class='ocrx_word' id='word_1_251' title='bbox 2032 3297 2096 3335; x_wconf 92' lang='lat' dir='ltr'><strong>an</strong></span> 
     </span>
    </p>
   </div>
   <div class='ocr_carea' id='block_1_34' title="bbox 524 3374 2096 3445">
    <p class='ocr_par' dir='ltr' id='par_1_34' title="bbox 524 3374 2096 3445">
     <span class='ocr_line' id='line_1_34' title="bbox 524 3374 2096 3445; baseline -0.004 -14"><span class='ocrx_word' id='word_1_252' title='bbox 524 3379 681 3432; x_wconf 85' lang='lat' dir='ltr'><strong>etiam</strong></span> <span class='ocrx_word' id='word_1_253' title='bbox 726 3377 775 3429; x_wconf 93' lang='lat' dir='ltr'><strong>in</strong></span> <span class='ocrx_word' id='word_1_254' title='bbox 809 3392 964 3430; x_wconf 88' lang='lat' dir='ltr'><strong>sensu</strong></span> <span class='ocrx_word' id='word_1_255' title='bbox 995 3375 1256 3430; x_wconf 90' lang='lat' dir='ltr'><strong>audientis</strong></span> <span class='ocrx_word' id='word_1_256' title='bbox 1286 3375 1371 3445; x_wconf 90' lang='lat' dir='ltr'><strong>qui</strong></span> <span class='ocrx_word' id='word_1_257' title='bbox 1399 3374 1464 3427; x_wconf 89' lang='lat' dir='ltr'><strong>ad</strong></span> <span class='ocrx_word' id='word_1_258' title='bbox 1494 3390 1649 3429; x_wconf 90' lang='lat' dir='ltr'><strong>aures</strong></span> <span class='ocrx_word' id='word_1_259' title='bbox 1676 3374 1922 3442; x_wconf 86' lang='lat' dir='ltr'><strong>pertinet,</strong></span> <span class='ocrx_word' id='word_1_260' title='bbox 1949 3389 2013 3425; x_wconf 91' lang='lat' dir='ltr'><strong>an</strong></span> <span class='ocrx_word' id='word_1_261' title='bbox 2046 3374 2096 3426; x_wconf 87' lang='lat' dir='ltr'><strong>itt</strong></span> 
     </span>
    </p>
   </div>
   <div class='ocr_carea' id='block_1_35' title="bbox 524 3466 2095 3537">
    <p class='ocr_par' dir='ltr' id='par_1_35' title="bbox 524 3466 2095 3537">
     <span class='ocr_line' id='line_1_35' title="bbox 524 3466 2095 3537; baseline -0.004 -15"><span class='ocrx_word' id='word_1_262' title='bbox 524 3479 645 3524; x_wconf 90' lang='lat' dir='ltr'><strong>actu</strong></span> <span class='ocrx_word' id='word_1_263' title='bbox 687 3470 847 3523; x_wconf 87' lang='lat' dir='ltr'><strong>etiam</strong></span> <span class='ocrx_word' id='word_1_264' title='bbox 887 3466 1275 3537; x_wconf 89' lang='lat' dir='ltr'><strong>prommtiantis</strong></span> <span class='ocrx_word' id='word_1_265' title='bbox 1296 3509 1310 3531; x_wconf 93' lang='lat'><strong>,</strong></span> <span class='ocrx_word' id='word_1_266' title='bbox 1343 3482 1407 3519; x_wconf 91' lang='lat' dir='ltr'><strong>an</strong></span> <span class='ocrx_word' id='word_1_267' title='bbox 1439 3466 1559 3535; x_wconf 88' lang='lat' dir='ltr'><strong>quia</strong></span> <span class='ocrx_word' id='word_1_268' title='bbox 1596 3474 1751 3518; x_wconf 91' lang='lat' dir='ltr'><strong>notus</strong></span> <span class='ocrx_word' id='word_1_269' title='bbox 1780 3481 1963 3519; x_wconf 85' lang='lat' dir='ltr'><strong>versus</strong></span> <span class='ocrx_word' id='word_1_270' title='bbox 1994 3474 2095 3530; x_wconf 89' lang='lat' dir='ltr'><strong>est,</strong></span> 
     </span>
    </p>
   </div>
   <div class='ocr_carea' id='block_1_36' title="bbox 523 3555 2098 3631">
    <p class='ocr_par' dir='ltr' id='par_1_36' title="bbox 523 3555 2098 3631">
     <span class='ocr_line' id='line_1_36' title="bbox 523 3555 2098 3631; baseline -0.004 -15"><span class='ocrx_word' id='word_1_271' title='bbox 523 3562 576 3616; x_wconf 88' lang='lat' dir='ltr'><strong>in</strong></span> <span class='ocrx_word' id='word_1_272' title='bbox 609 3562 861 3616; x_wconf 89' lang='lat' dir='ltr'><strong>memoria</strong></span> <span class='ocrx_word' id='word_1_273' title='bbox 893 3576 1103 3631; x_wconf 89' lang='lat' dir='ltr'><strong>quoque</strong></span> <span class='ocrx_word' id='word_1_274' title='bbox 1140 3568 1317 3613; x_wconf 90' lang='lat' dir='ltr'><strong>nostra</strong></span> <span class='ocrx_word' id='word_1_275' title='bbox 1354 3558 1452 3611; x_wconf 92' lang='lat' dir='ltr'><strong>hos</strong></span> <span class='ocrx_word' id='word_1_276' title='bbox 1489 3571 1740 3611; x_wconf 89' lang='lat' dir='ltr'><strong>numeros</strong></span> <span class='ocrx_word' id='word_1_277' title='bbox 1770 3571 1888 3611; x_wconf 86' lang='lat' dir='ltr'><strong>esse</strong></span> <span class='ocrx_word' id='word_1_278' title='bbox 1928 3555 2098 3610; x_wconf 90' lang='lat' dir='ltr'><strong>faten-</strong></span> 
     </span>
    </p>
   </div>
   <div class='ocr_carea' id='block_1_37' title="bbox 512 3645 2098 3717">
    <p class='ocr_par' dir='ltr' id='par_1_37' title="bbox 512 3645 2098 3717">
     <span class='ocr_line' id='line_1_37' title="bbox 512 3645 2098 3717; baseline -0.005 -10"><span class='ocrx_word' id='word_1_279' title='bbox 512 3654 646 3707; x_wconf 68' lang='lat' dir='ltr'><strong>dum</strong></span> <span class='ocrx_word' id='word_1_280' title='bbox 686 3652 807 3707; x_wconf 77' lang='lat' dir='ltr'><strong>est?</strong></span> <span class='ocrx_word' id='word_1_281' title='bbox 838 3651 903 3704; x_wconf 90' lang='lat' dir='ltr'><strong>D.</strong></span> <span class='ocrx_word' id='word_1_282' title='bbox 939 3652 995 3706; x_wconf 86' lang='lat' dir='ltr'><strong>lu</strong></span> <span class='ocrx_word' id='word_1_283' title='bbox 1033 3650 1115 3703; x_wconf 81' lang='lat' dir='ltr'><strong>his</strong></span> <span class='ocrx_word' id='word_1_284' title='bbox 1154 3649 1398 3703; x_wconf 89' lang='lat' dir='ltr'><strong>omnibus</strong></span> <span class='ocrx_word' id='word_1_285' title='bbox 1448 3656 1593 3717; x_wconf 91' lang='lat' dir='ltr'><strong>puto.</strong></span> <span class='ocrx_word' id='word_1_286' title='bbox 1642 3645 1719 3701; x_wconf 81' lang='grc' dir='ltr'><strong>Μ.</strong></span> <span class='ocrx_word' id='word_1_287' title='bbox 1759 3646 2098 3715; x_wconf 88' lang='lat' dir='ltr'><strong>Nusquanme</strong></span> 
     </span>
    </p>
   </div>
   <div class='ocr_carea' id='block_1_38' title="bbox 520 3737 2098 3814">
    <p class='ocr_par' dir='ltr' id='par_1_38' title="bbox 520 3737 2098 3814">
     <span class='ocr_line' id='line_1_38' title="bbox 520 3737 2098 3814; baseline -0.004 -16"><span class='ocrx_word' id='word_1_288' title='bbox 520 3745 792 3814; x_wconf 78' lang='lat' dir='ltr'><strong>amplius?</strong></span> <span class='ocrx_word' id='word_1_289' title='bbox 825 3744 888 3796; x_wconf 90' lang='lat' dir='ltr'><strong>D.</strong></span> <span class='ocrx_word' id='word_1_290' title='bbox 925 3743 1060 3810; x_wconf 86' lang='lat' dir='ltr'><strong>Quid</strong></span> <span class='ocrx_word' id='word_1_291' title='bbox 1099 3742 1239 3795; x_wconf 90' lang='lat' dir='ltr'><strong>aliud</strong></span> <span class='ocrx_word' id='word_1_292' title='bbox 1277 3750 1439 3795; x_wconf 87' lang='lat' dir='ltr'><strong>restet</strong></span> <span class='ocrx_word' id='word_1_293' title='bbox 1477 3756 1580 3794; x_wconf 91' lang='lat' dir='ltr'><strong>non</strong></span> <span class='ocrx_word' id='word_1_294' title='bbox 1620 3740 1795 3803; x_wconf 84' lang='lat' dir='ltr'><strong>video,</strong></span> <span class='ocrx_word' id='word_1_295' title='bbox 1828 3739 1925 3792; x_wconf 90' lang='lat' dir='ltr'><strong>nisi</strong></span> <span class='ocrx_word' id='word_1_296' title='bbox 1964 3737 2098 3792; x_wconf 86' lang='lat' dir='ltr'><strong>forte</strong></span> 
     </span>
    </p>
   </div>
   <div class='ocr_carea' id='block_1_39' title="bbox 522 3829 2095 3903">
    <p class='ocr_par' dir='ltr' id='par_1_39' title="bbox 522 3829 2095 3903">
     <span class='ocr_line' id='line_1_39' title="bbox 522 3829 2095 3903; baseline -0.004 -13"><span class='ocrx_word' id='word_1_297' title='bbox 522 3838 745 3891; x_wconf 87' lang='lat' dir='ltr'><strong>interior</strong></span> <span class='ocrx_word' id='word_1_298' title='bbox 770 3846 822 3890; x_wconf 88' lang='lat' dir='ltr'><strong>et</strong></span> <span class='ocrx_word' id='word_1_299' title='bbox 862 3834 1105 3903; x_wconf 81' lang='lat' dir='ltr'><strong>superior</strong></span> <span class='ocrx_word' id='word_1_300' title='bbox 1133 3832 1304 3901; x_wconf 87' lang='lat' dir='ltr'><strong>aliqua</strong></span> <span class='ocrx_word' id='word_1_301' title='bbox 1345 3832 1424 3883; x_wconf 83' lang='lat' dir='ltr'><strong>vis</strong></span> <span class='ocrx_word' id='word_1_302' title='bbox 1453 3832 1519 3885; x_wconf 85' lang='lat' dir='ltr'><strong>sit</strong></span> <span class='ocrx_word' id='word_1_303' title='bbox 1544 3833 1564 3862; x_wconf 85' lang='grc'>¹</span> <span class='ocrx_word' id='word_1_304' title='bbox 1598 3830 1733 3884; x_wconf 90' lang='lat' dir='ltr'><strong>unde</strong></span> <span class='ocrx_word' id='word_1_305' title='bbox 1773 3829 1869 3882; x_wconf 88' lang='lat' dir='ltr'><strong>ista</strong></span> <span class='ocrx_word' id='word_1_306' title='bbox 1911 3845 2095 3899; x_wconf 79' lang='lat' dir='ltr'><strong>proce-</strong></span> 
     </span>
    </p>
   </div>
   <div class='ocr_carea' id='block_1_40' title="bbox 522 3919 2093 3993">
    <p class='ocr_par' dir='ltr' id='par_1_40' title="bbox 522 3919 2093 3993">
     <span class='ocr_line' id='line_1_40' title="bbox 522 3919 2093 3993; baseline -0.004 -11"><span class='ocrx_word' id='word_1_307' title='bbox 522 3929 670 3982; x_wconf 86' lang='lat' dir='ltr'><strong>dunt.</strong></span> <span class='ocrx_word' id='word_1_308' title='bbox 723 3925 799 3980; x_wconf 83' lang='grc' dir='ltr'><strong><em>Μ.</em></strong></span> <span class='ocrx_word' id='word_1_309' title='bbox 850 3924 966 3981; x_wconf 85' lang='grc' dir='ltr'>Νοιι</span> <span class='ocrx_word' id='word_1_310' title='bbox 1007 3939 1105 3993; x_wconf 84' lang='lat' dir='ltr'><strong>ego</strong></span> <span class='ocrx_word' id='word_1_311' title='bbox 1152 3938 1332 3993; x_wconf 63' lang='lat' dir='ltr'><strong>quaero</strong></span> <span class='ocrx_word' id='word_1_312' title='bbox 1388 3922 1511 3991; x_wconf 84' lang='lat' dir='ltr'><strong>quid</strong></span> <span class='ocrx_word' id='word_1_313' title='bbox 1556 3919 1929 3990; x_wconf 86' lang='lat' dir='ltr'><strong>suspicandum</strong></span> <span class='ocrx_word' id='word_1_314' title='bbox 1988 3923 2093 3975; x_wconf 87' lang='lat' dir='ltr'><strong>sit:</strong></span> 
     </span>
    </p>
   </div>
   <div class='ocr_carea' id='block_1_41' title="bbox 520 4012 2096 4089">
    <p class='ocr_par' dir='ltr' id='par_1_41' title="bbox 520 4012 2096 4089">
     <span class='ocr_line' id='line_1_41' title="bbox 520 4012 2096 4089; baseline -0.003 -20"><span class='ocrx_word' id='word_1_315' title='bbox 520 4033 686 4089; x_wconf 86' lang='lat' dir='ltr'><strong>quare</strong></span> <span class='ocrx_word' id='word_1_316' title='bbox 712 4018 755 4071; x_wconf 90' lang='lat' dir='ltr'><strong>si</strong></span> <span class='ocrx_word' id='word_1_317' title='bbox 783 4015 896 4069; x_wconf 67' lang='lat' dir='ltr'><strong>haec</strong></span> <span class='ocrx_word' id='word_1_318' title='bbox 919 4023 1145 4082; x_wconf 87' lang='lat' dir='ltr'><strong>quatuor</strong></span> <span class='ocrx_word' id='word_1_319' title='bbox 1168 4028 1359 4081; x_wconf 81' lang='lat' dir='ltr'><strong>genera</strong></span> <span class='ocrx_word' id='word_1_320' title='bbox 1390 4013 1458 4066; x_wconf 88' lang='lat' dir='ltr'><strong>ita</strong></span> <span class='ocrx_word' id='word_1_321' title='bbox 1484 4012 1576 4065; x_wconf 90' lang='lat' dir='ltr'><strong>tibi</strong></span> <span class='ocrx_word' id='word_1_322' title='bbox 1600 4019 1873 4080; x_wconf 86' lang='lat' dir='ltr'><strong>apparent,</strong></span> <span class='ocrx_word' id='word_1_323' title='bbox 1898 4021 1953 4065; x_wconf 89' lang='lat' dir='ltr'><strong>ut</strong></span> <span class='ocrx_word' id='word_1_324' title='bbox 1981 4012 2096 4066; x_wconf 82' lang='lat' dir='ltr'><strong>nul-</strong></span> 
     </span>
    </p>
   </div>
   <div class='ocr_carea' id='block_1_42' title="bbox 524 4099 2095 4173">
    <p class='ocr_par' dir='ltr' id='par_1_42' title="bbox 524 4099 2095 4173">
     <span class='ocr_line' id='line_1_42' title="bbox 524 4099 2095 4173; baseline -0.001 -14"><span class='ocrx_word' id='word_1_325' title='bbox 524 4109 631 4160; x_wconf 89' lang='lat' dir='ltr'><strong>lum</strong></span> <span class='ocrx_word' id='word_1_326' title='bbox 663 4105 802 4158; x_wconf 88' lang='lat' dir='ltr'><strong>aliud</strong></span> <span class='ocrx_word' id='word_1_327' title='bbox 832 4102 1011 4157; x_wconf 86' lang='lat' dir='ltr'><strong>videas</strong></span> <span class='ocrx_word' id='word_1_328' title='bbox 1040 4102 1179 4170; x_wconf 87' lang='lat' dir='ltr'><strong>quod</strong></span> <span class='ocrx_word' id='word_1_329' title='bbox 1218 4117 1367 4173; x_wconf 75' lang='lat' dir='ltr'><strong>aeque</strong></span> <span class='ocrx_word' id='word_1_330' title='bbox 1395 4099 1726 4155; x_wconf 85' lang='lat' dir='ltr'><strong>manifestum</strong></span> <span class='ocrx_word' id='word_1_331' title='bbox 1765 4102 1851 4165; x_wconf 90' lang='lat' dir='ltr'><strong>sit,</strong></span> <span class='ocrx_word' id='word_1_332' title='bbox 1889 4101 2095 4157; x_wconf 88' lang='lat' dir='ltr'><strong>discer-</strong></span> 
     </span>
    </p>
   </div>
   <div class='ocr_carea' id='block_1_43' title="bbox 526 4194 2094 4264">
    <p class='ocr_par' dir='ltr' id='par_1_43' title="bbox 526 4194 2094 4264">
     <span class='ocr_line' id='line_1_43' title="bbox 526 4194 2094 4264; baseline -0.003 -10"><span class='ocrx_word' id='word_1_333' title='bbox 526 4216 713 4254; x_wconf 91' lang='lat' dir='ltr'><strong>namus</strong></span> <span class='ocrx_word' id='word_1_334' title='bbox 738 4213 797 4252; x_wconf 93' lang='lat' dir='ltr'><strong>ea</strong></span> <span class='ocrx_word' id='word_1_335' title='bbox 818 4237 833 4262; x_wconf 90' lang='lat'><strong>,</strong></span> <span class='ocrx_word' id='word_1_336' title='bbox 861 4195 904 4249; x_wconf 92' lang='lat' dir='ltr'><strong>si</strong></span> <span class='ocrx_word' id='word_1_337' title='bbox 935 4195 1133 4264; x_wconf 84' lang='lat' dir='ltr'><strong>placet,</strong></span> <span class='ocrx_word' id='word_1_338' title='bbox 1163 4195 1229 4250; x_wconf 93' lang='lat' dir='ltr'><strong>ab</strong></span> <span class='ocrx_word' id='word_1_339' title='bbox 1254 4194 1475 4248; x_wconf 83' lang='lat' dir='ltr'><strong>invicem</strong></span> <span class='ocrx_word' id='word_1_340' title='bbox 1500 4236 1515 4261; x_wconf 91' lang='lat'><strong>,</strong></span> <span class='ocrx_word' id='word_1_341' title='bbox 1544 4204 1596 4248; x_wconf 92' lang='lat' dir='ltr'><strong>et</strong></span> <span class='ocrx_word' id='word_1_342' title='bbox 1621 4196 1891 4250; x_wconf 85' lang='lat' dir='ltr'><strong>videamus</strong></span> <span class='ocrx_word' id='word_1_343' title='bbox 1920 4205 2094 4250; x_wconf 87' lang='lat' dir='ltr'><strong>utrum</strong></span> 
     </span>
    </p>
   </div>
   <div class='ocr_carea' id='block_1_44' title="bbox 522 4286 2096 4360">
    <p class='ocr_par' dir='ltr' id='par_1_44' title="bbox 522 4286 2096 4360">
     <span class='ocr_line' id='line_1_44' title="bbox 522 4286 2096 4360; baseline -0.001 -15"><span class='ocrx_word' id='word_1_344' title='bbox 522 4291 725 4360; x_wconf 81' lang='lat' dir='ltr'><strong>singula</strong></span> <span class='ocrx_word' id='word_1_345' title='bbox 751 4303 869 4342; x_wconf 88' lang='lat' dir='ltr'><strong>esse</strong></span> <span class='ocrx_word' id='word_1_346' title='bbox 902 4288 1018 4342; x_wconf 90' lang='lat' dir='ltr'><strong>sine</strong></span> <span class='ocrx_word' id='word_1_347' title='bbox 1044 4287 1265 4342; x_wconf 86' lang='lat' dir='ltr'><strong>invicem</strong></span> <span class='ocrx_word' id='word_1_348' title='bbox 1294 4287 1518 4356; x_wconf 82' lang='lat' dir='ltr'><strong>possint.</strong></span> <span class='ocrx_word' id='word_1_349' title='bbox 1549 4286 1679 4341; x_wconf 88' lang='lat' dir='ltr'><strong>Nam</strong></span> <span class='ocrx_word' id='word_1_350' title='bbox 1719 4288 1878 4342; x_wconf 89' lang='lat' dir='ltr'><strong>credo</strong></span> <span class='ocrx_word' id='word_1_351' title='bbox 1908 4304 2011 4343; x_wconf 91' lang='lat' dir='ltr'><strong>non</strong></span> <span class='ocrx_word' id='word_1_352' title='bbox 2045 4299 2096 4344; x_wconf 91' lang='lat' dir='ltr'><strong>te</strong></span> 
     </span>
    </p>
   </div>
   <div class='ocr_carea' id='block_1_45' title="bbox 523 4380 2095 4451">
    <p class='ocr_par' dir='ltr' id='par_1_45' title="bbox 523 4380 2095 4451">
     <span class='ocr_line' id='line_1_45' title="bbox 523 4380 2095 4451; baseline 0.001 -15"><span class='ocrx_word' id='word_1_353' title='bbox 523 4397 643 4438; x_wconf 84' lang='lat' dir='ltr'><strong>esse</strong></span> <span class='ocrx_word' id='word_1_354' title='bbox 668 4392 979 4451; x_wconf 80' lang='lat' dir='ltr'><strong>negaturum</strong></span> <span class='ocrx_word' id='word_1_355' title='bbox 1010 4380 1120 4434; x_wconf 87' lang='lat' dir='ltr'><strong>fieri</strong></span> <span class='ocrx_word' id='word_1_356' title='bbox 1154 4395 1344 4450; x_wconf 87' lang='lat' dir='ltr'><strong>posse,</strong></span> <span class='ocrx_word' id='word_1_357' title='bbox 1382 4389 1441 4434; x_wconf 91' lang='lat' dir='ltr'><strong>ut</strong></span> <span class='ocrx_word' id='word_1_358' title='bbox 1481 4381 1533 4434; x_wconf 91' lang='lat' dir='ltr'><strong>in</strong></span> <span class='ocrx_word' id='word_1_359' title='bbox 1562 4380 1737 4451; x_wconf 92' lang='lat' dir='ltr'><strong>aliquo</strong></span> <span class='ocrx_word' id='word_1_360' title='bbox 1762 4383 1880 4437; x_wconf 88' lang='lat' dir='ltr'><strong>loco</strong></span> <span class='ocrx_word' id='word_1_361' title='bbox 1909 4383 2095 4451; x_wconf 88' lang='lat' dir='ltr'><strong>aliquis</strong></span> 
     </span>
    </p>
   </div>
   <div class='ocr_carea' id='block_1_46' title="bbox 531 4469 2095 4538">
    <p class='ocr_par' dir='ltr' id='par_1_46' title="bbox 531 4469 2095 4538">
     <span class='ocr_line' id='line_1_46' title="bbox 531 4469 2095 4538; baseline 0 -11"><span class='ocrx_word' id='word_1_362' title='bbox 531 4488 695 4528; x_wconf 84' lang='lat' dir='ltr'><strong>sonus</strong></span> <span class='ocrx_word' id='word_1_363' title='bbox 717 4471 908 4526; x_wconf 83' lang='lat' dir='ltr'><strong>existat</strong></span> <span class='ocrx_word' id='word_1_364' title='bbox 948 4469 1310 4538; x_wconf 84' lang='lat' dir='ltr'><strong>hujuscemodi</strong></span> <span class='ocrx_word' id='word_1_365' title='bbox 1339 4472 1559 4524; x_wconf 81' lang='lat' dir='ltr'><strong>merulis</strong></span> <span class='ocrx_word' id='word_1_366' title='bbox 1587 4480 1639 4523; x_wconf 84' lang='lat' dir='ltr'><strong>et</strong></span> <span class='ocrx_word' id='word_1_367' title='bbox 1678 4471 2095 4527; x_wconf 87' lang='lat' dir='ltr'><strong>dimensionibus</strong></span> 
     </span>
    </p>
   </div>
   <div class='ocr_carea' id='block_1_47' title="bbox 518 4561 2093 4633">
    <p class='ocr_par' dir='ltr' id='par_1_47' title="bbox 518 4561 2093 4633">
     <span class='ocr_line' id='line_1_47' title="bbox 518 4561 2093 4633; baseline 0.001 -17"><span class='ocrx_word' id='word_1_368' title='bbox 518 4564 813 4619; x_wconf 74' lang='lat' dir='ltr'><strong>verberans</strong></span> <span class='ocrx_word' id='word_1_369' title='bbox 840 4576 1017 4616; x_wconf 87' lang='lat' dir='ltr'><strong>aerem</strong></span> <span class='ocrx_word' id='word_1_370' title='bbox 1054 4562 1137 4616; x_wconf 83' lang='lat' dir='ltr'><strong>vel</strong></span> <span class='ocrx_word' id='word_1_371' title='bbox 1177 4561 1445 4615; x_wconf 84' lang='lat' dir='ltr'><strong>stillicidio</strong></span> <span class='ocrx_word' id='word_1_372' title='bbox 1472 4562 1553 4616; x_wconf 87' lang='lat' dir='ltr'><strong>vel</strong></span> <span class='ocrx_word' id='word_1_373' title='bbox 1583 4563 1758 4630; x_wconf 76' lang='lat' dir='ltr'><strong>aliquo</strong></span> <span class='ocrx_word' id='word_1_374' title='bbox 1793 4565 1898 4617; x_wconf 90' lang='lat' dir='ltr'><strong>alio</strong></span> <span class='ocrx_word' id='word_1_375' title='bbox 1940 4565 2093 4633; x_wconf 89' lang='lat' dir='ltr'><strong>pulsu</strong></span> 
     </span>
    </p>
   </div>
   <div class='ocr_carea' id='block_1_48' title="bbox 514 4651 2090 4724">
    <p class='ocr_par' dir='ltr' id='par_1_48' title="bbox 514 4651 2090 4724">
     <span class='ocr_line' id='line_1_48' title="bbox 514 4651 2090 4724; baseline -0.001 -16"><span class='ocrx_word' id='word_1_376' title='bbox 514 4670 826 4724; x_wconf 71' lang='lat' dir='ltr'><strong>corporum,</strong></span> <span class='ocrx_word' id='word_1_377' title='bbox 854 4653 941 4706; x_wconf 91' lang='lat' dir='ltr'><strong>ubi</strong></span> <span class='ocrx_word' id='word_1_378' title='bbox 990 4653 1166 4706; x_wconf 84' lang='lat' dir='ltr'><strong>nullus</strong></span> <span class='ocrx_word' id='word_1_379' title='bbox 1196 4651 1345 4706; x_wconf 82' lang='lat' dir='ltr'><strong>adsit</strong></span> <span class='ocrx_word' id='word_1_380' title='bbox 1384 4652 1611 4705; x_wconf 85' lang='lat' dir='ltr'><strong>auditor.</strong></span> <span class='ocrx_word' id='word_1_381' title='bbox 1652 4652 1803 4720; x_wconf 85' lang='lat' dir='ltr'><strong>Quod</strong></span> <span class='ocrx_word' id='word_1_382' title='bbox 1850 4669 1969 4709; x_wconf 89' lang='lat' dir='ltr'><strong>cum</strong></span> <span class='ocrx_word' id='word_1_383' title='bbox 2016 4655 2090 4721; x_wconf 86' lang='lat' dir='ltr'><strong>fit,</strong></span> 
     </span>
    </p>
   </div>
   <div class='ocr_carea' id='block_1_49' title="bbox 522 4742 2095 4814">
    <p class='ocr_par' dir='ltr' id='par_1_49' title="bbox 522 4742 2095 4814">
     <span class='ocr_line' id='line_1_49' title="bbox 522 4742 2095 4814; baseline 0 -14"><span class='ocrx_word' id='word_1_384' title='bbox 522 4758 649 4800; x_wconf 89' lang='lat' dir='ltr'><strong>num</strong></span> <span class='ocrx_word' id='word_1_385' title='bbox 680 4753 875 4814; x_wconf 65' lang='lat' dir='ltr'><strong>prmter</strong></span> <span class='ocrx_word' id='word_1_386' title='bbox 898 4742 1022 4796; x_wconf 88' lang='lat' dir='ltr'><strong>illttd</strong></span> <span class='ocrx_word' id='word_1_387' title='bbox 1051 4742 1277 4811; x_wconf 85' lang='lat' dir='ltr'><strong>primum</strong></span> <span class='ocrx_word' id='word_1_388' title='bbox 1307 4757 1493 4811; x_wconf 83' lang='lat' dir='ltr'><strong>genus,</strong></span> <span class='ocrx_word' id='word_1_389' title='bbox 1521 4759 1639 4797; x_wconf 88' lang='lat' dir='ltr'><strong>cum</strong></span> <span class='ocrx_word' id='word_1_390' title='bbox 1666 4745 1778 4811; x_wconf 86' lang='lat' dir='ltr'><strong>ipse</strong></span> <span class='ocrx_word' id='word_1_391' title='bbox 1806 4759 1968 4800; x_wconf 87' lang='lat' dir='ltr'><strong>sonus</strong></span> <span class='ocrx_word' id='word_1_392' title='bbox 1997 4746 2095 4801; x_wconf 79' lang='lat' dir='ltr'><strong>hos</strong></span> 
     </span>
    </p>
   </div>
   <div class='ocr_carea' id='block_1_50' title="bbox 522 4832 2090 4903">
    <p class='ocr_par' dir='ltr' id='par_1_50' title="bbox 522 4832 2090 4903">
     <span class='ocr_line' id='line_1_50' title="bbox 522 4832 2090 4903; baseline 0 -13"><span class='ocrx_word' id='word_1_393' title='bbox 522 4850 772 4890; x_wconf 87' lang='lat' dir='ltr'><strong>numeros</strong></span> <span class='ocrx_word' id='word_1_394' title='bbox 808 4832 985 4895; x_wconf 80' lang='lat' dir='ltr'><strong>habet,</strong></span> <span class='ocrx_word' id='word_1_395' title='bbox 1014 4833 1181 4888; x_wconf 89' lang='lat' dir='ltr'><strong>ullum</strong></span> <span class='ocrx_word' id='word_1_396' title='bbox 1220 4832 1407 4887; x_wconf 90' lang='lat' dir='ltr'><strong>horum</strong></span> <span class='ocrx_word' id='word_1_397' title='bbox 1437 4842 1659 4902; x_wconf 87' lang='lat' dir='ltr'><strong>quatuor</strong></span> <span class='ocrx_word' id='word_1_398' title='bbox 1696 4835 1998 4903; x_wconf 84' lang='lat' dir='ltr'><strong>reperitur?</strong></span> <span class='ocrx_word' id='word_1_399' title='bbox 2024 4835 2090 4890; x_wconf 79' lang='grc' dir='ltr'><strong>ὓ.</strong></span> 
     </span>
    </p>
   </div>
   <div class='ocr_carea' id='block_1_51' title="bbox 520 4924 1092 4981">
    <p class='ocr_par' dir='ltr' id='par_1_51' title="bbox 520 4924 1092 4981">
     <span class='ocr_line' id='line_1_51' title="bbox 520 4924 1092 4981; baseline -0.003 -1"><span class='ocrx_word' id='word_1_400' title='bbox 520 4926 732 4981; x_wconf 85' lang='lat' dir='ltr'><strong>Nullum</strong></span> <span class='ocrx_word' id='word_1_401' title='bbox 752 4924 894 4979; x_wconf 85' lang='lat' dir='ltr'><strong>aliud</strong></span> <span class='ocrx_word' id='word_1_402' title='bbox 919 4925 1092 4979; x_wconf 87' lang='lat' dir='ltr'><strong>video.</strong></span> 
     </span>
    </p>
   </div>
   <div class='ocr_carea' id='block_1_52' title="bbox 584 5016 2094 5086">
    <p class='ocr_par' dir='ltr' id='par_1_52' title="bbox 584 5016 2094 5086">
     <span class='ocr_line' id='line_1_52' title="bbox 584 5016 2094 5086; baseline 0.001 -13"><span class='ocrx_word' id='word_1_403' title='bbox 584 5018 645 5073; x_wconf 80' lang='lat'><strong>3.</strong></span> <span class='ocrx_word' id='word_1_404' title='bbox 678 5017 759 5071; x_wconf 75' lang='grc' dir='ltr'><strong>Μ.</strong></span> <span class='ocrx_word' id='word_1_405' title='bbox 786 5017 920 5084; x_wconf 78' lang='lat' dir='ltr'><strong>Quid</strong></span> <span class='ocrx_word' id='word_1_406' title='bbox 949 5016 1046 5071; x_wconf 85' lang='lat' dir='ltr'><strong>iste</strong></span> <span class='ocrx_word' id='word_1_407' title='bbox 1083 5018 1244 5082; x_wconf 86' lang='lat' dir='ltr'><strong>alter,</strong></span> <span class='ocrx_word' id='word_1_408' title='bbox 1271 5016 1358 5086; x_wconf 87' lang='lat' dir='ltr'><strong>qui</strong></span> <span class='ocrx_word' id='word_1_409' title='bbox 1391 5025 1474 5071; x_wconf 86' lang='lat' dir='ltr'><strong>est</strong></span> <span class='ocrx_word' id='word_1_410' title='bbox 1501 5018 1551 5072; x_wconf 90' lang='lat' dir='ltr'><strong>in</strong></span> <span class='ocrx_word' id='word_1_411' title='bbox 1591 5032 1749 5072; x_wconf 84' lang='lat' dir='ltr'><strong>sensu</strong></span> <span class='ocrx_word' id='word_1_412' title='bbox 1790 5019 2094 5075; x_wconf 78' lang='lat' dir='ltr'><strong>audientis!</strong></span> 
     </span>
    </p>
   </div>
   <div class='ocr_carea' id='block_1_53' title="bbox 515 5108 2092 5180">
    <p class='ocr_par' dir='ltr' id='par_1_53' title="bbox 515 5108 2092 5180">
     <span class='ocr_line' id='line_1_53' title="bbox 515 5108 2092 5180; baseline 0 -15"><span class='ocrx_word' id='word_1_413' title='bbox 515 5118 770 5180; x_wconf 81' lang='lat' dir='ltr'><strong>potestne</strong></span> <span class='ocrx_word' id='word_1_414' title='bbox 796 5125 917 5164; x_wconf 83' lang='lat' dir='ltr'><strong>esse</strong></span> <span class='ocrx_word' id='word_1_415' title='bbox 944 5110 987 5164; x_wconf 84' lang='lat' dir='ltr'><strong>si</strong></span> <span class='ocrx_word' id='word_1_416' title='bbox 1024 5109 1151 5163; x_wconf 82' lang='lat' dir='ltr'><strong>nihil</strong></span> <span class='ocrx_word' id='word_1_417' title='bbox 1178 5109 1370 5163; x_wconf 84' lang='lat' dir='ltr'><strong>sonet?</strong></span> <span class='ocrx_word' id='word_1_418' title='bbox 1396 5108 1510 5162; x_wconf 88' lang='lat' dir='ltr'><strong>Non</strong></span> <span class='ocrx_word' id='word_1_419' title='bbox 1539 5110 1679 5163; x_wconf 87' lang='lat' dir='ltr'><strong>enim</strong></span> <span class='ocrx_word' id='word_1_420' title='bbox 1708 5125 1889 5180; x_wconf 75' lang='lat' dir='ltr'><strong>quzero</strong></span> <span class='ocrx_word' id='word_1_421' title='bbox 1919 5122 2092 5165; x_wconf 90' lang='lat' dir='ltr'><strong>utrum</strong></span> 
     </span>
    </p>
   </div>
   <div class='ocr_carea' id='block_1_54' title="bbox 510 5201 2092 5279">
    <p class='ocr_par' dir='ltr' id='par_1_54' title="bbox 510 5201 2092 5279">
     <span class='ocr_line' id='line_1_54' title="bbox 510 5201 2092 5279; baseline 0.001 -24"><span class='ocrx_word' id='word_1_422' title='bbox 510 5204 755 5279; x_wconf 65' lang='lat' dir='ltr'><strong>habeant</strong></span> <span class='ocrx_word' id='word_1_423' title='bbox 784 5203 885 5256; x_wconf 66' lang='lat' dir='ltr'><strong>illa</strong></span> <span class='ocrx_word' id='word_1_424' title='bbox 925 5217 1080 5255; x_wconf 89' lang='lat' dir='ltr'><strong>aures</strong></span> <span class='ocrx_word' id='word_1_425' title='bbox 1109 5202 1214 5254; x_wconf 85' lang='lat' dir='ltr'><strong>vim</strong></span> <span class='ocrx_word' id='word_1_426' title='bbox 1254 5201 1576 5269; x_wconf 86' lang='lat' dir='ltr'><strong>percipiendi</strong></span> <span class='ocrx_word' id='word_1_427' title='bbox 1606 5202 1649 5256; x_wconf 91' lang='lat' dir='ltr'><strong>si</strong></span> <span class='ocrx_word' id='word_1_428' title='bbox 1688 5202 1973 5272; x_wconf 80' lang='lat' dir='ltr'><strong>quidquam</strong></span> <span class='ocrx_word' id='word_1_429' title='bbox 2001 5217 2092 5257; x_wconf 85' lang='lat' dir='ltr'><strong>so-</strong></span> 
     </span>
    </p>
   </div>
   <div class='ocr_carea' id='block_1_55' title="bbox 519 5294 2093 5365">
    <p class='ocr_par' dir='ltr' id='par_1_55' title="bbox 519 5294 2093 5365">
     <span class='ocr_line' id='line_1_55' title="bbox 519 5294 2093 5365; baseline 0 -14"><span class='ocrx_word' id='word_1_430' title='bbox 519 5294 715 5363; x_wconf 78' lang='lat' dir='ltr'><strong>nuerit,</strong></span> <span class='ocrx_word' id='word_1_431' title='bbox 742 5310 842 5365; x_wconf 89' lang='lat' dir='ltr'><strong>qua</strong></span> <span class='ocrx_word' id='word_1_432' title='bbox 885 5295 1067 5365; x_wconf 88' lang='lat' dir='ltr'><strong>utique</strong></span> <span class='ocrx_word' id='word_1_433' title='bbox 1111 5309 1214 5347; x_wconf 91' lang='lat' dir='ltr'><strong>non</strong></span> <span class='ocrx_word' id='word_1_434' title='bbox 1261 5302 1443 5347; x_wconf 88' lang='lat' dir='ltr'><strong>carent</strong></span> <span class='ocrx_word' id='word_1_435' title='bbox 1488 5295 1531 5347; x_wconf 85' lang='lat' dir='ltr'><strong>si</strong></span> <span class='ocrx_word' id='word_1_436' title='bbox 1572 5294 1707 5348; x_wconf 85' lang='lat' dir='ltr'><strong>desit</strong></span> <span class='ocrx_word' id='word_1_437' title='bbox 1750 5310 1948 5349; x_wconf 91' lang='lat' dir='ltr'><strong>sonus:</strong></span> <span class='ocrx_word' id='word_1_438' title='bbox 1988 5311 2093 5351; x_wconf 88' lang='lat' dir='ltr'><strong>noa</strong></span> 
     </span>
    </p>
   </div>
   <div class='ocr_carea' id='block_1_56' title="bbox 524 5383 2090 5451">
    <p class='ocr_par' dir='ltr' id='par_1_56' title="bbox 524 5383 2090 5451">
     <span class='ocr_line' id='line_1_56' title="bbox 524 5383 2090 5451; baseline 0 -11"><span class='ocrx_word' id='word_1_439' title='bbox 524 5390 665 5440; x_wconf 87' lang='lat' dir='ltr'><strong>enim</strong></span> <span class='ocrx_word' id='word_1_440' title='bbox 697 5396 749 5441; x_wconf 89' lang='lat' dir='ltr'><strong>et</strong></span> <span class='ocrx_word' id='word_1_441' title='bbox 778 5401 896 5439; x_wconf 85' lang='lat' dir='ltr'><strong>cum</strong></span> <span class='ocrx_word' id='word_1_442' title='bbox 922 5384 1190 5440; x_wconf 86' lang='lat' dir='ltr'><strong>silentium</strong></span> <span class='ocrx_word' id='word_1_443' title='bbox 1231 5392 1339 5446; x_wconf 84' lang='lat' dir='ltr'><strong>est,</strong></span> <span class='ocrx_word' id='word_1_444' title='bbox 1371 5383 1499 5437; x_wconf 88' lang='lat' dir='ltr'><strong>nihil</strong></span> <span class='ocrx_word' id='word_1_445' title='bbox 1528 5398 1557 5437; x_wconf 89' lang='lat' dir='ltr'><strong>a</strong></span> <span class='ocrx_word' id='word_1_446' title='bbox 1596 5385 1769 5439; x_wconf 86' lang='lat' dir='ltr'><strong>surdis</strong></span> <span class='ocrx_word' id='word_1_447' title='bbox 1808 5386 2090 5451; x_wconf 78' lang='lat' dir='ltr'><strong>diﬂ‘erunt;</strong></span> 
     </span>
    </p>
   </div>
   <div class='ocr_carea' id='block_1_57' title="bbox 520 5479 2091 5550">
    <p class='ocr_par' dir='ltr' id='par_1_57' title="bbox 520 5479 2091 5550">
     <span class='ocr_line' id='line_1_57' title="bbox 520 5479 2091 5550; baseline 0.001 -16"><span class='ocrx_word' id='word_1_448' title='bbox 520 5481 615 5535; x_wconf 85' lang='lat' dir='ltr'><strong>sed</strong></span> <span class='ocrx_word' id='word_1_449' title='bbox 637 5494 815 5550; x_wconf 68' lang='lat' dir='ltr'><strong>quam)</strong></span> <span class='ocrx_word' id='word_1_450' title='bbox 837 5490 1007 5534; x_wconf 85' lang='lat' dir='ltr'><strong>utrum</strong></span> <span class='ocrx_word' id='word_1_451' title='bbox 1034 5480 1177 5549; x_wconf 82' lang='lat' dir='ltr'><strong>ipsos</strong></span> <span class='ocrx_word' id='word_1_452' title='bbox 1199 5493 1451 5533; x_wconf 85' lang='lat' dir='ltr'><strong>numeros</strong></span> <span class='ocrx_word' id='word_1_453' title='bbox 1471 5479 1714 5545; x_wconf 83' lang='lat' dir='ltr'><strong>habeant,</strong></span> <span class='ocrx_word' id='word_1_454' title='bbox 1739 5480 1942 5535; x_wconf 88' lang='lat' dir='ltr'><strong>etiamsi</strong></span> <span class='ocrx_word' id='word_1_455' title='bbox 1965 5481 2091 5536; x_wconf 88' lang='lat' dir='ltr'><strong>nihil</strong></span> 
     </span>
    </p>
   </div>
   <div class='ocr_carea' id='block_1_58' title="bbox 582 5616 2093 5685">
    <p class='ocr_par' dir='ltr' id='par_1_58' title="bbox 582 5616 2093 5685">
     <span class='ocr_line' id='line_1_58' title="bbox 582 5616 2093 5685; baseline 0.001 -19"><span class='ocrx_word' id='word_1_456' title='bbox 582 5618 597 5649; x_wconf 84' lang='grc'>¹</span> <span class='ocrx_word' id='word_1_457' title='bbox 619 5626 714 5685; x_wconf 51' lang='lat' dir='ltr'><strong>Pr.</strong></span> <span class='ocrx_word' id='word_1_458' title='bbox 738 5625 787 5668; x_wconf 78' lang='lat' dir='ltr'><strong>et</strong></span> <span class='ocrx_word' id='word_1_459' title='bbox 810 5628 941 5679; x_wconf 59' lang='grc' dir='ltr'><strong>ωιτη</strong></span> <span class='ocrx_word' id='word_1_460' title='bbox 964 5616 1174 5668; x_wconf 76' lang='lat' dir='ltr'><strong>veritatis</strong></span> <span class='ocrx_word' id='word_1_461' title='bbox 1205 5616 1404 5677; x_wconf 76' lang='lat' dir='ltr'><strong>imbuti;</strong></span> <span class='ocrx_word' id='word_1_462' title='bbox 1428 5628 1475 5670; x_wconf 90' lang='lat' dir='ltr'><strong>at</strong></span> <span class='ocrx_word' id='word_1_463' title='bbox 1498 5628 1601 5669; x_wconf 76' lang='lat' dir='ltr'><strong>Mss.</strong></span> <span class='ocrx_word' id='word_1_464' title='bbox 1632 5621 1937 5671; x_wconf 73' lang='lat' dir='ltr'><strong>inhentcum</strong></span> <span class='ocrx_word' id='word_1_465' title='bbox 1972 5631 2093 5685; x_wconf 61' lang='lat' dir='ltr'><strong>Ani,</strong></span> 
     </span>
    </p>
   </div>
   <div class='ocr_carea' id='block_1_59' title="bbox 518 5680 753 5743">
    <p class='ocr_par' dir='ltr' id='par_1_59' title="bbox 518 5680 753 5743">
     <span class='ocr_line' id='line_1_59' title="bbox 518 5680 753 5743; baseline 0 -15"><span class='ocrx_word' id='word_1_466' title='bbox 518 5680 753 5743; x_wconf 75' lang='lat' dir='ltr'><strong>puritatis.</strong></span> 
     </span>
    </p>
   </div>
   <div class='ocr_carea' id='block_1_60' title="bbox 584 5744 1169 5807">
    <p class='ocr_par' dir='ltr' id='par_1_60' title="bbox 584 5744 1169 5807">
     <span class='ocr_line' id='line_1_60' title="bbox 584 5744 1169 5807; baseline -0.01 -12"><span class='ocrx_word' id='word_1_467' title='bbox 584 5744 603 5774; x_wconf 80' lang='grc'>³</span> <span class='ocrx_word' id='word_1_468' title='bbox 638 5750 731 5800; x_wconf 73' lang='lat' dir='ltr'><strong>Est,</strong></span> <span class='ocrx_word' id='word_1_469' title='bbox 755 5746 896 5807; x_wconf 73' lang='lat' dir='ltr'><strong>juxta</strong></span> <span class='ocrx_word' id='word_1_470' title='bbox 912 5750 992 5794; x_wconf 73' lang='lat' dir='ltr'><strong>tts.</strong></span> <span class='ocrx_word' id='word_1_471' title='bbox 1019 5752 1066 5790; x_wconf 83' lang='lat' dir='ltr'><strong>A.</strong></span> <span class='ocrx_word' id='word_1_472' title='bbox 1116 5750 1169 5790; x_wconf 71' lang='grc' dir='ltr'><strong>Μ.</strong></span> 
     </span>
    </p>
   </div>
   <div class='ocr_carea' id='block_1_61' title="bbox 1696 317 2588 377">
    <p class='ocr_par' dir='ltr' id='par_1_61' title="bbox 1696 317 2588 377">
     <span class='ocr_line' id='line_1_61' title="bbox 1696 317 2588 377; baseline 0.001 -4"><span class='ocrx_word' id='word_1_473' title='bbox 1696 320 1782 373; x_wconf 76' lang='lat' dir='ltr'><strong>DE</strong></span> <span class='ocrx_word' id='word_1_474' title='bbox 1823 317 2086 377; x_wconf 72' lang='lat' dir='ltr'><strong>.\ll‘SZC.-\,</strong></span> <span class='ocrx_word' id='word_1_475' title='bbox 2128 317 2182 371; x_wconf 83' lang='lat' dir='ltr'><strong>S.</strong></span> <span class='ocrx_word' id='word_1_476' title='bbox 2224 318 2588 374; x_wconf 68' lang='lat' dir='ltr'><strong>AUGUSTINI</strong></span> 
     </span>
    </p>
   </div>
   <div class='ocr_carea' id='block_1_62' title="bbox 3646 330 3783 382">
    <p class='ocr_par' dir='ltr' id='par_1_62' title="bbox 3646 330 3783 382">
     <span class='ocr_line' id='line_1_62' title="bbox 3646 330 3783 382; baseline 0 -1"><span class='ocrx_word' id='word_1_477' title='bbox 3646 330 3783 382; x_wconf 66' lang='lat' dir='ltr'><strong>iiGs</strong></span> 
     </span>
    </p>
   </div>
   <div class='ocr_carea' id='block_1_63' title="bbox 2199 438 3782 514">
    <p class='ocr_par' dir='ltr' id='par_1_63' title="bbox 2199 438 3782 514">
     <span class='ocr_line' id='line_1_63' title="bbox 2199 438 3782 514; baseline 0.01 -29"><span class='ocrx_word' id='word_1_478' title='bbox 2199 447 2371 492; x_wconf 87' lang='lat' dir='ltr'><strong>sonet.</strong></span> <span class='ocrx_word' id='word_1_479' title='bbox 2417 438 2686 510; x_wconf 84' lang='lat' dir='ltr'><strong>Siquidem</strong></span> <span class='ocrx_word' id='word_1_480' title='bbox 2730 440 2872 498; x_wconf 91' lang='lat' dir='ltr'><strong>aliud</strong></span> <span class='ocrx_word' id='word_1_481' title='bbox 2918 455 2998 499; x_wconf 80' lang='lat' dir='ltr'><strong>est</strong></span> <span class='ocrx_word' id='word_1_482' title='bbox 3056 444 3253 502; x_wconf 88' lang='lat' dir='ltr'><strong>habere</strong></span> <span class='ocrx_word' id='word_1_483' title='bbox 3296 460 3589 514; x_wconf 88' lang='lat' dir='ltr'><strong>numeros,</strong></span> <span class='ocrx_word' id='word_1_484' title='bbox 3636 446 3782 501; x_wconf 86' lang='lat' dir='ltr'><strong>aliud</strong></span> 
     </span>
    </p>
   </div>
   <div class='ocr_carea' id='block_1_64' title="bbox 2199 532 3781 597">
    <p class='ocr_par' dir='ltr' id='par_1_64' title="bbox 2199 532 3781 597">
     <span class='ocr_line' id='line_1_64' title="bbox 2199 532 3781 597; baseline 0.006 -17"><span class='ocrx_word' id='word_1_485' title='bbox 2199 542 2355 597; x_wconf 89' lang='lat' dir='ltr'><strong>posse</strong></span> <span class='ocrx_word' id='word_1_486' title='bbox 2382 532 2579 587; x_wconf 84' lang='lat' dir='ltr'><strong>sentire</strong></span> <span class='ocrx_word' id='word_1_487' title='bbox 2607 549 2947 589; x_wconf 86' lang='lat' dir='ltr'><strong>numerosum</strong></span> <span class='ocrx_word' id='word_1_488' title='bbox 2980 552 3188 590; x_wconf 88' lang='lat' dir='ltr'><strong>sonum.</strong></span> <span class='ocrx_word' id='word_1_489' title='bbox 3219 537 3350 592; x_wconf 87' lang='lat' dir='ltr'><strong>Nam</strong></span> <span class='ocrx_word' id='word_1_490' title='bbox 3385 547 3438 593; x_wconf 91' lang='lat' dir='ltr'><strong>et</strong></span> <span class='ocrx_word' id='word_1_491' title='bbox 3466 537 3511 591; x_wconf 87' lang='lat' dir='ltr'><strong>si</strong></span> <span class='ocrx_word' id='word_1_492' title='bbox 3539 538 3781 592; x_wconf 85' lang='lat' dir='ltr'><strong>sentien-</strong></span> 
     </span>
    </p>
   </div>
   <div class='ocr_carea' id='block_1_65' title="bbox 2200 626 3786 700">
    <p class='ocr_par' dir='ltr' id='par_1_65' title="bbox 2200 626 3786 700">
     <span class='ocr_line' id='line_1_65' title="bbox 2200 626 3786 700; baseline 0.006 -28"><span class='ocrx_word' id='word_1_493' title='bbox 2200 628 2303 673; x_wconf 91' lang='lat' dir='ltr'><strong>tem</strong></span> <span class='ocrx_word' id='word_1_494' title='bbox 2334 626 2570 691; x_wconf 89' lang='lat' dir='ltr'><strong>corporis</strong></span> <span class='ocrx_word' id='word_1_495' title='bbox 2606 626 2774 680; x_wconf 91' lang='lat' dir='ltr'><strong>locum</strong></span> <span class='ocrx_word' id='word_1_496' title='bbox 2818 626 2980 696; x_wconf 72' lang='lat' dir='ltr'><strong>ngito</strong></span> <span class='ocrx_word' id='word_1_497' title='bbox 3011 639 3222 699; x_wconf 90' lang='lat' dir='ltr'><strong>tangas,</strong></span> <span class='ocrx_word' id='word_1_498' title='bbox 3254 631 3589 700; x_wconf 88' lang='lat' dir='ltr'><strong>quotieslibet</strong></span> <span class='ocrx_word' id='word_1_499' title='bbox 3613 632 3786 700; x_wconf 82' lang='lat' dir='ltr'><strong>tangi-</strong></span> 
     </span>
    </p>
   </div>
   <div class='ocr_carea' id='block_1_66' title="bbox 2200 716 3777 777">
    <p class='ocr_par' dir='ltr' id='par_1_66' title="bbox 2200 716 3777 777">
     <span class='ocr_line' id='line_1_66' title="bbox 2200 716 3777 777; baseline 0.006 -12"><span class='ocrx_word' id='word_1_500' title='bbox 2200 720 2301 776; x_wconf 88' lang='lat' dir='ltr'><strong>tur,</strong></span> <span class='ocrx_word' id='word_1_501' title='bbox 2331 716 2485 770; x_wconf 76' lang='lat' dir='ltr'><strong>:oties</strong></span> <span class='ocrx_word' id='word_1_502' title='bbox 2515 720 2737 772; x_wconf 89' lang='lat' dir='ltr'><strong>sentitur</strong></span> <span class='ocrx_word' id='word_1_503' title='bbox 2778 728 2916 774; x_wconf 85' lang='lat' dir='ltr'><strong>tactu</strong></span> <span class='ocrx_word' id='word_1_504' title='bbox 2958 722 3041 775; x_wconf 89' lang='lat' dir='ltr'><strong>ille</strong></span> <span class='ocrx_word' id='word_1_505' title='bbox 3070 737 3360 776; x_wconf 87' lang='lat' dir='ltr'><strong>numerus:</strong></span> <span class='ocrx_word' id='word_1_506' title='bbox 3389 733 3442 777; x_wconf 88' lang='lat' dir='ltr'><strong>et</strong></span> <span class='ocrx_word' id='word_1_507' title='bbox 3467 738 3587 776; x_wconf 92' lang='lat' dir='ltr'><strong>cum</strong></span> <span class='ocrx_word' id='word_1_508' title='bbox 3618 723 3777 776; x_wconf 66' lang='lat' dir='ltr'><strong>senti»</strong></span> 
     </span>
    </p>
   </div>
   <div class='ocr_carea' id='block_1_67' title="bbox 2200 812 3783 867">
    <p class='ocr_par' dir='ltr' id='par_1_67' title="bbox 2200 812 3783 867">
     <span class='ocr_line' id='line_1_67' title="bbox 2200 812 3783 867; baseline 0.007 -12"><span class='ocrx_word' id='word_1_509' title='bbox 2200 813 2302 866; x_wconf 89' lang='lat' dir='ltr'><strong>tur,</strong></span> <span class='ocrx_word' id='word_1_510' title='bbox 2330 822 2431 859; x_wconf 90' lang='lat' dir='ltr'><strong>non</strong></span> <span class='ocrx_word' id='word_1_511' title='bbox 2449 822 2518 861; x_wconf 89' lang='lat' dir='ltr'><strong>eo</strong></span> <span class='ocrx_word' id='word_1_512' title='bbox 2546 819 2688 863; x_wconf 88' lang='lat' dir='ltr'><strong>caret</strong></span> <span class='ocrx_word' id='word_1_513' title='bbox 2712 812 2947 865; x_wconf 85' lang='lat' dir='ltr'><strong>sentiens</strong></span> <span class='ocrx_word' id='word_1_514' title='bbox 2971 828 2987 865; x_wconf 88' lang='lat'><strong>:</strong></span> <span class='ocrx_word' id='word_1_515' title='bbox 3010 813 3102 867; x_wconf 91' lang='lat' dir='ltr'><strong>sed</strong></span> <span class='ocrx_word' id='word_1_516' title='bbox 3130 823 3305 866; x_wconf 90' lang='lat' dir='ltr'><strong>utrum</strong></span> <span class='ocrx_word' id='word_1_517' title='bbox 3329 813 3453 867; x_wconf 90' lang='lat' dir='ltr'><strong>insit</strong></span> <span class='ocrx_word' id='word_1_518' title='bbox 3478 813 3638 867; x_wconf 89' lang='lat' dir='ltr'><strong>etiam</strong></span> <span class='ocrx_word' id='word_1_519' title='bbox 3667 822 3783 866; x_wconf 89' lang='lat' dir='ltr'><strong>tan-</strong></span> 
     </span>
    </p>
   </div>
   <div class='ocr_carea' id='block_1_68' title="bbox 2198 896 3786 968">
    <p class='ocr_par' dir='ltr' id='par_1_68' title="bbox 2198 896 3786 968">
     <span class='ocr_line' id='line_1_68' title="bbox 2198 896 3786 968; baseline 0.006 -22"><span class='ocrx_word' id='word_1_520' title='bbox 2198 905 2353 961; x_wconf 80' lang='lat' dir='ltr'><strong>gente</strong></span> <span class='ocrx_word' id='word_1_521' title='bbox 2386 896 2558 961; x_wconf 90' lang='lat' dir='ltr'><strong>nullo,</strong></span> <span class='ocrx_word' id='word_1_522' title='bbox 2596 914 2697 951; x_wconf 82' lang='lat' dir='ltr'><strong>non</strong></span> <span class='ocrx_word' id='word_1_523' title='bbox 2729 914 2917 954; x_wconf 79' lang='lat' dir='ltr'><strong>Sensus</strong></span> <span class='ocrx_word' id='word_1_524' title='bbox 2948 902 3033 956; x_wconf 91' lang='lat' dir='ltr'><strong>ille</strong></span> <span class='ocrx_word' id='word_1_525' title='bbox 3056 944 3068 963; x_wconf 90' lang='lat'><strong>,</strong></span> <span class='ocrx_word' id='word_1_526' title='bbox 3100 904 3191 956; x_wconf 90' lang='lat' dir='ltr'><strong>sed</strong></span> <span class='ocrx_word' id='word_1_527' title='bbox 3224 919 3511 968; x_wconf 87' lang='lat' dir='ltr'><strong>numerus,</strong></span> <span class='ocrx_word' id='word_1_528' title='bbox 3540 903 3786 956; x_wconf 80' lang='lat' dir='ltr'><strong>similiter</strong></span> 
     </span>
    </p>
   </div>
   <div class='ocr_carea' id='block_1_69' title="bbox 2199 985 3784 1057">
    <p class='ocr_par' dir='ltr' id='par_1_69' title="bbox 2199 985 3784 1057">
     <span class='ocr_line' id='line_1_69' title="bbox 2199 985 3784 1057; baseline 0.007 -22"><span class='ocrx_word' id='word_1_529' title='bbox 2199 985 2467 1053; x_wconf 72' lang='lat' dir='ltr'><strong>qureritur.</strong></span> <span class='ocrx_word' id='word_1_530' title='bbox 2501 987 2564 1040; x_wconf 81' lang='grc' dir='ltr'><strong>ο.</strong></span> <span class='ocrx_word' id='word_1_531' title='bbox 2608 988 2722 1043; x_wconf 78' lang='lat' dir='ltr'><strong>Non</strong></span> <span class='ocrx_word' id='word_1_532' title='bbox 2755 988 2906 1045; x_wconf 87' lang='lat' dir='ltr'><strong>facile</strong></span> <span class='ocrx_word' id='word_1_533' title='bbox 2934 991 3193 1057; x_wconf 83' lang='lat' dir='ltr'><strong>dixerim,</strong></span> <span class='ocrx_word' id='word_1_534' title='bbox 3224 1008 3406 1047; x_wconf 89' lang='lat' dir='ltr'><strong>carere</strong></span> <span class='ocrx_word' id='word_1_535' title='bbox 3435 1007 3650 1047; x_wconf 85' lang='lat' dir='ltr'><strong>sensum</strong></span> <span class='ocrx_word' id='word_1_536' title='bbox 3680 1008 3784 1046; x_wconf 83' lang='lat' dir='ltr'><strong>nu-</strong></span> 
     </span>
    </p>
   </div>
   <div class='ocr_carea' id='block_1_70' title="bbox 2200 1078 3784 1154">
    <p class='ocr_par' dir='ltr' id='par_1_70' title="bbox 2200 1078 3784 1154">
     <span class='ocr_line' id='line_1_70' title="bbox 2200 1078 3784 1154; baseline 0.006 -26"><span class='ocrx_word' id='word_1_537' title='bbox 2200 1078 2361 1130; x_wconf 90' lang='lat' dir='ltr'><strong>meris</strong></span> <span class='ocrx_word' id='word_1_538' title='bbox 2384 1078 2571 1136; x_wconf 89' lang='lat' dir='ltr'><strong>talibus</strong></span> <span class='ocrx_word' id='word_1_539' title='bbox 2597 1080 2646 1133; x_wconf 93' lang='lat' dir='ltr'><strong>in</strong></span> <span class='ocrx_word' id='word_1_540' title='bbox 2670 1096 2727 1135; x_wconf 87' lang='lat' dir='ltr'><strong>se</strong></span> <span class='ocrx_word' id='word_1_541' title='bbox 2748 1083 3067 1149; x_wconf 88' lang='lat' dir='ltr'><strong>constitutis,</strong></span> <span class='ocrx_word' id='word_1_542' title='bbox 3091 1085 3247 1137; x_wconf 87' lang='lat' dir='ltr'><strong>etiam</strong></span> <span class='ocrx_word' id='word_1_543' title='bbox 3274 1092 3555 1154; x_wconf 87' lang='lat' dir='ltr'><strong>antequam</strong></span> <span class='ocrx_word' id='word_1_544' title='bbox 3580 1083 3784 1153; x_wconf 88' lang='lat' dir='ltr'><strong>aliquid</strong></span> 
     </span>
    </p>
   </div>
   <div class='ocr_carea' id='block_1_71' title="bbox 2197 1173 3787 1231">
    <p class='ocr_par' dir='ltr' id='par_1_71' title="bbox 2197 1173 3787 1231">
     <span class='ocr_line' id='line_1_71' title="bbox 2197 1173 3787 1231; baseline 0.007 -12"><span class='ocrx_word' id='word_1_545' title='bbox 2197 1178 2352 1221; x_wconf 88' lang='lat' dir='ltr'><strong>sonet</strong></span> <span class='ocrx_word' id='word_1_546' title='bbox 2375 1186 2386 1220; x_wconf 90' lang='lat'>:</span> <span class='ocrx_word' id='word_1_547' title='bbox 2418 1186 2519 1223; x_wconf 89' lang='lat' dir='ltr'><strong>non</strong></span> <span class='ocrx_word' id='word_1_548' title='bbox 2552 1173 2690 1225; x_wconf 90' lang='lat' dir='ltr'><strong>enim</strong></span> <span class='ocrx_word' id='word_1_549' title='bbox 2714 1174 2869 1228; x_wconf 87' lang='lat' dir='ltr'><strong>aliter</strong></span> <span class='ocrx_word' id='word_1_550' title='bbox 2895 1184 2982 1227; x_wconf 89' lang='lat' dir='ltr'><strong>aut</strong></span> <span class='ocrx_word' id='word_1_551' title='bbox 3010 1191 3193 1229; x_wconf 92' lang='lat' dir='ltr'><strong>eorum</strong></span> <span class='ocrx_word' id='word_1_552' title='bbox 3223 1176 3541 1231; x_wconf 87' lang='lat' dir='ltr'><strong>mulceretur</strong></span> <span class='ocrx_word' id='word_1_553' title='bbox 3565 1178 3787 1231; x_wconf 84' lang='lat' dir='ltr'><strong>concin-</strong></span> 
     </span>
    </p>
   </div>
   <div class='ocr_carea' id='block_1_72' title="bbox 2191 1260 3785 1337">
    <p class='ocr_par' dir='ltr' id='par_1_72' title="bbox 2191 1260 3785 1337">
     <span class='ocr_line' id='line_1_72' title="bbox 2191 1260 3785 1337; baseline 0.006 -24"><span class='ocrx_word' id='word_1_554' title='bbox 2191 1260 2402 1325; x_wconf 82' lang='lat' dir='ltr'><strong>nitate,</strong></span> <span class='ocrx_word' id='word_1_555' title='bbox 2446 1272 2537 1316; x_wconf 86' lang='lat' dir='ltr'><strong>aut</strong></span> <span class='ocrx_word' id='word_1_556' title='bbox 2581 1264 2905 1319; x_wconf 88' lang='lat' dir='ltr'><strong>absurditate</strong></span> <span class='ocrx_word' id='word_1_557' title='bbox 2942 1265 3320 1322; x_wconf 43' lang='lat' dir='ltr'><strong>voﬂ&#39;enderetur.</strong></span> <span class='ocrx_word' id='word_1_558' title='bbox 3367 1264 3596 1336; x_wconf 85' lang='lat' dir='ltr'><strong>ldipsunt</strong></span> <span class='ocrx_word' id='word_1_559' title='bbox 3653 1282 3785 1337; x_wconf 75' lang='lat' dir='ltr'><strong>ergo</strong></span> 
     </span>
    </p>
   </div>
   <div class='ocr_carea' id='block_1_73' title="bbox 2200 1351 3783 1424">
    <p class='ocr_par' dir='ltr' id='par_1_73' title="bbox 2200 1351 3783 1424">
     <span class='ocr_line' id='line_1_73' title="bbox 2200 1351 3783 1424; baseline 0.004 -21"><span class='ocrx_word' id='word_1_560' title='bbox 2200 1351 2449 1420; x_wconf 88' lang='lat' dir='ltr'><strong>quidquid</strong></span> <span class='ocrx_word' id='word_1_561' title='bbox 2481 1363 2576 1415; x_wconf 89' lang='lat' dir='ltr'><strong>est,</strong></span> <span class='ocrx_word' id='word_1_562' title='bbox 2610 1370 2711 1424; x_wconf 86' lang='lat' dir='ltr'><strong>quo</strong></span> <span class='ocrx_word' id='word_1_563' title='bbox 2738 1365 2827 1408; x_wconf 91' lang='lat' dir='ltr'><strong>aut</strong></span> <span class='ocrx_word' id='word_1_564' title='bbox 2856 1358 3135 1409; x_wconf 88' lang='lat' dir='ltr'><strong>annuimus</strong></span> <span class='ocrx_word' id='word_1_565' title='bbox 3162 1366 3249 1410; x_wconf 88' lang='lat' dir='ltr'><strong>aut</strong></span> <span class='ocrx_word' id='word_1_566' title='bbox 3276 1357 3647 1422; x_wconf 87' lang='lat' dir='ltr'><strong>ahhorremus,</strong></span> <span class='ocrx_word' id='word_1_567' title='bbox 3676 1373 3783 1410; x_wconf 92' lang='lat' dir='ltr'><strong>non</strong></span> 
     </span>
    </p>
   </div>
   <div class='ocr_carea' id='block_1_74' title="bbox 2200 1441 3786 1515">
    <p class='ocr_par' dir='ltr' id='par_1_74' title="bbox 2200 1441 3786 1515">
     <span class='ocr_line' id='line_1_74' title="bbox 2200 1441 3786 1515; baseline 0.005 -23"><span class='ocrx_word' id='word_1_568' title='bbox 2200 1441 2403 1497; x_wconf 88' lang='lat' dir='ltr'><strong>ratione</strong></span> <span class='ocrx_word' id='word_1_569' title='bbox 2448 1443 2538 1495; x_wconf 86' lang='lat' dir='ltr'><strong>sed</strong></span> <span class='ocrx_word' id='word_1_570' title='bbox 2572 1453 2750 1496; x_wconf 89' lang='lat' dir='ltr'><strong>natura</strong></span> <span class='ocrx_word' id='word_1_571' title='bbox 2770 1486 2782 1506; x_wconf 89' lang='lat'><strong>,</strong></span> <span class='ocrx_word' id='word_1_572' title='bbox 2811 1460 2928 1498; x_wconf 86' lang='lat' dir='ltr'><strong>cum</strong></span> <span class='ocrx_word' id='word_1_573' title='bbox 2960 1446 3152 1514; x_wconf 88' lang='lat' dir='ltr'><strong>aliquid</strong></span> <span class='ocrx_word' id='word_1_574' title='bbox 3184 1455 3369 1511; x_wconf 89' lang='lat' dir='ltr'><strong>sonat,</strong></span> <span class='ocrx_word' id='word_1_575' title='bbox 3402 1446 3567 1515; x_wconf 87' lang='lat' dir='ltr'><strong>ipsius</strong></span> <span class='ocrx_word' id='word_1_576' title='bbox 3592 1460 3786 1501; x_wconf 83' lang='lat' dir='ltr'><strong>sensus</strong></span> 
     </span>
    </p>
   </div>
   <div class='ocr_carea' id='block_1_75' title="bbox 2202 1539 3783 1607">
    <p class='ocr_par' dir='ltr' id='par_1_75' title="bbox 2202 1539 3783 1607">
     <span class='ocr_line' id='line_1_75' title="bbox 2202 1539 3783 1607; baseline 0.005 -20"><span class='ocrx_word' id='word_1_577' title='bbox 2202 1550 2477 1588; x_wconf 88' lang='lat' dir='ltr'><strong>numerum</strong></span> <span class='ocrx_word' id='word_1_578' title='bbox 2510 1553 2657 1591; x_wconf 84' lang='lat' dir='ltr'><strong>voco.</strong></span> <span class='ocrx_word' id='word_1_579' title='bbox 2694 1539 2803 1591; x_wconf 75' lang='lat' dir='ltr'><strong>Non</strong></span> <span class='ocrx_word' id='word_1_580' title='bbox 2848 1541 2987 1592; x_wconf 84' lang='lat' dir='ltr'><strong>enim</strong></span> <span class='ocrx_word' id='word_1_581' title='bbox 3021 1550 3144 1594; x_wconf 90' lang='lat' dir='ltr'><strong>tunc</strong></span> <span class='ocrx_word' id='word_1_582' title='bbox 3187 1542 3243 1593; x_wconf 84' lang='lat' dir='ltr'><strong>fit</strong></span> <span class='ocrx_word' id='word_1_583' title='bbox 3282 1541 3335 1594; x_wconf 92' lang='lat' dir='ltr'><strong>in</strong></span> <span class='ocrx_word' id='word_1_584' title='bbox 3374 1541 3587 1595; x_wconf 89' lang='lat' dir='ltr'><strong>auribus</strong></span> <span class='ocrx_word' id='word_1_585' title='bbox 3622 1541 3783 1607; x_wconf 82' lang='lat' dir='ltr'><strong>meis,</strong></span> 
     </span>
    </p>
   </div>
   <div class='ocr_carea' id='block_1_76' title="bbox 2199 1630 3783 1704">
    <p class='ocr_par' dir='ltr' id='par_1_76' title="bbox 2199 1630 3783 1704">
     <span class='ocr_line' id='line_1_76' title="bbox 2199 1630 3783 1704; baseline 0.006 -25"><span class='ocrx_word' id='word_1_586' title='bbox 2199 1642 2320 1679; x_wconf 91' lang='lat' dir='ltr'><strong>cum</strong></span> <span class='ocrx_word' id='word_1_587' title='bbox 2348 1641 2534 1680; x_wconf 89' lang='lat' dir='ltr'><strong>sonum</strong></span> <span class='ocrx_word' id='word_1_588' title='bbox 2561 1630 2736 1695; x_wconf 87' lang='lat' dir='ltr'><strong>audio,</strong></span> <span class='ocrx_word' id='word_1_589' title='bbox 2764 1631 2875 1684; x_wconf 67' lang='lat' dir='ltr'><strong>hsce</strong></span> <span class='ocrx_word' id='word_1_590' title='bbox 2900 1634 2976 1686; x_wconf 85' lang='lat' dir='ltr'><strong>vis</strong></span> <span class='ocrx_word' id='word_1_591' title='bbox 3003 1633 3326 1702; x_wconf 87' lang='lat' dir='ltr'><strong>approbandi</strong></span> <span class='ocrx_word' id='word_1_592' title='bbox 3348 1643 3400 1688; x_wconf 89' lang='lat' dir='ltr'><strong>et</strong></span> <span class='ocrx_word' id='word_1_593' title='bbox 3427 1633 3783 1704; x_wconf 84' lang='lat' dir='ltr'><strong>improbandi.</strong></span> 
     </span>
    </p>
   </div>
   <div class='ocr_carea' id='block_1_77' title="bbox 2200 1718 3784 1795">
    <p class='ocr_par' dir='ltr' id='par_1_77' title="bbox 2200 1718 3784 1795">
     <span class='ocr_line' id='line_1_77' title="bbox 2200 1718 3784 1795; baseline 0.006 -25"><span class='ocrx_word' id='word_1_594' title='bbox 2200 1718 2370 1773; x_wconf 80' lang='lat' dir='ltr'><strong>Aures</strong></span> <span class='ocrx_word' id='word_1_595' title='bbox 2398 1722 2590 1789; x_wconf 88' lang='lat' dir='ltr'><strong>quippe</strong></span> <span class='ocrx_word' id='word_1_596' title='bbox 2622 1737 2724 1775; x_wconf 90' lang='lat' dir='ltr'><strong>non</strong></span> <span class='ocrx_word' id='word_1_597' title='bbox 2757 1724 2907 1777; x_wconf 89' lang='lat' dir='ltr'><strong>aliter</strong></span> <span class='ocrx_word' id='word_1_598' title='bbox 2938 1725 3089 1777; x_wconf 86' lang='lat' dir='ltr'><strong>bonis</strong></span> <span class='ocrx_word' id='word_1_599' title='bbox 3118 1726 3261 1778; x_wconf 92' lang='lat' dir='ltr'><strong>sonis</strong></span> <span class='ocrx_word' id='word_1_600' title='bbox 3298 1741 3454 1794; x_wconf 87' lang='lat' dir='ltr'><strong>quam</strong></span> <span class='ocrx_word' id='word_1_601' title='bbox 3498 1726 3655 1780; x_wconf 87' lang='lat' dir='ltr'><strong>malis</strong></span> <span class='ocrx_word' id='word_1_602' title='bbox 3687 1742 3784 1795; x_wconf 80' lang='lat' dir='ltr'><strong>pa—</strong></span> 
     </span>
    </p>
   </div>
   <div class='ocr_carea' id='block_1_78' title="bbox 2201 1810 3787 1883">
    <p class='ocr_par' dir='ltr' id='par_1_78' title="bbox 2201 1810 3787 1883">
     <span class='ocr_line' id='line_1_78' title="bbox 2201 1810 3787 1883; baseline 0.006 -19"><span class='ocrx_word' id='word_1_603' title='bbox 2201 1818 2330 1864; x_wconf 86' lang='lat' dir='ltr'><strong>tent.</strong></span> <span class='ocrx_word' id='word_1_604' title='bbox 2362 1810 2436 1863; x_wconf 76' lang='grc' dir='ltr'><strong>Μ.</strong></span> <span class='ocrx_word' id='word_1_605' title='bbox 2468 1813 2600 1868; x_wconf 82' lang='lat' dir='ltr'><strong>Vide</strong></span> <span class='ocrx_word' id='word_1_606' title='bbox 2628 1815 2797 1883; x_wconf 85' lang='lat' dir='ltr'><strong>potius</strong></span> <span class='ocrx_word' id='word_1_607' title='bbox 2827 1832 2891 1871; x_wconf 90' lang='lat' dir='ltr'><strong>ne</strong></span> <span class='ocrx_word' id='word_1_608' title='bbox 2920 1818 3014 1870; x_wconf 85' lang='lat' dir='ltr'><strong>ista</strong></span> <span class='ocrx_word' id='word_1_609' title='bbox 3050 1818 3154 1870; x_wconf 84' lang='lat' dir='ltr'><strong>duo</strong></span> <span class='ocrx_word' id='word_1_610' title='bbox 3185 1819 3290 1871; x_wconf 86' lang='lat' dir='ltr'><strong>sint</strong></span> <span class='ocrx_word' id='word_1_611' title='bbox 3321 1819 3535 1872; x_wconf 89' lang='lat' dir='ltr'><strong>minime</strong></span> <span class='ocrx_word' id='word_1_612' title='bbox 3560 1819 3787 1873; x_wconf 82' lang='lat' dir='ltr'><strong>confun-</strong></span> 
     </span>
    </p>
   </div>
   <div class='ocr_carea' id='block_1_79' title="bbox 2201 1902 3786 1978">
    <p class='ocr_par' dir='ltr' id='par_1_79' title="bbox 2201 1902 3786 1978">
     <span class='ocr_line' id='line_1_79' title="bbox 2201 1902 3786 1978; baseline 0.005 -23"><span class='ocrx_word' id='word_1_613' title='bbox 2201 1902 2390 1956; x_wconf 88' lang='lat' dir='ltr'><strong>denda.</strong></span> <span class='ocrx_word' id='word_1_614' title='bbox 2421 1903 2551 1957; x_wconf 85' lang='lat' dir='ltr'><strong>Nam</strong></span> <span class='ocrx_word' id='word_1_615' title='bbox 2578 1906 2619 1959; x_wconf 84' lang='lat' dir='ltr'><strong>si</strong></span> <span class='ocrx_word' id='word_1_616' title='bbox 2648 1923 2831 1959; x_wconf 76' lang='lat' dir='ltr'><strong>versus</strong></span> <span class='ocrx_word' id='word_1_617' title='bbox 2856 1909 3073 1975; x_wconf 88' lang='lat' dir='ltr'><strong>quilibet</strong></span> <span class='ocrx_word' id='word_1_618' title='bbox 3100 1908 3254 1962; x_wconf 87' lang='lat' dir='ltr'><strong>modo</strong></span> <span class='ocrx_word' id='word_1_619' title='bbox 3279 1910 3594 1978; x_wconf 85' lang='lat' dir='ltr'><strong>correptius,</strong></span> <span class='ocrx_word' id='word_1_620' title='bbox 3622 1910 3786 1963; x_wconf 84' lang='lat' dir='ltr'><strong>modo</strong></span> 
     </span>
    </p>
   </div>
   <div class='ocr_carea' id='block_1_80' title="bbox 2202 1996 3784 2068">
    <p class='ocr_par' dir='ltr' id='par_1_80' title="bbox 2202 1996 3784 2068">
     <span class='ocr_line' id='line_1_80' title="bbox 2202 1996 3784 2068; baseline 0.006 -24"><span class='ocrx_word' id='word_1_621' title='bbox 2202 1996 2507 2061; x_wconf 86' lang='lat' dir='ltr'><strong>productius</strong></span> <span class='ocrx_word' id='word_1_622' title='bbox 2539 1998 2939 2065; x_wconf 87' lang='lat' dir='ltr'><strong>pronuntietur,</strong></span> <span class='ocrx_word' id='word_1_623' title='bbox 2974 2000 3197 2066; x_wconf 82' lang='lat' dir='ltr'><strong>Spatium</strong></span> <span class='ocrx_word' id='word_1_624' title='bbox 3230 2001 3479 2068; x_wconf 84' lang='lat' dir='ltr'><strong>temporis</strong></span> <span class='ocrx_word' id='word_1_625' title='bbox 3506 2016 3609 2053; x_wconf 90' lang='lat' dir='ltr'><strong>non</strong></span> <span class='ocrx_word' id='word_1_626' title='bbox 3643 2000 3784 2054; x_wconf 87' lang='lat' dir='ltr'><strong>idem</strong></span> 
     </span>
    </p>
   </div>
   <div class='ocr_carea' id='block_1_81' title="bbox 2204 2089 3789 2159">
    <p class='ocr_par' dir='ltr' id='par_1_81' title="bbox 2204 2089 3789 2159">
     <span class='ocr_line' id='line_1_81' title="bbox 2204 2089 3789 2159; baseline 0.004 -22"><span class='ocrx_word' id='word_1_627' title='bbox 2204 2092 2377 2139; x_wconf 87' lang='lat' dir='ltr'><strong>teneat</strong></span> <span class='ocrx_word' id='word_1_628' title='bbox 2423 2102 2640 2140; x_wconf 87' lang='lat' dir='ltr'><strong>necesse</strong></span> <span class='ocrx_word' id='word_1_629' title='bbox 2685 2098 2784 2149; x_wconf 86' lang='lat' dir='ltr'><strong>est,</strong></span> <span class='ocrx_word' id='word_1_630' title='bbox 2830 2091 3069 2155; x_wconf 79' lang='lat' dir='ltr'><strong>quamvis</strong></span> <span class='ocrx_word' id='word_1_631' title='bbox 3111 2089 3294 2143; x_wconf 85' lang='lat' dir='ltr'><strong>cadent</strong></span> <span class='ocrx_word' id='word_1_632' title='bbox 3342 2089 3534 2159; x_wconf 86' lang='lat' dir='ltr'><strong>pedum</strong></span> <span class='ocrx_word' id='word_1_633' title='bbox 3580 2091 3789 2144; x_wconf 90' lang='lat' dir='ltr'><strong>ratione</strong></span> 
     </span>
    </p>
   </div>
   <div class='ocr_carea' id='block_1_82' title="bbox 2203 2176 3785 2248">
    <p class='ocr_par' dir='ltr' id='par_1_82' title="bbox 2203 2176 3785 2248">
     <span class='ocr_line' id='line_1_82' title="bbox 2203 2176 3785 2248; baseline 0.004 -21"><span class='ocrx_word' id='word_1_634' title='bbox 2203 2186 2428 2229; x_wconf 83' lang='lat' dir='ltr'><strong>servata.</strong></span> <span class='ocrx_word' id='word_1_635' title='bbox 2458 2176 2527 2231; x_wconf 91' lang='lat' dir='ltr'><strong>Ut</strong></span> <span class='ocrx_word' id='word_1_636' title='bbox 2564 2192 2689 2245; x_wconf 80' lang='lat' dir='ltr'><strong>ergo</strong></span> <span class='ocrx_word' id='word_1_637' title='bbox 2717 2180 2829 2245; x_wconf 88' lang='lat' dir='ltr'><strong>ipso</strong></span> <span class='ocrx_word' id='word_1_638' title='bbox 2870 2195 2966 2232; x_wconf 88' lang='lat' dir='ltr'><strong>suo</strong></span> <span class='ocrx_word' id='word_1_639' title='bbox 2992 2194 3185 2248; x_wconf 83' lang='lat' dir='ltr'><strong>genere</strong></span> <span class='ocrx_word' id='word_1_640' title='bbox 3223 2196 3381 2234; x_wconf 85' lang='lat' dir='ltr'><strong>aures</strong></span> <span class='ocrx_word' id='word_1_641' title='bbox 3414 2181 3663 2244; x_wconf 84' lang='lat' dir='ltr'><strong>mulceat,</strong></span> <span class='ocrx_word' id='word_1_642' title='bbox 3699 2181 3785 2234; x_wconf 82' lang='lat' dir='ltr'><strong>illa</strong></span> 
     </span>
    </p>
   </div>
   <div class='ocr_carea' id='block_1_83' title="bbox 2201 2266 3790 2338">
    <p class='ocr_par' dir='ltr' id='par_1_83' title="bbox 2201 2266 3790 2338">
     <span class='ocr_line' id='line_1_83' title="bbox 2201 2266 3790 2338; baseline 0.005 -20"><span class='ocrx_word' id='word_1_643' title='bbox 2201 2267 2283 2319; x_wconf 85' lang='lat' dir='ltr'><strong>vis</strong></span> <span class='ocrx_word' id='word_1_644' title='bbox 2324 2266 2443 2321; x_wconf 86' lang='lat' dir='ltr'><strong>facit</strong></span> <span class='ocrx_word' id='word_1_645' title='bbox 2486 2284 2583 2336; x_wconf 90' lang='lat' dir='ltr'><strong>qua</strong></span> <span class='ocrx_word' id='word_1_646' title='bbox 2629 2270 2883 2323; x_wconf 88' lang='lat' dir='ltr'><strong>concinna</strong></span> <span class='ocrx_word' id='word_1_647' title='bbox 2927 2271 3305 2338; x_wconf 84' lang='lat' dir='ltr'><strong>adseiseimus,</strong></span> <span class='ocrx_word' id='word_1_648' title='bbox 3338 2282 3390 2326; x_wconf 89' lang='lat' dir='ltr'><strong>et</strong></span> <span class='ocrx_word' id='word_1_649' title='bbox 3428 2272 3654 2327; x_wconf 74' lang='lat' dir='ltr'><strong>absurda</strong></span> <span class='ocrx_word' id='word_1_650' title='bbox 3701 2288 3790 2326; x_wconf 86' lang='lat' dir='ltr'><strong>re-</strong></span> 
     </span>
    </p>
   </div>
   <div class='ocr_carea' id='block_1_84' title="bbox 2202 2360 3787 2433">
    <p class='ocr_par' dir='ltr' id='par_1_84' title="bbox 2202 2360 3787 2433">
     <span class='ocr_line' id='line_1_84' title="bbox 2202 2360 3787 2433; baseline 0.004 -23"><span class='ocrx_word' id='word_1_651' title='bbox 2202 2360 2456 2427; x_wconf 87' lang='lat' dir='ltr'><strong>spuimns.</strong></span> <span class='ocrx_word' id='word_1_652' title='bbox 2489 2360 2556 2415; x_wconf 81' lang='lat' dir='ltr'><strong>Ut</strong></span> <span class='ocrx_word' id='word_1_653' title='bbox 2596 2371 2768 2415; x_wconf 88' lang='lat' dir='ltr'><strong>autem</strong></span> <span class='ocrx_word' id='word_1_654' title='bbox 2816 2362 3056 2416; x_wconf 84' lang='lat' dir='ltr'><strong>breviore</strong></span> <span class='ocrx_word' id='word_1_655' title='bbox 3099 2374 3336 2433; x_wconf 87' lang='lat' dir='ltr'><strong>tempore</strong></span> <span class='ocrx_word' id='word_1_656' title='bbox 3365 2366 3620 2418; x_wconf 90' lang='lat' dir='ltr'><strong>sentiatur</strong></span> <span class='ocrx_word' id='word_1_657' title='bbox 3662 2379 3787 2418; x_wconf 85' lang='lat' dir='ltr'><strong>cum</strong></span> 
     </span>
    </p>
   </div>
   <div class='ocr_carea' id='block_1_85' title="bbox 2202 2450 3789 2523">
    <p class='ocr_par' dir='ltr' id='par_1_85' title="bbox 2202 2450 3789 2523">
     <span class='ocr_line' id='line_1_85' title="bbox 2202 2450 3789 2523; baseline 0.003 -20"><span class='ocrx_word' id='word_1_658' title='bbox 2202 2450 2448 2515; x_wconf 78' lang='lat' dir='ltr'><strong>Celerius,</strong></span> <span class='ocrx_word' id='word_1_659' title='bbox 2488 2467 2642 2521; x_wconf 90' lang='lat' dir='ltr'><strong>quam</strong></span> <span class='ocrx_word' id='word_1_660' title='bbox 2690 2469 2807 2505; x_wconf 90' lang='lat' dir='ltr'><strong>cum</strong></span> <span class='ocrx_word' id='word_1_661' title='bbox 2858 2455 3055 2507; x_wconf 89' lang='lat' dir='ltr'><strong>tardius</strong></span> <span class='ocrx_word' id='word_1_662' title='bbox 3104 2457 3380 2523; x_wconf 88' lang='lat' dir='ltr'><strong>prmuitur,</strong></span> <span class='ocrx_word' id='word_1_663' title='bbox 3413 2471 3514 2509; x_wconf 87' lang='lat' dir='ltr'><strong>non</strong></span> <span class='ocrx_word' id='word_1_664' title='bbox 3567 2456 3789 2509; x_wconf 88' lang='lat' dir='ltr'><strong>interest</strong></span> 
     </span>
    </p>
   </div>
   <div class='ocr_carea' id='block_1_86' title="bbox 2198 2540 3789 2614">
    <p class='ocr_par' dir='ltr' id='par_1_86' title="bbox 2198 2540 3789 2614">
     <span class='ocr_line' id='line_1_86' title="bbox 2198 2540 3789 2614; baseline 0.005 -23"><span class='ocrx_word' id='word_1_665' title='bbox 2198 2540 2395 2609; x_wconf 83' lang='lat' dir='ltr'><strong>aliquid</strong></span> <span class='ocrx_word' id='word_1_666' title='bbox 2429 2543 2528 2595; x_wconf 86' lang='lat' dir='ltr'><strong>nisi</strong></span> <span class='ocrx_word' id='word_1_667' title='bbox 2572 2543 2820 2611; x_wconf 90' lang='lat' dir='ltr'><strong>quamdiu</strong></span> <span class='ocrx_word' id='word_1_668' title='bbox 2862 2559 3017 2598; x_wconf 88' lang='lat' dir='ltr'><strong>aures</strong></span> <span class='ocrx_word' id='word_1_669' title='bbox 3058 2556 3337 2614; x_wconf 82' lang='lat' dir='ltr'><strong>tangantur</strong></span> <span class='ocrx_word' id='word_1_670' title='bbox 3378 2562 3529 2600; x_wconf 88' lang='lat' dir='ltr'><strong>sono.</strong></span> <span class='ocrx_word' id='word_1_671' title='bbox 3561 2545 3789 2600; x_wconf 82' lang='lat' dir='ltr'><strong>Aﬂ&#39;ectio</strong></span> 
     </span>
    </p>
   </div>
   <div class='ocr_carea' id='block_1_87' title="bbox 2202 2632 3789 2706">
    <p class='ocr_par' dir='ltr' id='par_1_87' title="bbox 2202 2632 3789 2706">
     <span class='ocr_line' id='line_1_87' title="bbox 2202 2632 3789 2706; baseline 0.003 -21"><span class='ocrx_word' id='word_1_672' title='bbox 2202 2647 2327 2699; x_wconf 87' lang='lat' dir='ltr'><strong>ergo</strong></span> <span class='ocrx_word' id='word_1_673' title='bbox 2369 2632 2481 2686; x_wconf 59' lang='lat' dir='ltr'><strong>haec</strong></span> <span class='ocrx_word' id='word_1_674' title='bbox 2518 2636 2723 2688; x_wconf 89' lang='lat' dir='ltr'><strong>aurium</strong></span> <span class='ocrx_word' id='word_1_675' title='bbox 2766 2652 2883 2689; x_wconf 92' lang='lat' dir='ltr'><strong>cum</strong></span> <span class='ocrx_word' id='word_1_676' title='bbox 2928 2646 3211 2706; x_wconf 82' lang='lat' dir='ltr'><strong>tanguntur</strong></span> <span class='ocrx_word' id='word_1_677' title='bbox 3246 2652 3399 2703; x_wconf 82' lang='lat' dir='ltr'><strong>sono,</strong></span> <span class='ocrx_word' id='word_1_678' title='bbox 3444 2637 3589 2691; x_wconf 85' lang='lat' dir='ltr'><strong>nullo</strong></span> <span class='ocrx_word' id='word_1_679' title='bbox 3624 2636 3789 2692; x_wconf 83' lang='lat' dir='ltr'><strong>modo</strong></span> 
     </span>
    </p>
   </div>
   <div class='ocr_carea' id='block_1_88' title="bbox 2201 2725 3787 2797">
    <p class='ocr_par' dir='ltr' id='par_1_88' title="bbox 2201 2725 3787 2797">
     <span class='ocr_line' id='line_1_88' title="bbox 2201 2725 3787 2797; baseline 0.004 -18"><span class='ocrx_word' id='word_1_680' title='bbox 2201 2725 2322 2779; x_wconf 77' lang='lat' dir='ltr'><strong>ta‘iis</strong></span> <span class='ocrx_word' id='word_1_681' title='bbox 2347 2734 2427 2779; x_wconf 90' lang='lat' dir='ltr'><strong>est</strong></span> <span class='ocrx_word' id='word_1_682' title='bbox 2453 2740 2515 2779; x_wconf 90' lang='lat' dir='ltr'><strong>ac</strong></span> <span class='ocrx_word' id='word_1_683' title='bbox 2554 2728 2597 2779; x_wconf 88' lang='lat' dir='ltr'><strong>si</strong></span> <span class='ocrx_word' id='word_1_684' title='bbox 2628 2743 2729 2780; x_wconf 90' lang='lat' dir='ltr'><strong>non</strong></span> <span class='ocrx_word' id='word_1_685' title='bbox 2765 2737 3062 2797; x_wconf 88' lang='lat' dir='ltr'><strong>tangantur.</strong></span> <span class='ocrx_word' id='word_1_686' title='bbox 3095 2729 3164 2784; x_wconf 89' lang='lat' dir='ltr'><strong>Ut</strong></span> <span class='ocrx_word' id='word_1_687' title='bbox 3192 2729 3333 2783; x_wconf 90' lang='lat' dir='ltr'><strong>enim</strong></span> <span class='ocrx_word' id='word_1_688' title='bbox 3379 2730 3554 2784; x_wconf 73' lang='lat' dir='ltr'><strong>diltert</strong></span> <span class='ocrx_word' id='word_1_689' title='bbox 3597 2731 3787 2785; x_wconf 84' lang='lat' dir='ltr'><strong>audire</strong></span> 
     </span>
    </p>
   </div>
   <div class='ocr_carea' id='block_1_89' title="bbox 2202 2816 3791 2884">
    <p class='ocr_par' dir='ltr' id='par_1_89' title="bbox 2202 2816 3791 2884">
     <span class='ocr_line' id='line_1_89' title="bbox 2202 2816 3791 2884; baseline 0.005 -17"><span class='ocrx_word' id='word_1_690' title='bbox 2202 2816 2270 2867; x_wconf 80' lang='lat' dir='ltr'><strong>ab</strong></span> <span class='ocrx_word' id='word_1_691' title='bbox 2293 2830 2357 2869; x_wconf 88' lang='lat' dir='ltr'><strong>eo</strong></span> <span class='ocrx_word' id='word_1_692' title='bbox 2382 2816 2521 2884; x_wconf 90' lang='lat' dir='ltr'><strong>quod</strong></span> <span class='ocrx_word' id='word_1_693' title='bbox 2552 2826 2633 2870; x_wconf 90' lang='lat' dir='ltr'><strong>est</strong></span> <span class='ocrx_word' id='word_1_694' title='bbox 2660 2836 2760 2871; x_wconf 88' lang='lat' dir='ltr'><strong>non</strong></span> <span class='ocrx_word' id='word_1_695' title='bbox 2787 2819 2989 2883; x_wconf 87' lang='lat' dir='ltr'><strong>audire,</strong></span> <span class='ocrx_word' id='word_1_696' title='bbox 3020 2820 3085 2872; x_wconf 68' lang='lat' dir='ltr'><strong>ita</strong></span> <span class='ocrx_word' id='word_1_697' title='bbox 3115 2820 3287 2874; x_wconf 76' lang='lat' dir='ltr'><strong>differt</strong></span> <span class='ocrx_word' id='word_1_698' title='bbox 3316 2820 3450 2875; x_wconf 90' lang='lat' dir='ltr'><strong>hanc</strong></span> <span class='ocrx_word' id='word_1_699' title='bbox 3476 2828 3662 2876; x_wconf 88' lang='lat' dir='ltr'><strong>vocem</strong></span> <span class='ocrx_word' id='word_1_700' title='bbox 3692 2836 3791 2875; x_wconf 82' lang='lat' dir='ltr'><strong>au-</strong></span> 
     </span>
    </p>
   </div>
   <div class='ocr_carea' id='block_1_90' title="bbox 2201 2905 3790 2980">
    <p class='ocr_par' dir='ltr' id='par_1_90' title="bbox 2201 2905 3790 2980">
     <span class='ocr_line' id='line_1_90' title="bbox 2201 2905 3790 2980; baseline 0.004 -21"><span class='ocrx_word' id='word_1_701' title='bbox 2201 2905 2315 2959; x_wconf 88' lang='lat' dir='ltr'><strong>dire</strong></span> <span class='ocrx_word' id='word_1_702' title='bbox 2340 2907 2407 2959; x_wconf 92' lang='lat' dir='ltr'><strong>ab</strong></span> <span class='ocrx_word' id='word_1_703' title='bbox 2433 2922 2496 2959; x_wconf 92' lang='lat' dir='ltr'><strong>eo</strong></span> <span class='ocrx_word' id='word_1_704' title='bbox 2517 2908 2655 2977; x_wconf 90' lang='lat' dir='ltr'><strong>quod</strong></span> <span class='ocrx_word' id='word_1_705' title='bbox 2678 2918 2761 2962; x_wconf 90' lang='lat' dir='ltr'><strong>est</strong></span> <span class='ocrx_word' id='word_1_706' title='bbox 2782 2911 2999 2963; x_wconf 87' lang='lat' dir='ltr'><strong>alteram</strong></span> <span class='ocrx_word' id='word_1_707' title='bbox 3025 2911 3227 2965; x_wconf 89' lang='lat' dir='ltr'><strong>audire.</strong></span> <span class='ocrx_word' id='word_1_708' title='bbox 3254 2911 3377 2965; x_wconf 64' lang='lat' dir='ltr'><strong>Hace</strong></span> <span class='ocrx_word' id='word_1_709' title='bbox 3403 2912 3560 2980; x_wconf 89' lang='lat' dir='ltr'><strong>igitur</strong></span> <span class='ocrx_word' id='word_1_710' title='bbox 3577 2910 3790 2966; x_wconf 74' lang='lat' dir='ltr'><strong>aﬂ‘ectio</strong></span> 
     </span>
    </p>
   </div>
   <div class='ocr_carea' id='block_1_91' title="bbox 2202 2999 3789 3072">
    <p class='ocr_par' dir='ltr' id='par_1_91' title="bbox 2202 2999 3789 3072">
     <span class='ocr_line' id='line_1_91' title="bbox 2202 2999 3789 3072; baseline 0.006 -24"><span class='ocrx_word' id='word_1_711' title='bbox 2202 3011 2300 3050; x_wconf 90' lang='lat' dir='ltr'><strong>nec</strong></span> <span class='ocrx_word' id='word_1_712' title='bbox 2343 2999 2474 3051; x_wconf 87' lang='lat' dir='ltr'><strong>ultra</strong></span> <span class='ocrx_word' id='word_1_713' title='bbox 2520 3000 2821 3068; x_wconf 87' lang='lat' dir='ltr'><strong>porrigitur,</strong></span> <span class='ocrx_word' id='word_1_714' title='bbox 2866 3016 2963 3055; x_wconf 91' lang='lat' dir='ltr'><strong>nec</strong></span> <span class='ocrx_word' id='word_1_715' title='bbox 3009 3000 3141 3055; x_wconf 86' lang='lat' dir='ltr'><strong>infra</strong></span> <span class='ocrx_word' id='word_1_716' title='bbox 3182 3002 3494 3067; x_wconf 84' lang='lat' dir='ltr'><strong>cohibetur;</strong></span> <span class='ocrx_word' id='word_1_717' title='bbox 3535 3004 3789 3072; x_wconf 86' lang='lat' dir='ltr'><strong>quoniam</strong></span> 
     </span>
    </p>
   </div>
   <div class='ocr_carea' id='block_1_92' title="bbox 2204 3091 3790 3164">
    <p class='ocr_par' dir='ltr' id='par_1_92' title="bbox 2204 3091 3790 3164">
     <span class='ocr_line' id='line_1_92' title="bbox 2204 3091 3790 3164; baseline 0.004 -23"><span class='ocrx_word' id='word_1_718' title='bbox 2204 3096 2283 3141; x_wconf 89' lang='lat' dir='ltr'><strong>est</strong></span> <span class='ocrx_word' id='word_1_719' title='bbox 2312 3103 2557 3142; x_wconf 88' lang='lat' dir='ltr'><strong>mensura</strong></span> <span class='ocrx_word' id='word_1_720' title='bbox 2594 3091 2708 3157; x_wconf 83' lang='lat' dir='ltr'><strong>ejus</strong></span> <span class='ocrx_word' id='word_1_721' title='bbox 2747 3093 2860 3144; x_wconf 89' lang='lat' dir='ltr'><strong>soni</strong></span> <span class='ocrx_word' id='word_1_722' title='bbox 2890 3093 2976 3161; x_wconf 90' lang='lat' dir='ltr'><strong>qui</strong></span> <span class='ocrx_word' id='word_1_723' title='bbox 3008 3092 3127 3147; x_wconf 82' lang='lat' dir='ltr'><strong>facit</strong></span> <span class='ocrx_word' id='word_1_724' title='bbox 3157 3109 3294 3146; x_wconf 91' lang='lat' dir='ltr'><strong>eam.</strong></span> <span class='ocrx_word' id='word_1_725' title='bbox 3336 3095 3511 3147; x_wconf 82' lang='lat' dir='ltr'><strong>Altera</strong></span> <span class='ocrx_word' id='word_1_726' title='bbox 3542 3103 3623 3149; x_wconf 87' lang='lat' dir='ltr'><strong>est</strong></span> <span class='ocrx_word' id='word_1_727' title='bbox 3657 3110 3790 3164; x_wconf 82' lang='lat' dir='ltr'><strong>ergo</strong></span> 
     </span>
    </p>
   </div>
   <div class='ocr_carea' id='block_1_93' title="bbox 2203 3178 3789 3253">
    <p class='ocr_par' dir='ltr' id='par_1_93' title="bbox 2203 3178 3789 3253">
     <span class='ocr_line' id='line_1_93' title="bbox 2203 3178 3789 3253; baseline 0.005 -22"><span class='ocrx_word' id='word_1_728' title='bbox 2203 3178 2255 3231; x_wconf 90' lang='lat' dir='ltr'><strong>itt</strong></span> <span class='ocrx_word' id='word_1_729' title='bbox 2295 3178 2488 3243; x_wconf 91' lang='lat' dir='ltr'><strong>iambo,</strong></span> <span class='ocrx_word' id='word_1_730' title='bbox 2522 3180 2685 3234; x_wconf 89' lang='lat' dir='ltr'><strong>altera</strong></span> <span class='ocrx_word' id='word_1_731' title='bbox 2730 3182 2779 3234; x_wconf 89' lang='lat' dir='ltr'><strong>in</strong></span> <span class='ocrx_word' id='word_1_732' title='bbox 2824 3182 3128 3248; x_wconf 83' lang='lat' dir='ltr'><strong>trihracho;</strong></span> <span class='ocrx_word' id='word_1_733' title='bbox 3162 3184 3465 3252; x_wconf 84' lang='lat' dir='ltr'><strong>productior</strong></span> <span class='ocrx_word' id='word_1_734' title='bbox 3490 3183 3543 3237; x_wconf 91' lang='lat' dir='ltr'><strong>in</strong></span> <span class='ocrx_word' id='word_1_735' title='bbox 3582 3185 3789 3253; x_wconf 83' lang='lat' dir='ltr'><strong>produ-</strong></span> 
     </span>
    </p>
   </div>
   <div class='ocr_carea' id='block_1_94' title="bbox 2202 3271 3791 3345">
    <p class='ocr_par' dir='ltr' id='par_1_94' title="bbox 2202 3271 3791 3345">
     <span class='ocr_line' id='line_1_94' title="bbox 2202 3271 3791 3345; baseline 0.004 -22"><span class='ocrx_word' id='word_1_736' title='bbox 2202 3271 2368 3323; x_wconf 84' lang='lat' dir='ltr'><strong>ctiore</strong></span> <span class='ocrx_word' id='word_1_737' title='bbox 2409 3271 2613 3335; x_wconf 88' lang='lat' dir='ltr'><strong>iambo,</strong></span> <span class='ocrx_word' id='word_1_738' title='bbox 2660 3275 2958 3343; x_wconf 87' lang='lat' dir='ltr'><strong>eorreptior</strong></span> <span class='ocrx_word' id='word_1_739' title='bbox 2994 3275 3044 3327; x_wconf 91' lang='lat' dir='ltr'><strong>in</strong></span> <span class='ocrx_word' id='word_1_740' title='bbox 3075 3276 3438 3345; x_wconf 84' lang='lat' dir='ltr'><strong>correptiore;</strong></span> <span class='ocrx_word' id='word_1_741' title='bbox 3469 3276 3608 3330; x_wconf 89' lang='lat' dir='ltr'><strong>nulla</strong></span> <span class='ocrx_word' id='word_1_742' title='bbox 3635 3277 3687 3329; x_wconf 92' lang='lat' dir='ltr'><strong>in</strong></span> <span class='ocrx_word' id='word_1_743' title='bbox 3716 3277 3791 3330; x_wconf 73' lang='grc' dir='ltr'><strong>εἰ·-</strong></span> 
     </span>
    </p>
   </div>
   <div class='ocr_carea' id='block_1_95' title="bbox 2202 3362 3790 3436">
    <p class='ocr_par' dir='ltr' id='par_1_95' title="bbox 2202 3362 3790 3436">
     <span class='ocr_line' id='line_1_95' title="bbox 2202 3362 3790 3436; baseline 0.006 -22"><span class='ocrx_word' id='word_1_744' title='bbox 2202 3362 2384 3415; x_wconf 89' lang='lat' dir='ltr'><strong>lentio.</strong></span> <span class='ocrx_word' id='word_1_745' title='bbox 2414 3362 2541 3429; x_wconf 68' lang='lat' dir='ltr'><strong>Quae</strong></span> <span class='ocrx_word' id='word_1_746' title='bbox 2582 3365 2625 3417; x_wconf 90' lang='lat' dir='ltr'><strong>si</strong></span> <span class='ocrx_word' id='word_1_747' title='bbox 2657 3378 2937 3419; x_wconf 89' lang='lat' dir='ltr'><strong>numerosa</strong></span> <span class='ocrx_word' id='word_1_748' title='bbox 2966 3382 3094 3420; x_wconf 84' lang='lat' dir='ltr'><strong>voce</strong></span> <span class='ocrx_word' id='word_1_749' title='bbox 3135 3366 3211 3432; x_wconf 84' lang='lat' dir='ltr'><strong>fit,</strong></span> <span class='ocrx_word' id='word_1_750' title='bbox 3247 3368 3405 3421; x_wconf 89' lang='lat' dir='ltr'><strong>etiam</strong></span> <span class='ocrx_word' id='word_1_751' title='bbox 3447 3367 3558 3436; x_wconf 90' lang='lat' dir='ltr'><strong>ipsa</strong></span> <span class='ocrx_word' id='word_1_752' title='bbox 3594 3382 3790 3423; x_wconf 84' lang='lat' dir='ltr'><strong>nume-</strong></span> 
     </span>
    </p>
   </div>
   <div class='ocr_carea' id='block_1_96' title="bbox 2204 3454 3788 3526">
    <p class='ocr_par' dir='ltr' id='par_1_96' title="bbox 2204 3454 3788 3526">
     <span class='ocr_line' id='line_1_96' title="bbox 2204 3454 3788 3526; baseline 0.006 -22"><span class='ocrx_word' id='word_1_753' title='bbox 2204 3466 2321 3504; x_wconf 88' lang='lat' dir='ltr'><strong>rosa</strong></span> <span class='ocrx_word' id='word_1_754' title='bbox 2372 3454 2440 3506; x_wconf 90' lang='lat' dir='ltr'><strong>sit</strong></span> <span class='ocrx_word' id='word_1_755' title='bbox 2483 3469 2701 3508; x_wconf 88' lang='lat' dir='ltr'><strong>necesse</strong></span> <span class='ocrx_word' id='word_1_756' title='bbox 2746 3464 2846 3508; x_wconf 90' lang='lat' dir='ltr'><strong>est.</strong></span> <span class='ocrx_word' id='word_1_757' title='bbox 2891 3455 3073 3525; x_wconf 89' lang='lat' dir='ltr'><strong>Neque</strong></span> <span class='ocrx_word' id='word_1_758' title='bbox 3120 3472 3239 3510; x_wconf 89' lang='lat' dir='ltr'><strong>esse</strong></span> <span class='ocrx_word' id='word_1_759' title='bbox 3284 3466 3475 3526; x_wconf 74' lang='lat' dir='ltr'><strong>potest,</strong></span> <span class='ocrx_word' id='word_1_760' title='bbox 3521 3458 3619 3511; x_wconf 86' lang='lat' dir='ltr'><strong>nisi</strong></span> <span class='ocrx_word' id='word_1_761' title='bbox 3662 3474 3788 3513; x_wconf 85' lang='lat' dir='ltr'><strong>cum</strong></span> 
     </span>
    </p>
   </div>
   <div class='ocr_carea' id='block_1_97' title="bbox 2202 3541 3787 3621">
    <p class='ocr_par' dir='ltr' id='par_1_97' title="bbox 2202 3541 3787 3621">
     <span class='ocr_line' id='line_1_97' title="bbox 2202 3541 3787 3621; baseline 0.006 -28"><span class='ocrx_word' id='word_1_762' title='bbox 2202 3541 2351 3595; x_wconf 85' lang='lat' dir='ltr'><strong>adest</strong></span> <span class='ocrx_word' id='word_1_763' title='bbox 2376 3542 2593 3599; x_wconf 71' lang='lat' dir='ltr'><strong>effector</strong></span> <span class='ocrx_word' id='word_1_764' title='bbox 2624 3545 2741 3611; x_wconf 90' lang='lat' dir='ltr'><strong>ejus</strong></span> <span class='ocrx_word' id='word_1_765' title='bbox 2764 3559 2927 3599; x_wconf 85' lang='lat' dir='ltr'><strong>Sonus</strong></span> <span class='ocrx_word' id='word_1_766' title='bbox 2953 3564 2964 3599; x_wconf 90' lang='lat'>:</span> <span class='ocrx_word' id='word_1_767' title='bbox 2994 3549 3180 3601; x_wconf 86' lang='lat' dir='ltr'><strong>similis</strong></span> <span class='ocrx_word' id='word_1_768' title='bbox 3206 3559 3294 3621; x_wconf 36' lang='lat' dir='ltr'><strong>est.</strong></span> <span class='ocrx_word' id='word_1_769' title='bbox 3316 3550 3456 3603; x_wconf 90' lang='lat' dir='ltr'><strong>enim</strong></span> <span class='ocrx_word' id='word_1_770' title='bbox 3484 3550 3704 3617; x_wconf 79' lang='lat' dir='ltr'><strong>vestigio</strong></span> <span class='ocrx_word' id='word_1_771' title='bbox 3732 3550 3787 3603; x_wconf 85' lang='lat' dir='ltr'><strong>in</strong></span> 
     </span>
    </p>
   </div>
   <div class='ocr_carea' id='block_1_98' title="bbox 2202 3635 3787 3707">
    <p class='ocr_par' dir='ltr' id='par_1_98' title="bbox 2202 3635 3787 3707">
     <span class='ocr_line' id='line_1_98' title="bbox 2202 3635 3787 3707; baseline 0.006 -23"><span class='ocrx_word' id='word_1_772' title='bbox 2202 3648 2333 3701; x_wconf 89' lang='lat' dir='ltr'><strong>aqua</strong></span> <span class='ocrx_word' id='word_1_773' title='bbox 2367 3635 2645 3702; x_wconf 86' lang='lat' dir='ltr'><strong>impresso,</strong></span> <span class='ocrx_word' id='word_1_774' title='bbox 2675 3637 2815 3705; x_wconf 92' lang='lat' dir='ltr'><strong>quod</strong></span> <span class='ocrx_word' id='word_1_775' title='bbox 2848 3654 3017 3706; x_wconf 83' lang='lat' dir='ltr'><strong>neque</strong></span> <span class='ocrx_word' id='word_1_776' title='bbox 3042 3647 3163 3691; x_wconf 88' lang='lat' dir='ltr'><strong>ante</strong></span> <span class='ocrx_word' id='word_1_777' title='bbox 3190 3638 3448 3691; x_wconf 80' lang='lat' dir='ltr'><strong>formatur</strong></span> <span class='ocrx_word' id='word_1_778' title='bbox 3473 3655 3628 3707; x_wconf 91' lang='lat' dir='ltr'><strong>quam</strong></span> <span class='ocrx_word' id='word_1_779' title='bbox 3659 3655 3787 3693; x_wconf 81' lang='lat' dir='ltr'><strong>cor-</strong></span> 
     </span>
    </p>
   </div>
   <div class='ocr_carea' id='block_1_99' title="bbox 2203 3726 3787 3798">
    <p class='ocr_par' dir='ltr' id='par_1_99' title="bbox 2203 3726 3787 3798">
     <span class='ocr_line' id='line_1_99' title="bbox 2203 3726 3787 3798; baseline 0.005 -23"><span class='ocrx_word' id='word_1_780' title='bbox 2203 3740 2298 3793; x_wconf 86' lang='lat' dir='ltr'><strong>pus</strong></span> <span class='ocrx_word' id='word_1_781' title='bbox 2331 3726 2691 3794; x_wconf 89' lang='lat' dir='ltr'><strong>impresseris,</strong></span> <span class='ocrx_word' id='word_1_782' title='bbox 2725 3745 2894 3798; x_wconf 90' lang='lat' dir='ltr'><strong>neqne</strong></span> <span class='ocrx_word' id='word_1_783' title='bbox 2922 3742 3157 3784; x_wconf 82' lang='lat' dir='ltr'><strong>remanet</strong></span> <span class='ocrx_word' id='word_1_784' title='bbox 3182 3747 3305 3785; x_wconf 89' lang='lat' dir='ltr'><strong>cum</strong></span> <span class='ocrx_word' id='word_1_785' title='bbox 3334 3732 3647 3786; x_wconf 82' lang='lat' dir='ltr'><strong>detraxeris.</strong></span> <span class='ocrx_word' id='word_1_786' title='bbox 3676 3731 3787 3785; x_wconf 85' lang='lat' dir='ltr'><strong>Na-</strong></span> 
     </span>
    </p>
   </div>
   <div class='ocr_carea' id='block_1_100' title="bbox 2205 3818 3787 3891">
    <p class='ocr_par' dir='ltr' id='par_1_100' title="bbox 2205 3818 3787 3891">
     <span class='ocr_line' id='line_1_100' title="bbox 2205 3818 3787 3891; baseline 0.006 -24"><span class='ocrx_word' id='word_1_787' title='bbox 2205 3818 2388 3871; x_wconf 88' lang='lat' dir='ltr'><strong>turalis</strong></span> <span class='ocrx_word' id='word_1_788' title='bbox 2432 3834 2556 3871; x_wconf 87' lang='lat' dir='ltr'><strong>vero</strong></span> <span class='ocrx_word' id='word_1_789' title='bbox 2600 3820 2683 3872; x_wconf 88' lang='lat' dir='ltr'><strong>illa</strong></span> <span class='ocrx_word' id='word_1_790' title='bbox 2735 3821 2813 3873; x_wconf 86' lang='lat' dir='ltr'><strong>vis</strong></span> <span class='ocrx_word' id='word_1_791' title='bbox 2857 3823 3004 3890; x_wconf 90' lang='lat' dir='ltr'><strong>quasi</strong></span> <span class='ocrx_word' id='word_1_792' title='bbox 3048 3822 3363 3890; x_wconf 83' lang='lat' dir='ltr'><strong>judiciaria,</strong></span> <span class='ocrx_word' id='word_1_793' title='bbox 3410 3840 3527 3891; x_wconf 81' lang='lat' dir='ltr'><strong>quae</strong></span> <span class='ocrx_word' id='word_1_794' title='bbox 3568 3825 3787 3877; x_wconf 89' lang='lat' dir='ltr'><strong>auribus</strong></span> 
     </span>
    </p>
   </div>
   <div class='ocr_carea' id='block_1_101' title="bbox 2202 3906 3784 3975">
    <p class='ocr_par' dir='ltr' id='par_1_101' title="bbox 2202 3906 3784 3975">
     <span class='ocr_line' id='line_1_101' title="bbox 2202 3906 3784 3975; baseline 0.006 -16"><span class='ocrx_word' id='word_1_795' title='bbox 2202 3906 2374 3971; x_wconf 81' lang='lat' dir='ltr'><strong>adest,</strong></span> <span class='ocrx_word' id='word_1_796' title='bbox 2418 3924 2520 3962; x_wconf 88' lang='lat' dir='ltr'><strong>non</strong></span> <span class='ocrx_word' id='word_1_797' title='bbox 2566 3911 2759 3964; x_wconf 75' lang='lat' dir='ltr'><strong>desiuit</strong></span> <span class='ocrx_word' id='word_1_798' title='bbox 2802 3927 2921 3965; x_wconf 89' lang='lat' dir='ltr'><strong>esse</strong></span> <span class='ocrx_word' id='word_1_799' title='bbox 2966 3913 3015 3966; x_wconf 88' lang='lat' dir='ltr'><strong>itt</strong></span> <span class='ocrx_word' id='word_1_800' title='bbox 3058 3915 3288 3975; x_wconf 79' lang='lat' dir='ltr'><strong>silentio,</strong></span> <span class='ocrx_word' id='word_1_801' title='bbox 3332 3930 3428 3968; x_wconf 86' lang='lat' dir='ltr'><strong>nec</strong></span> <span class='ocrx_word' id='word_1_802' title='bbox 3466 3915 3617 3969; x_wconf 87' lang='lat' dir='ltr'><strong>nobis</strong></span> <span class='ocrx_word' id='word_1_803' title='bbox 3662 3930 3784 3969; x_wconf 90' lang='lat' dir='ltr'><strong>eam</strong></span> 
     </span>
    </p>
   </div>
   <div class='ocr_carea' id='block_1_102' title="bbox 2201 4002 3787 4077">
    <p class='ocr_par' dir='ltr' id='par_1_102' title="bbox 2201 4002 3787 4077">
     <span class='ocr_line' id='line_1_102' title="bbox 2201 4002 3787 4077; baseline 0.008 -26"><span class='ocrx_word' id='word_1_804' title='bbox 2201 4014 2363 4055; x_wconf 84' lang='lat' dir='ltr'><strong>smtns</strong></span> <span class='ocrx_word' id='word_1_805' title='bbox 2394 4002 2579 4067; x_wconf 89' lang='lat' dir='ltr'><strong>infert,</strong></span> <span class='ocrx_word' id='word_1_806' title='bbox 2609 4005 2701 4057; x_wconf 83' lang='lat' dir='ltr'><strong>sed</strong></span> <span class='ocrx_word' id='word_1_807' title='bbox 2741 4005 2806 4059; x_wconf 88' lang='lat' dir='ltr'><strong>ab</strong></span> <span class='ocrx_word' id='word_1_808' title='bbox 2844 4022 2903 4060; x_wconf 91' lang='lat' dir='ltr'><strong>ea</strong></span> <span class='ocrx_word' id='word_1_809' title='bbox 2937 4007 3142 4073; x_wconf 89' lang='lat' dir='ltr'><strong>potius,</strong></span> <span class='ocrx_word' id='word_1_810' title='bbox 3168 4010 3280 4063; x_wconf 85' lang='lat' dir='ltr'><strong>sive</strong></span> <span class='ocrx_word' id='word_1_811' title='bbox 3311 4010 3639 4077; x_wconf 89' lang='lat' dir='ltr'><strong>probandus,</strong></span> <span class='ocrx_word' id='word_1_812' title='bbox 3669 4011 3787 4063; x_wconf 75' lang='lat' dir='ltr'><strong>sive</strong></span> 
     </span>
    </p>
   </div>
   <div class='ocr_carea' id='block_1_103' title="bbox 2200 4093 3781 4174">
    <p class='ocr_par' dir='ltr' id='par_1_103' title="bbox 2200 4093 3781 4174">
     <span class='ocr_line' id='line_1_103' title="bbox 2200 4093 3781 4174; baseline 0.005 -30"><span class='ocrx_word' id='word_1_813' title='bbox 2200 4093 2577 4157; x_wconf 88' lang='lat' dir='ltr'><strong>improbandus</strong></span> <span class='ocrx_word' id='word_1_814' title='bbox 2618 4094 2893 4163; x_wconf 78' lang='lat' dir='ltr'><strong>excipitur.</strong></span> <span class='ocrx_word' id='word_1_815' title='bbox 2933 4096 3108 4162; x_wconf 86' lang='lat' dir='ltr'><strong>Quare</strong></span> <span class='ocrx_word' id='word_1_816' title='bbox 3148 4098 3246 4151; x_wconf 73' lang='lat' dir='ltr'><strong>ista</strong></span> <span class='ocrx_word' id='word_1_817' title='bbox 3291 4098 3429 4162; x_wconf 86' lang='lat' dir='ltr'><strong>duo,</strong></span> <span class='ocrx_word' id='word_1_818' title='bbox 3463 4100 3560 4152; x_wconf 89' lang='lat' dir='ltr'><strong>nisi</strong></span> <span class='ocrx_word' id='word_1_819' title='bbox 3594 4099 3781 4174; x_wconf 75' lang='lat' dir='ltr'><strong>fallor,</strong></span> 
     </span>
    </p>
   </div>
   <div class='ocr_carea' id='block_1_104' title="bbox 2201 4182 3784 4259">
    <p class='ocr_par' dir='ltr' id='par_1_104' title="bbox 2201 4182 3784 4259">
     <span class='ocr_line' id='line_1_104' title="bbox 2201 4182 3784 4259; baseline 0.006 -25"><span class='ocrx_word' id='word_1_820' title='bbox 2201 4182 2565 4250; x_wconf 87' lang='lat' dir='ltr'><strong>distinguenda</strong></span> <span class='ocrx_word' id='word_1_821' title='bbox 2596 4194 2753 4248; x_wconf 87' lang='lat' dir='ltr'><strong>sunt;</strong></span> <span class='ocrx_word' id='word_1_822' title='bbox 2788 4196 2835 4238; x_wconf 89' lang='lat' dir='ltr'><strong>et</strong></span> <span class='ocrx_word' id='word_1_823' title='bbox 2867 4186 3132 4241; x_wconf 84' lang='lat' dir='ltr'><strong>fatendum</strong></span> <span class='ocrx_word' id='word_1_824' title='bbox 3164 4204 3433 4250; x_wconf 86' lang='lat' dir='ltr'><strong>numeros.</strong></span> <span class='ocrx_word' id='word_1_825' title='bbox 3462 4191 3547 4259; x_wconf 90' lang='lat' dir='ltr'><strong>qui</strong></span> <span class='ocrx_word' id='word_1_826' title='bbox 3575 4200 3700 4243; x_wconf 79' lang='lat' dir='ltr'><strong>sunt</strong></span> <span class='ocrx_word' id='word_1_827' title='bbox 3728 4191 3784 4243; x_wconf 85' lang='lat' dir='ltr'><strong>in</strong></span> 
     </span>
    </p>
   </div>
   <div class='ocr_carea' id='block_1_105' title="bbox 2201 4275 3787 4352">
    <p class='ocr_par' dir='ltr' id='par_1_105' title="bbox 2201 4275 3787 4352">
     <span class='ocr_line' id='line_1_105' title="bbox 2201 4275 3787 4352; baseline 0.007 -25"><span class='ocrx_word' id='word_1_828' title='bbox 2201 4275 2309 4345; x_wconf 82' lang='lat' dir='ltr'><strong>ipsa</strong></span> <span class='ocrx_word' id='word_1_829' title='bbox 2345 4277 2586 4344; x_wconf 88' lang='lat' dir='ltr'><strong>passione</strong></span> <span class='ocrx_word' id='word_1_830' title='bbox 2627 4279 2832 4331; x_wconf 89' lang='lat' dir='ltr'><strong>aurium</strong></span> <span class='ocrx_word' id='word_1_831' title='bbox 2854 4321 2867 4344; x_wconf 93' lang='lat'><strong>,</strong></span> <span class='ocrx_word' id='word_1_832' title='bbox 2895 4296 3015 4334; x_wconf 91' lang='lat' dir='ltr'><strong>cum</strong></span> <span class='ocrx_word' id='word_1_833' title='bbox 3047 4284 3241 4352; x_wconf 88' lang='lat' dir='ltr'><strong>aliquid</strong></span> <span class='ocrx_word' id='word_1_834' title='bbox 3270 4284 3479 4338; x_wconf 86' lang='lat' dir='ltr'><strong>auditur</strong></span> <span class='ocrx_word' id='word_1_835' title='bbox 3500 4327 3512 4350; x_wconf 91' lang='lat'><strong>,</strong></span> <span class='ocrx_word' id='word_1_836' title='bbox 3540 4301 3673 4339; x_wconf 90' lang='lat' dir='ltr'><strong>sono</strong></span> <span class='ocrx_word' id='word_1_837' title='bbox 3702 4287 3787 4338; x_wconf 85' lang='lat' dir='ltr'><strong>iu-</strong></span> 
     </span>
    </p>
   </div>
   <div class='ocr_carea' id='block_1_106' title="bbox 2200 4367 3781 4446">
    <p class='ocr_par' dir='ltr' id='par_1_106' title="bbox 2200 4367 3781 4446">
     <span class='ocr_line' id='line_1_106' title="bbox 2200 4367 3781 4446; baseline 0.008 -28"><span class='ocrx_word' id='word_1_838' title='bbox 2200 4367 2324 4419; x_wconf 89' lang='lat' dir='ltr'><strong>ferri</strong></span> <span class='ocrx_word' id='word_1_839' title='bbox 2347 4410 2359 4433; x_wconf 91' lang='lat'><strong>,</strong></span> <span class='ocrx_word' id='word_1_840' title='bbox 2392 4367 2581 4421; x_wconf 86' lang='lat' dir='ltr'><strong>auferri</strong></span> <span class='ocrx_word' id='word_1_841' title='bbox 2612 4370 2840 4423; x_wconf 75' lang='lat' dir='ltr'><strong>silentio.</strong></span> <span class='ocrx_word' id='word_1_842' title='bbox 2873 4372 2945 4425; x_wconf 82' lang='lat' dir='ltr'><strong>Ex</strong></span> <span class='ocrx_word' id='word_1_843' title='bbox 2983 4389 3090 4442; x_wconf 89' lang='lat' dir='ltr'><strong>quo</strong></span> <span class='ocrx_word' id='word_1_844' title='bbox 3117 4376 3383 4446; x_wconf 86' lang='lat' dir='ltr'><strong>colligitur</strong></span> <span class='ocrx_word' id='word_1_845' title='bbox 3413 4391 3660 4430; x_wconf 86' lang='lat' dir='ltr'><strong>numeros</strong></span> <span class='ocrx_word' id='word_1_846' title='bbox 3689 4378 3781 4446; x_wconf 90' lang='lat' dir='ltr'><strong>qui</strong></span> 
     </span>
    </p>
   </div>
   <div class='ocr_carea' id='block_1_107' title="bbox 2201 4459 3783 4535">
    <p class='ocr_par' dir='ltr' id='par_1_107' title="bbox 2201 4459 3783 4535">
     <span class='ocr_line' id='line_1_107' title="bbox 2201 4459 3783 4535; baseline 0.008 -26"><span class='ocrx_word' id='word_1_847' title='bbox 2201 4467 2321 4510; x_wconf 90' lang='lat' dir='ltr'><strong>sunt</strong></span> <span class='ocrx_word' id='word_1_848' title='bbox 2354 4459 2402 4509; x_wconf 94' lang='lat' dir='ltr'><strong>in</strong></span> <span class='ocrx_word' id='word_1_849' title='bbox 2433 4460 2544 4526; x_wconf 86' lang='lat' dir='ltr'><strong>ipso</strong></span> <span class='ocrx_word' id='word_1_850' title='bbox 2570 4474 2719 4523; x_wconf 90' lang='lat' dir='ltr'><strong>sono,</strong></span> <span class='ocrx_word' id='word_1_851' title='bbox 2750 4477 2905 4529; x_wconf 89' lang='lat' dir='ltr'><strong>posse</strong></span> <span class='ocrx_word' id='word_1_852' title='bbox 2935 4479 3053 4517; x_wconf 78' lang='lat' dir='ltr'><strong>esse</strong></span> <span class='ocrx_word' id='word_1_853' title='bbox 3084 4466 3197 4519; x_wconf 89' lang='lat' dir='ltr'><strong>sine</strong></span> <span class='ocrx_word' id='word_1_854' title='bbox 3224 4467 3338 4519; x_wconf 90' lang='lat' dir='ltr'><strong>istis</strong></span> <span class='ocrx_word' id='word_1_855' title='bbox 3364 4468 3448 4535; x_wconf 90' lang='lat' dir='ltr'><strong>qui</strong></span> <span class='ocrx_word' id='word_1_856' title='bbox 3481 4476 3603 4521; x_wconf 81' lang='lat' dir='ltr'><strong>sunt</strong></span> <span class='ocrx_word' id='word_1_857' title='bbox 3632 4469 3684 4520; x_wconf 91' lang='lat' dir='ltr'><strong>in</strong></span> <span class='ocrx_word' id='word_1_858' title='bbox 3715 4484 3783 4523; x_wconf 89' lang='lat' dir='ltr'><strong>eo</strong></span> 
     </span>
    </p>
   </div>
   <div class='ocr_carea' id='block_1_108' title="bbox 2200 4548 3704 4625">
    <p class='ocr_par' dir='ltr' id='par_1_108' title="bbox 2200 4548 3704 4625">
     <span class='ocr_line' id='line_1_108' title="bbox 2200 4548 3704 4625; baseline 0.007 -26"><span class='ocrx_word' id='word_1_859' title='bbox 2200 4548 2338 4617; x_wconf 86' lang='lat' dir='ltr'><strong>quod</strong></span> <span class='ocrx_word' id='word_1_860' title='bbox 2364 4559 2445 4602; x_wconf 89' lang='lat' dir='ltr'><strong>est</strong></span> <span class='ocrx_word' id='word_1_861' title='bbox 2470 4549 2672 4605; x_wconf 90' lang='lat' dir='ltr'><strong>audire.</strong></span> <span class='ocrx_word' id='word_1_862' title='bbox 2702 4566 2819 4604; x_wconf 86' lang='lat' dir='ltr'><strong>cum</strong></span> <span class='ocrx_word' id='word_1_863' title='bbox 2849 4553 2897 4605; x_wconf 88' lang='lat' dir='ltr'><strong>hi</strong></span> <span class='ocrx_word' id='word_1_864' title='bbox 2926 4554 3041 4607; x_wconf 89' lang='lat' dir='ltr'><strong>sine</strong></span> <span class='ocrx_word' id='word_1_865' title='bbox 3070 4555 3173 4608; x_wconf 87' lang='lat' dir='ltr'><strong>illis</strong></span> <span class='ocrx_word' id='word_1_866' title='bbox 3198 4571 3317 4611; x_wconf 85' lang='lat' dir='ltr'><strong>esse</strong></span> <span class='ocrx_word' id='word_1_867' title='bbox 3347 4573 3450 4611; x_wconf 88' lang='lat' dir='ltr'><strong>non</strong></span> <span class='ocrx_word' id='word_1_868' title='bbox 3478 4559 3704 4625; x_wconf 84' lang='lat' dir='ltr'><strong>possint.</strong></span> 
     </span>
    </p>
   </div>
   <div class='ocr_carea' id='block_1_109' title="bbox 2196 4637 3783 4719">
    <p class='ocr_par' dir='ltr' id='par_1_109' title="bbox 2196 4637 3783 4719">
     <span class='ocr_line' id='line_1_109' title="bbox 2196 4637 3783 4719; baseline 0.006 -28"><span class='ocrx_word' id='word_1_869' title='bbox 2196 4637 2423 4693; x_wconf 83' lang='lat' dir='ltr'><strong>CAPUT</strong></span> <span class='ocrx_word' id='word_1_870' title='bbox 2449 4638 2535 4692; x_wconf 79' lang='grc' dir='ltr'><strong>ΙΙΙ.</strong></span> <span class='ocrx_word' id='word_1_871' title='bbox 2560 4670 2628 4679; x_wconf 94' lang='grc'><strong>-</strong></span> <span class='ocrx_word' id='word_1_872' title='bbox 2653 4640 2874 4694; x_wconf 77' lang='lat' dir='ltr'><strong>Tertium</strong></span> <span class='ocrx_word' id='word_1_873' title='bbox 2904 4660 3060 4713; x_wconf 78' lang='lat' dir='ltr'><strong>genus</strong></span> <span class='ocrx_word' id='word_1_874' title='bbox 3098 4663 3417 4700; x_wconf 76' lang='lat' dir='ltr'><strong>numeret-mn</strong></span> <span class='ocrx_word' id='word_1_875' title='bbox 3446 4650 3495 4701; x_wconf 82' lang='lat' dir='ltr'><strong>in</strong></span> <span class='ocrx_word' id='word_1_876' title='bbox 3525 4649 3635 4719; x_wconf 80' lang='lat' dir='ltr'><strong>ipso</strong></span> <span class='ocrx_word' id='word_1_877' title='bbox 3662 4658 3783 4701; x_wconf 78' lang='lat' dir='ltr'><strong>actu</strong></span> 
     </span>
    </p>
   </div>
   <div class='ocr_carea' id='block_1_110' title="bbox 2271 4733 3784 4810">
    <p class='ocr_par' dir='ltr' id='par_1_110' title="bbox 2271 4733 3784 4810">
     <span class='ocr_line' id='line_1_110' title="bbox 2271 4733 3784 4810; baseline 0.007 -27"><span class='ocrx_word' id='word_1_878' title='bbox 2271 4733 2659 4800; x_wconf 76' lang='lat' dir='ltr'><strong>pronuntiantis.</strong></span> <span class='ocrx_word' id='word_1_879' title='bbox 2709 4733 2958 4797; x_wconf 79' lang='lat' dir='ltr'><strong>Quartum</strong></span> <span class='ocrx_word' id='word_1_880' title='bbox 3003 4753 3158 4807; x_wconf 84' lang='lat' dir='ltr'><strong>genus</strong></span> <span class='ocrx_word' id='word_1_881' title='bbox 3200 4756 3520 4793; x_wconf 82' lang='lat' dir='ltr'><strong>munerormn</strong></span> <span class='ocrx_word' id='word_1_882' title='bbox 3562 4742 3616 4793; x_wconf 79' lang='lat' dir='ltr'><strong>in</strong></span> <span class='ocrx_word' id='word_1_883' title='bbox 3666 4742 3784 4810; x_wconf 78' lang='lat' dir='ltr'><strong>ipsa</strong></span> 
     </span>
    </p>
   </div>
   <div class='ocr_carea' id='block_1_111' title="bbox 2264 4838 2526 4875">
    <p class='ocr_par' dir='ltr' id='par_1_111' title="bbox 2264 4838 2526 4875">
     <span class='ocr_line' id='line_1_111' title="bbox 2264 4838 2526 4875; baseline 0.008 -2"><span class='ocrx_word' id='word_1_884' title='bbox 2264 4838 2455 4875; x_wconf 85' lang='lat' dir='ltr'><strong>memor</strong></span> <span class='ocrx_word' id='word_1_885' title='bbox 2458 4840 2507 4875; x_wconf 75' lang='grc' dir='ltr'>ια</span> <span class='ocrx_word' id='word_1_886' title='bbox 2512 4862 2526 4874; x_wconf 76' lang='grc' dir='ltr'><strong><em>ο</em></strong></span> 
     </span>
    </p>
   </div>
   <div class='ocr_carea' id='block_1_112' title="bbox 2269 4912 3780 4992">
    <p class='ocr_par' dir='ltr' id='par_1_112' title="bbox 2269 4912 3780 4992">
     <span class='ocr_line' id='line_1_112' title="bbox 2269 4912 3780 4992; baseline 0.007 -25"><span class='ocrx_word' id='word_1_887' title='bbox 2269 4915 2322 4967; x_wconf 72' lang='grc'><strong>4.</strong></span> <span class='ocrx_word' id='word_1_888' title='bbox 2368 4912 2437 4967; x_wconf 88' lang='lat' dir='ltr'><strong>D.</strong></span> <span class='ocrx_word' id='word_1_889' title='bbox 2488 4914 2782 4971; x_wconf 67' lang='lat' dir='ltr'><strong>Assentior.</strong></span> <span class='ocrx_word' id='word_1_890' title='bbox 2826 4917 2903 4973; x_wconf 77' lang='grc' dir='ltr'><strong>Μ.</strong></span> <span class='ocrx_word' id='word_1_891' title='bbox 2948 4919 3177 4975; x_wconf 82' lang='lat' dir='ltr'><strong>Attende</strong></span> <span class='ocrx_word' id='word_1_892' title='bbox 3220 4922 3378 4992; x_wconf 83' lang='lat' dir='ltr'><strong>igitur</strong></span> <span class='ocrx_word' id='word_1_893' title='bbox 3420 4923 3517 4979; x_wconf 90' lang='lat' dir='ltr'><strong>hoc</strong></span> <span class='ocrx_word' id='word_1_894' title='bbox 3562 4924 3780 4978; x_wconf 88' lang='lat' dir='ltr'><strong>tertium</strong></span> 
     </span>
    </p>
   </div>
   <div class='ocr_carea' id='block_1_113' title="bbox 2197 5007 3783 5082">
    <p class='ocr_par' dir='ltr' id='par_1_113' title="bbox 2197 5007 3783 5082">
     <span class='ocr_line' id='line_1_113' title="bbox 2197 5007 3783 5082; baseline 0.006 -25"><span class='ocrx_word' id='word_1_895' title='bbox 2197 5019 2392 5075; x_wconf 80' lang='lat' dir='ltr'><strong>genus.</strong></span> <span class='ocrx_word' id='word_1_896' title='bbox 2424 5007 2564 5075; x_wconf 88' lang='lat' dir='ltr'><strong>quod</strong></span> <span class='ocrx_word' id='word_1_897' title='bbox 2595 5016 2677 5062; x_wconf 85' lang='lat' dir='ltr'><strong>est</strong></span> <span class='ocrx_word' id='word_1_898' title='bbox 2706 5008 2757 5061; x_wconf 89' lang='lat' dir='ltr'><strong>in</strong></span> <span class='ocrx_word' id='word_1_899' title='bbox 2792 5010 2905 5079; x_wconf 90' lang='lat' dir='ltr'><strong>ipso</strong></span> <span class='ocrx_word' id='word_1_900' title='bbox 2944 5026 3041 5065; x_wconf 93' lang='lat' dir='ltr'><strong>usu</strong></span> <span class='ocrx_word' id='word_1_901' title='bbox 3068 5013 3082 5043; x_wconf 79' lang='grc'>³</span> <span class='ocrx_word' id='word_1_902' title='bbox 3114 5021 3167 5066; x_wconf 92' lang='lat' dir='ltr'><strong>et</strong></span> <span class='ocrx_word' id='word_1_903' title='bbox 3206 5015 3511 5081; x_wconf 85' lang='lat' dir='ltr'><strong>operatione</strong></span> <span class='ocrx_word' id='word_1_904' title='bbox 3544 5030 3783 5082; x_wconf 85' lang='lat' dir='ltr'><strong>pronun-</strong></span> 
     </span>
    </p>
   </div>
   <div class='ocr_carea' id='block_1_114' title="bbox 2200 5088 3778 5170">
    <p class='ocr_par' dir='ltr' id='par_1_114' title="bbox 2200 5088 3778 5170">
     <span class='ocr_line' id='line_1_114' title="bbox 2200 5088 3778 5170; baseline 0.006 -22"><span class='ocrx_word' id='word_1_905' title='bbox 2200 5095 2417 5161; x_wconf 91' lang='lat' dir='ltr'><strong>tiantis;</strong></span> <span class='ocrx_word' id='word_1_906' title='bbox 2459 5106 2511 5151; x_wconf 89' lang='lat' dir='ltr'><strong>et</strong></span> <span class='ocrx_word' id='word_1_907' title='bbox 2548 5088 2668 5152; x_wconf 83' lang='lat' dir='ltr'><strong>vide</strong></span> <span class='ocrx_word' id='word_1_908' title='bbox 2705 5106 2878 5152; x_wconf 87' lang='lat' dir='ltr'><strong>utrum</strong></span> <span class='ocrx_word' id='word_1_909' title='bbox 2919 5101 3123 5170; x_wconf 88' lang='lat' dir='ltr'><strong>possint</strong></span> <span class='ocrx_word' id='word_1_910' title='bbox 3164 5119 3279 5157; x_wconf 86' lang='lat' dir='ltr'><strong>esse</strong></span> <span class='ocrx_word' id='word_1_911' title='bbox 3320 5104 3369 5156; x_wconf 92' lang='lat' dir='ltr'><strong>hi</strong></span> <span class='ocrx_word' id='word_1_912' title='bbox 3412 5107 3614 5157; x_wconf 86' lang='lat' dir='ltr'><strong>muneri</strong></span> <span class='ocrx_word' id='word_1_913' title='bbox 3658 5119 3778 5157; x_wconf 82' lang='lat' dir='ltr'><strong>stlte</strong></span> 
     </span>
    </p>
   </div>
   <div class='ocr_carea' id='block_1_115' title="bbox 2199 5188 3780 5262">
    <p class='ocr_par' dir='ltr' id='par_1_115' title="bbox 2199 5188 3780 5262">
     <span class='ocr_line' id='line_1_115' title="bbox 2199 5188 3780 5262; baseline 0.004 -21"><span class='ocrx_word' id='word_1_914' title='bbox 2199 5188 2300 5243; x_wconf 85' lang='lat' dir='ltr'><strong>illis</strong></span> <span class='ocrx_word' id='word_1_915' title='bbox 2328 5189 2415 5258; x_wconf 90' lang='lat' dir='ltr'><strong>qui</strong></span> <span class='ocrx_word' id='word_1_916' title='bbox 2444 5198 2567 5243; x_wconf 85' lang='lat' dir='ltr'><strong>sunt</strong></span> <span class='ocrx_word' id='word_1_917' title='bbox 2592 5191 2641 5243; x_wconf 92' lang='lat' dir='ltr'><strong>in</strong></span> <span class='ocrx_word' id='word_1_918' title='bbox 2672 5192 2943 5244; x_wconf 91' lang='lat' dir='ltr'><strong>memoria.</strong></span> <span class='ocrx_word' id='word_1_919' title='bbox 2972 5192 3101 5245; x_wconf 81' lang='lat' dir='ltr'><strong>Nam</strong></span> <span class='ocrx_word' id='word_1_920' title='bbox 3130 5200 3182 5247; x_wconf 88' lang='lat' dir='ltr'><strong>et</strong></span> <span class='ocrx_word' id='word_1_921' title='bbox 3212 5196 3349 5247; x_wconf 83' lang='lat' dir='ltr'><strong>taciti</strong></span> <span class='ocrx_word' id='word_1_922' title='bbox 3377 5194 3511 5262; x_wconf 84' lang='lat' dir='ltr'><strong>apud</strong></span> <span class='ocrx_word' id='word_1_923' title='bbox 3542 5205 3780 5247; x_wconf 77' lang='lat' dir='ltr'><strong>nosmet-</strong></span> 
     </span>
    </p>
   </div>
   <div class='ocr_carea' id='block_1_116' title="bbox 2203 5280 3807 5359">
    <p class='ocr_par' dir='ltr' id='par_1_116' title="bbox 2203 5280 3807 5359">
     <span class='ocr_line' id='line_1_116' title="bbox 2203 5280 3807 5359; baseline 0.005 -28"><span class='ocrx_word' id='word_1_924' title='bbox 2203 5280 2344 5349; x_wconf 86' lang='lat' dir='ltr'><strong>ipsos</strong></span> <span class='ocrx_word' id='word_1_925' title='bbox 2383 5294 2659 5349; x_wconf 88' lang='lat' dir='ltr'><strong>possumns</strong></span> <span class='ocrx_word' id='word_1_926' title='bbox 2689 5283 2892 5351; x_wconf 90' lang='lat' dir='ltr'><strong>aliquos</strong></span> <span class='ocrx_word' id='word_1_927' title='bbox 2935 5299 3183 5339; x_wconf 89' lang='lat' dir='ltr'><strong>numeros</strong></span> <span class='ocrx_word' id='word_1_928' title='bbox 3214 5284 3491 5354; x_wconf 86' lang='lat' dir='ltr'><strong>cogitando</strong></span> <span class='ocrx_word' id='word_1_929' title='bbox 3523 5299 3807 5359; x_wconf 78' lang='lat' dir='ltr'><strong>peragere</strong></span> 
     </span>
    </p>
   </div>
   <div class='ocr_carea' id='block_1_117' title="bbox 2200 5360 3799 5443">
    <p class='ocr_par' dir='ltr' id='par_1_117' title="bbox 2200 5360 3799 5443">
     <span class='ocr_line' id='line_1_117' title="bbox 2200 5360 3799 5443; baseline 0.004 -19"><span class='ocrx_word' id='word_1_930' title='bbox 2200 5387 2259 5424; x_wconf 84' lang='lat' dir='ltr'><strong>ea</strong></span> <span class='ocrx_word' id='word_1_931' title='bbox 2294 5386 2437 5423; x_wconf 90' lang='lat' dir='ltr'><strong>mora</strong></span> <span class='ocrx_word' id='word_1_932' title='bbox 2468 5374 2739 5441; x_wconf 87' lang='lat' dir='ltr'><strong>temporis,</strong></span> <span class='ocrx_word' id='word_1_933' title='bbox 2770 5389 2869 5441; x_wconf 87' lang='lat' dir='ltr'><strong>qua</strong></span> <span class='ocrx_word' id='word_1_934' title='bbox 2902 5375 3058 5427; x_wconf 87' lang='lat' dir='ltr'><strong>etiam</strong></span> <span class='ocrx_word' id='word_1_935' title='bbox 3089 5390 3216 5429; x_wconf 88' lang='lat' dir='ltr'><strong>voce</strong></span> <span class='ocrx_word' id='word_1_936' title='bbox 3248 5384 3637 5443; x_wconf 63' lang='lat' dir='ltr'><strong>peragerentur.</strong></span> <span class='ocrx_word' id='word_1_937' title='bbox 3667 5360 3799 5430; x_wconf 22' lang='lat' dir='ltr'><strong>Hos-</strong></span> 
     </span>
    </p>
   </div>
   <div class='ocr_carea' id='block_1_118' title="bbox 2200 5463 3775 5533">
    <p class='ocr_par' dir='ltr' id='par_1_118' title="bbox 2200 5463 3775 5533">
     <span class='ocr_line' id='line_1_118' title="bbox 2200 5463 3775 5533; baseline 0.002 -17"><span class='ocrx_word' id='word_1_938' title='bbox 2200 5464 2251 5516; x_wconf 90' lang='lat' dir='ltr'><strong>in</strong></span> <span class='ocrx_word' id='word_1_939' title='bbox 2301 5463 2528 5530; x_wconf 84' lang='lat' dir='ltr'><strong>quadam</strong></span> <span class='ocrx_word' id='word_1_940' title='bbox 2569 5464 2877 5533; x_wconf 85' lang='lat' dir='ltr'><strong>operatione</strong></span> <span class='ocrx_word' id='word_1_941' title='bbox 2925 5466 3087 5519; x_wconf 84' lang='lat' dir='ltr'><strong>animi</strong></span> <span class='ocrx_word' id='word_1_942' title='bbox 3134 5481 3251 5520; x_wconf 85' lang='lat' dir='ltr'><strong>esse</strong></span> <span class='ocrx_word' id='word_1_943' title='bbox 3294 5469 3630 5520; x_wconf 82' lang='lat' dir='ltr'><strong>manifestum</strong></span> <span class='ocrx_word' id='word_1_944' title='bbox 3672 5475 3775 5528; x_wconf 87' lang='lat' dir='ltr'><strong>est,</strong></span> 
     </span>
    </p>
   </div>
   <div class='ocr_carea' id='block_1_119' title="bbox 2200 5556 3780 5628">
    <p class='ocr_par' dir='ltr' id='par_1_119' title="bbox 2200 5556 3780 5628">
     <span class='ocr_line' id='line_1_119' title="bbox 2200 5556 3780 5628; baseline 0 -21"><span class='ocrx_word' id='word_1_945' title='bbox 2200 5571 2316 5624; x_wconf 76' lang='lat' dir='ltr'><strong>quze</strong></span> <span class='ocrx_word' id='word_1_946' title='bbox 2355 5556 2602 5624; x_wconf 89' lang='lat' dir='ltr'><strong>quoniam</strong></span> <span class='ocrx_word' id='word_1_947' title='bbox 2648 5558 2847 5609; x_wconf 89' lang='lat' dir='ltr'><strong>nullunt</strong></span> <span class='ocrx_word' id='word_1_948' title='bbox 2878 5557 2986 5611; x_wconf 86' lang='lat' dir='ltr'><strong>edit</strong></span> <span class='ocrx_word' id='word_1_949' title='bbox 3020 5574 3230 5623; x_wconf 87' lang='lat' dir='ltr'><strong>sonum,</strong></span> <span class='ocrx_word' id='word_1_950' title='bbox 3260 5560 3491 5627; x_wconf 83' lang='lat' dir='ltr'><strong>nihilque</strong></span> <span class='ocrx_word' id='word_1_951' title='bbox 3519 5556 3780 5628; x_wconf 85' lang='lat' dir='ltr'><strong>passionis</strong></span> 
     </span>
    </p>
   </div>
   <div class='ocr_carea' id='block_1_120' title="bbox 2202 5645 3780 5719">
    <p class='ocr_par' dir='ltr' id='par_1_120' title="bbox 2202 5645 3780 5719">
     <span class='ocr_line' id='line_1_120' title="bbox 2202 5645 3780 5719; baseline -0.001 -18"><span class='ocrx_word' id='word_1_952' title='bbox 2202 5647 2357 5701; x_wconf 82' lang='lat' dir='ltr'><strong>infert</strong></span> <span class='ocrx_word' id='word_1_953' title='bbox 2398 5649 2632 5710; x_wconf 86' lang='lat' dir='ltr'><strong>auribus,</strong></span> <span class='ocrx_word' id='word_1_954' title='bbox 2664 5649 2892 5702; x_wconf 83' lang='lat' dir='ltr'><strong>ostendit</strong></span> <span class='ocrx_word' id='word_1_955' title='bbox 2936 5650 3036 5703; x_wconf 89' lang='lat' dir='ltr'><strong>hoc</strong></span> <span class='ocrx_word' id='word_1_956' title='bbox 3075 5666 3240 5719; x_wconf 82' lang='lat' dir='ltr'><strong>genus</strong></span> <span class='ocrx_word' id='word_1_957' title='bbox 3270 5651 3383 5706; x_wconf 89' lang='lat' dir='ltr'><strong>sine</strong></span> <span class='ocrx_word' id='word_1_958' title='bbox 3426 5651 3528 5704; x_wconf 79' lang='lat' dir='ltr'><strong>illis</strong></span> <span class='ocrx_word' id='word_1_959' title='bbox 3567 5645 3780 5700; x_wconf 81' lang='lat' dir='ltr'><strong>duobus</strong></span> 
     </span>
    </p>
   </div>
   <div class='ocr_carea' id='block_1_121' title="bbox 2265 5740 3363 5805">
    <p class='ocr_par' dir='ltr' id='par_1_121' title="bbox 2265 5740 3363 5805">
     <span class='ocr_line' id='line_1_121' title="bbox 2265 5740 3363 5805; baseline -0.005 -12"><span class='ocrx_word' id='word_1_960' title='bbox 2265 5752 2281 5781; x_wconf 78' lang='grc' dir='ltr'><strong>ι</strong></span> <span class='ocrx_word' id='word_1_961' title='bbox 2319 5747 2601 5805; x_wconf 51' lang='grc' dir='ltr'>λίδριηιιχιει</span> <span class='ocrx_word' id='word_1_962' title='bbox 2626 5752 2700 5793; x_wconf 75' lang='lat' dir='ltr'><strong>Ms.</strong></span> <span class='ocrx_word' id='word_1_963' title='bbox 2731 5754 2778 5792; x_wconf 69' lang='grc' dir='ltr'><strong>τι.</strong></span> <span class='ocrx_word' id='word_1_964' title='bbox 2846 5751 2900 5792; x_wconf 68' lang='lat'><strong>)1.</strong></span> <span class='ocrx_word' id='word_1_965' title='bbox 3356 5740 3363 5747; x_wconf 58' lang='grc'><em>³</em></span> 
     </span>
    </p>
   </div>
  </div>
