4118 6370
391 343 526 401 Ηϐὃ

389 473 511 517 esse
537 470 714 527 posse,
739 466 962 524 quorum
990 451 1153 504 unum
1180 447 1231 500 in
1253 458 1385 500 sono
1413 453 1514 509 est,
1542 442 1764 496 alterum
1793 438 1845 492 in
1875 452 1966 490 au-

391 550 572 605 diente
591 586 609 613 ,
637 543 849 614 quando
875 541 1041 596 audit.
1071 538 1176 596 Sed
1206 545 1380 592 utrum
1419 535 1702 598 existeret,
1745 531 1844 584 nisi
1873 527 1968 582 ad-

392 643 612 712 juvante
642 636 914 699 memoria,
938 633 1241 704 quzcrimus.
1269 629 1576 697 Quanquam
1607 625 1650 679 si
1677 623 1848 677 anima
1875 622 1972 674 hos

398 745 648 787 numeros
689 730 834 798 agit,
887 741 1019 796 quos
1063 724 1115 778 in
1162 736 1412 776 venarum
1455 718 1604 788 pulsu
1656 713 1970 776 invenimus,

399 825 571 878 soluta
611 821 834 892 quaestio
871 827 954 873 est
985 835 999 872 :
1040 830 1159 870 nam
1197 823 1250 868 et
1286 813 1339 867 in
1379 809 1682 880 operatione
1723 806 1822 860 hos
1857 816 1976 858 esse

399 915 736 970 manifestum
764 919 864 968 est,
894 918 947 962 et
985 907 1109 960 nihil
1137 904 1200 958 ad
1228 918 1322 958 eos
1360 901 1671 970 adjuvamur
1699 894 1974 951 memoria.

401 1006 556 1074 Quod
586 1005 628 1056 si
654 1003 720 1058 de
747 1001 830 1056 his
866 1001 1121 1054 incertum
1152 1005 1253 1060 est,
1282 1007 1456 1048 utrutn
1487 990 1755 1062 operantis
1787 987 1978 1042 animus

404 1100 548 1158 sint;
590 1097 657 1152 de
697 1096 812 1148 istis
856 1103 998 1147 certe
1039 1105 1172 1161 quos
1214 1090 1488 1157 reciproco
1531 1084 1714 1154 spiritu
1755 1083 1979 1150 agimus,

406 1187 542 1242 nulli
562 1186 776 1240 dubium
798 1193 896 1247 est,
922 1183 1046 1252 quin
1069 1191 1122 1236 et
1144 1191 1439 1248 temporum
1462 1173 1754 1230 intervallis
1777 1170 1982 1226 numeri

405 1280 532 1340 sint,
573 1287 628 1331 et
667 1291 758 1331 eos
791 1275 867 1329 sic
912 1274 1085 1326 anima
1129 1279 1396 1342 operetur,
1424 1274 1483 1322 ut
1517 1266 1676 1321 etiam
1716 1263 1986 1317 voluntate

405 1369 643 1423 adhibita
672 1367 852 1421 multis
886 1365 1057 1419 modis
1091 1363 1279 1416 variari
1323 1369 1551 1432 queant:
1585 1372 1683 1412 nec
1723 1366 1896 1410 tamen
1929 1363 1986 1408 ut

406 1469 650 1530 agantur,
677 1459 782 1512 ulla
809 1472 942 1525 opus
967 1465 1050 1510 est
1078 1453 1351 1508 memoria.
1383 1451 1452 1506 ι).
1481 1450 1700 1505 Videtur
1727 1447 1856 1502 mihi
1887 1446 1988 1500 hoc

407 1566 574 1620 genus
612 1552 726 1604 sine
754 1549 920 1603 tribus
943 1547 1151 1604 caneris
1180 1561 1298 1600 esse
1344 1559 1516 1614 posse.
1557 1543 1807 1612 Quamvis
1845 1540 1988 1596 enim

411 1657 506 1711 pro
547 1640 924 1710 temperatione
963 1653 1241 1707 corporum
1275 1637 1450 1690 varios
1485 1651 1737 1690 venarum
1783 1634 1986 1704 pulsus,

408 1741 465 1785 'et
491 1730 854 1799 respirationis
885 1728 1158 1783 intervalla
1199 1725 1310 1781 fieri
1339 1741 1442 1780 non
1484 1726 1782 1794 ambigam;
1814 1733 1989 1779 tamen

413 1831 670 1890 operante
697 1819 871 1872 anima
898 1818 1034 1883 fieri,
1063 1833 1254 1887 negare
1279 1818 1395 1887 quis
1417 1817 1647 1870 audeat?
1676 1815 1774 1882 Qui
1803 1828 1990 1870 cursus

411 1921 470 1966 'et
494 1912 538 1965 si
573 1925 669 1978 pro
703 1911 1008 1965 diversitate
1035 1925 1314 1979 corporum
1343 1909 1460 1962 aliis
1497 1909 1722 1964 celerior
1747 1917 1847 1972 est,
1873 1907 1990 1962 aliis

414 2002 652 2065 tardior;
683 2002 783 2056 nisi
824 2011 997 2056 tamen
1027 2001 1159 2054 adsit
1203 2002 1375 2055 anima
1415 2017 1534 2070 qua:
1570 2001 1622 2054 id
1653 2011 1790 2070 agat,
1820 2001 1992 2055 nullus

412 2101 514 2148 est.
547 2091 622 2145 Μ.
652 2093 942 2146 Considera
992 2091 1149 2162 igitur
1190 2101 1243 2145 et
1287 2102 1531 2162 quartum
1575 2105 1762 2161 genus,
1809 2104 1990 2145 eorum

415 2185 618 2240 scilicet
643 2189 980 2239 numerorum
1012 2185 1099 2255 qui
1128 2194 1248 2238 sunt
1276 2185 1325 2238 in
1359 2185 1612 2239 memoria
1639 2203 1650 2237 :
1682 2199 1802 2238 nam
1831 2184 1875 2238 si
1899 2199 1992 2238 eos

415 2274 777 2329 recordatione
803 2274 1250 2344 depromimus,ct
1274 2287 1391 2329 cum
1420 2276 1470 2330 in
1496 2276 1625 2331 alias
1647 2276 1991 2344 cogitationes

415 2361 735 2428 deferimur,
765 2363 861 2418 bos
892 2381 1100 2418 rursum
1127 2349 1473 2436 relinquimus
1498 2368 1640 2421 velut
1666 2368 1716 2431 in
1756 2368 1864 2421 suis
1906 2383 1993 2422 se-

413 2455 575 2510 cretis
614 2457 932 2522 reconditos,
959 2474 1086 2524 non,
1105 2459 1308 2527 opinor,
1334 2460 1599 2514 occultum
1633 2469 1714 2515 est
1755 2475 1847 2515 eos
1877 2475 1994 2516 esse

418 2559 575 2614 posse
600 2546 714 2600 sine
739 2547 966 2602 cazteris.
998 2547 1069 2602 D.
1094 2549 1207 2602 Non
1234 2549 1415 2604 dubito
1438 2566 1532 2604 eos
1555 2565 1673 2605 esse
1698 2551 1812 2604 sine
1833 2561 1993 2605 czete-

417 2639 492 2690 ris
517 2653 531 2697 ;
563 2639 654 2692 sed
689 2649 861 2693 tamen
891 2641 989 2694 nisi
1019 2642 1218 2709 auditi,
1245 2643 1325 2697 vel
1359 2644 1605 2712 cogitati,
1635 2660 1738 2698 non
1771 2643 1993 2699 manda-

419 2735 606 2781 rentur
651 2731 957 2784 memoriam
988 2741 1040 2785 et
1086 2731 1205 2785 ideo
1245 2748 1542 2802 quanquam
1592 2733 1694 2787 illis
1739 2733 1990 2788 desinen-

417 2821 558 2873 tibus
602 2831 865 2885 maneant,
893 2822 1081 2877 iisdem
1122 2832 1298 2878 tamen
1341 2825 1758 2895 prmeedentibus
1809 2827 1992 2898 impri-

420 2919 654 2964 utuntur.

418 3000 644 3056 CAPUT
675 3002 762 3057 IV.
796 3033 866 3044 -—
895 3003 1134 3068 Quintum
1159 3023 1315 3076 genus
1343 3024 1660 3062 numerorum
1685 3011 1736 3063 in
1762 3011 1870 3082 ipso
1899 3027 1993 3064 na-

415 3108 420 3112 ·
491 3093 642 3145 turali
672 3094 870 3164 judicio
898 3097 1160 3149 sentiendi.
1193 3096 1275 3150 Ex
1295 3101 1512 3169 quinque
1547 3103 1799 3156 recensitis
1823 3120 1997 3157 nume-

488 3199 660 3236 rorum
685 3186 944 3255 generibus
967 3187 1219 3258 quodnam
1241 3190 1520 3244 antecellat.

488 3276 542 3330 5.
591 3275 668 3330 ΙΙ.
709 3277 825 3333 Non
873 3281 1070 3334 resisto
1112 3280 1225 3344 tibi,
1256 3290 1310 3336 et
1349 3282 1536 3338 vellem
1577 3283 1685 3354 jam
1732 3299 1990 3356 quaerere,

415 3367 556 3434 quod
589 3368 796 3423 tandem
844 3371 1033 3425 horum
1062 3382 1290 3442 quatuor
1329 3389 1579 3444 generum
1619 3381 1991 3446 prrestantissi-

418 3474 562 3512 mum
603 3459 805 3529 iudices
846 3479 860 3516 :
910 3463 1009 3516 nisi
1055 3464 1342 3519 arbitrarer
1384 3466 1509 3521 dum
1554 3468 1640 3522 illa
1689 3478 1992 3535 tractamus,

419 3549 600 3602 nescio
638 3550 777 3605 unde
818 3553 1126 3622 apparuisse
1164 3556 1315 3610 nobis
1352 3559 1589 3627 quintum
1630 3575 1814 3630 genus,
1854 3563 1995 3633 quod

418 3648 501 3692 est
529 3641 578 3693 in
607 3642 720 3709 ipso
745 3645 971 3697 naturali
994 3644 1194 3714 judicio
1218 3647 1502 3714 sentiendi,
1529 3665 1647 3705 cum
1671 3652 1996 3710 delectamur

419 3732 684 3797 parilitate
715 3749 1080 3803 numerorum,
1103 3737 1186 3791 vel
1215 3753 1334 3793 cum
1364 3739 1414 3793 in
1440 3741 1516 3795 eis
1543 3754 1808 3811 peccatur,
1833 3745 2000 3800 offen-

417 3822 611 3877 dimur.
640 3824 754 3879 Non
781 3832 921 3880 enim
951 3837 1236 3885 contemno
1262 3831 1400 3900 quod
1429 3832 1524 3886 tibi
1555 3835 1723 3889 visum
1755 3845 1854 3903 est,
1883 3839 1998 3893 sine

419 3915 733 3982 quibusdam
781 3921 1016 3974 numeris
1065 3921 1114 3974 iu
1159 3936 1224 3975 eo
1270 3923 1593 3990 latentibus,
1642 3927 1739 3980 hoc
1782 3943 1993 3984 sit-nsum

417 4013 657 4059 nostrum
708 4010 853 4063 nullo
895 4011 1054 4065 modo
1101 4025 1258 4082 agere
1319 4016 1568 4083 potuisse.
1615 4017 1693 4072 An
1752 4019 1885 4074 forte
1930 4019 1995 4075 ad

419 4095 640 4151 istorum
671 4112 893 4168 quatuor
921 4105 1125 4172 aliquod
1154 4121 1318 4175 genus
1347 4108 1480 4162 hanc
1513 4119 1706 4165 tantam
1739 4113 1840 4167 vim
1876 4133 1995 4182 per-

421 4186 590 4240 tinere
626 4190 938 4244 arbitraris?
964 4193 1031 4246 ι).
1064 4197 1170 4263 ligo
1212 4212 1340 4249 vero
1381 4197 1450 4251 ab
1489 4199 1591 4252 illis
1625 4204 1868 4256 omnibus
1896 4205 1997 4263 hoc

420 4291 589 4346 genus
610 4278 1036 4350 distinguendum
1063 4298 1203 4355 puto.
1223 4287 1494 4359 Siquidem
1517 4292 1656 4346 aliud
1683 4304 1762 4348 est
1783 4311 1992 4363 sonare,

420 4368 559 4437 quod
590 4373 799 4438 corpori
831 4375 1095 4442 tribuitur,
1123 4379 1262 4433 aliud
1291 4381 1492 4444 audire,
1530 4383 1667 4453 quod
1697 4386 1746 4438 in
1774 4403 1996 4458 corpore

419 4460 594 4514 anima
640 4461 706 4515 de
750 4464 896 4518 sonis
937 4467 1147 4536 patitur,
1188 4470 1330 4524 aliud
1373 4475 1580 4541 Operari
1628 4492 1873 4531 numeros
1915 4480 1996 4534 vel

420 4553 724 4620 productius
754 4558 834 4611 vel
863 4560 1176 4629 correptius,
1203 4563 1341 4617 aliud
1373 4565 1469 4619 ista
1503 4568 1824 4632 meminisse,
1852 4571 1994 4626 aliud

421 4642 490 4698 de
514 4642 598 4698 bis
624 4647 868 4701 omnibus
905 4651 989 4705 vel
1028 4653 1309 4708 annuendo
1346 4655 1428 4709 vel
1470 4657 1803 4714 abhorrendo
1847 4662 1995 4732 quasi

421 4734 646 4802 quodam
675 4739 898 4792 naturali
923 4741 1042 4808 jure
1066 4741 1202 4798 ferre
1227 4747 1560 4802 sententiam.

491 4822 543 4876 6.
586 4823 664 4878 Μ.
696 4828 826 4896 Age,
870 4844 1011 4884 nunc
1053 4831 1138 4886 dic
1185 4835 1310 4888 mihi
1351 4837 1580 4908 quinque
1622 4840 1808 4895 horum
1853 4843 1994 4912 quod

419 4916 650 4972 maxime
695 4921 935 4974 excellat.
972 4921 1039 4976 D.
1078 4923 1189 4979 Hoc
1234 4927 1472 4996 quintum
1521 4940 1663 4999 puto.
1713 4933 1788 4986 Μ.
1832 4936 1994 4992 Recte

421 5015 610 5073 putas:
644 5023 744 5061 non
777 5011 916 5063 enim
944 5011 1007 5066 de
1033 5014 1134 5068 illis
1166 5027 1362 5085 posset,
1398 5020 1496 5073 nisi
1523 5023 1825 5089 excelleret,
1849 5026 1992 5094 judi-

421 5109 562 5150 care.
609 5099 712 5152 Setl
759 5116 940 5156 rursus
985 5120 1186 5172 quzero,
1231 5117 1538 5163 cretrrorum
1587 5122 1808 5180 quatuor
1854 5117 1992 5186 quod

421 5189 647 5241 maxime
675 5191 883 5258 probes.
912 5192 976 5244 D.
1007 5194 1135 5249 lllud
1177 5198 1408 5264 profecto
1435 5201 1572 5268 quod
1599 5211 1682 5257 est
1707 5205 1755 5258 in
1787 5222 1993 5261 memo-

421 5277 496 5330 ria
524 5295 537 5342 ;
571 5283 689 5349 quia
718 5283 870 5336 video
901 5285 972 5339 ibi
1013 5288 1368 5345 diuturniores
1396 5308 1511 5348 esse
1541 5312 1807 5363 numeros,
1837 5318 1992 5371 quam

419 5381 538 5421 cum
587 5382 798 5439 sonant,
829 5375 910 5428 vel
959 5390 1077 5429 cum
1123 5379 1424 5446 audiuntur,
1457 5385 1536 5439 vel
1584 5401 1700 5440 cum
1749 5381 1988 5459 aguntur.

423 5455 499 5509 Μ.
527 5459 800 5529 Prmponis
837 5481 963 5533 ergo
995 5466 1157 5522 factos
1199 5469 1544 5528 facientibus:
1576 5491 1694 5530 nam
1737 5455 1862 5533 istos
1904 5496 1972 5550 qu

421 5559 541 5602 sunt
587 5551 637 5603 in
682 5556 958 5620 memoria,
1003 5558 1070 5611 ab
1117 5559 1220 5613 illis
1261 5561 1373 5613 aliis
1413 5563 1638 5633 imprimi
1680 5569 1834 5636 paulo
1871 5582 1990 5626 ante

421 5635 615 5690 dixisti.
645 5642 714 5693 D.
755 5643 959 5699 Nollem
990 5664 1332 5716 prmponere:
1375 5653 1466 5706 scd
1510 5635 1690 5710 rursus
1728 5661 1991 5728 quomodo

423 5738 526 5778 non
554 5741 855 5799 prmponam
897 5736 1225 5793 diuturniora
1256 5741 1428 5797 minus
1455 5742 1712 5801 diuturnis
1733 5790 1746 5814 ,
1778 5766 1882 5804 non
1911 5752 1989 5806 \i-

1796 319 1991 379 LIBER
2030 319 2318 377 SEXTUS.

3519 330 3655 386 “66
3718 372 3732 383 .

2074 433 2195 488 deo.
2227 433 2303 488 Μ.
2333 433 2446 491 Non
2475 445 2525 493 te
2568 437 2702 492 istuc
2733 447 2959 493 moveat.
2988 437 3103 494 Non
3131 441 3268 496 enim
3299 443 3434 500 sicut
3459 456 3656 503 :eterna

2077 529 2475 598 temporalibus,
2505 528 2575 585 ita
2611 545 2671 585 ea
2708 545 2825 601 quae
2865 530 3060 585 diutius
3101 533 3396 602 abolentur,
3436 535 3500 591 iis
3539 551 3656 609 qua:

2077 618 2323 675 breviore
2363 629 2602 690 tempore
2642 631 2939 686 transeunt,
2981 621 3306 693 prteferenda
3351 638 3489 681 sunt.
3521 628 3653 695 Quia

2080 719 2134 765 et
2161 711 2360 766 sanitas
2389 713 2547 766 unius
2573 713 2678 768 diei
2720 712 2956 783 profecto
2982 723 3062 770 est
3090 716 3304 784 melior,
3336 731 3492 788 quam
3522 707 3659 774 mul4

2080 808 2252 856 torum
2297 802 2501 858 dierum
2551 801 2902 860 imbecillitas.
2945 807 3011 861 Et
3051 805 3096 861 si
3143 808 3368 880 optanda
3415 812 3660 880 uptandis

2083 909 2473 966 comparemus,
2503 897 2695 953 melior
2722 908 2802 952 est
2827 899 2983 954 unius
3006 898 3109 956 diei
3139 900 3326 962 lectio,
3363 917 3521 972 quam
3549 903 3662 973 plu-

2085 987 2220 1040 rium
2269 986 2508 1056 scriptio,
2555 989 2599 1042 si
2642 988 2826 1044 eadem
2871 1005 2958 1044 res
3002 985 3106 1046 uno
3149 991 3236 1046 die
3282 992 3503 1063 legatur,
3546 1010 3663 1065 qum

2090 1079 2325 1149 pluribus
2357 1081 2622 1136 scribitur.
2660 1081 2731 1136 Ita
2766 1085 2968 1137 numeri
2996 1099 3082 1155 qm
3121 1095 3242 1139 sunt
3284 1087 3334 1140 in
3380 1089 3660 1150 memoria,

2088 1172 2188 1225 etsi
2217 1173 2415 1227 diutius
2443 1185 2660 1229 manent
2693 1192 2847 1246 quam
2879 1177 2952 1230 illi
2992 1191 3021 1230 a
3052 1177 3241 1247 quibus
3272 1179 3666 1248 imprimuntur,

2089 1278 2194 1317 non
2223 1279 2315 1318 eos
2357 1275 2530 1320 tamen
2572 1276 2899 1334 anteponere
2927 1279 3133 1340 Oportet
3165 1272 3240 1326 eis
3269 1288 3400 1341 quos
3435 1273 3662 1341 agimus.

2088 1369 2194 1407 non
2225 1355 2273 1408 in
2303 1370 2543 1426 corpore,
2580 1357 2670 1412 sed
2703 1359 2754 1412 in
2783 1360 2954 1413 anima
2982 1379 2993 1413 :
3028 1362 3235 1430 utrique
3269 1363 3408 1417 enim
3445 1373 3664 1432 prtcter-

2092 1454 2248 1511 eunt,
2295 1448 2380 1501 alii
2424 1450 2753 1514 cessatione,
2800 1453 2886 1507 alii
2929 1453 3212 1509 oblivione.
3259 1454 3362 1510 Sed
3411 1455 3484 1510 illi
3529 1470 3664 1526 quos

2091 1552 2407 1608 operamur,
2437 1553 2595 1594 etiam
2627 1542 2856 1596 nondum
2901 1546 3229 1600 cessantibus
3268 1546 3418 1600 nobis
3447 1557 3662 1601 succes-

2092 1631 2243 1683 sione
2273 1633 2602 1699 sequentium
2627 1633 2871 1688 videntur
2895 1635 3110 1702 auferri,
3139 1637 3260 1691 dum
3292 1639 3444 1708 primi
3472 1653 3663 1694 secun-

2091 1718 2194 1784 ‘dis,
2227 1729 2278 1774 et
2304 1723 2519 1776 secundi
2551 1725 2738 1790 tertiis,
2777 1735 2934 1796 atque
2962 1728 3032 1781 ita
3063 1727 3314 1800 deinceps
3340 1733 3542 1800 priores
3571 1743 3666 1799 po-

2093 1813 2405 1868 sterioribus
2464 1815 2831 1884 praetereundo
2887 1819 3182 1874 concedunt
3235 1821 3446 1884 locum,
3496 1820 3668 1876 donec

2093 1903 2307 1956 ultimos
2343 1905 2568 1973 perimat
2605 1906 2716 1976 ipsa
2747 1910 2988 1964 cessatio.
3023 1908 3295 1964 Ohlivioue
3334 1926 3458 1964 vero
3489 1910 3666 1980 plures

2095 1993 2251 2048 simul
2278 1997 2503 2060 numeri,
2532 1999 2771 2066 quamvis
2805 2000 3074 2069 paulatim,
3101 2001 3509 2070 absterguntur:
3543 2016 3662 2055 nam

2095 2099 2194 2139 nec
2233 2085 2330 2156 ipsi
2370 2087 2669 2157 aliquandiu
2701 2097 2917 2145 manent
2957 2090 3163 2161 integri.
3193 2091 3341 2154 Quod
3378 2091 3518 2145 enim
3549 2095 3672 2161 post

2095 2190 2313 2243 annum,
2339 2178 2482 2233 verbi
2503 2179 2689 2248 gratia,
2717 2179 2767 2232 in
2791 2181 3042 2234 memoria
3071 2197 3174 2234 non
3203 2179 3483 2248 invenitur,
3505 2181 3666 2236 etiam

2095 2277 2213 2336 post
2243 2284 2400 2320 unum
2427 2267 2564 2322 diem
2586 2269 2694 2336 jam
2724 2270 2897 2324 minus
2921 2281 3002 2324 est
3027 2289 3038 2324 :
3068 2270 3162 2325 sed
3191 2286 3294 2325 non
3320 2273 3546 2326 sentitur
3571 2271 3670 2326 ista

2095 2358 2374 2414 diminutio
2397 2377 2411 2414 :
2441 2377 2542 2415 non
2570 2371 2744 2416 tamen
2771 2361 2902 2416 falso
2921 2378 2984 2418 ex
3011 2379 3075 2417 eo
3100 2363 3394 2432 conjicitur,
3418 2364 3538 2433 quia
3565 2378 3670 2418 non

2095 2452 2276 2521 utique
2316 2452 2484 2522 pridie
2511 2468 2666 2523 quam
2705 2455 3032 2524 compleatur
3059 2469 3228 2510 annus
3259 2467 3476 2523 repente
3504 2463 3671 2509 totum

2097 2542 2308 2598 evolat:
2339 2544 2478 2599 unde
2508 2545 2724 2615 intelligi
2755 2545 2942 2611 datur,
2973 2543 3040 2599 ab
3066 2545 3154 2599 illo
3183 2554 3419 2614 tempore
3449 2560 3554 2616 quo
3585 2545 3668 2598 in-

2097 2633 2266 2691 haeret
2304 2636 2593 2702 memoriae,
2633 2636 2866 2704 incipere
2909 2636 3032 2690 labi.
3068 2636 3197 2691 llinc
3241 2645 3322 2692 est
3361 2635 3490 2690 illud
3531 2635 3672 2705 quod

2099 2728 2411 2798 plerumque
2449 2727 2700 2793 dicimus,
2731 2726 2981 2782 Tenuiter
3024 2728 3268 2791 memini,
3312 2742 3430 2782 cum
3475 2726 3675 2796 aliquid

2100 2827 2220 2889 post
2258 2829 2465 2887 tempus
2492 2818 2819 2873 recordando
2857 2819 3144 2888 repetimus
3165 2859 3180 2882 ,
3212 2827 3496 2888 antequam
3519 2819 3676 2887 plane

2102 2919 2268 2964 totum
2297 2909 2523 2966 excidat.
2550 2911 2882 2980 Quapropter
2904 2919 3184 2980 utrumque
3207 2909 3306 2964 hoc
3333 2924 3674 2964 numerorum

2101 3017 2268 3071 genus
2307 3003 2530 3056 mortale
2559 3011 2658 3056 est.
2694 3002 3066 3056 Verumtamen
3098 3001 3352 3057 facientes
3380 2999 3530 3055 factis
3553 2999 3675 3071 jure

2099 3101 2509 3163 anteponuntur.
2544 3092 2610 3146 D.
2643 3093 2876 3162 Accipio,
2903 3103 2956 3147 et
2982 3092 3168 3162 probo.

2176 3190 2227 3243 7.
2259 3188 2336 3244 Μ.
2366 3188 2478 3244 Jam
2504 3203 2631 3258 ergo
2656 3188 2750 3242 tria
2777 3187 2976 3257 reliqua
3002 3187 3225 3250 intuere,
3256 3194 3510 3242 eteorum
3537 3198 3676 3254 quo-

2101 3295 2206 3352 qne
2229 3278 2368 3349 quod
2395 3279 2463 3332 sit
2487 3279 2742 3348 Optimum
2772 3286 2826 3332 et
2850 3276 3056 3332 czeteris
3093 3275 3500 3346 praeferendum,
3530 3275 3677 3330 edis-

2105 3386 2243 3426 sere.
2272 3367 2342 3423 D.
2384 3369 2500 3424 Non
2540 3378 2620 3423 est
2649 3369 2750 3424 hoc
2778 3369 2948 3424 facile.
2979 3367 3110 3422 Nam
3143 3383 3209 3423 ex
3239 3368 3327 3421 illa
3364 3368 3543 3437 regula
3571 3382 3674 3436 qua

2100 3463 2253 3518 factis
2298 3462 2550 3516 facientes
2585 3469 2796 3530 Oportet
2832 3461 3115 3527 anteferre,
3160 3472 3320 3530 cogor
3368 3459 3678 3514 sonantibus

2101 3556 2337 3610 numeris
2367 3553 2590 3624 palmam
2616 3553 2743 3608 dare
2767 3571 2780 3607 :
2806 3553 2902 3606 hos
2929 3551 3068 3606 enim
3093 3551 3350 3607 sentimus
3378 3549 3674 3616 audientes,

2103 3657 2159 3705 et
2189 3665 2309 3705 eum
2352 3650 2449 3703 hos
2476 3649 2750 3714 sentimus,
2797 3647 2894 3703 hos
2939 3647 3184 3718 patinmr.
3228 3646 3294 3702 Hi
3327 3662 3453 3717 ergo
3480 3645 3677 3702 faciunt

2097 3756 2196 3796 eos
2217 3743 2304 3810 qui
2335 3751 2458 3796 sunt
2478 3741 2529 3794 in
2555 3741 2758 3794 aurium
2785 3740 3025 3810 passione
3049 3755 3167 3794 cum
3193 3738 3436 3794 audimus
3460 3756 3474 3791 :
3501 3737 3554 3792 bi
3581 3753 3676 3792 au-

2101 3842 2209 3888 tem
2239 3847 2422 3886 rursus
2447 3845 2580 3901 quos
2607 3831 2883 3886 sentiendo
2908 3830 3185 3896 trahemus,
3227 3829 3424 3884 faciunt
3447 3830 3580 3884 alios
3620 3829 3674 3884 in

2107 3924 2380 3988 memoria,
2413 3923 2605 3993 quibus
2639 3939 2665 3975 a
2705 3939 2763 3978 se
2798 3923 2945 3977 factis
2973 3934 3115 3978 recte
3150 3923 3521 3992 pr:eferuntur.
3565 3921 3673 3978 Sed

2101 4015 2192 4068 hic
2221 4015 2339 4084 quia
2367 4025 2420 4070 et
2444 4015 2641 4069 sentire
2661 4023 2712 4069 et
2738 4013 3042 4069 meminisse
3071 4015 3262 4068 anima:
3287 4024 3389 4079 est,
3420 4029 3526 4068 non
3554 4029 3671 4068 mo-

2101 4112 2255 4171 ‘veor,
2285 4109 2326 4161 si
2351 4108 2545 4177 aliquid
2567 4106 2706 4177 quod
2729 4107 2779 4162 in
2807 4107 2980 4161 anima
3013 4109 3089 4175 lit,
3118 4108 3275 4164 alicui
3299 4107 3440 4179 quod
3465 4109 3588 4164 item
3619 4108 3675 4163 in

2101 4214 2166 4252 ea
2193 4199 2250 4252 lit
2275 4210 2612 4268 anteponam.
2651 4200 2778 4254 lllud
2819 4214 2905 4254 me
2945 4199 3243 4264 conturbat,
3274 4199 3540 4270 quomodo
3583 4211 3674 4254 so-

2099 4301 2290 4344 nantes
2321 4291 2544 4355 numeri,
2585 4291 2674 4361 qui
2700 4301 2843 4346 certe
2877 4291 3116 4360 corporei
3165 4301 3305 4355 sunt,
3337 4291 3422 4348 vel
3464 4303 3677 4362 quoquo

2101 4381 2260 4436 modo
2287 4383 2338 4436 in
2368 4398 2610 4452 corpore,
2633 4385 2799 4453 magis
2829 4383 3072 4438 laudandi
3103 4385 3208 4438 sint
3237 4400 3394 4454 quam
3423 4385 3518 4452 illi,
3557 4387 3666 4456 qui.

2099 4487 2220 4527 cum
2248 4473 2520 4537 sentimus,
2545 4474 2596 4527 in
2623 4475 2795 4527 anima
2823 4488 2942 4529 esse
2971 4477 3324 4545 reperiuntur.
3351 4477 3454 4532 Sed
3493 4492 3676 4533 rursus

2101 4563 2378 4616 conturbat
2405 4562 2670 4632 quomodo
2695 4579 2800 4618 non
2839 4565 3009 4634 magis
3038 4565 3283 4621 laudandi
3313 4567 3438 4634 sint,
3468 4581 3589 4620 cum
3617 4566 3674 4622 bi
3761 4563 3768 4576 '

2099 4651 2316 4716 faciant,
2339 4653 2415 4707 illi
2438 4653 2506 4706 ab
2533 4653 2614 4706 his
2640 4653 2786 4708 flant.
2817 4653 2896 4708 Μ.
2927 4655 3117 4711 Mirare
3145 4657 3319 4726 potius
3345 4657 3479 4727 quod
3496 4654 3676 4712 facere

2099 4746 2294 4814 aliquid
2342 4745 2391 4798 in
2435 4747 2610 4800 anima
2647 4762 2842 4817 corpus
2883 4757 3076 4817 potest.
3119 4749 3230 4804 Hoc
3263 4763 3404 4802 enim
3443 4747 3676 4804 fortasse

2101 4851 2204 4889 non
2233 4846 2430 4906 posset,
2457 4838 2500 4890 si
2530 4854 2634 4891 non
2675 4850 2894 4908 peccato
2931 4841 3102 4908 primo
3137 4854 3328 4908 corpus
3373 4839 3497 4894 illud
3531 4841 3674 4910 quod

2102 4928 2244 4981 nulla
2276 4928 2511 4982 molestia
2541 4939 2592 4982 et
2620 4946 2824 4984 summa
2851 4929 3101 4984 facilitate
3124 4931 3394 4984 animabat
3407 4940 3460 4985 et
3481 4932 3675 5002 guber-

2101 5016 2278 5079 nabat,
2308 5017 2359 5070 in
2387 5017 2619 5072 deterius
2644 5029 3041 5084 commutatum,
3062 5029 3114 5073 et
3137 5019 3463 5089 corruptioiii
3492 5021 3674 5090 subja-

2099 5117 2243 5161 ceret
2272 5117 2326 5162 et
2347 5111 2501 5162 morti
2527 5127 2541 5160 :
2571 5110 2710 5179 quod
2730 5120 2904 5163 tamen
2929 5111 3086 5164 habet
3109 5111 3188 5164 sui
3203 5113 3414 5180 generis
3443 5112 3676 5180 pulchri-

2100 5200 2358 5264 tudinem,
2386 5209 2440 5254 et
2467 5216 2531 5255 eo
2559 5203 2672 5269 ipso
2696 5200 3000 5269 dignitatem
3030 5202 3218 5256 anima:
3241 5203 3370 5257 satis
3394 5218 3670 5258 commen-

2099 5289 2208 5354 dat,
2229 5291 2378 5358 cujus
2407 5305 2504 5344 nec
2533 5291 2702 5358 plaga,
2730 5306 2828 5344 nec
2857 5291 3073 5345 morbus
3091 5293 3206 5346 sine
3224 5292 3422 5347 honore
3449 5294 3674 5361 alicujus

2100 5381 2307 5434 decoris
2335 5381 2528 5434 meruit
2547 5396 2686 5434 esse.
2711 5382 2876 5446 Quam
2904 5382 3107 5452 plagam
3126 5399 3329 5438 summa
3346 5386 3435 5440 Dei
3453 5387 3675 5455 Sapien-

2101 5475 2193 5534 tia,
2224 5473 2448 5527 mirabili
2476 5484 2528 5527 et
2559 5472 2805 5527 ineffabili
2829 5485 3160 5534 sacramento
3187 5477 3392 5546 dignata
3410 5488 3490 5533 est
3517 5495 3671 5533 assu-

2099 5581 2265 5626 mere,
2293 5581 2414 5620 cum
2443 5565 2710 5620 hominem
2728 5567 2841 5621 sine
2869 5577 3220 5636 peccato,non
3243 5570 3356 5624 sine
3383 5571 3674 5639 peccatoris

2095 5657 2394 5712 conditione
2427 5659 2672 5722 suscepit.
2709 5659 2838 5713 Nam
2873 5671 2925 5715 et
2952 5661 3098 5715 nasci
3134 5661 3457 5724 humanitus,
3484 5671 3536 5715 et
3565 5662 3669 5731 pati

2071 5763 2149 5822 ,et
2177 5753 2311 5807 mori
2338 5752 2519 5807 voluit.
2543 5752 2681 5806 Nihil
2709 5752 2894 5808 horum
2926 5756 3132 5821 merito,
3161 5755 3252 5810 sed
3288 5756 3670 5814 excellentissi-
