4118 6370
459 306 592 361 H67

458 440 541 480 ma
564 423 827 488 bonitate;
855 429 913 477 ut
938 436 1036 477 nos
1056 432 1364 475 caveremus
1387 418 1551 490 magis
1578 418 1903 486 superbiam,
1932 432 2034 486 qua

458 516 765 587 dignissime
793 514 849 570 in
873 514 971 569 ista
998 512 1306 579 cecidimus,
1336 526 1493 582 quam
1530 510 1878 566 contumelias
1904 526 2036 579 quas

458 608 703 679 indignus
722 606 959 677 excepit;
982 614 1037 661 et
1059 605 1237 659 animo
1254 618 1407 673 zequo
1432 611 1655 657 mortem
1677 601 1909 658 debitam
1931 601 2038 657 sol-

460 712 723 766 veremus,
750 698 795 753 si
824 707 1040 768 propter
1058 711 1156 752 nos
1183 695 1351 765 potuit
1377 690 1547 750 etiam
1561 694 1847 750 indebitam
1878 694 2037 747 susti-

456 806 619 848 nere:
652 800 706 844 et
747 787 999 860 quidquid
1040 787 1297 842 secretius
1335 795 1492 856 atque
1536 785 1809 854 purgatius
1854 784 1905 837 in
1948 784 2033 837 tali

456 889 790 937 sacramento
829 892 858 931 a
902 877 1098 933 sanctis
1139 885 1195 932 et
1236 875 1543 932 melioribus
1582 876 1799 946 intelligi
1839 885 2031 943 potest.

456 972 598 1043 Ergo
618 972 847 1025 animam
869 970 1108 1024 in-carne
1135 968 1341 1023 mortali
1363 978 1692 1037 operantem,
1728 967 2028 1037 passionem

454 1079 733 1135 corporum
772 1063 971 1119 sentire
1007 1078 1112 1117 non
1146 1062 1337 1117 mirum
1365 1073 1465 1117 est.
1511 1062 1621 1117 Nec
1650 1064 1772 1131 quia
1814 1062 1923 1131 ipsa
1953 1070 2036 1116 est

453 1170 679 1224 corpore
704 1154 908 1219 melior,
954 1154 1143 1207 melius
1173 1153 1459 1222 putandum
1487 1164 1569 1208 est
1598 1168 1756 1208 omne
1795 1154 1933 1221 quod
1979 1155 2031 1208 in

450 1262 515 1302 ea
555 1247 632 1313 fit,
660 1261 814 1316 quam
842 1260 1000 1299 omne
1037 1244 1175 1315 quod
1216 1244 1273 1298 lit
1313 1245 1364 1299 in
1409 1259 1649 1314 corpore.
1691 1244 1862 1299 Credo
1891 1245 2031 1298 enim

454 1342 544 1397 tibi
573 1340 738 1396 videri
772 1354 959 1395 verum
1004 1337 1135 1392 falso
1173 1353 1291 1393 esse
1325 1336 1759 1407 praeponendum.
1804 1336 1872 1389 ι).
1903 1336 2031 1404 Quis

452 1435 809 1491 dubitaverit?
836 1432 910 1487 Μ.
942 1431 1077 1487 Num
1123 1447 1251 1486 vero
1276 1441 1369 1486 est
1405 1432 1584 1493 arbor,
1612 1446 1767 1501 quam
1792 1429 2030 1484 videmus

449 1526 505 1582 in
530 1526 767 1582 somnis?
786 1523 855 1577 D.
877 1523 1032 1578 Nullo
1062 1522 1240 1577 modo.
1268 1521 1343 1576 Μ.
1367 1523 1435 1576 At
1460 1522 1574 1591 ejus
1595 1521 1763 1577 forma
1787 1521 1839 1575 in
1854 1521 2028 1575 anima

451 1618 530 1681 fit,
571 1616 729 1686 hujus
767 1624 964 1679 autem,
1009 1630 1164 1685 quam
1212 1629 1351 1669 nunc
1395 1615 1667 1671 videmus.
1700 1613 1752 1668 in
1805 1628 2029 1682 corpore

450 1710 582 1766 facta
606 1719 704 1765 est.
733 1709 905 1778 Quare
926 1725 1043 1763 cum
1066 1717 1118 1762 et
1140 1723 1319 1762 verum
1340 1706 1496 1771 falso,
1530 1716 1579 1763 et
1604 1707 1780 1762 anima
1804 1723 2028 1777 corpore

450 1801 637 1857 melior
655 1802 744 1866 sit,
775 1815 963 1855 verum
999 1800 1048 1852 in
1080 1814 1303 1867 corpore
1332 1799 1519 1854 melius
1545 1808 1626 1853 est
1654 1814 1807 1868 quam
1839 1799 2026 1853 falsum

449 1894 503 1949 in
523 1894 718 1948 anima.
746 1891 852 1948 Sed
876 1901 931 1946 ut
950 1891 1053 1947 hoc
1076 1891 1129 1945 in
1155 1902 1405 1961 quantum
1433 1907 1634 1956 verum,
1659 1906 1762 1944 non
1784 1891 1835 1945 in
1856 1907 2026 1961 quan-

450 1994 562 2038 tum
586 1984 636 2037 in
659 1999 879 2053 corpore
902 1984 979 2045 lit,
1001 1982 1315 2046 melius-est;
1341 1982 1409 2035 ita
1433 1981 1555 2035 illud
1579 1982 1630 2035 in
1652 1990 1903 2051 quantum
1932 1981 2027 2036 fal-

448 2091 589 2140 sum,
615 2090 719 2128 non
744 2075 793 2129 in
822 2083 1072 2143 quantum
1122 2073 1174 2126 in
1197 2073 1370 2126 anima
1403 2072 1478 2137 fit,
1512 2071 1737 2128 fortasse
1774 2081 1855 2127 est
1879 2072 2027 2128 dete-

447 2165 579 2221 rius.
594 2164 706 2221 Nisi
728 2165 851 2234 quid
872 2163 1031 2219 habes
1050 2163 1117 2217 ad
1136 2166 1265 2217 tunc.
1284 2162 1353 2217 D.
1373 2162 1513 2217 Nihil
1541 2162 1805 2232 equidem.
1824 2163 1900 2217 Μ.
1919 2167 2027 2218 Au-

444 2256 498 2310 di
520 2255 660 2310 aliud
679 2255 818 2325 quod
840 2254 927 2321 sit,
944 2262 1000 2308 ut
1014 2262 1157 2323 puto,
1174 2254 1395 2307 vicinius
1410 2269 1566 2323 quam
1582 2255 1770 2307 melius
1785 2254 1822 2306 ¹.
1844 2254 2025 2325 Neque

446 2346 588 2399 enim
617 2345 851 2414 negabis,
878 2343 1016 2413 quod
1047 2342 1200 2397 decet
1225 2358 1346 2399 esse
1381 2344 1587 2409 melius,
1615 2360 1771 2414 quam
1803 2345 1853 2399 id
1884 2345 2025 2415 quod

446 2451 551 2493 non
586 2436 756 2491 decet.
788 2434 855 2489 ο.
886 2434 998 2489 lmo
1034 2434 1218 2489 fateor.
1250 2433 1328 2488 Μ.
1352 2435 1421 2489 At
1443 2436 1493 2488 in
1518 2451 1623 2506 qua
1654 2444 1802 2491 veste
1829 2436 2025 2491 decens

446 2537 528 2583 cst
544 2528 754 2591 mulier,
774 2527 824 2579 in
841 2525 1026 2581 eadem
1042 2527 1213 2580 virum
1232 2526 1560 2583 indecentem
1578 2543 1695 2583 esse
1718 2544 1892 2598 posse,
1906 2530 2025 2598 quis

444 2620 709 2690 ambigat?
728 2618 800 2673 Ι).
833 2619 895 2672 Et
927 2620 1027 2674 ltoc
1050 2620 1388 2673 manifestum
1416 2628 1515 2673 est.
1542 2618 1618 2673 Μ.
1660 2620 1795 2688 Quid
1822 2621 1865 2673 si
1896 2635 2025 2691 ergo

445 2710 610 2765 forma
649 2711 745 2765 ista
776 2726 1115 2765 numerorum
1142 2710 1296 2765 decet
1327 2711 1378 2765 in
1404 2712 1569 2777 sonis,
1598 2713 1684 2781 qui
1713 2712 2016 2767 allabuntur

442 2803 678 2868 auribus,
710 2811 765 2857 ct
788 2801 1011 2857 dedecet
1048 2802 1101 2857 in
1144 2801 1341 2867 anima,
1369 2817 1488 2856 cum
1527 2818 1620 2856 eos
1652 2803 1933 2858 sentiendo
1962 2818 2026 2859 ac

444 2895 693 2967 patiendo
756 2895 943 2959 liabet,
996 2912 1123 2949 num
1178 2911 1500 2966 magnopere
1562 2897 1858 2952 mirandum
1907 2900 2026 2953 est?

444 2988 514 3043 Π.
543 2988 658 3045 Νοιι
682 2988 889 3059 Opinor.
922 2988 998 3043 Μ.
1022 2989 1157 3055 Quid
1179 3005 1305 3060 ergo
1325 2989 1630 3045 dubitamus
1654 3001 1907 3047 sonantes
1926 3009 2026 3047 nu-

445 3097 623 3135 meros
670 3090 827 3150 atque
879 3096 1165 3150 corporeos
1208 3096 1520 3151 praeponere
1557 3081 1621 3135 iis
1644 3083 1751 3152 Iqui
1790 3083 1857 3137 ab
1899 3084 2026 3154 ipsis

444 3175 598 3237 fiunt,
627 3173 865 3242 quamvis
907 3173 957 3226 in
992 3174 1165 3227 anima
1197 3174 1343 3236 fiant,
1390 3188 1507 3242 qua:
1534 3187 1756 3241 corpore
1791 3183 1872 3227 est
1906 3190 2026 3229 me-

444 3267 581 3322 lior?
609 3267 727 3337 quia
760 3280 1008 3320 numeros
1048 3266 1300 3328 numeris,
1335 3264 1632 3320 efficientes
1672 3266 1821 3320 factis
1843 3266 1887 3330 ',
1919 3282 2024 3320 non

444 3373 638 3428 corpus
665 3358 855 3412 animm
886 3348 1259 3427 praeponimus.
1290 3359 1524 3429 Corpora
1560 3360 1701 3412 enim
1734 3368 1881 3412 tanto
1912 3375 2027 3414 mc-

445 3449 577 3504 liora
593 3458 736 3512 sunt,
754 3459 952 3520 quanto
973 3450 1335 3505 numerosiora
1357 3450 1546 3504 talibus
1563 3450 1818 3505 numeris.
1837 3449 2028 3505 Anima

445 3556 573 3596 vero
597 3541 712 3595 istis
735 3557 852 3609 qua:
881 3555 974 3609 per
998 3555 1192 3610 corpus
1216 3541 1427 3610 accipit,
1464 3541 1694 3596 carendo
1730 3541 1787 3596 fit
1816 3542 2026 3609 melior,

446 3648 567 3688 cum
592 3647 713 3688 sese
740 3633 929 3687 avertit
956 3648 985 3685 a
1017 3633 1319 3689 carnalibus
1354 3635 1621 3704 sensibus,
1646 3644 1702 3689 et
1719 3634 1908 3691 divinis
1941 3650 2029 3690 sa-

447 3726 657 3795 pientiae
687 3726 923 3781 numeris
951 3725 1267 3781 reformatur
1286 3725 1384 3797 (a).
1406 3726 1476 3780 Ita
1500 3728 1693 3798 quippe
1721 3729 1772 3783 in
1800 3728 2031 3798 Scriptu-

445 3816 520 3870 ris
540 3816 737 3871 sanctis
756 3815 947 3869 dicitur
975 3834 990 3871 ;
1022 3814 1289 3870 Circumivi
1314 3834 1423 3887 ego,
1454 3827 1505 3870 ut
1524 3820 1701 3873 scirent
1726 3830 1774 3873 et
1799 3821 2030 3874 conside-

444 3923 611 3961 rarent
635 3918 682 3962 et
709 3923 983 3976 quaererem
1011 3907 1310 3977 sapienti'nn
1347 3917 1393 3960 et
1425 3925 1687 3963 numerum
1712 3910 1907 3980 (Eccle.
1936 3927 2025 3978 vtt,

445 3998 559 4072 26).
590 3999 739 4066 Quod
776 3999 921 4054 nullo
959 3997 1119 4051 modo
1143 3997 1503 4053 arbitrantium
1533 3999 1704 4055 estde
1734 4000 1817 4055 bis
1846 4017 2032 4059 nume-

444 4090 520 4146 ris
542 4090 763 4154 dictum,
794 4089 985 4160 quibus
1008 4089 1165 4143 etiam
1185 4089 1440 4159 ﬂagitiosa
1468 4090 1670 4145 theatra
1694 4103 1991 4162 personant
2008 4113 2025 4149 τ

445 4181 541 4236 sed
566 4181 633 4235 de
657 4182 781 4246 illis,
815 4180 997 4244 credo,
1020 4194 1154 4249 quos
1176 4195 1280 4234 non
1310 4196 1341 4234 a
1373 4196 1595 4251 corpore
1623 4183 1812 4254 accipit
1830 4185 2026 4252 anima,

444 4272 539 4327 sed
567 4280 813 4341 acceptos
844 4284 875 4325 a
903 4286 1113 4325 summo
1142 4271 1251 4325 Deo
1288 4271 1398 4342 ipsa
1428 4273 1598 4341 potius
1624 4274 1878 4345 imprimit
1906 4292 2029 4333 cor-

448 4363 583 4433 pori.
602 4362 753 4429 Quod
786 4362 937 4432 quale
953 4362 1039 4429 sit,
1064 4376 1169 4415 non
1197 4361 1299 4417 hoc
1324 4363 1441 4419 loco
1465 4367 2025 4424 estconsiderandum.

446 4474 531 4531 CA
541 4475 673 4533 PUT
703 4474 764 4530 γ.
780 4506 850 4516 —-
870 4476 1052 4530 Anima
1078 4493 1144 4529 an
1163 4493 1194 4530 a
1219 4494 1429 4547 corpore
1455 4480 1693 4548 patiatur,
1715 4490 1761 4535 et
1779 4484 2028 4553 quomodo

1136 4570 1335 4622 sentiat.

517 4663 570 4718 8.
600 4661 976 4717 Verumtamen
1019 4676 1087 4716 ne
1132 4660 1261 4715 illud
1301 4674 1566 4729 occurrat,
1618 4665 1825 4719 arboris
1867 4667 2027 4721 vitam

448 4753 720 4808 meliorem
764 4767 887 4808 esse
914 4768 1072 4820 quam
1101 4762 1360 4820 nostram,
1399 4755 1646 4824 quoniam
1690 4773 1795 4810 non
1838 4759 2027 4828 accipit
2064 4772 2073 4783 ‘

445 4844 724 4899 sentiendo
750 4859 778 4897 a
809 4859 1034 4913 corpore
1078 4858 1327 4898 numeros
1368 4842 1566 4917 (nullus
1590 4848 1733 4900 enim
1759 4847 1807 4901 ei
1840 4863 2028 4902 sensus

446 4936 547 5007 est)
571 4955 587 4999 ;
615 4934 1354 5005 diligentemonsiderandum
1381 4945 1461 4990 cst
1482 4945 1657 4990 utrum
1688 4954 1868 4992 revera
1900 4940 2026 4994 nihil

445 5030 512 5086 sit
538 5028 679 5084 aliud
709 5028 847 5098 quod
873 5028 1068 5083 dicitur
1094 5026 1295 5094 audire,
1328 5028 1427 5082 nisi
1454 5029 1647 5098 aliquid
1672 5046 1701 5083 a
1727 5046 1947 5100 corpore
1974 5032 2025 5086 in

444 5120 619 5174 anima
652 5120 783 5173 fieri.
812 5118 915 5173 Sed
942 5117 1323 5189 perabsurdum
1351 5128 1436 5172 est
1470 5118 1774 5174 fabricatori
1818 5124 2026 5191 corpori

449 5212 721 5265 materiam
763 5226 978 5281 quoquo
1009 5208 1165 5263 modo
1194 5210 1425 5263 animam
1464 5211 1709 5265 subdere.
1749 5212 2026 5279 Nunquam

447 5304 587 5355 enim
618 5302 793 5356 anima
821 5310 903 5355 est
939 5316 1164 5371 corpore
1199 5299 1462 5366 deterior;
1501 5308 1555 5354 et
1590 5304 1762 5356 omnis
1809 5305 2025 5359 materia

449 5396 759 5449 fabricatore
801 5393 1050 5449 deterior.
1113 5393 1269 5447 Nullo
1313 5394 1471 5449 modo
1511 5395 1675 5466 igitur
1720 5399 1895 5452 anima
1948 5399 2026 5452 fa-

508 5525 526 5556 ¹
562 5525 727 5594 Editi”:
761 5531 819 5575 η
849 5530 961 5594 pulp
1240 5535 1398 5594 Neque
1432 5526 1558 5578 enim
1596 5529 1790 5594 negabis
1810 5544 1828 5593 ;
1852 5535 2029 5584 omisso

446 5597 590 5646 mn
608 5586 795 5645 uelitis,
821 5586 946 5650 quod
971 5601 1032 5637 ex
1051 5595 1157 5650 Mss.
1181 5586 1495 5638 restituimus.

511 5650 530 5680 ³
561 5655 705 5698 tnta
732 5657 811 5698 us.
836 5648 869 5698 λ
893 5664 904 5699 :
926 5657 979 5700 Η
1000 5648 1224 5713 facimm
1244 5650 1399 5713 βείω.
1466 5658 1519 5701 Μ.

1638 300 1723 355 DE
1764 299 2032 366 MUSlCA,
2071 297 2130 355 S.
2173 301 2535 360 AUGUSTlNI

3594 320 3731 380 “6!

2144 416 2391 475 bricatori
2443 424 2652 492 corpori
2691 435 2773 480 est
2813 426 3051 497 subjecta
3098 433 3365 489 materies.
3431 434 3589 490 Esset
3629 452 3731 492 au-

2146 517 2289 571 tem,
2335 511 2378 563 si
2418 511 2623 582 aliquos
2670 515 2720 569 in
2758 530 2818 571 ea
2863 533 3113 574 numeros
3162 536 3356 595 corpus
3394 536 3726 595 operaretur.

2141 599 2257 655 Non
2285 619 2431 673 ergo,
2447 620 2565 659 cum
2590 607 2855 675 audimus,
2887 610 3019 665 fiunt
3046 613 3096 666 iu
3123 616 3297 669 anima
3333 619 3537 672 numeri
3567 620 3635 675 ab
3662 621 3728 675 iis

2141 709 2274 762 quos
2290 694 2339 749 iu
2358 697 2504 751 sonis
2518 702 2909 769 cognoscimus.
2932 706 3012 757 An
3035 705 3231 774 aliquid
3262 709 3443 764 renuis
3458 712 3481 763 ζ’
3495 708 3567 763 D.
3585 711 3724 778 Quid

2140 792 2222 837 est
2249 801 2376 855 ergo
2405 788 2543 856 quod
2577 790 2626 843 in
2651 791 2899 846 audiente
2920 795 3214 865 contingit?
3241 795 3320 851 Μ.
3358 798 3623 869 Quidquid
3661 804 3726 856 il-

2141 873 2229 927 lud
2259 876 2329 929 sit
2350 877 2491 947 quod
2528 877 2755 936 fortasse
2794 882 3031 940 invenire
3059 896 3147 940 aut
3176 889 3441 959 explicare
3466 908 3572 947 non
3598 908 3725 963 pos-

2140 980 2341 1031 sumus,
2370 985 2493 1023 num
2520 970 2584 1024 ad
2617 972 2716 1025 hoc
2747 974 2960 1040 valebit,
2998 985 3055 1029 ut
3076 979 3311 1033 animam
3341 995 3569 1051 corpore
3597 999 3717 1038 me-

2140 1057 2324 1113 liorem
2357 1075 2475 1115 csse
2501 1062 2840 1137 dubitemus?
2865 1074 2969 1121 Aut
2995 1084 3115 1122 cnm
3146 1069 3246 1125 hoc
3270 1070 3516 1141 fatentur,
3560 1084 3721 1144 pote-

2139 1164 2374 1206 rnnusne
2399 1158 2637 1221 aperanti
2675 1158 2883 1225 corpori
2911 1167 2965 1212 et
2993 1176 3242 1216 numeros
3269 1162 3558 1231 imponenti
3595 1182 3719 1221 eam

2138 1240 2396 1306 subdere;
2428 1252 2483 1295 ut
2527 1243 2652 1297 illud
2684 1245 2751 1299 sit
2790 1247 3072 1313 fabricatis,
3107 1250 3220 1305 inec
3252 1264 3424 1307 autem
3468 1258 3721 1311 materies

2136 1328 2202 1383 de
2229 1346 2327 1399 qua
2357 1344 2409 1385 et
2435 1332 2486 1386 in
2511 1350 2610 1402 qua
2632 1351 2970 1392 numerosum
2996 1339 3191 1409 aliquid
3222 1340 3541 1398 fabricetur?
3564 1345 3717 1413 Quod

2136 1420 2178 1474 si
2208 1423 2493 1491 credimus,
2526 1424 2842 1482 deteriorem
2883 1431 3022 1485 illam
3045 1433 3324 1489 credamus
3367 1452 3583 1492 necesse
3610 1450 3715 1493 est.

2135 1513 2251 1580 Quo
2291 1516 2413 1584 quid
2458 1517 2721 1586 miserius,
2763 1521 2886 1589 quid
2920 1522 3285 1581 detestabilius
3311 1526 3459 1581 credi
3506 1530 3718 1596 potest?

2133 1603 2262 1671 Quae
2286 1622 2404 1660 cum
2437 1607 2505 1661 ita
2535 1609 2660 1675 sint,
2689 1612 2924 1667 conabor
2947 1616 3194 1683 equidem
3225 1616 3263 1680 ¹,
3290 1627 3542 1686 quantum
3575 1620 3718 1675 Deus

2132 1696 2383 1764 adjuvare
2410 1697 2731 1768 dignabitur,
2759 1702 3009 1771 quidnam
3038 1705 3109 1758 ibi
3136 1706 3295 1760 lateat
3318 1710 3615 1776 conjectare
3633 1720 3716 1763 at-

2131 1803 2234 1857 que
2264 1789 2544 1846 disserere.
2572 1788 2676 1846 Sed
2713 1793 2757 1847 si
2782 1793 2883 1849 hoc
2926 1804 3141 1865 propter
3168 1799 3439 1868 utriusque
3463 1810 3554 1853 aut
3576 1801 3714 1854 alte-

2130 1881 2241 1937 rius
2267 1888 2503 1935 nostrum
2545 1882 2904 1939 infirmitatem
2946 1888 3123 1940 minus
3160 1903 3256 1956 pro
3285 1890 3553 1945 voluntate
3583 1906 3713 1946 suc-

2130 1973 2369 2037 cesserit,
2386 1972 2467 2026 vel
2489 1988 2585 2026 nos
2601 1974 2697 2043 ipsi
2719 1975 2848 2029 alias
2864 1978 3161 2031 sereniores
3178 1978 3227 2031 id
3254 1979 3709 2050 investigabimus,

2130 2063 2217 2117 vel
2237 2062 2727 2132 intelligentioribus
2749 2066 3105 2135 investiganda
3124 2068 3441 2134 deferentus,
3458 2071 3539 2125 vel
3555 2089 3713 2142 a'quo

2128 2154 2308 2207 animo
2342 2154 2506 2209 latere
2538 2158 2828 2224 patiemur:
2862 2175 2964 2213 non
2997 2166 3174 2213 tamen
3202 2160 3321 2214 ideo
3353 2162 3452 2216 ista
3480 2164 3710 2217 certiora

2128 2247 2195 2301 de
2238 2248 2480 2303 manibus
2508 2248 2762 2305 debemus
2802 2250 3065 2306 amittere.
3112 2252 3178 2304 Β.
3210 2253 3425 2308 Tenebo
3449 2254 3588 2308 istud
3623 2255 3709 2308 iu-

2129 2358 2442 2396 concussnm
2481 2343 2524 2396 si
2555 2352 2757 2411 potero,
2802 2353 2857 2399 et
2900 2354 3075 2400 tamen
3107 2345 3365 2401 latebram
3407 2347 3565 2401 istam
3600 2362 3709 2401 non

2128 2450 2247 2489 esse
2274 2435 2722 2503 impenetrabilem
2750 2437 2903 2491 nobis
2935 2438 3116 2492 velim.

2198 2525 2250 2580 9.
2275 2525 2352 2579 Μ.
2376 2526 2491 2579 Cito
2517 2526 2688 2580 dicam
2718 2527 2843 2596 quid
2869 2529 3040 2582 sentio
3068 2545 3085 2582 ε
3117 2538 3170 2583 tu
3190 2544 3318 2584 vero
3346 2538 3439 2584 aut
3460 2544 3703 2600 sequere.

2128 2627 2219 2672 aut
2245 2618 2402 2672 etiam
2424 2619 2688 2687 pneccde,
2706 2621 2761 2675 si
2789 2620 3009 2684 valebis,
3042 2621 3129 2676 ubi
3157 2637 3241 2676 me
3262 2623 3495 2677 cunctari
3516 2632 3571 2677 et
3595 2623 3708 2677 ha:-

2129 2709 2291 2763 sitare
2315 2709 2768 2764 animadverteris.
2800 2710 2912 2781 Ego
2933 2712 3076 2766 enim
3096 2712 3163 2765 ab
3192 2712 3368 2766 anima
3388 2713 3489 2767 hoc
3510 2728 3707 2782 corpus

2129 2801 2349 2853 animari
2384 2817 2491 2855 non
2545 2810 2689 2870 puto,
2740 2803 2836 2855 nisi
2886 2803 3180 2857 intentione
3218 2802 3477 2859 facientis.
3509 2804 3617 2859 Nec
3639 2804 3710 2859 ab

2130 2891 2232 2946 isto
2258 2893 2541 2962 quidquam
2567 2893 2710 2946 illam
2741 2894 2846 2963 pati
2876 2894 3124 2956 arbitror.
3148 2894 3243 2948 sed
3267 2894 3440 2950 facere
3464 2895 3529 2949 de
3550 2896 3640 2950 illo
3656 2905 3713 2950 et

2130 2982 2182 3037 in
2215 2983 2304 3037 illo
2331 2991 2581 3052 tanquam
2625 2983 2865 3050 subjecto
2894 2983 3149 3038 divinitus
3177 2984 3523 3038 dominationi
3552 2999 3665 3039 sua:
3686 3001 3710 3040 ς

2130 3073 2413 3143 aliquando
2444 3082 2617 3128 tamen
2648 3089 2770 3128 Clllll
2811 3073 3084 3141 facilitate,
3114 3075 3400 3145 aliquando
3434 3091 3553 3130 cum
3575 3076 3717 3131 diffi-

2129 3168 2323 3221 cultate
2352 3168 2580 3236 operari,
2610 3176 2807 3237 quanto
2830 3183 2922 3237 pro
2951 3168 3066 3235 ejus
3094 3168 3301 3223 meritis
3320 3168 3488 3239 magis
3511 3169 3717 3224 minus-

2130 3274 2194 3312 ve
2222 3258 2293 3311 illi
2317 3258 2457 3312 cedit
2475 3268 2663 3311 natura
2689 3273 2962 3327 corporea.
2978 3257 3282 3327 Corporalia
3298 3274 3424 3328 ergo
3440 3274 3717 3328 quaecum-

2131 3364 2233 3417 que
2264 3348 2384 3402 huic
2417 3349 2625 3416 corpori
2656 3349 2965 3417 ingeruutur
2988 3357 3078 3402 aut
3111 3348 3428 3417 objiciuntur
3451 3350 3718 3403 extrinse-

2132 3454 2249 3505 cus,
2283 3438 2455 3493 nonin
2474 3440 2672 3505 anima,
2692 3439 2783 3493 sed
2814 3440 2866 3493 in
2891 3440 3005 3508 ipso
3027 3453 3251 3509 corpore
3275 3439 3472 3508 aliquid
3490 3438 3711 3503 faciunt,

2132 3530 2273 3600 quod
2301 3530 2447 3600 operi
2475 3532 2589 3599 ejus
2619 3538 2711 3583 aut
2750 3530 3081 3594 adversetur,
3124 3537 3214 3583 aut
3246 3538 3521 3598 congruat.
3554 3528 3713 3582 Ideo-

2133 3641 2234 3692 que
2263 3640 2383 3679 cum
2412 3624 2657 3678 renititur
2681 3622 3005 3685 adversanti,
3040 3633 3094 3676 et
3126 3624 3402 3677 materiam
3442 3621 3541 3676 sibi
3585 3621 3718 3674 sub-

2129 3716 2322 3787 jcctam
2357 3718 2407 3771 in
2438 3716 2614 3785 operis
2639 3715 2724 3769 sui
2763 3714 2873 3769 vias
2903 3713 3186 3769 difficulter
3234 3713 3493 3783 impingit,
3545 3712 3604 3765 fit
3634 3722 3720 3764 at—

2137 3808 2330 3861 tentior
2365 3823 2428 3861 ex
2477 3806 2788 3860 difficultate
2837 3806 2890 3859 in
2920 3806 3215 3868 actionem;
3271 3820 3389 3873 quae
3433 3803 3720 3857 difficultas

2135 3907 2350 3967 propter
2376 3897 2744 3960 attentionem,
2777 3910 2896 3949 cum
2928 3910 3044 3949 eam
3081 3910 3187 3948 non
3226 3895 3375 3959 latet,
3405 3893 3602 3947 sentire
3629 3893 3719 3946 di-

2134 3989 2291 4054 citur,
2322 3997 2376 4042 et
2403 3987 2505 4041 hoc
2522 3997 2740 4041 vocatur
2763 3986 2916 4041 dolor
2940 3995 3030 4039 aut
3047 3985 3215 4040 labor.
3238 3985 3367 4039 Cum
3394 3994 3565 4039 autem
3587 3999 3720 4038 eon—

2137 4080 2275 4151 gruit
2302 4079 2442 4149 quod
2470 4078 2714 4142 infertur,
2756 4088 2845 4131 aut
2880 4078 3108 4147 adjacet,
3157 4076 3309 4130 facile
3351 4085 3518 4130 totum
3544 4076 3599 4129 id
3629 4078 3717 4130 vel

2134 4187 2200 4227 ex
2230 4186 2294 4227 eo
2320 4181 2572 4242 quantum
2600 4186 2733 4240 opus
2757 4179 2860 4233 est,
2880 4170 2931 4223 in
2959 4171 3039 4224 sui
3059 4170 3234 4238 operis
3255 4168 3441 4221 itinera
3468 4167 3716 4221 traducit.

2139 4263 2203 4317 Et
2230 4263 2329 4317 ista
2358 4264 2473 4331 ejus
2515 4263 2654 4316 actio
2700 4276 2803 4331 qua
2846 4276 2999 4314 suum
3035 4274 3227 4329 corpus
3253 4257 3589 4313 convenienti
3619 4272 3719 4310 ex-

2138 4353 2397 4408 trinsecus
2421 4353 2631 4423 corpori
2660 4352 2917 4421 adjungit,
2947 4351 3197 4419 quoniam
3227 4358 3444 4421 propter
3466 4347 3718 4417 quiddam

2132 4446 2479 4501 adventitiunt
2526 4445 2777 4500 attentius
2806 4444 2999 4514 agitur,
3032 4458 3137 4497 non
3178 4444 3332 4507 latet;
3364 4442 3456 4496 sed
3499 4450 3725 4511 propter

2136 4539 2583 4602 convenientiam,
2607 4554 2726 4593 cum
2750 4538 3017 4605 voluptate
3042 4535 3288 4591 sentitur.
3305 4536 3373 4588 At
3385 4550 3505 4588 cum
3523 4532 3723 4587 desunt

2134 4649 2197 4687 ea
2224 4632 2415 4702 quibus
2440 4630 2678 4700 corporis
2705 4630 3021 4683 detrimenta
3047 4627 3264 4692 reficiat,
3296 4634 3504 4696 egestas
3528 4638 3721 4678 conse-

2134 4724 2346 4794 quitur;
2373 4730 2428 4776 et
2463 4721 2562 4775 hac
2602 4720 2823 4773 actionis
2865 4719 3173 4773 difficultate
3203 4733 3323 4771 cum
3358 4719 3415 4768 lit
3439 4714 3718 4774 attentior,

2134 4825 2189 4869 et
2218 4814 2336 4869 talis
2364 4815 2484 4883 ejus
2520 4813 2757 4881 operatio
2785 4826 2888 4864 non
2916 4826 3032 4865 eam
3060 4810 3207 4874 latet,
3246 4808 3415 4863 fames
3449 4816 3537 4861 aut
3577 4807 3717 4871 sitis,

2134 4915 2224 4959 aut
2256 4906 2359 4959 tale
2385 4903 2583 4973 aliquid
2610 4903 2924 4972 appellatur.
2951 4899 3083 4955 Cum
3114 4911 3290 4954 autem
3319 4907 3603 4968 supersunt
3632 4899 3719 4951 in-

2136 5007 2303 5067 gesta,
2332 5005 2385 5050 et
2411 5011 2476 5050 ex
2497 5009 2682 5049 eorum
2705 5008 2867 5049 onere
2883 4994 3115 5047 nascitur
3135 4991 3419 5046 difficultas
3437 4988 3718 5060 Operandi,

2137 5104 2311 5159 neque
2337 5089 2436 5141 hoc
2475 5088 2591 5141 sine
2615 5086 2904 5140 attentione
2936 5084 3023 5147 fit;
3054 5092 3111 5138 et
3134 5100 3254 5138 cum
3287 5084 3407 5137 talis
3446 5084 3583 5137 actio
3609 5098 3718 5136 non

2137 5179 2285 5245 latet,
2322 5179 2553 5233 cruditas
2579 5176 2806 5232 sentitur
2838 5193 2849 5227 :
2881 5184 3083 5230 attente
3117 5177 3279 5230 etiam
3308 5185 3558 5245 operatur
3594 5189 3715 5227 cum

2136 5270 2279 5338 ejicit
2304 5268 2648 5338 superfluum,
2671 5267 2713 5321 si
2735 5267 2946 5333 leniter,
2969 5282 3087 5321 cum
3112 5266 3406 5336 voluptate;
3437 5266 3480 5319 si
3504 5279 3714 5335 aspere,

2137 5378 2259 5418 cum
2287 5363 2489 5416 dolore.
2540 5360 2829 5415 Morbidam
2862 5374 3071 5429 quoque
3107 5350 3557 5427 perturbationem
3592 5371 3721 5411 cor—

2140 5457 2285 5526 poris
2312 5463 2511 5509 attente
2538 5454 2666 5523 agit,
2698 5467 3011 5507 succurrere
3049 5460 3306 5520 appetens
3333 5451 3527 5504 labenti
3556 5458 3719 5518 atque

2140 5546 2398 5603 diffluenti
2415 5562 2429 5611 ;
2447 5553 2500 5600 et
2523 5545 2620 5599 hac
2636 5544 2842 5599 actione
2873 5558 2977 5598 non
3003 5542 3197 5597 latente
3231 5542 3447 5597 morbos
3471 5550 3526 5596 et
3548 5554 3719 5612 aegro-

2142 5640 2368 5695 tationes
2387 5636 2587 5691 sentire
2609 5636 2819 5690 dicitur.

2203 5739 2215 5767 ι
2277 5743 2417 5781 .tuxta
2442 5740 2521 5782 Ms.
2551 5741 2598 5789 Α,
2622 5730 2824 5781 ranabor
2846 5728 3005 5779 etiam.
3069 5734 3124 5775 at.
