4118 6370
414 393 468 447 ΙΙ
481 392 546 445 συ

483 505 572 556 l0.
602 501 670 555 Et
696 517 761 554 ne
787 500 999 570 longum
1030 496 1237 560 faciam,
1265 498 1473 551 videtur
1503 496 1629 550 mihi
1659 494 1833 549 anima
1864 480 1985 547 cuin

415 593 580 645 sentit
612 592 661 644 in
692 606 937 659 corpore,
970 604 1073 643 non
1101 588 1168 642 ab
1197 588 1285 642 illo
1309 587 1503 656 aliquid
1532 587 1658 655 pati,
1686 586 1777 641 sed
1802 586 1850 639 in
1873 584 1988 654 ejus

412 682 749 752 passionibus
778 680 1029 733 attentius
1054 695 1231 749 agere,
1261 688 1313 731 et
1344 678 1437 731 has
1466 678 1701 731 actiones
1726 676 1837 730 sive
1865 674 1989 728 faci-

412 774 491 827 les
521 781 735 842 pr0pter
764 771 1206 835 convenientiam,
1238 770 1348 823 sive
1377 767 1624 822 difﬁciles
1657 776 1873 836 propter
1902 765 1986 819 in-

411 864 866 930 eonvenientiam,
907 878 1013 916 non
1062 877 1177 915 eam
1222 862 1383 915 latere
1416 878 1427 913 :
1460 869 1513 914 et
1555 860 1655 913 hoc
1698 868 1866 912 totum
1906 864 1989 910 est

410 956 551 1026 quod
579 956 775 1010 sentire
802 955 1013 1021 dicitur.
1042 954 1144 1009 Sed
1175 953 1275 1008 iste
1300 966 1488 1007 sensus
1507 992 1521 1016 ,
1552 952 1641 1021 qui
1672 951 1829 1005 etiam
1862 948 1987 1003 dum

410 1048 539 1100 nihil
567 1046 843 1111 sentimus,
871 1047 1006 1099 inest
1032 1054 1228 1106 tamen,
1257 1045 1664 1098 instrumentum
1690 1049 1771 1095 est
1796 1054 1987 1107 corpo-

410 1140 484 1192 ris
510 1179 526 1202 ,
559 1138 697 1208 quod
724 1154 784 1192 ea
815 1138 1196 1207 temperatione
1224 1137 1394 1207 agitur
1424 1137 1492 1189 ab
1517 1136 1689 1188 anima
1713 1175 1726 1196 ,
1757 1141 1813 1186 ut
1843 1150 1892 1186 tn
1923 1146 1988 1186 eo

408 1230 475 1283 sit
503 1230 567 1283 ad
599 1231 870 1299 passiones
898 1230 1137 1299 corporis
1164 1245 1283 1284 cum
1314 1229 1605 1282 attentione
1632 1226 1861 1295 agendas
1891 1240 1988 1295 pa-

405 1322 592 1382 ratior,
616 1321 804 1374 similia
828 1321 1089 1375 similibus
1118 1330 1173 1374 ut
1197 1320 1474 1389 adjungat,
1501 1318 1826 1388 repellatque
1847 1316 1987 1386 quod

408 1411 623 1464 noxium
653 1420 753 1465 est.
785 1412 904 1480 Agit
934 1426 1109 1479 porro,
1135 1418 1191 1463 ut
1212 1411 1420 1478 opinor,
1448 1408 1767 1461 luminosum
1791 1404 1992 1475 aliquid

405 1505 458 1557 in
498 1505 699 1567 oculis,
739 1504 938 1558 aeriqu
980 1501 1375 1557 serenissimum
1416 1508 1471 1555 et
1491 1499 1893 1553 mobilissimum
1934 1498 1986 1551 in

406 1594 643 1660 auribus,
675 1594 1023 1664 caliginosum
1055 1593 1106 1646 in
1136 1593 1374 1656 naribus,
1406 1592 1456 1645 in
1486 1606 1578 1645 ore
1605 1589 1899 1655 humidum,
1933 1588 1987 1643 in

406 1695 546 1740 tactu
571 1697 837 1740 terrenum
861 1695 915 1740 et
937 1686 1087 1755 quasi
1111 1686 1444 1740 lutulentum.
1471 1684 1576 1740 Sed
1609 1685 1718 1739 sive
1743 1683 1843 1738 hac
1873 1682 1985 1737 sive

405 1779 507 1832 alia
543 1777 913 1831 distributione
953 1778 1049 1830 ista
1086 1776 1467 1841 conjiciantur;
1513 1776 1619 1844 agit
1661 1773 1775 1828 lucc
1811 1774 1988 1827 anima

405 1884 523 1923 cum
555 1869 733 1937 quiete
754 1908 767 1930 ,
800 1868 843 1922 si
874 1884 933 1922 ea
964 1884 1081 1937 quae
1114 1869 1291 1921 insunt
1320 1869 1371 1921 in
1402 1866 1603 1921 unitate
1638 1864 1984 1931 valetudinis,

403 1959 552 2028 quasi
583 1956 827 2012 familiari
858 1959 1086 2027 quadam
1114 1958 1461 2012 consensione
1488 1964 1763 2011 cesserunt
1783 1956 1822 2008 ί.
1850 1954 1986 2010 Cum

402 2057 579 2104 autem
606 2049 925 2105 adhibentur
949 2066 1009 2103 ea
1037 2066 1155 2119 qu:e
1186 2051 1435 2103 nonnulla
1458 2092 1470 2113 ,
1495 2058 1551 2103 ut
1581 2050 1650 2103 ita
1677 2048 1849 2103 dicam
1869 2090 1883 2112 ,
1911 2048 1988 2102 al-

404 2141 611 2195 teritate
639 2155 834 2210 corpus
861 2140 1128 2203 afﬁciunt;
1157 2141 1354 2195 exserit
1390 2140 1699 2195 attentiores
1727 2141 1981 2206 actiones,

304 2244 319 2254 '
401 2231 514 2286 suis
540 2232 835 2302 quibusque
865 2232 997 2287 locis
1025 2241 1182 2304 atque
1214 2234 1577 2288 instrumentis
1613 2232 1985 2289 accommoda-

401 2331 483 2377 tas
507 2340 519 2376 :
544 2332 667 2379 tunc
689 2324 893 2390 videre,
920 2325 1005 2379 vel
1031 2325 1237 2390 audire,
1263 2326 1345 2380 vel
1368 2324 1617 2391 olfacere,
1640 2325 1721 2379 vel
1749 2334 1983 2396 gustare,

399 2412 485 2466 vel
517 2413 782 2483 tangendo
815 2416 1013 2470 sentire
1056 2414 1281 2481 dicitur;
1314 2416 1504 2484 quibus
1531 2415 1830 2470 actionibus
1855 2431 1984 2471 con.

398 2518 527 2569 grna
574 2503 800 2559 libenter
851 2504 1113 2570 associat,
1162 2514 1215 2559 et
1261 2506 1481 2559 moleste
1532 2506 1743 2559 obsisﬁt
1796 2506 1984 2561 incon-

398 2593 562 2662 gruis.
588 2594 694 2648 llas
720 2596 1059 2664 Operationes
1090 2596 1429 2664 passionibus
1450 2596 1690 2666 corporis
1719 2606 1846 2665 puto
1871 2596 1987 2651 ani-

360 2700 540 2738 .mam
590 2685 843 2741 exhibere
888 2702 1009 2741 cum
1054 2689 1250 2753 sentit,
1297 2704 1401 2743 non
1447 2688 1661 2744 easdem
1709 2690 1986 2758 passiones

398 2776 660 2845 recipere.

469 2869 559 2923 ll.
593 2869 928 2940 Quapropter
957 2886 1075 2925 cum
1111 2871 1179 2927 de
1217 2887 1470 2926 sonorum
1498 2875 1741 2930 numeris
1761 2874 1813 2929 in
1844 2890 1983 2944 praa-

396 2960 567 3014 sentia
590 2970 878 3029 quaeratur,
901 2971 953 3016 et
974 2977 1161 3016 sen~us
1184 2964 1393 3017 aurium
1421 2975 1638 3019 vocetur
1659 2966 1710 3018 in
1738 2965 1982 3032 dubium,

393 3067 503 3106 non
544 3060 755 3121 oportet
795 3068 890 3121 per
930 3062 1121 3107 caetera
1163 3054 1374 3109 diutius.
1404 3055 1635 3126 evagari.
1670 3056 1984 3112 Referamus

395 3144 575 3214 itaque
608 3159 705 3199 nos
730 3144 796 3199 ad
824 3145 875 3199 id
914 3145 980 3199 de
1018 3162 1124 3215 quo
1158 3148 1362 3215 agitur,
1404 3157 1458 3201 et
1496 3148 1771 3204 videamus
1806 3156 1981 3203 utrum

394 3253 559 3294 sonus
599 3241 653 3295 in
698 3243 915 3297 auribus
954 3243 1152 3312 aliquid
1196 3244 1370 3298 faciat.
1414 3245 1495 3297 An
1538 3254 1591 3297 tu
1636 3243 1688 3298 id
1728 3244 1985 3313 negabis?

394 3333 465 3389 Β.
504 3334 648 3391 Nihil
692 3337 886 3392 minus.
921 3335 1001 3390 Μ.
1031 3336 1207 3403 Quid?
1244 3336 1459 3392 easdem
1500 3351 1657 3391 aures
1692 3337 1984 3391 animath

394 3429 691 3484 membrum
717 3444 837 3484 esse
859 3444 1036 3485 nonne
1061 3429 1342 3485 concedis?
1362 3429 1430 3482 ι).
1455 3428 1722 3483 Concedo.
1750 3428 1824 3482 Μ.
1849 3429 1984 3483 Cum

394 3535 521 3589 ergo
548 3521 597 3574 id
625 3521 767 3591 quod
794 3522 846 3577 in
873 3536 937 3575 eo
965 3520 1206 3577 membro
1234 3520 1407 3576 simile
1437 3529 1521 3575 est
1549 3520 1682 3585 aeri,
1709 3530 1994 3574 moveatur.

394 3624 516 3665 aere
545 3627 796 3681 percusso
820 3630 834 3678 ;
865 3614 1100 3667 animam
1140 3613 1285 3667 illam
1314 3629 1431 3681 qua:
1459 3622 1583 3667 ante
1610 3612 1765 3666 istum
1794 3627 1984 3666 sonum

394 3704 533 3758 vitali
565 3712 711 3759 motu
739 3704 789 3758 in
818 3705 1029 3760 silentio
1056 3719 1253 3775 corpus
1281 3705 1486 3759 aurium
1517 3704 1793 3773 vegetabat
1813 3746 1829 3769 ,
1857 3719 1983 3759 num

394 3803 643 3864 putamus
682 3804 775 3850 aut
813 3811 1027 3851 cessare
1066 3811 1224 3866 posse
1258 3796 1328 3850 ah
1358 3810 1523 3866 opere
1560 3795 1807 3849 movendi
1844 3795 1998 3864 quod

391 3884 623 3947 animat,
654 3895 747 3939 aut
777 3885 968 3939 eodem
996 3886 1158 3940 modo
1188 3900 1402 3939 movere
1427 3885 1986 3941 commotum-extrin-

390 3989 549 4029 secus
588 3991 766 4030 aerem
818 3978 967 4030 auris
1003 3991 1114 4029 sure
1134 4018 1149 4040 ,
1178 3992 1283 4045 quo
1311 3977 1559 4030 movebat
1588 3984 1867 4045 antequam
1900 3977 1988 4032 ille

392 4064 706 4120 illaberetur
731 4066 931 4121 sonus?
960 4066 1026 4118 ι).
1057 4065 1171 4120 Νοη
1202 4066 1413 4120 videtur
1440 4066 1539 4121 nisi
1568 4067 1741 4121 aliter.
1768 4066 1846 4119 Μ.
1873 4067 1989 4123 Hoc

392 4170 522 4224 ergo
548 4156 705 4210 aliter
732 4171 949 4211 movere
971 4158 1012 4220 ',
1045 4171 1224 4210 nonne
1252 4156 1520 4210 fatendum
1549 4165 1630 4210 est
1650 4157 1826 4213 facere
1844 4172 1984 4223 esse,

392 4262 497 4300 non
525 4245 672 4314 pati?
700 4246 776 4299 D.
807 4247 879 4301 Ita
912 4254 1013 4301 est.
1043 4245 1121 4300 Μ.
1148 4246 1263 4300 Νοη
1289 4247 1445 4316 igitur
1471 4246 1700 4302 absnrde
1721 4247 1988 4303 credimus

395 4345 569 4390 motus
594 4352 721 4391 suos
749 4338 1016 4403 animam,
1029 4338 1114 4393 vel
1134 4338 1390 4402 actiones,
1414 4338 1496 4392 vel
1519 4339 1877 4406 operationes,
1901 4341 1985 4394 vel

392 4426 435 4479 si
459 4443 562 4497 quo
582 4428 689 4482 alio
712 4428 929 4484 nomine
949 4429 1283 4484 commodius
1302 4429 1587 4499 signiﬁcari
1615 4438 1854 4499 possunt,
1879 4446 1985 4484 non

395 4518 559 4572 latere
588 4534 708 4573 cum
739 4519 925 4574 sentit.

464 4612 550 4665 12.
582 4610 675 4666 Hae
701 4619 875 4667 autem
905 4612 1265 4682 operationes,
1294 4611 1379 4666 vel
1402 4611 1825 4683 pratcedentibus
1852 4626 1979 4668 cor~

394 4712 578 4766 porum
608 4701 941 4768 passionibus
963 4701 1316 4765 adhibentur;
1341 4710 1398 4755 ut
1426 4710 1552 4756 sunt
1577 4717 1696 4756 cum
1727 4703 1827 4755 illa:
1854 4716 1982 4757 ocu-

395 4792 563 4845 lorum
599 4802 901 4846 nostrorum
946 4793 1117 4847 lucem
1162 4794 1345 4847 forma:
1390 4793 1759 4862 interpellant,
1799 4805 1890 4848 aut
1929 4794 1980 4849 in

390 4898 547 4937 aures
578 4882 745 4937 influit
774 4898 936 4938 sonus
955 4926 970 4948 ,
999 4892 1091 4937 aut
1121 4883 1338 4951 naribus
1369 4883 1736 4938 exltalationes
1756 4926 1771 4949 ,
1803 4886 1981 4955 palato

391 4987 630 5042 sapores,
663 4983 861 5029 cmtero
884 4973 1095 5043 corpori
1123 4973 1377 5043 quaelibet
1401 4972 1567 5027 solida
1594 4983 1647 5027 et
1674 4976 1979 5043 corpulenta

390 5064 739 5119 admoventur.
775 5065 1105 5119 extrinsecus
1124 5105 1138 5127 ,
1169 5064 1252 5118 vel
1282 5063 1336 5117 in
1370 5063 1487 5132 ipso
1515 5078 1740 5132 corpore
1765 5065 1830 5118 de
1861 5066 1980 5120 loco

392 5157 442 5212 in
476 5157 649 5212 locum
679 5159 881 5228 migrat.
900 5156 1096 5227 aliquid
1122 5157 1236 5211 sive
1263 5156 1471 5217 transit,
1497 5154 1578 5209 vel
1609 5164 1775 5209 totum
1804 5156 1977 5225 ipsum

392 5263 582 5317 corpus
607 5264 704 5304 suo
726 5251 967 5305 alienove
989 5248 1224 5319 pondere
1244 5256 1519 5302 movetur:
1546 5246 1629 5301 lim
1645 5256 1770 5301 sunt
1792 5262 1981 5317 opera-

395 5344 562 5396 tiones
586 5357 718 5412 quas
746 5341 964 5396 adhibet
986 5342 1171 5396 anima
1191 5340 1979 5410 prtecedeutibuspassiooibus

390 5434 665 5501 corporis;
695 5448 816 5504 quae
845 5433 1107 5487 delectant
1132 5449 1250 5488 eam
1280 5433 1634 5488 associantem
1654 5475 1668 5499 ,
1701 5434 1976 5490 offendunt

389 5526 750 5579 resistentem.
785 5525 921 5579 Cum
957 5534 1134 5579 autem
1171 5525 1238 5579 ab
1272 5524 1474 5579 eisdem
1514 5525 1626 5579 suis
1658 5525 1981 5593 operationi-

453 5653 470 5684 ¹
505 5653 579 5702 sic
594 5658 702 5716 uss.
736 5665 911 5716 omnes
940 5658 1120 5715 prater
1142 5653 1416 5716 Vaticanum
1433 5687 1450 5713 ,
1471 5654 1681 5716 quicum
1703 5660 1804 5702 Am.
1832 5660 1883 5704 et
1900 5660 1975 5703 Er.

387 5714 563 5773 habet,
575 5712 874 5764 caltaserim.
894 5712 954 5765 at
964 5721 1094 5773 Lov.,
1112 5712 1443 5765 concesserint.

452 5781 471 5842 τ
506 5780 557 5824 In
577 5775 751 5826 editis:
788 5785 888 5842 non
911 5773 1250 5842 ridetur_inilii
1280 5775 1437 5842 aliter.
1460 5785 1525 5842 at.
1556 5786 1653 5826 Hoc
1684 5789 1809 5842 ergo
1829 5790 1979 5842 genus

402 5838 543 5888 aliter
568 5851 767 5889 metere.
798 5844 851 5886 At
869 5840 914 5887 ia
934 5838 1211 5887 melioribus
1228 5846 1330 5887 Mss.
1360 5838 1504 5888 lectio
1520 5848 1679 5889 nostra
1698 5838 1975 5889 cibibetur.

1822 382 2019 437 LIBER
2058 380 2343 438 SEXTUS.

3537 395 3677 451 “70

2096 498 2194 551 bus
2221 495 2413 568 aliquid
2445 492 2636 558 patitur
2659 535 2675 561 ,
2706 510 2735 550 a
2766 495 2938 564 selpsa
2972 499 3199 569 patitur,
3233 519 3334 558 non
3362 522 3390 560 a
3414 522 3671 578 corpore;

2095 589 2205 643 sed“
2218 591 2370 658 plane
2395 607 2517 649 cum
2548 608 2608 652 se
2634 596 2997 651 accommodat
3034 596 3240 664 corpori
3267 613 3280 649 :
3312 606 3364 651 et
3391 599 3509 654 ideo
3535 600 3674 671 apud

2095 682 2323 751 scipsam
2360 684 2533 739 minus
2562 693 2675 751 est,
2705 687 2824 755 quia
2855 701 3049 756 corpus
3078 703 3289 758 semper
3314 689 3489 744 minus
3517 707 3674 759 quam

2096 772 2206 845 ipsa
2236 786 2336 831 est.

2169 870 2253 924 15.
2287 870 2549 924 Conversa
2579 886 2706 941 ergo
2732 887 2760 924 a
2789 871 3012 925 Domino
3039 887 3143 927 suo
3161 872 3225 927 ad
3254 888 3464 928 servum
3496 889 3671 940 suum,

2097 961 2402 1015 necessario
2428 961 2609 1016 deficit
2635 980 2645 991 ·
2679 976 2932 1016 conversa
2962 963 3087 1017 item
3114 979 3142 1017 a
3174 978 3327 1020 servo
3353 979 3449 1018 suo
3475 965 3539 1019 ad
3572 967 3675 1019 llo-

2094 1050 2294 1105 minum
2340 1068 2514 1115 suum,
2562 1054 2861 1106 necessario
2898 1053 3136 1122 proﬁcit,
3172 1063 3225 1109 et
3264 1055 3465 1125 praebet
3502 1056 3674 1111 eidem

2095 1157 2250 1195 servo
2278 1142 2584 1197 facillimam
2613 1145 2809 1206 vitam,
2842 1152 2897 1197 et
2924 1154 3206 1215 propterea
3244 1146 3462 1201 minime
3488 1162 3669 1217 opero-

2096 1248 2206 1287 s-m
2236 1244 2286 1285 et
2318 1234 2682 1303 negotiosam,
2717 1234 2782 1287 ad
2813 1250 2970 1304 quam
3005 1243 3220 1304 propter
3243 1251 3501 1290 summam
3530 1239 3661 1307 quit)

2098 1335 2201 1380 rem
2252 1328 2389 1379 nulla
2439 1327 2816 1396 detorquentur
2858 1332 3080 1381 attentio
3116 1342 3131 1392 ;
3171 1325 3305 1382 sicut
3339 1338 3420 1385 est
3466 1328 3673 1383 affectio'
3713 1372 3718 1393 ,

2094 1419 2335 1485 corporis
2362 1434 2478 1489 qua:
2506 1419 2703 1472 sanitas
2730 1418 2920 1472 dicitur
2945 1434 2962 1474 :
2988 1418 3126 1471 nulla
3156 1418 3350 1488 quippe
3383 1418 3676 1472 attentione

2095 1516 2275 1561 nostra
2306 1521 2441 1577 opus
2472 1507 2659 1571 habet,
2691 1524 2794 1561 non
2823 1509 2943 1578 quia
2973 1507 3103 1561 nihil
3131 1518 3255 1562 tunc
3282 1508 3390 1577 agit
3415 1508 3592 1563 anima
3621 1509 3675 1561 in

2095 1612 2336 1666 corpore,
2370 1598 2460 1651 sed
2492 1598 2611 1665 quia
2641 1598 2771 1652 nihil
2801 1598 3001 1652 facilius
3026 1598 3152 1669 agit.
3180 1596 3313 1653 Nam
3341 1598 3394 1653 in
3424 1597 3675 1653 omnibus

2094 1686 2344 1757 operibus
2389 1687 2583 1740 nostris
2630 1695 2777 1740 tanto
2821 1687 3106 1757 quidquam
3154 1689 3437 1755 attentius,
3480 1698 3678 1758 quanto

2094 1778 2363 1832 difficilius
2400 1793 2701 1847 operamur.
2747 1778 2868 1832 llaac
2895 1787 3071 1833 autem
3100 1780 3300 1834 sanitas
3326 1789 3451 1833 tunc
3481 1779 3679 1833 ﬁrmis-

2094 1870 2226 1923 sima
2256 1869 2357 1923 erit
2385 1878 2544 1938 atque
2573 1868 2871 1922 certissima
2894 1908 2909 1934 ,
2942 1879 3063 1923 eum
3098 1869 3334 1939 pristina:
3366 1869 3638 1923 stabilitati
3658 1907 3675 1934 ,

2094 1971 2241 2016 certo
2278 1975 2375 2015 suo
2418 1968 2658 2030 tempore
2697 1969 2853 2031 atque
2893 1961 3075 2015 ordine
3098 2002 3112 2024 .
3156 1961 3258 2017 hoc
3293 1977 3487 2032 corpus
3523 1962 3679 2017 fuerit

2095 2054 2393 2106 restitutum
2418 2054 2515 2124 (a),
2542 2069 2661 2124 quae
2689 2054 3009 2108 resurrectio
3028 2054 3141 2123 ejus
3167 2062 3449 2123 antequam
3479 2055 3647 2124 plenis

2093 2145 2226 2199 sime
2265 2146 2612 2215 intelligatur,
2658 2146 2940 2200 salubriter
2977 2146 3227 2200 creditur.
3270 2146 3493 2215 Oportet
3530 2147 3671 2201 enim

2093 2236 2325 2289 animam
2368 2244 2422 2290 et
2458 2237 2570 2306 regi
2612 2250 2640 2289 a
2680 2237 2988 2303 superiore,
3034 2246 3088 2289 et
3127 2252 3311 2306 regere
3351 2237 3676 2293 inferiorem.

2093 2325 2345 2396 Superior
2371 2327 2460 2381 illa
2490 2326 2635 2381 solus
2669 2327 2805 2381 Deus
2829 2335 2944 2390 est,
2976 2326 3194 2380 inferius
3234 2327 3319 2380 illa
3353 2326 3523 2381 solum
3561 2343 3681 2382 cor-

2093 2431 2211 2485 pus,
2237 2417 2279 2471 si
2311 2417 2375 2470 ad
2406 2432 2622 2472 omnem
2650 2426 2703 2472 et
2732 2426 2894 2471 totam
2922 2418 3152 2471 animam
3180 2416 3442 2471 intendas.
3466 2417 3534 2473 Ut
3552 2432 3679 2486 ergo

2095 2514 2202 2560 tota
2242 2521 2362 2561 esse
2398 2508 2514 2561 sine
2552 2507 2775 2561 Domino
2799 2547 2817 2571 ,
2856 2509 2932 2562 sic
2962 2508 3222 2562 excellere
3245 2508 3362 2563 sine
3391 2523 3546 2562 servo
3573 2524 3676 2563 non

2095 2604 2293 2663 potest.
2324 2595 2393 2650 Ut
2420 2606 2599 2652 autem
2632 2596 2886 2651 Dominus
2914 2597 3029 2665 ejus
3055 2598 3225 2666 magis
3248 2607 3330 2651 est
3357 2613 3513 2668 quam
3541 2598 3675 2669 ipsa,

2092 2685 2166 2740 ita
2190 2700 2380 2740 servus
2405 2687 2601 2741 minus.
2627 2688 2804 2754 Quare
2826 2688 3025 2741 intenta
3052 2688 3103 2740 in
3131 2688 3412 2743 Dominum
3436 2689 3679 2758 intelligit

2090 2787 2289 2832 aeterna
2328 2776 2473 2846 ejus,
2519 2786 2584 2831 et.
2608 2778 2774 2847 magis
2802 2786 2917 2841 est,
2949 2780 3221 2847 magisque
3254 2786 3338 2832 est
3372 2779 3531 2832 etiam
3565 2779 3680 2847 ipso

2090 2883 2274 2924 servus
2305 2869 2356 2922 iu
2384 2884 2483 2924 suo
2509 2885 2707 2938 genere
2738 2886 2831 2939 per
2861 2870 3021 2923 illam.
3054 2870 3303 2941 Neglecta
3344 2881 3522 2926 autem
3563 2873 3670 2926 Do~

2091 2961 2237 3014 mino
2277 2960 2474 3013 intenta
2515 2959 2566 3013 in
2607 2974 2819 3014 servum
2865 2961 3065 3015 carnali
3097 2977 3199 3031 qun
3239 2962 3450 3015 ducitur
3485 2979 3679 3017 concu-

2091 3052 2342 3120 piscentia
2370 3052 2410 3118 ⁸,
2445 3051 2605 3105 sentit
2650 3064 2827 3105 motus
2869 3068 2997 3107 suos
3036 3069 3172 3124 quos
3215 3053 3291 3109 illi
3336 3055 3583 3120 exhibet,
3627 3066 3682 3111 et

2090 3141 2266 3195 mintts
2296 3150 2378 3196 est
2409 3158 2422 3195 :
2454 3156 2552 3195 nec
2580 3150 2755 3197 tamen
2796 3151 3002 3196 tantum
3046 3145 3222 3198 minus
3241 3184 3258 3211 ,
3286 3155 3540 3214 quantum
3568 3146 3681 3215 ipse

2089 3231 2483 3297 servus,etiam
2509 3246 2631 3286 cum
2657 3233 2885 3287 maxime
2911 3241 2993 3288 est
3017 3232 3069 3288 in
3094 3243 3286 3289 natura
3309 3236 3541 3305 prepria.
3568 3238 3680 3292 lloc

2089 3330 2266 3377 autem
2305 3322 2503 3378 delicto
2539 3322 2770 3380 dominae
2807 3325 2978 3380 multo
3015 3324 3193 3382 minus
3229 3337 3312 3383 est
3351 3342 3512 3400 quam
3542 3341 3677 3399 erat,

2090 3426 2209 3466 cum
2236 3412 2323 3467 illa
2353 3424 2475 3470 ante
2503 3416 2755 3471 delictum
2784 3416 2953 3486 magis
2980 3426 3126 3472 esset
3144 3419 3188 3470 ³.

2163 3506 2247 3560 14.
2291 3506 2549 3572 Quocirca
2589 3508 2798 3562 mortali
2839 3507 2948 3576 jam
2986 3516 3040 3563 et
3076 3508 3282 3579 fragili,
3326 3524 3448 3566 cum
3488 3493 3676 3582 magna

2091 3594 2399 3653 difﬁcultate
2420 3607 2580 3668 atque
2604 3600 2896 3654 attentione
2920 3600 3244 3656 dominatur.
3268 3602 3404 3658 lliuc
3429 3603 3501 3657 illi
3526 3618 3679 3659 error

2092 3686 2346 3753 incurrit,
2379 3699 2435 3743 ut
2464 3690 2786 3760 voluptatem
2817 3691 3082 3759 corporis,
3107 3692 3229 3761 quia
3254 3693 3372 3762 ejus
3399 3694 3675 3750 attentioni

2092 3779 2235 3833 cedit
2260 3781 2528 3844 materies,
2552 3781 2719 3850 pluris
2746 3782 2974 3835 mstiinet
2992 3798 3150 3851 quam
3181 3783 3347 3852 ipsam
3371 3784 3673 3852 sanitatem,

2095 3873 2178 3928 cui
2209 3873 2505 3929 attentione
2528 3875 2668 3928 nulla
2694 3890 2828 3945 opus
2851 3883 2952 3928 est.
2978 3866 3087 3929 Nec
3113 3876 3327 3941 mirum,
3355 3876 3399 3929 si
3426 3879 3678 3932 aerumnis

2092 3965 2422 4034 implicatur,
2464 3980 2780 4034 praeponens
2806 3980 2989 4019 curam
3016 3966 3307 4020 securitati.
3330 3965 3673 4022 Converteuti

2091 4070 2150 4111 se
2176 4064 2352 4112 autem
2381 4056 2448 4111 ad
2478 4057 2780 4123 Dominum,
2815 4059 2984 4127 major
3012 4074 3139 4113 cura
3166 4058 3356 4126 oritur,
3387 4074 3455 4115 ne
3478 4070 3679 4116 averta-

2094 4157 2210 4212 tur;
2237 4146 2408 4203 donec
2433 4149 2724 4202 carnalium
2756 4150 3090 4218 negotiorum
3111 4150 3408 4219 requiescat
3425 4151 3674 4219 impetus,

2091 4236 2380 4294 effrenatus
2411 4239 2798 4295 consuetudine
2826 4240 3073 4294 diuturna
3094 4281 3109 4305 ,
3137 4249 3191 4295 et
3218 4240 3557 4299 tumultuosis
3585 4257 3674 4297 re-

2090 4327 2487 4383 cordationibus
2516 4330 2851 4384 conversioni
2881 4330 2999 4399 ejus
3025 4345 3144 4385 sese
3171 4332 3412 4387 inserens
3442 4349 3456 4386 :
3488 4332 3561 4388 ita
3587 4348 3676 4387 se-

2089 4417 2229 4472 datis
2258 4418 2491 4472 motibus
2519 4419 2628 4471 suis
2658 4420 2848 4489 quibus
2877 4420 2929 4474 in
2960 4421 3229 4474 exteriora
3260 4422 3673 4490 provehebatur,

2089 4509 2196 4577 agit
2221 4509 2389 4579 otium
2416 4508 2735 4563 intrinsecus
2762 4509 3009 4575 liberum,
3039 4510 3180 4579 quod
3206 4512 3532 4582 signiﬁcatur
3553 4514 3680 4569 salu.

2088 4597 2249 4664 bato;
2280 4598 2357 4653 sic
2377 4598 2649 4668 cognoscit
2668 4599 2840 4653 solum
2865 4599 3029 4654 Deum
3052 4614 3169 4656 esse
3189 4601 3469 4658 Dominum
3491 4618 3678 4671 suum,

2087 4691 2172 4746 cui
2215 4693 2307 4745 uni
2348 4704 2554 4745 summa
2599 4690 2845 4747 libertate
2884 4691 3131 4747 servitur.
3174 4691 3290 4748 Non
3329 4702 3505 4748 autem
3555 4692 3667 4749 illi»

2086 4783 2332 4840 carnales
2369 4791 2572 4850 motus,
2614 4792 2672 4837 ut
2700 4799 2820 4839 cum
2848 4784 2975 4840 libet
3001 4785 3228 4851 exserit,
3262 4785 3329 4839 ita
3359 4785 3517 4840 etiam
3552 4801 3679 4839 cum

2086 4878 2215 4933 libet
2237 4877 2543 4947 exstinguit.
2568 4876 2684 4931 Non
2715 4876 2858 4932 enim
2886 4878 3026 4932 sicut
3051 4886 3321 4947 peccatum
3352 4876 3403 4930 in
3431 4875 3548 4945 ejus
3581 4892 3673 4946 po-

2086 4977 2276 5025 testate
2303 4977 2413 5035 est,
2434 4968 2504 5022 ita
2530 4968 2691 5024 etiam
2724 4983 2880 5039 pana
2907 4967 3127 5038 peccati.
3155 4967 3336 5037 Magna
3366 4967 3562 5039 quippe
3587 4984 3675 5023 res

2084 5072 2168 5117 est
2200 5064 2313 5132 ipsa
2352 5062 2527 5116 anima
2550 5104 2564 5126 ,
2597 5077 2698 5116 nec
2724 5060 2791 5115 ad
2818 5059 3196 5130 opprimendos
3232 5059 3456 5115 lascivos
3494 5070 3675 5117 motus

2083 5167 2211 5207 suos
2241 5152 2428 5207 idonea
2461 5152 2561 5206 sibi
2592 5160 2850 5206 remanet.
2887 5149 3157 5204 Valentior
3189 5153 3329 5204 enim
3369 5159 3585 5219 peccat,
3620 5161 3674 5205 et

2085 5254 2205 5313 post
2239 5253 2517 5315 peccatum
2561 5241 2751 5295 divina
2777 5242 2892 5311 lege
2935 5240 3069 5294 facta
3120 5241 3451 5307 imbecillior,
3492 5242 3673 5296 minus

2085 5348 2273 5407 potens
2308 5344 2392 5390 est
2427 5336 2637 5388 auferre
2663 5332 2804 5402 quod
2834 5334 2975 5388 fecit.
3007 5333 3199 5402 Infelix
3226 5350 3317 5404 ego
3346 5335 3495 5388 homo
3513 5375 3527 5399 ,
3556 5335 3668 5404 quia

2146 5450 2164 5482 ι
2199 5455 2271 5497 Er.
2293 5448 2460 5505 habet,
2485 5445 2761 5509 carnalem;
2784 5455 2916 5507 Lov.,
2938 5447 3301 5509 cantatum,
3326 5446 3528 5507 carnali,
3544 5461 3666 5511 quo-

2081 5510 2223 5561 modo
2247 5512 2394 5559 etiam
2415 5518 2526 5573 octo
2546 5515 2657 5573 uss.
2679 5522 2825 5573 supra
2843 5511 3115 5573 Vaticanum
3132 5545 3147 5569 ,
3170 5512 3253 5573 qui
3270 5524 3397 5561 unus
3411 5513 3479 5573 sic
3500 5510 3668 5573 preseg

2081 5574 2244 5641 quitur
2263 5586 2274 5620 :
2295 5569 2493 5641 Caruali
2512 5584 2606 5641 qua
2622 5569 2815 5641 ducitur
2839 5569 3230 5635 concupiscentia.
3248 5572 3450 5634 [carnali
3469 5569 3579 5637 qua:
3594 5571 3666 5622 di-

2080 5640 2206 5685 ειιιιτ
2223 5639 2618 5698 concupiscentia.

2145 5698 2165 5728 ³
2197 5696 2268 5745 Sic
2288 5694 2550 5758 legendum
2567 5694 2761 5758 videtur
2782 5695 2921 5756 juxta
2937 5701 3113 5746 Mss.At
3147 5704 3228 5746 Am
3250 5704 3346 5748 .F.r.
3370 5703 3422 5748 et
3451 5703 3561 5747 Lor.
3582 5695 3663 5744 ba-

2082 5756 2203 5807 bent
2225 5770 2236 5804 :
2263 5754 2381 5807 cum
2402 5754 2483 5806 ille
2505 5762 2613 5805 ante
2635 5754 2861 5806 delictum
2884 5758 3036 5821 magis
3056 5767 3191 5809 esset.

2147 5836 2217 5895 (η)
2243 5838 2340 5886 \‘id.
2368 5845 2572 5887 netrart.
2603 5836 2685 5885 lib.
2717 5838 2759 5900 1,
2786 5851 2889 5900 cap.
2922 5839 2995 5901 ll,
3020 5853 3068 5887 n.
3095 5839 3142 5887 '5.
