4118 6370
447 367 570 425 ll'll

442 504 520 537 mc
556 480 782 537 liberabit
818 479 881 534 de
918 494 1127 548 corpore
1164 476 1336 530 mortis
1372 470 1561 541 hujus?
1586 463 1761 520 Gratia
1797 458 1891 512 Dei
1930 471 2019 525 per

439 576 620 637 Jesunt
640 574 893 630 Christum
917 571 1190 627 Dominum
1217 579 1440 622 nostrum
1458 564 1632 635 (llam.
1656 577 1727 617 vn
1744 604 1757 627 ,
1785 561 1876 628 24,
1898 560 2019 629 25).

442 670 613 733 [lotus
642 669 801 739 igitur
827 666 1018 722 animm
1045 678 1261 721 servans
1287 662 1539 733 impetum
1568 674 1723 713 suum
1742 699 1757 724 ,
1794 666 1845 712 et
1881 671 2015 709 non-

442 761 566 814 dum
595 760 920 822 exstinctus,
950 758 1003 810 in
1031 755 1284 810 memoria
1315 767 1433 807 esse
1458 750 1651 804 dicitur
1677 767 1689 802 :
1719 756 1773 801 et
1804 762 1924 802 eum
1964 746 2019 803 in

441 849 587 905 aliud
614 850 900 904 intenditur
923 847 1148 912 animus,
1173 844 1321 913 quasi
1347 858 1451 897 non
1479 842 1619 896 inest
1637 839 1814 895 animo
1839 838 2018 909 pristi-

443 959 544 998 nus
568 952 762 1005 motus,
785 949 840 999 et
858 955 1041 996 revera
1070 940 1243 992 minor
1269 937 1343 997 ﬁt,
1370 936 1469 990 nisi
1493 943 1773 1003 antequam
1805 931 2018 987 interci-

439 1033 550 1097 dat,
578 1031 804 1103 quadam
830 1030 1078 1083 similium
1104 1028 1368 1082 vicinitate
1396 1032 1697 1080 renovetur.

516 1128 603 1183 15.
641 1125 745 1181 Sed
784 1125 939 1179 velim
968 1122 1134 1186 scire,
1168 1131 1342 1177 utrum
1383 1129 1432 1173 te
1467 1117 1721 1171 adversus
1762 1116 1857 1168 ista
1888 1115 2015 1168 nihil

440 1225 669 1273 moveat.
696 1215 766 1271 Β.
796 1214 1144 1270 Probabiliter
1173 1212 1301 1267 mihi
1331 1212 1507 1265 dicere
1535 1208 1727 1263 videris
1751 1248 1765 1271 ,
1793 1222 1889 1261 nec
1919 1223 2015 1259 au-

439 1311 539 1362 sim
577 1308 847 1363 resistere.
881 1305 957 1360 Μ.
982 1304 1115 1361 Cum
1156 1304 1312 1374 igitttr
1353 1303 1521 1372 ipsum
1563 1300 1763 1356 sentire
1801 1313 2018 1353 movere

438 1403 503 1455 sit
532 1416 725 1470 corpus
753 1399 1007 1455 adversus
1037 1398 1183 1453 illum
1212 1406 1411 1451 motum
1440 1395 1526 1464 qui
1551 1395 1601 1447 in
1632 1409 1695 1448 eo
1726 1392 1892 1446 factus
1913 1401 2011 1453 est,

440 1508 616 1548 nonne
661 1493 933 1548 exiSIimas
972 1490 1093 1545 ideo
1133 1506 1231 1545 nos
1271 1505 1374 1542 non
1415 1488 1612 1543 sentire
1651 1501 1769 1539 cum
1805 1500 1923 1539 ossa
1964 1494 2017 1537 et

436 1599 640 1653 ungues
682 1592 737 1641 et
779 1583 954 1652 capilli
995 1591 1265 1646 secantur,
1304 1596 1408 1634 non
1451 1580 1572 1648 quia
1619 1578 1714 1631 ista
1761 1577 1815 1629 in
1863 1575 2023 1631 nobis.

436 1675 654 1729 omnino
679 1691 782 1739 non
812 1675 1013 1739 vivunt,
1040 1690 1141 1727 non
1171 1672 1309 1725 enim
1340 1672 1491 1726 aliter
1513 1680 1601 1723 aut
1622 1670 2017 1723 continuarentur

437 1774 528 1818 attt
555 1764 882 1820 nutrirenlur
908 1773 997 1817 aut
1026 1770 1360 1826 crescerent,
1398 1769 1488 1814 aut
1525 1761 1681 1813 etiam
1722 1759 1826 1811 vim
1865 1774 2013 1812 suam

437 1857 491 1921 in
520 1857 742 1913 serenda
772 1857 922 1926 prole
951 1864 1342 1919 monstrarent;
1378 1853 1470 1908 sed
1500 1854 1617 1921 quia
1648 1852 1822 1907 minus
1850 1851 2016 1906 libero

437 1965 563 2004 acre
605 1958 979 2017 penetrantur,
1011 1948 1189 2002 mobili
1219 1946 1419 2001 scilicet
1445 1945 1708 1999 elemento
1727 1986 1741 2007 ,
1772 1959 1931 2014 quam
1960 1953 2019 1997 ut

437 2052 616 2096 motus
639 2042 708 2097 ibi
731 2041 895 2111 possit
915 2041 981 2095 ab
1004 2040 1175 2094 anima
1200 2039 1310 2095 fieri
1334 2048 1438 2092 tam
1460 2038 1623 2103 celer,
1648 2053 1802 2105 quam
1829 2045 1911 2091 est
1932 2036 2019 2091 ille

437 2136 693 2193 adversus
726 2152 881 2205 quem
914 2135 971 2191 lit
997 2150 1115 2189 cum
1144 2134 1339 2189 sentire
1365 2132 1575 2187 dicitur.
1607 2133 1747 2189 Talis
1775 2130 2016 2201 qumdam

438 2229 542 2282 vita
573 2243 692 2283 eum
722 2227 773 2282 in
800 2226 1078 2280 arboribus
1103 2235 1263 2293 atque
1286 2224 1537 2293 stirpibus
1562 2224 1770 2278 caeteris
1798 2238 1917 2277 esse
1948 2226 2023 2276 ln-

438 2317 723 2387 telligatur,
749 2316 895 2371 nullo
915 2314 1074 2369 modo
1097 2330 1215 2368 eam
1242 2330 1345 2369 non
1371 2314 1542 2368 solum
1567 2323 1761 2367 nostrze
1785 2329 1903 2382 qum
1930 2328 2016 2367 ra-

439 2411 583 2464 tione
616 2409 775 2465 etiam
820 2407 1123 2478 praepollet,
1165 2406 1257 2462 sed
1299 2422 1364 2460 ne
1402 2406 1503 2476 ipsi
1533 2403 1743 2475 quidem
1774 2404 2020 2460 helluinte

438 2500 593 2556 decet
619 2515 947 2570 prmponere.
980 2498 1137 2554 Aliud
1172 2506 1254 2553 est
1287 2499 1427 2554 enim
1463 2514 1669 2552 summa
1699 2498 2015 2562 stoliditate,

438 2591 579 2646 aliud
619 2605 826 2645 summa
862 2592 1087 2646 sanitate
1123 2590 1363 2661 corporis
1401 2589 1528 2643 nihil
1562 2590 1778 2644 sentire.
1808 2589 1936 2643 Nam
1965 2589 2018 2643 in

438 2682 605 2736 altero
647 2680 996 2735 instrumenta
1040 2681 1255 2741 desunt.
1298 2694 1417 2749 quae
1454 2679 1709 2733 adversus
1748 2678 2020 2749 passiones

438 2771 679 2841 corporis
702 2782 1033 2840 moveantur,
1053 2774 1104 2828 in
1122 2773 1289 2829 altero
1306 2774 1433 2845 ipsae
1454 2772 1831 2844 passiones.D.
1848 2774 2022 2830 Probo

438 2871 494 2917 et
520 2862 798 2917 assentior.

440 2950 665 3009 CAPUT
693 2952 781 3009 Vl.
802 2982 873 2993 —
892 2951 1035 3007 Inter
1054 2970 1235 3024 genera
1262 2970 1579 3008 numerorum
1603 2956 1749 3021 ordo,
1779 2965 1825 3009 et
1852 2971 2021 3009 eorum

1119 3062 1341 3099 nomina.

514 3158 601 3213 16.
645 3158 722 3213 Μ.
762 3158 894 3213 Redi
935 3174 1062 3229 ergo
1108 3174 1319 3214 mecum
1358 3158 1425 3215 ad
1462 3161 1822 3229 propositum,
1863 3169 2022 3232 atque

443 3249 708 3314 reSponde
734 3249 802 3304 de
832 3250 1000 3304 tribus
1030 3250 1133 3304 illis
1160 3250 1443 3319 generibus
1483 3266 1855 3314 numerorum,
1888 3269 2021 3319 quo-

444 3356 561 3395 rum
604 3341 828 3395 alterum
855 3341 908 3395 in
938 3341 1193 3395 memoria
1230 3350 1342 3405 est,
1372 3342 1598 3396 alterum
1628 3342 1680 3395 in
1709 3344 2019 3409 sentiendo,

444 3430 668 3484 alterum
712 3432 763 3484 in
809 3444 975 3492 sono,
1011 3430 1277 3500 quodnam
1322 3431 1415 3485 tibi
1461 3431 1697 3485 videatur
1739 3434 2017 3488 excellere.

444 3519 516 3575 ι).
555 3520 756 3575 Sonum
794 3521 1000 3577 duobus
1035 3523 1139 3577 illis
1169 3533 1430 3593 postpono
1459 3539 1577 3593 qum
1613 3524 1662 3577 in
1692 3526 1866 3579 anima
1900 3532 2024 3579 sunt

445 3621 502 3669 et
547 3614 725 3667 vivunt
769 3613 1156 3683 quodammodo
1192 3630 1205 3669 :
1249 3615 1341 3670 sed
1390 3616 1579 3671 borum
1618 3617 1841 3673 duorum
1882 3618 2021 3688 quod

446 3708 785 3776 prmstantius
816 3706 1071 3775 judieem.
1114 3708 1347 3763 incertus
1385 3724 1538 3775 sum,
1579 3709 1681 3763 nisi
1720 3708 1854 3764 forte
1893 3725 2024 3779 quo-

447 3797 588 3851 niam
618 3796 738 3851 illos
763 3797 854 3867 qui
883 3805 1006 3852 sunt
1036 3798 1089 3851 in
1120 3799 1358 3861 actione,
1398 3816 1502 3853 non
1543 3799 1612 3853 ob
1635 3799 1773 3853 aliud
1816 3815 2024 3869 przrpo-

448 3886 655 3941 nendos
683 3887 746 3941 iis
774 3888 860 3957 qui
889 3881 1012 3941 sunt
1041 3889 1092 3942 in
1121 3890 1375 3942 memoria
1404 3889 1729 3954 dixeramus,
1759 3889 1853 3944 nisi
1884 3890 2025 3958 quod

448 3977 522 4033 illi
547 3977 797 4032 facientes
815 3986 956 4043 sunt,
978 3978 1063 4031 isti
1084 3980 1150 4032 ab
1174 3978 1256 4031 bis
1278 3978 1397 4033 facti
1419 3994 1434 4043 ;
1456 3979 1639 4034 eadem
1667 3980 1871 4035 ratione
1895 3980 2026 4036 istos

449 4067 609 4121 etiam
638 4068 727 4136 qui
756 4066 881 4121 dum
924 4067 1168 4122 audimus
1193 4069 1371 4122 insunt
1408 4070 1459 4123 in
1487 4071 1661 4124 anima
1683 4113 1697 4137 ,
1726 4082 1933 4140 Oportet
1962 4074 2026 4128 iis

448 4167 775 4225 anteponere
800 4158 888 4228 qui
914 4160 981 4213 ab
1008 4159 1194 4215 iisdem
1226 4161 1279 4214 in
1311 4162 1564 4216 memoria
1597 4163 1758 4226 ﬁunt,
1792 4164 1943 4219 sicuti
1973 4174 2027 4220 et

449 4248 648 4301 dudum
688 4247 817 4301 mihi
856 4248 1153 4303 videbatur.
1188 4249 1263 4303 Μ.
1294 4251 1407 4305 Non
1447 4262 1576 4322 puto
1613 4254 1893 4310 absurdam
1935 4272 2024 4311 re-

450 4337 793 4407 sponsionem
824 4347 964 4391 tnam
997 4356 1011 4393 :
1043 4340 1135 4393 sed
1164 4342 1413 4411 quoniam
1443 4343 1761 4410 disputatum
1790 4355 1891 4412 est,
1929 4346 2025 4401 bos

449 4428 609 4481 etiam
635 4428 723 4495 qui
749 4435 873 4481 sunt
898 4429 948 4481 in
975 4428 1252 4484 sentiendo
1278 4447 1526 4486 numeros
1545 4434 1882 4501 operationes
1906 4451 2025 4491 esse

448 4518 678 4583 animae;
706 4520 973 4588 quomodo
1000 4535 1091 4575 eos
1115 4520 1184 4575 ab
1213 4521 1317 4576 illis
1345 4522 1604 4578 discernis
1622 4565 1636 4588 ,
1669 4540 1801 4595 quos
1828 4528 1878 4581 in
1905 4538 2025 4583 actu

447 4625 570 4667 esse
611 4612 1078 4666 animadvertimus
1098 4654 1113 4677 ,
1153 4614 1311 4668 etiam
1339 4630 1457 4670 eum
1487 4616 1537 4670 in
1566 4617 1775 4671 silentio
1803 4634 1907 4673 non
1933 4635 2025 4675 reo

450 4701 680 4756 cordans
703 4703 810 4772 agit
836 4702 1032 4773 aliquid
1061 4703 1236 4757 anima
1273 4720 1367 4774 per
1393 4708 1697 4775 temporalia
1725 4709 1895 4777 spatia
1925 4726 2024 4763 nu—

447 4806 716 4847 morosum
736 4794 752 4825 ⁸
769 4793 793 4847 ?
812 4808 877 4847 an
902 4793 1043 4862 quod
1072 4793 1145 4847 illi
1174 4803 1296 4847 sunt
1322 4797 1578 4850 moventis
1604 4812 1723 4853 sese
1748 4801 1937 4853 anima:
1960 4801 2023 4855 ad

446 4897 640 4953 corpus
681 4899 872 4949 suum,
921 4883 976 4939 hi
1024 4900 1153 4941 vero
1195 4885 1248 4940 in
1293 4887 1557 4943 audiendo
1600 4893 1860 4945 moventis
1906 4906 2025 4947 sese

446 4973 640 5030 animae
682 4974 935 5029 adversus
980 4976 1255 5045 passiones
1291 4978 1529 5049 corporis
1565 4981 1684 5035 sui?
1710 4980 1779 5035 D.
1808 4981 2026 5053 Accipio

449 5064 605 5118 istam
653 5064 1024 5120 dill‘erentiam.
1072 5066 1150 5121 Μ.
1189 5067 1365 5135 Quid?
1405 5069 1457 5123 in
1501 5074 1760 5127 sententia
1803 5088 2023 5128 manen-

451 5154 647 5210 dumne
670 5156 967 5223 arbitraris,
1000 5165 1058 5211 ut
1087 5160 1484 5226 prmstantiores
1511 5161 1582 5214 illi
1608 5162 1910 5231 judicentur
1935 5166 2023 5235 qui

450 5254 575 5299 sunt
599 5244 665 5299 ad
693 5260 905 5315 corpus,
934 5262 1089 5316 quam
1122 5247 1198 5301 illi
1219 5250 1305 5317 qui
1330 5258 1452 5304 sunt
1478 5250 1729 5306 adversus
1756 5255 2027 5321 passiones

450 5336 730 5404 corporis?
753 5336 824 5390 D.
860 5337 1157 5392 Liberiores
1181 5338 1307 5392 mihi
1339 5340 1583 5395 videntur
1610 5341 1682 5396 illi
1709 5345 1796 5413 qui
1827 5355 1950 5400 sunt
1975 5348 2027 5403 in

453 5427 689 5493 silentio,
710 5444 869 5497 quam
897 5429 930 5483 ii
957 5430 1043 5498 qui
1071 5446 1175 5485 non
1197 5431 1366 5485 solum
1387 5431 1453 5487 ad
1474 5448 1685 5501 corpus,
1707 5436 1798 5489 sed
1820 5436 1887 5490 ad
1910 5454 2027 5506 pas-

452 5518 634 5571 siones
653 5518 810 5572 etiam
831 5522 1068 5588 corporis
1085 5530 1418 5576 exseruntur.
1442 5523 1516 5576 Μ.
1538 5525 1787 5580 Distineta
1805 5543 1831 5579 a
1854 5528 2023 5591 nobis,

452 5616 509 5661 et
530 5606 839 5676 quibusdam
860 5612 1165 5665 meritorum
1186 5613 1432 5682 gradibus
1454 5614 1689 5669 ordinata
1712 5616 1863 5672 video
1884 5619 2030 5688 quin-

756 5752 842 5793 rer
861 5744 1139 5820 ternporuli't
1171 5747 1326 5808 spatia
1362 5762 1683 5820 numerorum.
1719 5754 2031 5815 iteposuimus

456 5818 708 5864 met‘osum,
730 5820 789 5854 ελ
811 5817 1093 5857 auctoritate
1113 5823 1198 5857 sex
1214 5824 1382 5859 nsanos
1411 5817 1466 5865 rit
1486 5822 1545 5860 tot
1561 5826 1656 5860 um.

1641 346 1724 400 LE
1764 340 2032 406 MUSICA,
2170 340 2529 400 AECCS'l'lNl

3576 345 3710 400 H73

2123 470 2225 526 que
2247 470 2439 525 genera
2462 469 2824 517 numerorum,
2849 455 3061 523 quibus,
3088 454 3131 508 si
3155 454 3343 525 placet,
3371 457 3709 527 imponamus

2120 562 2352 618 congrua
2396 546 2673 611 vocabula,
2718 562 2782 599 nc
2831 546 2883 599 in
2928 548 3132 616 reliquo
3175 562 3422 603 sermooe
3471 550 3715 618 pluribus

2119 640 2295 693 verbis
2334 654 2490 707 quam
2537 639 2693 691 rebus
2738 638 2809 689 uti
2853 652 3069 691 necesse
3104 639 3192 691 sit.
3235 638 3299 691 Ι).
3339 640 3515 695 Placet
3554 657 3703 695 vero.

2122 728 2196 782 Μ.
2232 730 2491 785 Vocentur
2513 744 2639 798 ergo
2668 728 2819 797 primi
2840 728 3136 797 judiciales,
3160 732 3375 784 secundi
3402 748 3711 802 progresso-

2120 834 2227 881 res,
2262 820 2398 873 tertii
2428 833 2762 882 occursuros,
2782 819 2966 888 ,quarti
2998 819 3388 885 recordabilcs,
3420 822 3591 891 quinti
3626 839 3715 877 so-

2121 918 2326 963 nantes.
2355 908 2427 964 D.
2454 909 2654 977 Teneo,
2688 918 2742 964 et
2771 910 2853 963 Itis
2880 910 3177 963 nominibus
3206 920 3322 964 utar
3354 912 3619 965 libentius.

2202 1000 2426 1057 CAPUT
2465 1001 2576 1055 νυ.
2612 1031 2683 1042 ——
2724 1002 2935 1054 Numeri
2964 1002 3235 1073 judiciales
3275 1021 3339 1057 rm
3379 1004 3478 1057 sint
3518 1006 3619 1057 im-

2532 1138 2535 1141 .
2782 1095 3034 1147 mortales.

2193 1183 2276 1237 17.
2316 1181 2393 1235 Μ.
2426 1184 2651 1238 Attende
2694 1184 2852 1254 igitur
2886 1183 3169 1253 deinceps,
3200 1195 3251 1238 et
3278 1185 3365 1239 die
3393 1186 3518 1238 milii
3543 1228 3556 1251 ,
3585 1188 3699 1255 qui-

2128 1289 2246 1325 nam
2271 1274 2489 1328 istorum
2514 1274 2840 1328 Immortales
2863 1274 2950 1327 tibi
2974 1274 3270 1339 videantur,
3296 1290 3361 1327 an
3385 1290 3571 1330 omnes
3592 1278 3707 1331 suis

2120 1367 2443 1436 temporibus
2470 1366 2570 1420 labi
2595 1375 2751 1436 atque
2778 1366 3018 1420 occidere
3045 1367 3338 1421 existimes.
3369 1366 3438 1420 D.
3472 1368 3708 1421 iudicia-

2119 1456 2196 1509 les
2226 1457 2365 1509 solos
2394 1457 2719 1510 immortales
2749 1466 2906 1525 puto;
2937 1466 3162 1512 cmteros
3185 1459 3339 1512 video
3370 1459 3449 1512 vel
3480 1460 3709 1513 transire

2121 1562 2239 1597 cum
2274 1546 2425 1609 ﬁunt,
2458 1547 2535 1599 vel
2567 1545 2633 1600 de
2664 1546 2916 1599 memoria
2945 1546 3213 1601 oblivione
3246 1548 3435 1602 deleri.
3466 1547 3542 1600 Μ.
3574 1549 3705 1601 Tum

2118 1646 2294 1689 certus
2322 1651 2380 1691 cs
2405 1637 2470 1690 de
2499 1637 2719 1692 istorum
2750 1637 3174 1704 immortalitate,
3205 1654 3361 1708 quam
3392 1639 3457 1692 de
3488 1639 3705 1693 interitu

2118 1736 2428 1779 casterorum
2451 1745 2464 1793 ;
2490 1741 2555 1780 an
2587 1727 2913 1797 diligentius,
2940 1738 3115 1781 utrum
3147 1745 3270 1784 vere
3299 1730 3348 1782 lti
3378 1730 3707 1784 immortales

2118 1816 2244 1875 sint,
2290 1826 2499 1886 oportet
2544 1819 2822 1887 quaerere?
2851 1818 2919 1870 D.
2959 1818 3270 1886 Quaeramus
3307 1834 3454 1875 sane.
3496 1820 3573 1873 Μ.
3615 1822 3707 1877 llic

2118 1923 2264 1977 ergo,
2297 1923 2413 1962 cum
2444 1908 2709 1979 aliquanto
2738 1910 3035 1979 correptius
3064 1912 3174 1965 sive
3202 1911 3505 1980 productius
3526 1952 3543 1978 ,
3576 1916 3704 1966 dum

2119 1998 2342 2051 serviam
2379 2007 2674 2069 temporum
2705 2000 2803 2071 legi
2839 2016 2940 2070 qua
2971 2001 3164 2071 sitnplo
3189 2002 3253 2055 ad
3284 2002 3500 2071 duplum
3540 2006 3702 2074 pedes

2119 2090 2480 2156 conveniunt,
2532 2105 2745 2144 versum
2797 2093 3118 2160 pronuntio,
3161 2108 3285 2146 num
3340 2093 3550 2148 ollendo
3598 2098 3705 2147 ulla

2120 2178 2306 2233 fraude
2324 2180 2576 2248 judicium
2599 2196 2789 2235 sensus
2812 2182 2923 2236 tui?
2944 2180 3011 2234 ι).
3032 2181 3148 2237 Non
3172 2188 3408 2238 omnino.
3436 2186 3509 2238 Μ.
3534 2186 3707 2251 Quid?

2120 2281 2281 2321 Sonus
2308 2267 2396 2321 ille
2421 2270 2508 2339 qui
2537 2270 2951 2339 correptioribus
2974 2280 3027 2326 et
3050 2273 3199 2343 quasi
3229 2271 3580 2346 fugacioribus
3600 2276 3704 2345 syl-

2120 2358 2253 2415 labis
2275 2359 2465 2423 editur,
2497 2376 2621 2413 num
2648 2371 2820 2430 potest
2844 2359 2958 2430 plus
2982 2363 3235 2433 temporis
3263 2379 3521 2433 occupare
3546 2380 3708 2435 quam

2119 2452 2311 2504 sonat?
2340 2450 2409 2504 D.
2441 2452 2542 2519 Qui
2576 2454 2786 2523 potest?
2816 2454 2893 2507 Μ.
2925 2455 3214 2511 iudiciales
3242 2474 3371 2528 ergo
3401 2458 3474 2512 illi
3501 2460 3708 2512 numeri

2120 2540 2164 2594 si
2192 2541 2400 2595 vinculo
2426 2544 2678 2611 temporis
2705 2546 2755 2597 in
2788 2553 2936 2598 tanto
2959 2547 3130 2615 spatio
3154 2536 3483 2614 tenerentur,
3507 2560 3710 2619 quanto

2122 2629 2206 2684 isti
2233 2641 2480 2687 sonantes
2507 2633 2695 2703 digesti
2721 2642 2873 2698 sunt;
2909 2647 3193 2705 possentne
3217 2637 3283 2690 ad
3311 2653 3493 2692 eorum
3520 2655 3709 2691 sonan-

2123 2722 2248 2775 tium
2267 2722 2355 2792 qui
2380 2723 2533 2792 paulo
2555 2724 2859 2793 productius
2883 2725 3067 2779 eadem
3091 2727 3311 2782 iambico
3340 2729 3451 2798 lege
3474 2727 3703 2781 fundun-

2124 2824 2226 2879 tur,
2258 2816 2492 2883 aspirare
2549 2816 2843 2885 judicium?
2883 2814 2948 2869 ι).
2982 2816 3139 2872 Nullo
3178 2820 3356 2873 modo.
3424 2818 3501 2872 Μ.
3546 2819 3711 2887 Igitur

2121 2913 2339 2974 apparet
2382 2905 2478 2957 hos
2518 2919 2661 2958 mora
2707 2914 3025 2974 temporum,
3072 2908 3160 2977 qui
3201 2908 3485 2977 judicando
3525 2912 3712 2979 prmsi-

2122 2996 2267 3057 dent,
2299 3010 2403 3048 non
2437 2995 2622 3049 teneri.
2650 2995 2719 3047 Ι).
2749 2998 2973 3050 Prorsus
3001 3008 3243 3067 apparet.

2197 3086 2281 3141 l8.
2310 3084 2386 3139 Μ.
2416 3087 2576 3140 ιὶροιο
2599 3087 2809 3141 annuis.
2836 3087 2938 3142 Sed
2962 3090 3003 3141 si
3028 3090 3169 3142 nulla
3194 3099 3518 3153 tenerentur,
3542 3107 3712 3160 quan-

2125 3176 2308 3230 tolibet
2334 3176 2637 3246 productius
2656 3219 2670 3242 ,
2705 3178 2951 3247 legitimis
2983 3180 3272 3234 intervallis
3303 3182 3557 3236 iambicos
3587 3196 3711 3250 pro—

2124 3266 2529 3332 l'errem'sonos,
2563 3270 2903 3323 nihilominus
2928 3270 2993 3323 ad
3017 3270 3359 3340 judicandum
3390 3273 3710 3328 adhiberen-

2125 3367 2240 3413 tur:
2264 3375 2403 3413 nunc
2423 3377 2547 3414 vero
2570 3361 2612 3413 si
2634 3360 2846 3415 ederem
2873 3378 3028 3414 unam
3052 3363 3311 3433 syllabam
3338 3375 3530 3433 quanta
3560 3380 3711 3418 mora

2124 3461 2445 3519 peraguntur
2463 3453 2549 3520 (ue
2577 3453 2800 3505 multum
2830 3452 3023 3522 dicam)
3046 3462 3152 3507 tres
3179 3470 3364 3521 passus
3394 3456 3709 3520 incedentis,

2125 3550 2177 3595 et
2198 3541 2353 3594 aliam
2383 3541 2561 3611 duplo,
2586 3552 2743 3611 atque
2770 3543 2837 3595 ita
2865 3542 3114 3611 deinceps
3145 3554 3247 3597 tam
3280 3546 3461 3614 longos
3492 3546 3695 3599 iambos

2125 3631 2422 3685 Ordinarcm
2446 3649 2459 3695 ;
2483 3632 2655 3699 simpli
2677 3641 2730 3686 et
2756 3632 2899 3700 dupli
2930 3634 3010 3687 lex
3037 3634 3122 3687 illa
3153 3634 3489 3689 uiltilosecius
3518 3651 3700 3688 serva-

2126 3728 2310 3775 retur:
2345 3736 2443 3775 nec
2472 3730 2645 3775 tamen
2684 3724 2921 3777 naturale
2948 3724 3073 3778 illud
3102 3724 3360 3793 judicium
3390 3726 3471 3779 his
3497 3726 3710 3780 dimen-

2125 3810 2361 3865 siouibus
2386 3812 2735 3880 approbandis
2760 3813 3011 3868 adhibere
3039 3831 3333 3884 possemus.
3368 3820 3445 3870 An
3476 3819 3568 3871 tibi
3599 3818 3729 3869 non'

2131 3900 2377 3954 videtur?
2401 3900 2467 3952 Ι).
2499 3900 2703 3972 Negare
2732 3918 2837 3956 non
2866 3919 3077 3973 possum
3106 3906 3177 3959 ita
3202 3907 3366 3960 videri
3393 3922 3406 3959 :
3441 3923 3557 3960 nam
3589 3923 3710 3961 mea

2126 3992 2336 4059 quidem
2366 3994 2622 4046 sententia
2651 4008 2737 4048 res
2766 3994 2816 4047 in
2848 4007 3033 4064 aperto
3060 4005 3159 4050 est.
3181 3996 3259 4050 Μ.
3281 3998 3547 4052 Tenentur
3573 4014 3705 4067 ergo

2127 4090 2181 4137 et
2209 4082 2259 4136 bi
2284 4083 2558 4152 judiciales
2594 4086 2863 4140 nonnullis
2894 4087 3086 4141 linibus
3118 4090 3484 4157 temporalium
3512 4092 3714 4159 spatio—

2128 4190 2245 4229 rum
2266 4215 2279 4237 ,
2310 4189 2443 4242 quos
2468 4175 2517 4227 in
2545 4175 2832 4244 judicando
2858 4178 3117 4241 excedere
3144 4191 3442 4246 nequeunt,
3473 4190 3527 4234 et
3551 4181 3709 4248 quid-

2127 4263 2251 4333 quid
2281 4264 2487 4318 excedit
2508 4264 2620 4320 lttec
2639 4268 2827 4334 spatia,
2853 4283 2957 4320 non
2978 4278 3333 4336 assequuntur
3356 4279 3409 4322 ut
3429 4270 3669 4338 judicent
3693 4287 3709 4322 :

2127 4365 2286 4425 atque
2313 4356 2379 4409 ita
2411 4357 2453 4409 si
2486 4364 2766 4419 tenentur,
2800 4359 3064 4428 quomodo
3101 4362 3206 4413 sint
3248 4362 3567 4417 immortales
3604 4380 3713 4418 non

2128 4448 2300 4502 video.
2328 4448 2393 4501 ι).
2419 4448 2529 4504 Nec
2553 4464 2651 4518 ego
2684 4449 2835 4504 video
2860 4450 2984 4519 quid
3010 4452 3379 4520 respondeam.
3409 4453 3513 4508 Sed
3542 4470 3715 4523 quan~

2127 4555 2284 4610 quam
2307 4540 2375 4595 de
2397 4541 2791 4596 immortalitate
2819 4541 3004 4596 borum
3026 4543 3133 4612 jam
3165 4544 3342 4598 minus
3371 4561 3711 4614 praesumam,

2130 4648 2235 4687 non
2268 4641 2441 4687 tamen
2471 4650 2578 4703 quo
2606 4642 2759 4703 pacto
2788 4634 2912 4689 hinc
2937 4635 3191 4690 mortales
3219 4638 3599 4691 convincantur
3626 4640 3713 4690 in-

2130 4723 2326 4793 telligo.
2373 4723 2510 4778 Fieri
2552 4723 2693 4778 enim
2736 4733 2937 4792 potest,
2980 4734 3037 4779 ut
3076 4736 3501 4797 quantacumque
3542 4730 3714 4797 spatia

2124 4813 2363 4882 judicare
2402 4824 2648 4883 possunt,
2691 4829 2903 4884 semper
2941 4815 2993 4869 id
3033 4817 3271 4886 possint,
3311 4820 3559 4889 quoniam
3605 4834 3711 4875 nan

2127 4902 2265 4958 sicut
2291 4913 2549 4972 caeteros,
2579 4912 2671 4958 aut
2711 4904 2977 4960 oblivione
3016 4905 3216 4961 aboleri
3255 4920 3471 4977 possum
3507 4908 3712 4976 dicere,

2127 5002 2221 5048 aut
2244 4994 2441 5048 tamdiu
2468 5008 2586 5049 esse
2602 4994 2687 5048 vel
2710 4994 2761 5047 in
2787 5004 2987 5049 tantum
3014 4996 3247 5062 extendi,
3275 4996 3521 5066 quamdiu
3547 5013 3714 5052 sonus

2128 5085 2411 5155 appellitur
2435 5093 2488 5140 et
2511 5086 2563 5139 in
2591 5094 2845 5157 quantum
2888 5086 3243 5142 extenduntur
3268 5103 3576 5143 occursores
3603 5088 3710 5151 illi,

2129 5184 2217 5229 aut
2247 5176 2495 5245 quamdiu
2524 5184 2749 5246 aguntur
2769 5176 2853 5230 vel
2879 5186 3132 5246 quantum
3176 5179 3540 5246 producuntur
3576 5192 3714 5247 quos

2134 5281 2503 5336 progressores
2526 5267 2864 5331 vocavimus;
2897 5283 3017 5322 nam
3048 5270 3256 5338 utrique
3280 5284 3399 5324 eum
3430 5269 3541 5337 ipso
3572 5278 3713 5323 tem-

2132 5373 2259 5426 pore
2282 5358 2605 5426 operationis
2630 5373 2741 5412 sure
2771 5368 3043 5413 transeunt
3073 5377 3085 5413 :
3118 5359 3170 5413 hi
3200 5369 3376 5414 autem
3401 5359 3709 5428 judiciales,

2132 5457 2309 5503 utrum
2358 5458 2409 5503 et
2457 5450 2507 5503 in
2556 5450 2730 5503 anima
2780 5452 2996 5516 nescio,
3044 5453 3093 5504 in
3142 5452 3251 5520 ipsa
3295 5462 3438 5505 certe
3485 5453 3716 5507 hominis

2134 5547 2319 5593 natura
2368 5549 2605 5605 manent,
2646 5540 2929 5610 judicaturi
2974 5542 3041 5596 de
3084 5542 3297 5608 oblatis,
3340 5559 3637 5612 quanquam
3681 5559 3710 5596 a

2134 5640 2277 5683 certa
2322 5630 2575 5686 brevitate
2629 5648 2792 5701 usque
2832 5632 2898 5685 ad
2943 5644 3147 5688 certam
3191 5633 3569 5705 longitudinem
3617 5650 3681 5686 va

2135 5719 2337 5771 rieotur
2356 5760 2370 5783 ,
2414 5721 2754 5790 approbando
2785 5725 2835 5775 in
2864 5721 2942 5777 bis
2974 5738 3255 5780 numerosa
3276 5765 3291 5790 ,
3320 5732 3373 5778 et
3410 5725 3711 5794 perturbata

2136 5807 2450 5862 damnando.
