4118 6370
1563 280 1601 293 ‘—

474 367 609 423 N75

473 481 759 546 obtulerit;
804 496 980 537 nonne
1025 482 1122 553 ipsi
1169 480 1502 537 existimandi
1546 488 1672 535 sunt
1712 493 1808 549 per
1849 484 2052 534 certum

474 572 703 642 spatium
742 572 996 642 temporis
1030 571 1213 627 tendi?
1235 570 1341 629 Sed
1378 572 1597 626 interest
1631 570 1821 641 quibus
1852 579 2055 637 tempo-

477 680 595 720 rum
622 664 806 734 spatiis
832 663 912 719 vcl
940 663 1150 719 excidat
1173 663 1346 730 nobis,
1372 662 1459 718 vel
1484 662 1882 718 meminerimus
1912 658 2053 730 quod

473 758 733 830 iudicant.
762 757 1033 828 Siquidem
1064 772 1163 812 nec
1186 756 1238 811 in
1265 757 1393 827 ipsis
1418 771 1701 825 corporum
1730 754 1914 809 formis
1936 769 2053 823 qua:

474 848 541 902 ad
573 848 757 902 oculos
788 846 1085 918 pertinent,
1129 862 1413 918 possumus
1446 846 1670 902 rotunda
1707 848 1789 901 vel
1818 847 2015 917 quadra
2036 886 2053 911 ,

476 940 565 994 vel
592 954 938 1011 qutecumque
960 939 1060 994 alia
1086 940 1250 993 solida
1274 948 1327 995 et
1347 939 1699 994 determinata
1720 938 1979 1008 iudicare,
2002 948 2056 994 et

478 1032 699 1087 omnino
735 1031 961 1095 sentire,
1000 1030 1101 1085 nisi
1137 1046 1197 1085 ea
1234 1030 1303 1085 ob
1341 1031 1524 1085 oculos
1562 1030 1905 1085 versemus‘:
1934 1044 2052 1084 cum

478 1132 657 1179 autem
684 1124 785 1178 alia
815 1138 935 1193 pars
963 1123 1234 1194 aspicitur,
1265 1125 1307 1177 si
1336 1123 1593 1179 exciderit
1621 1122 1761 1194 quod
1790 1131 1872 1177 est
1897 1138 2053 1193 aspe-

478 1226 623 1273 ctum
650 1218 701 1271 in
732 1218 867 1281 alia,
904 1215 1188 1272 frustratur
1223 1217 1442 1271 omnino
1476 1216 1762 1286 iudicantis
1796 1216 2052 1280 intentio,

477 1310 599 1379 quia
638 1318 693 1365 et
734 1308 837 1364 huc
882 1309 1054 1380 aliqua
1094 1325 1241 1363 mora
1291 1310 1543 1379 temporis
1582 1310 1674 1375 iit;
1713 1310 1796 1364 cui
1840 1310 2055 1364 variatas

478 1416 613 1473 opus
638 1411 722 1458 est
748 1402 1019 1472 invigilare
1046 1401 1376 1456 memoriam.

548 1491 641 1549 22.
686 1491 1061 1547 Recordabiles
1103 1506 1230 1545 vero
1268 1506 1518 1547 numeros
1557 1491 1723 1545 multo
1760 1491 2056 1546 evidentius

479 1595 597 1651 est,
622 1586 761 1656 quod
792 1585 976 1639 eadem
1014 1586 1126 1654 ipsa
1158 1585 1413 1639 offerente
1448 1584 1731 1650 memoria,
1760 1584 2078 1659 iudicamus.

479 1678 564 1733 his
587 1676 943 1746 iudicialibus.
970 1676 1103 1731 Nam
1138 1682 1183 1729 sl
1222 1689 1562 1738 occursores,
1602 1683 1856 1744 quantum
1893 1675 1960 1729 ab
1992 1689 2056 1729 ea

478 1768 804 1831 olferuntur,
850 1776 1054 1821 tantum
1091 1767 1428 1837 iudicantur;
1468 1766 1637 1821 multo
1675 1765 1840 1835 magis
1880 1765 1949 1830 ii,
1990 1765 2056 1819 ad

478 1873 613 1929 quos
642 1869 889 1929 tanquam
914 1859 1178 1929 repositos
1204 1868 1325 1927 post
1347 1857 1478 1912 alias
1503 1857 1819 1912 intentiones
1839 1871 2060 1911 revoca-

478 1963 599 2002 mur
614 1948 1001 2012 recordatione,
1022 1948 1073 2001 in
1097 1948 1207 2017 ipsa
1228 1948 1481 2002 memoria
1502 1948 1680 2002 vivere
1696 1947 2054 2002 inveniuntur.

478 2038 615 2105 Quid
651 2038 795 2094 enim
820 2038 959 2093 aliud
986 2040 1191 2109 agimus
1225 2054 1343 2092 cum
1377 2053 1690 2094 revocamus
1725 2052 1825 2093 nos
1856 2039 1909 2092 in
1945 2053 2061 2093 me»

479 2130 704 2183 moriam
726 2170 742 2194 ,
774 2128 875 2181 nisi
901 2128 1292 2198 quodammodo
1314 2127 1457 2197 quod
1495 2128 1832 2197 reposuimus
1856 2129 2051 2196 qumri-

479 2220 633 2274 mus?
668 2220 913 2274 Recurrit
948 2230 1123 2274 autem
1159 2222 1211 2273 in
1252 2220 1625 2289 cogitationem
1668 2221 1947 2276 occasione
1986 2221 2060 2276 si-

478 2316 680 2370 milium
722 2327 896 2370 motus
932 2315 1095 2370 animi
1130 2331 1236 2369 non
1264 2316 1587 2380 exstinctus,
1618 2325 1669 2370 et
1698 2317 1809 2370 haec
1838 2325 1919 2370 est
1942 2332 2059 2386 qua:

478 2411 673 2465 dicitur
712 2410 1027 2464 recordatio.
1066 2409 1153 2464 Sic
1191 2410 1396 2479 agimus
1434 2423 1719 2474 numeros,
1753 2409 1833 2464 vel
1864 2409 1916 2463 in
1946 2410 2061 2463 sola

477 2504 832 2574 cogitatione,
880 2503 965 2557 vel
1006 2502 1165 2556 etiam
1208 2503 1261 2555 in
1305 2502 1661 2555 membrorum
1708 2514 1883 2565 motu,
1925 2516 2060 2571 quos

473 2597 583 2667 iam
604 2597 806 2667 egimus
827 2594 1128 2666 aliquando.
1148 2592 1273 2648 Inde
1290 2603 1466 2648 autem
1484 2594 1680 2647 scimus
1702 2609 1804 2647 non
1827 2594 2057 2659 venisse,

477 2691 571 2745 sed
603 2690 806 2745 redisse
836 2689 954 2743 illos
981 2690 1033 2741 in
1062 2688 1458 2757 cogitationem,
1491 2686 1613 2755 quia
1641 2702 1763 2739 cum
1789 2685 2061 2740 memoria:

480 2782 883 2842 mandarentur,
917 2794 1035 2833 cum
1065 2779 1376 2833 difficultate
1406 2778 1811 2847 repetebantur,
1840 2787 1895 2833 et
1920 2778 2059 2833 indi-

479 2874 735 2941 gebamus
759 2873 932 2940 aliqua
965 2872 1458 2940 prtemoustratione
1479 2879 1536 2925 ut
1554 2886 1899 2941 sequeremur
1922 2888 1934 2925 ε
1959 2887 2061 2942 qua

477 2964 789 3018 difficultate
828 2962 1073 3033 dempta,
1105 2977 1224 3017 cum
1264 2977 1383 3017 sese
1411 2962 1510 3033 ipsi
1539 2964 1936 3019 accommodate
1966 2979 2061 3019 vo-

479 3054 666 3110 luntati
684 3055 934 3121 ollerunt,
952 3063 1337 3123 consequenter
1358 3054 1682 3123 temporibus
1701 3063 1858 3125 atquc
1878 3056 2064 3109 ordine

482 3162 602 3213 suo,
627 3155 731 3200 tam
755 3145 909 3201 facile
935 3154 992 3200 ut
1015 3146 1104 3215 qui
1133 3144 1498 3201 vehementius
1526 3144 1880 3212 inhaeserant,
1903 3146 2062 3200 etiam

480 3238 694 3294 aliunde
732 3237 1087 3309 cogitantibus
1123 3238 1307 3303 nobis,
1336 3237 1443 3306 iam
1487 3237 1637 3307 quasi
1678 3238 1891 3306 praprio
1934 3248 2065 3291 nutu

479 3336 835 3399 peragantur,
866 3344 969 3381 non
1000 3342 1093 3382 eos
1118 3328 1304 3398 utique
1326 3342 1491 3382 novos
1514 3343 1635 3383 esse
1661 3329 1938 3382 sentimus.
1969 3328 2065 3383 Est

480 3422 646 3476 etiam
671 3420 813 3474 aliud
841 3420 982 3475 unde
1005 3436 1102 3474 nos
1128 3420 1328 3474 sentire
1354 3420 1583 3475 arbitror
1605 3428 1918 3489 prmsentem
1951 3436 2065 3473 mo-

483 3520 595 3565 tum
634 3511 797 3566 animi
831 3510 1117 3580 aliquando
1142 3510 1250 3581 iam
1286 3509 1455 3565 fuisse
1475 3551 1490 3576 ,
1518 3509 1659 3580 quod
1697 3520 1779 3565 est
1810 3525 2068 3581 recogno-

480 3618 653 3667 scere,
674 3602 801 3658 dum
829 3612 1071 3657 recentes
1102 3611 1275 3657 motus
1302 3601 1418 3672 ejus
1443 3602 1667 3657 actionis
1687 3603 1741 3657 in
1761 3618 1862 3673 qua
1884 3619 2066 3658 sumus

481 3706 603 3748 cum
633 3692 1005 3759 recurdamur,
1036 3693 1125 3764 qui
1154 3701 1298 3748 certe
1322 3692 1616 3748 vivaciores
1643 3702 1800 3759 sunt,
1830 3709 1948 3747 cum
1977 3709 2066 3747 re-

481 3783 840 3839 cordabilibus
874 3784 982 3854 iam
1023 3783 1376 3839 sedatioribus
1419 3784 1647 3853 quodam
1690 3784 1942 3839 interiore
1981 3784 2067 3838 lu-

482 3875 627 3931 mine
662 3890 1033 3946 comparamus
1060 3894 1073 3929 :
1102 3882 1157 3928 et
1185 3875 1301 3929 talis
1326 3875 1525 3943 agnitio
1543 3916 1559 3939 ,
1589 3874 1882 3943 recognitio
1907 3882 1989 3929 est
2014 3883 2069 3928 et

482 3964 800 4021 recordatio.
848 3965 1161 4021 Judicantur
1192 3981 1319 4035 ergo
1362 3974 1416 4019 et
1457 3965 1813 4020 recordabiles
1858 3967 2065 4021 numeri

483 4056 554 4111 ab
582 4057 668 4113 his
693 4057 1051 4126 iudicialibus,
1083 4072 1350 4126 nunquam
1378 4057 1498 4121 soli,
1530 4057 1621 4111 sed
1650 4056 1910 4125 adiunctis
1937 4059 2069 4111 acti-

485 4148 595 4210 vis,
623 4156 714 4200 aut
738 4146 1111 4201 occursoribus
1130 4186 1144 4209 ,
1173 4154 1264 4199 aut
1292 4145 1528 4215 utrisque
1548 4186 1563 4211 ,
1588 4146 1676 4215 qui
1701 4161 1794 4201 eos
1816 4155 2065 4216 tanquam

490 4254 520 4290 e
544 4237 760 4291 latebris
786 4237 896 4291 suis
922 4235 974 4290 in
1007 4236 1344 4291 manifestum
1374 4237 1697 4307 producant,
1728 4249 1782 4293 et
1806 4240 1953 4309 quasi
1984 4256 2067 4293 re-

489 4326 817 4398 dintegratas
853 4328 941 4397 qui
974 4328 1085 4396 iam
1123 4328 1503 4393 abolebantur,
1534 4344 1747 4385 rursum
1787 4333 2069 4387 recordan-

489 4429 595 4475 tur.
619 4419 693 4475 Ita
718 4436 839 4475 cum
860 4435 1175 4476 occursores
1197 4420 1248 4474 in
1272 4430 1473 4475 tantum
1498 4421 1820 4491 iudicentur,
1842 4424 1892 4478 in
1910 4440 2073 4494 quan-

487 4523 599 4567 tum
641 4526 737 4568 eos
772 4512 1027 4567 memoria
1070 4512 1426 4583 iudicantibus
1472 4514 1801 4579 admoverit,
1850 4524 2071 4585 possunt

484 4606 722 4661 vicissim
759 4614 815 4662 et
852 4606 1212 4663 recordabiles
1239 4609 1329 4678 qtti
1357 4616 1484 4663 sunt
1507 4609 1559 4663 in
1589 4610 1842 4664 memoria
1878 4626 2069 4664 occur-

488 4700 704 4755 soribus
745 4714 840 4756 eos
881 4701 1255 4756 exhibentibus
1290 4700 1519 4771 iudicari
1552 4719 1563 4754 :
1596 4711 1654 4756 ut
1698 4702 1798 4757 hoc
1839 4702 2068 4768 intersit,

487 4792 631 4862 quod
661 4807 972 4849 occursores
999 4802 1056 4847 ut
1074 4792 1380 4862 iudicentur
1402 4834 1417 4859 ,
1446 4793 1594 4863 quasi
1624 4795 1856 4848 recentia
1886 4810 2071 4849 eorum

490 4883 804 4955 fugientium
832 4885 1051 4955 vestigia
1082 4884 1238 4939 olfert
1270 4886 1561 4949 memoria;
1592 4885 1949 4940 recordabiles
1975 4901 2073 4939 au-

490 4989 600 5036 tem
642 4979 856 5049 quando
895 4994 990 5034 eos
1031 4978 1295 5033 audiendo
1328 4978 1656 5048 iudicamus,
1699 4979 1849 5049 quasi
1888 4978 2072 5033 eadem

491 5072 712 5143 vestigia
747 5070 1121 5127 occursoribus
1157 5070 1555 5125 transeuntibus
1582 5070 1927 5124 revirescunt.
1956 5069 2073 5124 Jam

491 5179 655 5234 porro
692 5164 761 5219 de
799 5162 1110 5218 sonantibus
1150 5162 1387 5216 numeris
1419 5159 1544 5232 quid
1581 5175 1716 5228 opus
1752 5168 1835 5214 est
1872 5159 2073 5225 dicere,

441 5272 448 5278 '
494 5273 619 5312 cum
641 5258 693 5311 in
720 5256 1090 5313 oceursoribus
1109 5255 1435 5326 iudicentur,
1463 5254 1506 5307 si
1533 5253 1845 5309 audiantur?
1867 5253 1920 5309 Si
1946 5269 2077 5308 vero

499 5347 574 5402 ibi
600 5356 790 5402 sonant
811 5347 899 5402 ubi
922 5362 1026 5402 non
1052 5347 1359 5409 audiuntur,
1382 5345 1504 5414 quis
1527 5343 1733 5399 dubitet
1752 5359 1846 5398 eos
1866 5360 1893 5397 a
1922 5344 2076 5398 nobis

494 5452 602 5491 non
629 5452 785 5508 posse
822 5437 1081 5505 iudicari?
1108 5436 1247 5491 Sane
1274 5445 1331 5491 ut
1361 5439 1410 5489 in
1443 5436 1588 5489 sonis
1629 5451 1722 5503 per
1758 5435 2080 5490 instrumen-

496 5536 612 5582 tum
636 5529 863 5594 aurium,
889 5530 956 5582 ita
980 5532 1031 5583 in
1060 5528 1423 5583 saltationibus
1445 5528 1759 5596 ueterisque
1787 5527 2079 5581 visibilibus

496 5618 751 5683 motibus,
782 5619 922 5689 quod
952 5620 1016 5674 ad
1043 5620 1361 5689 temporales
1392 5632 1640 5671 numeros
1661 5618 1868 5683 attinet,
1892 5618 2078 5671 eadem
2137 5610 2149 5627 ⁴

561 5731 577 5762 ι
614 5738 715 5778 am.
740 5734 813 5778 Er.
839 5736 890 5779 et
911 5735 1040 5779 nov;
1064 5737 1365 5785 romana...
1389 5726 1485 5777 nisi
1504 5739 1568 5776 ea:
1584 5725 1773 5789 obliquo
1792 5727 1951 5789 oeulos
1974 5740 2080 5777 rer-

497 5804 731 5844 seremus.
757 5791 847 5840 Sed
871 5790 1144 5840 concinnior
1172 5799 1247 5839 est
1271 5798 1375 5839 ais.
1396 5790 1540 5838 lectio
1561 5788 1704 5852 quam
1729 5788 2078 5850 amplectimur.

1654 365 1738 420 DE
1776 354 2049 423 MUSICA.
2090 357 2147 412 8-
2187 358 2554 416 AUGUSTlNl

3613 374 3749 429 I276

2160 474 2441 546 adiuvante
2468 478 2723 535 memoria
2754 480 2939 537 iisdem
2968 485 3203 539 numeris
3226 483 3568 554 iudicialibus
3593 487 3705 558 diiu
3726 519 3741 529 -

2160 573 2415 628 dicamus.
2477 578 2486 587 “

2160 663 2386 721 CAPUT
2424 665 2513 720 IX.
2542 696 2614 709 -——
2642 666 2859 721 Numeri
2884 669 2973 721 alii
3006 669 3059 722 in
3084 669 3256 723 anima
3284 669 3386 723 illis
3402 669 3745 739 judicialibus

2767 758 3126 827 praecellentes.
3274 752 3280 759 ’

2229 847 2319 903 25.
2349 846 2474 902 ilzec
2497 864 2617 902 cum
2646 849 2717 903 ita
2742 849 2868 914 sint,
2898 863 3175 916 conemur,
3203 850 3246 904 si
3276 864 3578 920 possumus,
3612 850 3749 903 istos

2161 954 2413 994 numeros
2433 940 2709 1008 iudiciales
2731 941 3124 1003 transcendere,
3156 952 3211 996 et
3238 958 3538 1010 quaeramus
3564 952 3745 995 utrum

2162 1031 2269 1085 sint
2303 1032 2624 1101 superiores.
2656 1033 2711 1087 in
2744 1032 2827 1087 his
2850 1035 2990 1087 enim
3022 1050 3320 1103 quanquam
3344 1036 3510 1105 spatia
3541 1046 3749 1103 tempu-

2162 1138 2278 1178 rum
2316 1124 2427 1194 iam
2467 1126 2684 1180 minime
2712 1126 3013 1189 videamus,
3048 1142 3151 1180 non
3197 1136 3370 1181 tamen
3401 1127 3744 1192 adhibentur,

2164 1215 2263 1269 nisi
2288 1215 2353 1269 ad
2383 1231 2443 1269 ea
2465 1215 2751 1285 iudicanda
2768 1232 2885 1286 qua:
2912 1218 2967 1271 in
2988 1217 3161 1287 spatio
3182 1218 3435 1286 temporis
3458 1217 3617 1283 fiunt;
3646 1233 3750 1274 nec

2164 1308 2275 1377 ipsa
2298 1308 2509 1377 quidem
2530 1310 2727 1372 omnia,
2746 1309 2841 1365 sed
2860 1325 2978 1379 qua:
3006 1318 3226 1379 possunt
3246 1308 3511 1364 articulari
3536 1325 3746 1364 memo-

2163 1401 2312 1453 riter.
2346 1400 2453 1453 Nisi
2483 1399 2608 1469 quid
2636 1399 2797 1455 habes
2824 1401 2959 1456 forte
2981 1400 3123 1472 quod
3149 1410 3332 1455 contra
3360 1402 3477 1455 haec
3498 1402 3630 1455 velis
3658 1401 3752 1455 di-

2163 1506 2304 1545 cere.
2333 1488 2406 1546 D.
2435 1490 2609 1545 Movet
2643 1507 2728 1546 me
2754 1492 3041 1561 plurimum
3073 1493 3292 1545 istorum
3316 1491 3639 1561 iudicialium
3667 1493 3752 1546 vis

2162 1594 2319 1652 atque
2348 1583 2577 1652 potentia
2603 1600 2616 1635 :
2646 1581 2751 1651 ipsi
2771 1583 2912 1637 enim
2952 1582 3078 1636 mihi
3110 1582 3353 1637 videntur
3372 1598 3492 1637 esse
3518 1582 3586 1637 ad
3609 1598 3750 1652 quos

2162 1675 2397 1727 omnium
2442 1690 2694 1730 sensuum
2740 1675 3030 1730 ministeria
3073 1674 3398 1733 referuntur.
3445 1676 3625 1744 Itaque
3664 1675 3752 1728 his

2163 1766 2507 1820 excellentius
2559 1776 2733 1821 tttrum
2784 1766 3071 1837 quidquam
3125 1768 3179 1822 in
3234 1768 3469 1821 numeris
3520 1767 3754 1821 inveniri

2165 1857 2350 1923 possit,
2383 1856 2588 1926 ignoro.
2617 1856 2693 1910 Η.
2719 1857 2859 1912 Nihil
2887 1859 3092 1927 deperit
3113 1858 3252 1926 quod
3275 1858 3579 1927 diligentius
3601 1874 3748 1926 quaso

2163 1948 2350 2002 rimus.
2376 1949 2478 2001 Ant
2510 1948 2651 2001 enim
2682 1948 3010 2003 inveniemus
3035 1949 3337 2018 superiores
3364 1948 3417 2001 in
3446 1948 3622 2001 anima
3652 1946 3755 1999 huo

2164 2053 2342 2103 mana,
2374 2048 2464 2092 aut
2492 2038 2590 2093 hos
2617 2039 2669 2092 in
2696 2053 2757 2093 ea
2788 2053 3025 2092 summos
3050 2053 3168 2093 esse
3194 2038 3554 2102 ﬁrmabimus,
3590 2038 3634 2091 si
3666 2047 3751 2089 ta-

2166 2146 2288 2183 men
2323 2128 2451 2183 illud
2489 2130 2775 2194 claruerit,
2803 2129 2979 2184 nullos
3006 2129 3056 2183 in
3083 2144 3151 2184 ea
3182 2145 3301 2184 esse
3329 2130 3752 2198 prmstautiores.

2166 2218 2321 2273 Aliud
2356 2227 2439 2273 est
2478 2219 2619 2273 enim
2651 2234 2755 2273 non
2785 2218 3110 2297 esse,’aliud
3148 2235 3253 2272 non
3297 2233 3453 2287 posse
3491 2218 3757 2284 inveniri,

2166 2310 2275 2363 sive
2304 2309 2370 2363 ab
2394 2309 2502 2362 ullo
2531 2309 2776 2373 homine,
2804 2309 2915 2362 sive
2944 2324 2973 2362 a
3003 2309 3175 2362 nobis.
3212 2307 3317 2362 Sed
3346 2323 3444 2379 ego
3474 2317 3602 2377 puto
3622 2324 3753 2362 cum

2167 2399 2254 2453 ille
2294 2415 2323 2452 a
2364 2400 2517 2454 nobis
2554 2400 2857 2470 propositus
2884 2414 3071 2454 versus
3106 2400 3332 2462 canitur,
3379 2398 3518 2452 Deus
3554 2409 3759 2451 creator

2167 2490 2423 2554 omnium;
2454 2506 2552 2543 nos
2586 2505 2707 2543 eum
2751 2498 2805 2544 et
2839 2490 3211 2544 occursoribus
3240 2489 3345 2542 illis
3381 2490 3613 2542 numeris
3651 2504 3755 2542 au-

2166 2578 2302 2643 dire,
2334 2588 2387 2633 et
2414 2579 2835 2634 recordabilibus
2860 2594 3241 2648 recognoscere
3261 2620 3276 2643 ,
3305 2590 3359 2633 et
3397 2581 3759 2649 progressori-

2169 2669 2265 2723 bus
2285 2670 2647 2739 pronuntiare,
2672 2681 2726 2725 et
2747 2670 2829 2725 his
2845 2670 3181 2738 iudicialibus
3199 2670 3467 2733 delectari,
3493 2680 3549 2724 et
3570 2672 3755 2726 nescio

2167 2762 2358 2831 quibus
2385 2762 2502 2816 aliis
2542 2762 2841 2827 :nstimare,
2886 2772 2939 2817 et
2981 2761 3047 2817 de
3095 2763 3195 2816 ista
3239 2761 3591 2816 delectatione
3631 2778 3756 2831 qua:

2170 2854 2322 2923 quasi
2348 2854 2610 2909 sententia
2638 2866 2719 2909 est
2738 2854 3065 2923 iudicialium
3089 2854 3342 2918 istorum,
3371 2854 3529 2907 aliam
3555 2869 3754 2908 secun-

2169 2946 2292 3000 dum
2322 2946 2419 3001 hos
2440 2948 2746 3002 intentiores
2770 2948 3050 3002 certiorem
3081 2947 3221 3002 ferre
3249 2947 3569 3001 sententiam
3598 2948 3637 2999 ⁸.
3670 2949 3759 3001 An

2172 3040 2262 3093 tibi
2307 3056 2467 3094 unum
2512 3049 2669 3108 atque
2718 3040 2855 3094 idem
2902 3040 3108 3094 videtur
3146 3039 3401 3094 delectari
3449 3054 3641 3102 sensu,
3698 3048 3758 3093 et

2171 3130 2433 3184 arstimare
2461 3129 2702 3184 ratione?
2730 3127 2801 3181 ι).
2836 3130 3047 3183 Diversa
3084 3144 3201 3184 esse
3227 3128 3415 3183 fateor.
3448 3129 3550 3183 Sed
3582 3130 3762 3198 primo

2172 3222 2287 3290 ipso
2317 3237 2533 3275 moveor
2563 3220 2851 3282 vocabulo,
2895 3236 2991 3273 cur
3020 3236 3125 3274 non
3167 3221 3339 3289 potius
3378 3220 3461 3274 isti
3500 3228 3759 3273 vocentur

2166 3312 2444 3383 iudiciales
2488 3312 2682 3380 quibus
2727 3312 2864 3365 inest
2893 3310 3048 3374 ratio,
3077 3326 3235 3380 quam
3279 3311 3363 3364 isti
3392 3312 3582 3381 quibus
3613 3311 3760 3365 inest

2171 3404 2472 3459 delectatio.
2506 3403 2705 3457 Deinde
2735 3417 2922 3456 vereor
2954 3416 3025 3457 ne
3056 3402 3187 3456 nihil
3212 3402 3281 3455 sit
3306 3402 3446 3455 aliud
3472 3402 3764 3455 aestimatio

2172 3495 2273 3549 ista
2298 3493 2538 3558 rationis,
2562 3507 2718 3563 quam
2747 3507 2933 3547 eorum
2957 3491 3025 3547 de
3052 3491 3241 3560 seipsis
3266 3491 3506 3561 quzedam
3530 3490 3759 3560 diligen-

2172 3588 2277 3642 tior
2299 3586 2555 3657 iudicatio
2580 3603 2591 3638 :
2626 3594 2683 3639 ut
2702 3601 2809 3639 non
2830 3584 2920 3638 alii
2940 3586 3046 3638 sint
3066 3584 3271 3638 numeri
3300 3584 3353 3637 in
3374 3582 3756 3648 delectatione,

2173 3678 2261 3732 alii
2292 3678 2342 3731 in
2382 3678 2621 3742 ratione;
2652 3676 2746 3731 sed
2774 3677 2860 3731 uni
2895 3684 3052 3744 atque
3080 3674 3240 3729 iidem
3270 3674 3400 3727 alias
3420 3673 3658 3742 iudicent
3681 3672 3759 3726 de

2174 3768 2241 3823 iis
2269 3782 2387 3838 qua:
2419 3774 2643 3837 aguntur
2672 3767 3005 3835 incorpore,
3042 3780 3161 3819 cum
3200 3780 3324 3829 eos,
3366 3772 3426 3818 ut
3462 3778 3620 3832 supra
3656 3762 3761 3817 de-

2176 3867 2527 3914 monstratum
2556 3867 2670 3923 est,
2710 3856 2865 3912 oli‘ert
2892 3857 3183 3921 memoria;
3210 3854 3342 3909 alias
3365 3855 3431 3909 de
3454 3854 3643 3924 seipsis
3663 3870 3757 3909 re-

2176 3951 2369 4005 motius
2396 3965 2425 4003 a
2448 3964 2671 4017 corpore
2699 3959 2857 4018 atque
2879 3949 3157 4003 sincerius.

2244 4042 2337 4098 24.
2380 4040 2456 4094 Μ.
2490 4042 2562 4095 De
2591 4040 2860 4094 vocabulis
2888 4039 3099 4108 quidem
3138 4038 3269 4093 nihil
3300 4048 3539 4108 satagas;
3578 4053 3669 4092 res
3700 4038 3760 4092 in

2176 4140 2437 4202 potestate
2466 4139 2548 4185 est
2575 4149 2589 4185 :
2622 4130 2815 4199 placito
2848 4131 3011 4191 enim,
3046 4146 3149 4182 non
3177 4138 3361 4182 natura
3391 4130 3760 4198 imponuntur.

2176 4225 2327 4292 Quod
2357 4236 2532 4279 autem
2561 4223 2779 4278 eosdem
2818 4238 2937 4277 esse
2965 4222 3238 4276 arbitraris
3257 4265 3271 4288 ,
3302 4238 3398 4277 nec
3431 4222 3536 4277 duo
3560 4239 3757 4293 genera

2178 4332 2520 4371 numerorum
2551 4316 2667 4369 haec
2702 4316 2779 4368 vis
2809 4316 3077 4383 accipere;
3110 4314 3234 4369 illud
3255 4356 3269 4377 ,
3313 4315 3363 4368 ni
3395 4314 3564 4379 fallor,
3596 4325 3649 4369 te
3674 4330 3762 4368 ra-

2178 4408 2282 4478 pit,
2311 4407 2451 4477 quod
2488 4406 2673 4461 eadem
2703 4407 2880 4461 anima
2906 4415 3185 4473 utrumque
3216 4405 3343 4475 agit.
3376 4405 3480 4460 Sed
3521 4406 3765 4461 animad-

2178 4508 2388 4553 vertere
2417 4506 2468 4551 te
2490 4512 2622 4565 Opus
2644 4506 2746 4561 est,
2773 4496 2898 4551 etin
2927 4496 3351 4565 progressoribus
3371 4496 3613 4551 eamdem
3639 4498 3763 4550 ani-

2180 4605 2320 4643 mam
2346 4605 2540 4659 corpus
2568 4605 2784 4644 movere
2808 4589 2887 4643 vel
2918 4590 2983 4642 ad
3009 4605 3202 4658 corpus
3241 4590 3471 4651 moveri;
3502 4601 3557 4645 et
3581 4590 3635 4643 in
3664 4605 3760 4644 oc-

2179 4684 2486 4739 cursoribus
2507 4682 2641 4735 hanc
2661 4682 2903 4736 eamdem
2928 4680 3259 4749 passionibus
3284 4682 3398 4751 eius
3418 4683 3495 4737 ire
3514 4683 3764 4744 obviam;

2181 4785 2235 4829 et
2261 4776 2311 4827 in
2342 4772 2759 4828 recordabilibus
2781 4774 2935 4827 istam
2962 4774 3151 4841 ipsam,
3177 4773 3348 4827 donec
3367 4773 3767 4842 quodammodo

2183 4867 2575 4929 detumescant,
2624 4864 2753 4934 ipsis
2791 4865 2941 4934 quasi
2984 4864 3240 4919 fluctuare
3276 4865 3612 4919 motionibus.
3656 4863 3768 4919 Nos

2184 4974 2311 5029 ergo
2338 4958 2389 5011 in
2434 4957 2550 5012 istis
2592 4956 2873 5026 generibus
2918 4956 3258 5011 numerandis
3295 4966 3345 5011 et
3376 4956 3768 5024 distinguendis

2183 5051 2341 5104 unius
2383 5057 2611 5111 naturze,
2657 5046 2710 5101 id
2756 5055 2867 5108 est,
2918 5050 3107 5101 anima:
3149 5057 3323 5100 motus
3352 5046 3769 5114 allectionesque

2183 5141 2513 5209 dispicimus.
2530 5140 2704 5206 Quare
2729 5140 2773 5192 si
2803 5147 2861 5192 ut
2881 5138 3023 5192 aliud
3053 5149 3137 5193 est
3159 5140 3226 5193 ad
3245 5155 3304 5192 ea
3327 5155 3445 5208 quae
3460 5153 3652 5206 corpus
3669 5154 3770 5205 pa-

2186 5234 2314 5286 titur
2358 5233 2594 5298 moveri,
2632 5231 2774 5302 quod
2821 5230 2878 5284 lit
2916 5231 2967 5284 in
3011 5231 3320 5293 sentiendo;
3365 5230 3506 5285 aliud
3550 5244 3774 5285 movero

2185 5341 2243 5381 se
2268 5331 2334 5379 ad
2359 5340 2573 5394 corpus,
2601 5324 2740 5393 quod
2769 5322 2826 5377 fit
2852 5324 2906 5377 in
2930 5322 3233 5392 operando;
3263 5323 3405 5376 aliud
3431 5322 3570 5392 quod
3594 5338 3658 5376 ex
3688 5322 3774 5377 his

2188 5416 2421 5471 motibus
2451 5416 2504 5469 in
2528 5414 2702 5469 anima
2733 5414 2928 5468 factum
2958 5423 3039 5468 est
3064 5416 3359 5479 continere,
3385 5414 3629 5483 quodest
3654 5429 3774 5467 me.

2189 5511 2443 5573 minisse;
2476 5509 2545 5563 ita
2574 5518 2658 5563 est
2684 5507 2827 5562 aliud
2847 5523 3104 5571 annuere,
3136 5507 3218 5561 vel
3251 5523 3475 5562 renuere
3506 5506 3588 5561 his
3616 5506 3778 5560 moti-

2158 5691 2162 5697 -
2252 5667 2269 5698 ί
2304 5665 2455 5714 Editi:
2483 5662 2633 5712 Aliam
2669 5664 2930 5713 secundum
2961 5662 3045 5712 hos
3067 5661 3360 5712 latmtiorem
3378 5700 3391 5722 ,
3418 5660 3503 5711 sed
3526 5658 3779 5711 mliorem

2189 5729 2317 5790 ferre
2337 5728 2631 5777 sententiam.
2643 5733 2771 5775 Mssa
2791 5724 3054 5774 secundum
3070 5724 3153 5775 hos
3172 5723 3455 5774 Ιαιεηιίονεδ.
3474 5724 3669 5787 Supple,
3692 5736 3780 5771 nu-

2189 5803 2345 5839 ﬂlt'fOb‘
