4118 6370
1307 263 1358 278 hs

315 363 460 422 H77

315 485 418 544 bus
438 528 453 552 ,
486 490 577 538 aut
602 495 724 537 cum
754 477 1001 549 primitus
1026 463 1360 531 esscruntur,
1392 473 1482 520 aut
1506 478 1624 534 cum
1651 457 1898 514 reenrda-

317 577 463 632 tione
500 571 904 634 resuscitantur,
945 564 1084 635 quod
1130 563 1188 615 lit
1223 559 1276 612 in
1310 553 1663 611 delectatione
1703 562 1902 602 conve-

319 668 536 725 nientiae
556 708 571 729 ,
602 675 654 720 et
687 662 980 718 olfensione
1013 652 1354 711 absurditatis
1387 648 1567 703 talium
1611 644 1901 698 motionum

312 762 433 816 sive
471 757 844 816 ali'ectionum;
882 760 934 806 et
972 747 1116 803 aliud
1143 755 1224 800 est
1263 743 1524 798 aestimare
1550 747 1727 792 utrum
1761 744 1902 787 recte

317 868 385 907 an
409 866 567 907 set-us
588 849 685 902 ista
707 846 992 908 delectent,
1017 839 1156 910 quod
1180 840 1236 891 lit
1257 833 1620 890 ratiocinando
1646 849 1657 881 :
1687 843 1904 882 necesse

317 953 404 1001 est
425 945 680 997 fateamur
706 940 775 993 ita
800 939 912 990 haec
933 948 1052 990 esse
1073 932 1177 985 duo
1195 943 1409 999 genera,
1445 934 1501 979 ut
1525 924 1610 976 illa
1639 931 1760 974 sunt
1783 919 1900 971 tria.

324 1038 387 1092 Et
416 1037 460 1091 si
493 1044 636 1089 recte
662 1031 816 1085 nobis
845 1031 1012 1082 visum
1040 1036 1150 1090 est,
1197 1024 1296 1077 nisi
1326 1017 1638 1091 quibusdam
1673 1012 1904 1067 numeris

321 1135 467 1184 esset
494 1126 607 1195 ipse
647 1120 1018 1178 delectationis
1046 1131 1235 1171 sensus
1275 1113 1535 1170 imbutus,
1568 1106 1712 1161 nullo
1747 1103 1906 1158 modo

320 1236 444 1275 eum
471 1217 708 1289 potuisse
743 1227 974 1268 aunuere
1003 1211 1216 1281 paribus
1255 1202 1574 1265 intervallis,
1614 1208 1665 1251 et
1695 1204 1902 1265 pertur-

322 1314 443 1368 bata
475 1324 767 1380 resipuere:
801 1314 944 1361 recte
980 1303 1138 1357 etiam
1179 1295 1344 1352 videri
1384 1301 1555 1363 potest
1593 1289 1748 1352 ratio,
1791 1301 1907 1353 quae

322 1406 446 1460 huic
484 1399 822 1457 delectationi
867 1391 1336 1464 superimponitur,
1383 1385 1529 1440 nullo
1577 1381 1732 1436 modo
1791 1379 1907 1432 sine

321 1494 636 1564 quibusdam
664 1489 900 1545 numeris
922 1483 1292 1543 vivacioribus,
1319 1480 1384 1534 de
1412 1475 1646 1531 numeris
1674 1486 1806 1542 quos
1828 1471 1908 1523 in-

324 1586 403 1640 fra
431 1601 488 1639 se
517 1583 678 1638 habet
699 1596 855 1650 posse
880 1577 1135 1648 judicare.
1161 1573 1289 1641 Qum
1311 1571 1353 1625 si
1379 1585 1498 1623 vera
1523 1576 1664 1624 sunt,
1688 1571 1908 1633 apparet

323 1680 538 1734 inventa
576 1689 696 1729 esse
730 1673 782 1728 in
823 1672 996 1724 anima
1027 1669 1256 1738 quinque
1298 1676 1492 1733 genera
1533 1670 1903 1718 numerorum,

325 1771 518 1838 quibus
545 1784 665 1823 cum
702 1763 967 1820 addideris
1007 1758 1310 1829 corporales
1341 1756 1457 1808 illos
1500 1765 1630 1821 quos
1659 1755 1908 1802 sonantes

325 1860 664 1921 vocavimus,
694 1871 787 1910 sex
815 1868 1006 1924 genera
1036 1862 1373 1905 numerorum
1405 1842 1657 1912 disposita
1685 1848 1734 1892 et
1762 1836 1906 1891 ordi-

329 1961 450 2006 nata
489 1961 796 2020 cognosces.
837 1943 952 1998 .lam
996 1955 1168 2006 nunc,
1221 1937 1263 1990 si
1295 1936 1491 2005 placet,
1544 1931 1615 1985 illi
1643 1929 1728 1999 qui
1757 1927 1909 1982 nobis

327 2043 708 2113 subrepserant
736 2037 800 2091 ad
841 2034 1192 2105 principatum
1232 2025 1604 2088 obtinendum,
1638 2020 1910 2076 sensuales

329 2132 688 2192 nominentur,
731 2137 786 2184 et
808 2125 1136 2198 judicialium
1169 2136 1393 2183 nomen,
1427 2117 1673 2188 quoniam
1704 2122 1784 2168 est
1811 2111 1910 2165 bo-

329 2223 603 2288 noratius,
655 2220 709 2276 hi
760 2219 1022 2288 accipiant
1072 2215 1159 2285 qui
1206 2210 1606 2266 excellentiores
1654 2202 1910 2272 comperti

327 2325 489 2374 sunt:
523 2328 820 2387 quanquam
849 2321 904 2366 ct
928 2308 1224 2365 sonantium
1255 2319 1446 2358 nomen
1475 2298 1782 2354 mutandum
1813 2313 1912 2366 pu-

331 2420 461 2472 tem,
489 2407 736 2478 quoniam
764 2405 808 2458 si
848 2401 1148 2470 corporales
1175 2404 1452 2455 vocentur,
1480 2391 1811 2448 manifestius
1836 2388 1910 2443 si-

330 2500 656 2573 gnitlcabunt
698 2498 854 2553 etiam
888 2496 1006 2548 illos
1045 2493 1134 2564 qui
1165 2501 1287 2545 sunt
1325 2490 1377 2543 in
1412 2486 1726 2547 saltatione,
1769 2491 1822 2536 et
1859 2481 1912 2534 in

331 2603 527 2648 extero
552 2599 697 2644 motu
721 2584 935 2641 visibili.
963 2585 1017 2639 Si
1051 2592 1227 2638 tamen
1252 2597 1312 2634 ea
1344 2594 1462 2649 qure
1483 2577 1620 2631 dicta
1651 2581 1773 2628 sunt
1795 2586 1917 2642 pro-

333 2688 449 2743 bas.
482 2683 551 2738 D.
591 2683 766 2738 Probo
794 2695 958 2734 sane:
994 2692 1112 2731 nam
1149 2681 1203 2730 et
1226 2690 1348 2728 vera
1379 2680 1433 2726 et
1473 2668 1750 2724 manifesta
1786 2663 1915 2718 mihi

333 2779 596 2832 videntur.
648 2773 848 2830 [lorum
890 2770 1048 2825 etiam
1078 2765 1502 2822 emendationem
1541 2758 1916 2814 vocabulorum

333 2870 563 2925 libenter
584 2866 805 2935 accipio.

335 2959 561 3017 CAPUT
599 2957 668 3013 Χ.
708 2987 778 3000 -—
820 2953 1049 3008 Rationis
1089 2951 1162 3004 vis
1201 2950 1254 3002 in
1301 2943 1658 3015 perspiciendis
1700 2956 1812 3012 qua:
1854 2940 1921 2992 ad

412 3051 664 3106 Musicam
707 3048 985 3120 pertinent,
1009 3043 1090 3097 uti
1119 3042 1248 3096 nihil
1293 3039 1432 3093 aliud
1473 3052 1622 3106 quam
1661 3034 1922 3104 wqualitas

411 3144 641 3198 delectat.

409 3239 499 3292 9.5.
534 3236 610 3290 M.
644 3235 774 3305 Age,
807 3246 949 3286 nunc
987 3228 1164 3298 aspice
1194 3227 1244 3280 iu
1275 3227 1381 3278 vim
1413 3221 1805 3292 potentiamque
1833 3232 1922 3271 ra-

345 3329 524 3392 tionis,
553 3335 805 3397 quantum
841 3338 903 3376 ex
935 3319 1185 3390 operibus
1208 3317 1322 3385 ejus
1359 3315 1598 3384 asiiiccre
1626 3323 1922 3378 possumus.

347 3421 463 3490 lpsa
501 3419 677 3481 enim,
716 3424 774 3471 ut
806 3413 858 3468 id
898 3411 1230 3483 potissimum
1271 3406 1442 3460 dicam
1485 3401 1624 3473 quod
1663 3400 1729 3454 ad
1772 3399 1927 3468 hujus

346 3511 521 3579 operis
548 3507 938 3577 susceptionem
967 3502 1176 3564 attinet,
1205 3499 1376 3568 primo
1406 3494 1528 3566 quid
1560 3495 1626 3548 sit
1651 3492 1761 3563 ipsa
1790 3491 1928 3546 bona

348 3599 636 3655 modulatio
663 3593 1054 3654 consideravit,
1094 3599 1146 3645 et
1173 3605 1289 3642 eam
1333 3587 1386 3640 in
1424 3584 1651 3655 quodam
1683 3593 1828 3636 motu
1858 3581 1926 3635 li-

349 3693 499 3756 hero,
533 3697 587 3744 et
623 3688 688 3742 ad
726 3702 836 3741 suae
864 3679 1274 3755 pulchritudinis
1316 3677 1472 3731 linem
1514 3688 1772 3729 converso
1810 3687 1930 3726 esse

351 3781 642 3854 perspexit.
689 3777 890 3832 Deinde
937 3775 1067 3829 vidit
1105 3773 1156 3826 in
1205 3770 1437 3826 motibus
1461 3781 1742 3838 corporum
1788 3762 1930 3818 aliud

353 3887 474 3927 esse
501 3870 641 3941 quod
670 3868 929 3923 brevitate
955 3873 1011 3919 et
1042 3862 1387 3934 productione
1418 3859 1672 3926 temporis
1698 3856 1930 3910 variare-

350 3977 458 4024 tur,
486 3963 540 4017 in
561 3971 814 4032 quantum
835 3959 1000 4028 magis
1019 3965 1160 4011 esset
1181 3955 1418 4008 minusve
1439 3952 1768 4011 diuturnum,
1792 3948 1932 4002 aliud

356 4055 607 4110 tocalium
637 4051 925 4120 spatiorum
973 4044 1310 4116 percussione
1332 4044 1348 4074 ¹
1379 4044 1430 4096 111
1469 4040 1779 4109 quibusdam
1811 4055 1932 4108 gia-

358 4147 514 4200 dihus
541 4140 826 4199 celeritatis
852 4146 904 4193 et
931 4135 1191 4192 tarditatis
1216 4151 1228 4186 :
1257 4148 1356 4202 qua
1385 4131 1642 4185 divisione
1671 4129 1802 4183 facta
1824 4170 1838 4188 ,
1876 4128 1938 4181 il-

363 4237 451 4292 lud
479 4234 622 4305 quod
644 4234 695 4288 in
720 4229 973 4299 temporis
995 4241 1144 4283 mora
1165 4233 1326 4287 esset,
1350 4221 1605 4276 modestis
1628 4219 1934 4280 intervallis,

359 4339 412 4385 et
452 4328 682 4383 humano
726 4323 906 4380 sensui
953 4317 1364 4382 accommodatis
1405 4313 1719 4368 articulatim
1765 4311 1940 4364 varios

361 4420 601 4475 efficeret
621 4428 892 4477 numeros,
912 4424 1202 4479 eorumque
1221 4405 1410 4477 genera
1439 4414 1491 4458 et
1510 4404 1750 4456 ordinem
1776 4415 1939 4469 usque

360 4511 425 4566 ad
453 4508 697 4564 modulos
723 4518 968 4559 versuum
998 4507 1273 4570 persecuta
1295 4507 1395 4552 est.
1416 4497 1691 4551 Postremo
1718 4491 1942 4546 attendit

360 4600 487 4671 quid
518 4600 570 4654 111
597 4598 682 4652 his
723 4592 1061 4650 moderandis
1082 4633 1096 4655 ,
1126 4587 1438 4658 operandis,
1469 4583 1782 4649 sentiendis,
1815 4582 1943 4636 reti-

364 4691 554 4746 nendis
574 4695 753 4758 ageret
772 4685 946 4738 anima
975 4685 1017 4746 ³,
1040 4681 1189 4750 cujus
1211 4687 1367 4748 caput
1393 4677 1504 4746 ipsa
1529 4681 1673 4729 esset
1695 4692 1709 4728 :
1740 4672 1944 4742 hosque

366 4795 555 4837 ouines
594 4777 852 4834 animales
883 4787 1133 4829 numeros
1161 4787 1189 4824 a
1233 4767 1596 4839 corporalibus
1641 4767 1940 4838 separavit:

369 4886 535 4941 seque
563 4869 728 4939 ipsam
755 4866 870 4921 hate
893 4865 1069 4919 omnia
1101 4877 1272 4931 neque
1299 4860 1740 4921 animadvertere,
1774 4873 1945 4928 neque

368 4965 728 5032 distinguere,
764 4973 936 5028 neque
978 4965 1122 5010 recte
1166 4967 1444 5008 numerare
1483 4953 1600 5006 sine
1631 4950 1944 5020 quibusdam

372 5055 483 5110 suis
511 5052 746 5108 numeris
789 5050 1022 5119 potuisse
1062 5045 1338 5116 cognovit,
1381 5058 1579 5112 eosque
1617 5043 1825 5097 caeteris
1866 5042 1948 5095 in-

369 5146 582 5200 ferioris
619 5143 822 5199 ordinis
847 5113 1377 5210 judiciaria‘quadam
1421 5134 1774 5190 restimatione
1816 5113 1950 5203 pia:-

367 5237 562 5309 posuit.

441 5327 535 5380 ‘26.
567 5325 630 5380 Et
657 5338 797 5379 nunc
831 5337 950 5376 cum
995 5319 1108 5388 ipsa
1144 5333 1237 5372 sua
1279 5315 1658 5380 delectatione,
1702 5329 1821 5385 quae
1843 5314 1862 5345 ³
1897 5315 1949 5368 111

323 5423 335 5432 '
371 5428 678 5487 temporum
725 5424 991 5470 momenta
1040 5409 1352 5481 perpendit,
1396 5419 1450 5464 et
1487 5409 1679 5464 talibus
1718 5409 1952 5464 numeris

439 5553 452 5583 ¹
491 5557 686 5612 Septem
702 5555 829 5608 Mss,
847 5545 1214 5610 percussionem.
1416 5606 1430 5612 _
1479 5605 1490 5612 _
1702 5605 1715 5612 _
1935 5546 1942 5566 ι

436 5615 457 5644 ²
489 5605 566 5684 tta'
590 5605 1280 5684 pleriqueatss.,.cum'am3At
1295 5613 1402 5684 va.
1416 5605 1594 5684 habet:
1618 5613 1672 5656 In
1789 5619 1954 5658 moae-

374 5675 563 5732 rtmdis,
585 5666 858 5726 sentiendis,
887 5669 1160 5726 retinendis,
1189 5666 1480 5732 (ἰδίει-1111111111
1499 5676 1661 5731 ageret
1681 5668 1857 5719 animo.

407 5800 413 5804 η
441 5737 465 5806 ξ
487 5722 740 5806 ὑιὶοθιὲδη
757 5722 914 5806 qtunn.
932 5722 1158 5806 Alii_tres,
1173 5744 1292 5806 qua.
1315 5731 1454 5779 Paulo
1475 5722 1598 5801 post,
1617 5733 1740 5782 alter
1760 5744 1788 5781 e
1807 5733 1956 5781 victo-

377 5799 496 5847 rinis
519 5797 759 5848 codicibus
770 5791 788 5844 ἐ
815 5796 1099 5858 Propcndet,
1118 5791 1289 5844 talibus
1311 5791 1537 5843 "itineris.

1659 333 1858 392 LIBER
1887 327 2177 388 SEXTUS.

3456 327 3596 384 H78

2011 449 2376 506 niodil‘tcamlis
2417 458 2576 503 nutus
2605 462 2730 502 suos
2756 446 2999 510 exhibet,
3045 445 3123 500 sic
3160 444 3298 515 agit;
3343 443 3470 514 quid
3509 451 3596 497 est

2015 541 2155 613 quod
2191 542 2240 594 in
2269 541 2506 594 sensibili
2535 539 2914 593 numerositate
2940 535 3246 606 diligimus?
3271 534 3405 589 Num
3451 533 3594 605 aliud

2013 641 2205 702 pneter
2234 631 2544 701 parilitatem
2573 628 2854 699 quamdam
2877 637 2932 681 et
2955 601 3229 696 :eqnaliter
3251 625 3491 678 dimensa
3513 601 3594 676 in-

2009 725 2262 779 tervalla?
2293 726 2374 777 An
2399 723 2485 777 ille
2513 721 2846 793 pyrrhichius
2873 736 2984 788 pes.
3013 721 3130 772 sive
3157 717 3444 786 spondeus,
3476 714 3591 770 sive

2009 828 2339 885 anapmstns,
2385 816 2495 868 sive
2533 815 2793 885 dactylus,
2827 813 2938 864 sive
2963 808 3456 880 proceleumaticus,
3480 806 3595 862 sive

2008 908 2334 977 dispondeus
2379 922 2475 960 nos
2515 905 2670 959 aliter
2712 904 3035 965 delectaret;
3070 900 3170 955 nisi
3201 908 3405 969 partem
3446 911 3595 950 suam

2009 998 2146 1068 parti
2197 998 2348 1051 alteri
2403 996 2589 1064 tequali
2637 993 2898 1047 dixisione
2940 989 3239 1046 conferret?
3285 986 3419 1055 Quid
3469 1002 3598 1038 vero

2009 1089 2235 1154 iambus,
2266 1087 2529 1141 trochmus
2551 1128 2563 1149 ,
2597 1083 2894 1139 tribracbus
2933 1080 3343 1152 pulchritudinis
3375 1077 3589 1141 habent,

2011 1179 2111 1233 nisi
2139 1178 2278 1248 quod
2306 1178 2512 1232 minore
2537 1191 2630 1229 sua
2657 1183 2807 1244 parte
2839 1173 3091 1242 majorem
3131 1186 3281 1224 suam
3309 1179 3511 1240 partem
3541 1169 3594 1220 in

1967 1297 1976 1304 -
2010 1277 2184 1321 tantas
2221 1267 2356 1322 duas
2383 1266 2656 1334 :equaliter
2687 1263 2964 1317 dividunt?
2990 1262 3104 1315 .lam
3147 1275 3306 1329 porro
3333 1273 3424 1310 sex
3455 1269 3559 1310 tem
3579 1286 3598 1296 -

2009 1375 2200 1430 parum
2233 1360 2420 1428 pedes,
2471 1373 2593 1410 1111111
2628 1359 2642 1388 ί
2676 1357 2886 1408 aliunde
2918 1353 3162 1407 blandius
3203 1360 3395 1403 sonant
3435 1360 3594 1415 atque

2012 1452 2270 1516 festivius,
2304 1449 2402 1503 nisi
2433 1448 2571 1518 quod
2615 1457 2832 1515 utraque
2874 1445 2986 1513 lege
3027 1441 3358 1512 partiuntur;
3388 1438 3591 1491 scilicet

2011 1558 2095 1599 aut
2123 1547 2174 1598 in
2201 1545 2332 1598 duas
2353 1540 2583 1611 :equales
2610 1548 2784 1608 partes
2805 1547 2950 1590 terna
2974 1545 3211 1602 tempora
3234 1530 3591 1602 possidentes,

2012 1646 2103 1690 aut
2128 1636 2178 1689 in
2211 1648 2366 1687 unam
2395 1631 2636 1699 simplum
2665 1644 2729 1682 ex
2761 1627 3050 1696 :equalibns
3077 1634 3278 1693 partem
3308 1623 3352 1683 ’,
3377 1630 3431 1674 et
3456 1620 3595 1673 alte-

2011 1743 2125 1782 ram
2151 1725 2388 1795 duplam,
2421 1722 2474 1777 id
2499 1729 2601 1786 est,
2631 1731 2687 1775 ut
2713 1719 2882 1786 major
2909 1718 3096 1771 habeat
3126 1717 3208 1769 bis
3233 1714 3513 1776 minorem,
3542 1719 3599 1765 et

2012 1839 2079 1880 eo
2107 1821 2264 1877 modo
2289 1821 2354 1874 ab
2384 1820 2472 1873 illa
2500 1817 2765 1872 dividatur
2789 1811 3082 1882 mqualiter,
3112 1808 3319 1863 duobus
3341 1805 3597 1874 tempori-

2013 1917 2113 1972 bus
2138 1924 2364 1986 quatuor
2391 1921 2630 1981 tempora
2663 1909 2714 1962 in
2755 1907 2876 1962 bina
2905 1903 3228 1958 demetieute
3251 1915 3314 1953 ac
3350 1895 3600 1953 secante?

2014 2008 2150 2075 Quid
2174 2007 2245 2061 illi
2271 2005 2487 2075 quinum
2510 2013 2891 2073 septcnuniqne
2918 2007 3214 2062 temporum
3240 1989 3436 2060 pedes?
3461 1987 3600 2041 unde

2016 2101 2204 2154 solutze
2233 2095 2479 2158 orationi,
2509 2108 2665 2163 quam
2687 2089 2926 2144 versibus
2950 2085 3196 2139 videntur
3215 2081 3465 2152 aptiores,
3496 2079 3597 2130 nisi

2015 2189 2155 2260 quod
2185 2201 2369 2241 eorum
2401 2201 2520 2252 pars
2568 2183 2742 2236 minor
2783 2179 2834 2232 in
2867 2185 3044 2246 partes
3072 2172 3304 2241 :equales
3346 2169 3602 2237 majorem

2017 2257 2122 2336 non
2150 2277 2372 2333 dividit?
2394 2276 2461 2330 Et
2482 2274 2534 2327 hi
2563 2282 2738 2327 tamen
2767 2268 2864 2339 ipsi
2895 2265 3037 2320 unde
3065 2263 3414 2317 admittuntur
3443 2259 3496 2312 in
3521 2257 3602 2310 sui

2018 2369 2228 2439 generis
2249 2365 2436 2421 ordine
2458 2364 2524 2417 ad
2552 2373 2849 2432 temporum
2877 2354 3332 2416 numerositatem,
3359 2349 3459 2402 nisi
3480 2347 3604 2416 quia

2017 2471 2071 2515 et
2097 2462 2147 2514 in
2176 2460 2407 2530 quinque
2437 2455 2768 2524 temporibus
2791 2458 2964 2503 tantas
2985 2447 3116 2501 duas
3142 2443 3423 2513 particulas
3447 2439 3607 2492 habet

2020 2566 2143 2621 pars
2171 2551 2366 2613 minor,
2409 2553 2634 2616 quantas
2663 2540 2835 2608 major
2863 2549 3000 2602 tres;
3038 2543 3094 2591 et
3122 2536 3172 2588 in
3200 2541 3403 2604 septem
3433 2538 3608 2584 tantas

2020 2651 2130 2696 tres
2172 2640 2367 2704 minor,
2414 2643 2638 2708 quantas
2667 2633 2836 2702 major
2873 2627 3128 2700 quatuor?
3170 2626 3246 2680 lta
3283 2625 3333 2678 in
3361 2621 3610 2678 omnibus

2022 2732 2243 2803 pedibus
2287 2729 2428 2783 nulla
2474 2739 2596 2796 pars
2624 2723 2841 2778 minima
2881 2727 2965 2775 est
2991 2717 3216 2786 alicujus
3257 2710 3609 2768 dimensionis

2022 2824 2246 2878 articulo
2275 2830 2474 2884 notata,
2502 2819 2587 2874 cui
2609 2831 2716 2872 non
2742 2823 2950 2870 eceterae
2970 2820 3165 2882 quanta
3191 2814 3414 2879 possunt
3435 2819 3612 2875 aequa.

2025 2916 2173 2971 litate
2194 2913 2552 2969 consentiant.

2095 3009 2183 3062 27.
2219 3007 2329 3076 Age
2353 3047 2368 3071 ,
2398 3005 2450 3059 in
2483 3001 2781 3070 conjunctis
2807 2998 3032 3070 pedibus
3073 2994 3184 3050 sive
3211 2993 3376 3047 libera
3419 3003 3614 3060 perpe-

2028 3101 2214 3154 tuitate
2245 3097 2544 3168 porrigatur
2575 3094 2678 3149 ista
2717 3090 3040 3161 conjunctio,
3071 3088 3210 3140 sicut
3239 3085 3292 3138 in
3318 3081 3612 3153 rhythmis;

2029 3190 2141 3244 sive
2169 3187 2236 3242 ab
2279 3187 2457 3256 aliquo
2483 3194 2629 3238 certo
2659 3183 2764 3236 line
2806 3187 3104 3240 revocetur,
3138 3175 3276 3230 sicut
3317 3174 3370 3227 in
3397 3171 3614 3235 metris;

2034 3279 2148 3332 sive
2176 3277 2336 3331 etiam
2365 3276 2415 3329 in
2443 3274 2549 3328 duo
2581 3271 2816 3326 membra
2843 3267 3066 3338 quadam
3104 3264 3217 3333 lege
3245 3261 3461 3316 sibimet
3485 3273 3618 3313 con-

2030 3367 2270 3439 gruentia
2303 3365 2582 3429 tribuatur,
2615 3363 2749 3418 sicut
2773 3360 2823 3414 in
2850 3357 3116 3421 versibus;
3148 3368 3249 3424 qua
3276 3351 3486 3407 tandem
3513 3349 3620 3403 alia

2033 3474 2112 3524 re,
2139 3457 2237 3511 nisi
2259 3455 2558 3526 mqualitate
2581 3468 2672 3522 pes
2696 3451 2818 3521 pedi
2839 3449 3039 3503 amicus
3058 3446 3177 3500 est?
3201 3442 3354 3500 Unde
3373 3439 3617 3506 molossi,

2033 3557 2087 3604 et
2126 3549 2418 3603 ionicorum
2462 3545 2660 3616 syllaba
2692 3541 2862 3596 media
2904 3555 3022 3608 qure
3060 3537 3215 3606 longa
3256 3541 3368 3600 est,
3403 3547 3509 3587 non
3536 3546 3624 3586 se-

2034 3642 2228 3705 ctione,
2257 3638 2349 3693 sed
2378 3647 2507 3691 nutu
2530 3637 2551 3667 ³
2578 3637 2694 3706 ipso
2722 3630 3109 3704 pronuntiantis
3143 3635 3300 3698 atque
3327 3622 3625 3695 plaudentis

2035 3735 2089 3789 in
2119 3732 2226 3787 duo
2252 3731 2395 3801 paria
2441 3735 2710 3782 momenta
2755 3721 2999 3778 distribui
3030 3727 3204 3790 potest
3229 3734 3243 3782 ;
3280 3725 3338 3771 ut
3365 3714 3524 3771 etiam
3555 3712 3623 3767 ad

2037 3835 2184 3881 terna
2217 3833 2453 3892 tempora
2498 3834 2591 3890 pes
2633 3825 2776 3872 totus
2817 3811 3133 3872 conveniat,
3180 3807 3393 3879 quando
3417 3805 3626 3861 caeteris

2037 3917 2126 3987 qui
2175 3913 2364 3969 eodem
2415 3909 2574 3965 modo
2619 3907 2950 3969 dividuntur,
3005 3903 3339 3972 adjungitur;
3387 3913 3482 3952 cur
3523 3895 3625 3950 nisi

2039 4005 2352 4078 :equalitatis
2371 4005 2493 4072 jure
2527 3998 2866 4064 dominante,
2894 3995 3034 4066 quod
3075 3992 3276 4048 scilicet
3296 3989 3512 4060 aequalis
3544 3995 3628 4042 est

2042 4098 2296 4153 lateribus
2323 4094 2345 4126 δ
2374 4093 2514 4158 suis,
2560 4106 2679 4160 qum
2707 4090 2950 4144 binorum
2981 4093 3278 4152 temporum
3319 4088 3472 4144 sunt,
3504 4093 3628 4132 cum

2041 4201 2095 4246 et
2123 4191 2234 4259 ipsa
2256 4187 2325 4240 sit
2347 4185 2510 4240 duum
2541 4179 2875 4252 temporum?
2903 4177 3009 4232 Cur
3036 4177 3176 4230 idem
3206 4173 3316 4228 lieri
3343 4173 3398 4225 in
3423 4169 3639 4239 amphi-

2045 4281 2244 4336 bracho
2273 4297 2376 4335 non
2402 4287 2596 4350 potest,
2622 4274 2832 4346 quando
2851 4271 3064 4327 caneris
3087 4276 3311 4339 quatuor
3332 4275 3639 4334 temporum

2045 4374 2366 4443 adiungitur,
2397 4371 2500 4425 nisi
2525 4369 2646 4440 quia
2679 4376 2821 4420 tanta
2848 4365 2919 4419 ibi
2944 4379 3048 4417 non
3071 4360 3338 4415 invenitur
3357 4355 3638 4427 aequalitas

2045 4465 2206 4532 duplo
2231 4461 2428 4526 medio,
2452 4459 2704 4514 lateribus
2725 4453 2968 4526 simplis‘l
2995 4453 3103 4507 Cur
3125 4453 3177 4505 in
3201 4450 3530 4505 silentiorum
3557 4447 3642 4499 in-

2048 4555 2283 4610 tervallis
2311 4552 2450 4607 nulla
2479 4549 2660 4605 fraude
2695 4563 2886 4602 sensus
2919 4543 3227 4609 olfendilur,
3263 4541 3365 4597 nisi
3406 4541 3526 4612 quia
3563 4538 3640 4592 ei-

2047 4646 2170 4700 dem
2197 4643 2300 4714 juri
2328 4640 2672 4713 :cqualitatis,
2704 4637 2910 4694 etiamsi
2940 4652 3044 4690 non
3076 4649 3229 4699 sono,
3257 4633 3427 4702 spatio
3457 4640 3636 4684 tamen

2049 4736 2303 4806 temporis
2331 4731 2471 4804 quod
2495 4731 2739 4795 debetur,
2771 4726 3100 4783 exsolvitur?
3125 4723 3233 4780 Cur
3260 4729 3516 4791 sequente
3556 4719 3634 4773 si-

2051 4829 2214 4883 lentio
2243 4826 2404 4882 etiam
2445 4823 2622 4878 brevis
2664 4821 2866 4892 syllaba
2896 4834 2992 4889 pro
3020 4819 3172 4887 longa
3209 4813 3484 4882 accipitur,
3530 4825 3636 4864 non

2052 4921 2322 4983 instituto,
2373 4915 2467 4972 sed
2511 4917 2625 4985 ipso
2671 4913 2897 4968 naturali
2942 4910 3186 4966 examine
3231 4904 3373 4976 quod
3421 4903 3638 4958 auribus

2053 5011 2333 5082 prmsidet;
2362 5009 2463 5063 nisi
2487 5007 2607 5077 quia
2635 5007 2688 5060 in
2710 5005 2881 5074 spatio
2907 4999 3164 5070 temporis
3184 4995 3424 5066 longiore
3447 5008 3636 5048 sonum

2055 5112 2332 5158 coarctare
2363 5101 2414 5152 in
2440 5097 2710 5167 angustias
2730 5094 2915 5149 eadem
2939 5091 3025 5146 illa
3049 5088 3364 5159 :equalitatis
3385 5087 3500 5156 lege
3525 5100 3642 5154 pro-

2057 5193 2332 5249 hibemur?
2366 5191 2545 5260 Itaque
2571 5188 2830 5259 syllabam
2863 5187 2998 5240 ultra
3029 5184 3135 5239 duo
3165 5193 3404 5252 tempora
3443 5180 3640 5250 produ-

2055 5303 2203 5350 cere,
2235 5284 2483 5339 utetiam
2531 5296 2663 5334 sono
2688 5277 2972 5347 impleatur
2999 5275 3138 5346 quod
3179 5273 3394 5328 silentio
3434 5271 3640 5342 impleri

2056 5386 2251 5450 potest,
2283 5374 2512 5429 admittit
2537 5380 2723 5426 natura
2749 5367 2996 5424 audiendi
3018 5376 3070 5423 et
3099 5365 3340 5422 tacendi'
3358 5382 3371 5420 :
3391 5375 3447 5419 ut
3465 5372 3643 5419 autem

2121 5487 2138 5519 ι
2173 5492 2257 5535 Ms.
2274 5490 2307 5532 Α
2322 5483 2416 5532 sic:
2432 5491 2533 5532 Non
2553 5477 2748 5530 alitmde
2765 5476 2986 5540 bltmdius
3006 5481 3171 5528 sanant
3183 5480 3322 5540 atque
3337 5472 3563 5539 festivius.
3582 5479 3641 5522 at.

2120 5549 2142 5580 ’
2173 5545 2431 5595 Duodecim
2453 5549 2579 5601 Mss,
2601 5554 2665 5591 ea:
2685 5539 2893 5604 qualibet
2911 5545 3063 5604 parte.

2124 5611 2144 5642 ³
2179 5617 2243 5659 ita
2265 5609 2312 5655 in
2336 5613 2442 5655 uss.
2460 5613 2513 5654 At
2535 5599 2584 5652 in
2605 5599 2738 5666 prius
2755 5599 2920 5666 editis,
2937 5599 3243 5666 malm—sic
3260 5599 3405 5666 etiam
3417 5605 3504 5666 ΜΞ..
3513 5605 3562 5666 11.
3584 5603 3641 5644 at.

2123 5675 2146 5702 ι
2180 5658 2280 5716 sm.
2303 5674 2384 5737 Er...
2403 5674 2454 5716 et
2475 5658 2886 5737 t.ov.,_'_t_eqaalibus
2901 5658 3142 5737 latet-iatn.
3158 5669 3257 5710 seo'
3267 5658 3442 5737 clarius
3464 5658 3646 5731 aliquot

2061 5739 2190 5784 Mss,
2210 5727 2408 5792 (canalis
2418 5732 2487 5778 est
2502 5739 2517 5782 ;
2541 5723 2975 5792 scilicet,_pest_um
2993 5725 3246 5792 molossus,
3265 5729 3365 5770 tum
3385 5723 3582 5792 ionicus.

2128 5796 2148 5826 ⁵
2183 5781 2230 5840 ia
2253 5781 2644 5853 plerisquettss.,
2667 5781 2896 5838 audiendi
2912 5792 2956 5837 et
2978 5783 3198 5837 canendi.
3225 5792 3276 5836 Et
3307 5797 3418 5834 mox
3437 5785 3486 5832 in
3509 5781 3650 5830 editis
