4118 6370
505 305 638 362 H79

503 421 676 476 minus
700 434 855 492 quam
873 419 978 475 duo
1008 429 1244 488 tempora
1269 426 1490 486 occupet
1515 415 1737 486 syllaba,
1767 412 1892 468 dum
1912 419 2074 465 restat

501 513 728 581 spatium
771 511 944 565 tacitis
999 510 1245 574 nutibus,
1280 507 1518 578 quaedam
1563 505 1706 560 fraus
1763 502 2075 570 mqtttilitatis

502 612 607 668 est,
638 604 759 672 quia
803 603 975 657 minus
1001 617 1157 672 quant
1195 601 1244 654 in
1287 598 1492 653 duobus
1516 613 1633 650 esse
1659 595 1930 664 arqualitas
1969 608 2071 646 non

501 702 694 762 potest.
722 693 838 751 Jam
875 709 1002 748 vero
1032 694 1081 746 in
1111 695 1218 762 ipsa
1245 690 1545 760 :equalitate
1574 687 1930 742 membrorum
1971 697 2072 752 qua

503 785 772 838 variantur
802 785 873 838 illi
903 783 1158 849 ambitus,
1200 796 1332 851 quos
1365 780 1534 836 Graeci
1577 783 1811 848 περιόδους
1853 782 2068 837 vocant,

501 890 793 945 versusque
829 875 1137 944 ﬁgurantur,
1168 873 1431 943 quomodo
1470 872 1535 924 ad
1583 871 1822 925 eamdem
1853 867 2072 937 aequali-

502 976 662 1021 tatem
701 968 956 1021 secretius
1003 966 1238 1027 reditur;
1291 966 1391 1019 nisi
1421 973 1478 1018 ut
1527 965 1577 1017 in
1607 963 1812 1016 ambitu
1862 960 2070 1015 brevius

500 1056 796 1112 membrum
823 1056 1008 1125 majori
1034 1055 1321 1124 tequalibus
1345 1054 1563 1122 pedibus
1587 1052 1651 1106 ad
1683 1053 1919 1121 plausum
1943 1064 2070 1103 con-

501 1147 699 1211 veniat,
745 1157 798 1201 et
827 1147 878 1200 in
905 1161 1061 1200 versu
1099 1143 1386 1200 occultiore
1430 1144 1855 1198 consideratione
1887 1157 2076 1196 omne-

500 1251 701 1298 rorum,
751 1251 814 1289 ea
855 1252 973 1306 qua:
1014 1237 1290 1304 inthualia
1333 1236 1572 1291 membra
1611 1235 1922 1305 junguntur,
1965 1235 2070 1286 vim

499 1328 814 1396 tequalitatis
842 1329 1035 1383 habere
1065 1329 1434 1384 inveniantur?

569 1417 660 1471 28.
700 1420 900 1482 Quaerit
940 1432 1067 1488 ergo
1105 1419 1276 1482 ratio,
1327 1427 1380 1472 et
1413 1416 1677 1470 carnalem
1737 1417 1926 1470 animre
1974 1415 2071 1469 de-

498 1507 832 1563 lectationem
857 1548 875 1576 ,
920 1525 1036 1578 qua:
1083 1509 1354 1579 judiciales
1397 1519 1572 1577 partes
1608 1509 1709 1562 sibi
1735 1507 2067 1573 vindicabat,

498 1599 816 1669 interrogat,
843 1615 964 1655 cum
1003 1616 1118 1657 eam
1160 1603 1210 1655 in
1251 1603 1540 1670 spatiorum
1570 1602 1936 1669 temporalium
1968 1617 2069 1654 nu-

497 1690 631 1746 meri
654 1691 925 1759 inqualitas
955 1692 1180 1750 mulceat
1203 1733 1219 1758 ,
1251 1699 1426 1745 utrum
1466 1691 1584 1745 dure
1623 1691 1839 1761 syllabae
1883 1691 2070 1746 breves

496 1795 855 1850 cuiuscumque
878 1781 1102 1835 audierit
1133 1797 1256 1835 vere
1285 1783 1391 1836 sint
1420 1782 1680 1850 :equales;
1719 1795 1784 1833 an
1813 1780 1924 1832 ﬁeri
1949 1795 2072 1850 pos-

499 1871 601 1932 sit,
635 1879 694 1924 ut
719 1887 819 1926 una
845 1888 1025 1927 earum
1065 1873 1250 1926 edatur
1293 1873 1598 1942 productius
1623 1916 1638 1937 ,
1659 1887 1777 1926 .non
1811 1888 1975 1941 usque
2000 1873 2066 1926 ad

500 1958 668 2028 longa:
697 1961 914 2032 syllabze
958 1963 1202 2028 modum,
1249 1962 1340 2016 sed
1375 1963 1502 2016 inira
1530 1963 1936 2032 quantumlibet,
1965 1978 2070 2032 quo

498 2057 672 2106 tamen
693 2052 914 2107 excedat
941 2055 1136 2108 sociam
1165 2069 1334 2107 suam.
1369 2053 1499 2107 Num
1529 2055 1704 2122 negari
1734 2060 1926 2122 potest,
1955 2054 2067 2107 ﬁeri

497 2154 686 2207 posse,
728 2157 846 2196 cum
891 2142 1004 2198 ham
1043 2143 1323 2199 delectatio
1357 2145 1451 2198 ista
1485 2159 1587 2198 non
1627 2145 1854 2209 sentiat,
1897 2155 1950 2198 et
1985 2145 2067 2197 in—

496 2231 786 2299 aequalibus
814 2234 952 2287 velut
982 2235 1269 2303 a:qualibus
1294 2234 1554 2302 gaudeat?
1579 2250 1684 2303 quo
1705 2250 1885 2288 errore
1911 2248 1962 2287 et
1991 2236 2067 2288 iu-

497 2323 793 2390 arqualitate
830 2325 953 2392 quid
996 2325 1232 2392 turpius?
1269 2326 1345 2380 Ex
1380 2341 1482 2394 quo
1508 2325 1858 2380 admonemur-
1891 2326 2068 2380 abhis

495 2421 736 2476 avertere
781 2413 1066 2480 gaudium,
1113 2431 1229 2483 qua:
1277 2415 1545 2468 imitantur
1595 2416 1943 2485 aequalitatem
1970 2456 1982 2478 ,
2013 2425 2068 2469 et

496 2507 670 2560 utrum
703 2501 984 2566 impleant,
1007 2503 1456 2572 comprehendere
1485 2521 1587 2559 non
1617 2521 1892 2573 possumus
1917 2523 1929 2556 :
1960 2507 2072 2560 into

493 2593 632 2660 quod
681 2611 782 2647 non
838 2595 1092 2664 impleant
1145 2597 1367 2652 fortasse
1414 2597 1959 2665 comprehendimus;
2013 2610 2068 2651 ct

494 2692 669 2738 tamen
697 2684 748 2738 in
771 2696 1024 2753 quantum
1055 2687 1348 2752 imitantur,
1378 2687 1592 2754 pulchra
1619 2701 1738 2741 esse
1769 2688 1822 2740 in
1846 2701 1952 2750 suo
1967 2701 2064 2757 ge-

494 2791 621 2829 nere
641 2785 695 2830 et
718 2777 904 2834 ordine
933 2792 1059 2842 suo,
1092 2793 1282 2847 negare
1311 2794 1417 2832 non
1448 2793 1746 2846 possumus.
2020 2854 2024 2858 ι

491 2865 716 2922 CAPUT
749 2868 836 2921 XI.
859 2897 930 2907 —
953 2867 1286 2938 lnferioribus
1309 2885 1408 2922 non
1433 2868 1622 2936 o/fendi
1642 2911 1657 2934 ,
1689 2870 1811 2924 solis
1840 2871 2067 2939 superio-

562 2957 700 3010 ribus
729 2959 946 3012 numeris
973 2960 1210 3013 delectari
1238 2960 1481 3014 convenit.
1519 2959 1814 3028 Di/Ierentia
1845 2964 2060 3034 pltantao

561 3048 653 3101 sia:
671 3057 715 3100 et
735 3050 1119 3118 pltanlasmatis.

565 3137 655 3192 29.
696 3139 808 3194 Non
850 3156 976 3210 ergo
1020 3141 1350 3195 invideamus
1393 3142 1727 3198 inferioribus
1765 3161 1920 3214 quam
1967 3162 2064 3201 nos

494 3243 676 3283 sumus
699 3271 714 3294 ,
748 3244 950 3298 n05que
987 3232 1130 3300 ipsos
1171 3233 1307 3286 inter
1347 3234 1434 3288 illa
1473 3249 1589 3302 quze
1619 3234 1758 3289 infra
1787 3253 1882 3290 nos
1908 3248 2064 3303 sunt,

495 3328 548 3372 et
578 3319 663 3372 illa
689 3335 807 3388 qua:
833 3336 990 3389 supra
1015 3337 1110 3375 nos
1136 3330 1288 3388 sunt,
1331 3324 1401 3376 ita
1429 3324 1536 3378 Deo
1556 3337 1608 3379 et
1630 3325 1858 3382 Domino
1884 3337 2067 3382 nostro

498 3411 788 3480 opitulante
808 3414 1132 3480 ordinemns,
1157 3424 1209 3468 ut
1230 3415 1564 3472 inferioribus
1586 3433 1690 3472 non
1713 3419 2062 3485 ollendamur,

495 3502 626 3557 solis
638 3513 808 3556 autem
827 3506 1187 3572 superioribus
1207 3506 1546 3560 delectemur.
1567 3508 1853 3564 Delectatio
1873 3510 2068 3578 quippe

494 3594 644 3662 quasi
675 3595 879 3663 pondus
911 3605 994 3650 est
1021 3598 1230 3651 animm.
1263 3598 1547 3653 Delectatio
1567 3613 1696 3668 ergo
1722 3602 1930 3655 ordinat
1953 3603 2068 3656 aui-

495 3700 655 3738 mam.
687 3685 784 3740 Ubi
809 3689 938 3740 enim
962 3689 1058 3742 erit
1084 3689 1344 3744 thesaurus
1369 3700 1502 3756 tuus,
1531 3690 1598 3744 ibi
1623 3693 1713 3744 erit
1741 3701 1788 3745 et
1816 3709 1902 3746 cor
1928 3705 2068 3748 tuum

496 3773 705 3842 (Matth.
754 3792 829 3843 Vl,
859 3777 1104 3848 2|):nbi
1150 3779 1467 3844 delectatio,
1518 3781 1588 3835 ibi
1634 3782 1947 3836 thesaurus:
1980 3785 2064 3837 ubi

493 3875 671 3922 autem
695 3883 807 3933 cor,
834 3869 902 3923 ibi
926 3869 1196 3924 beatitudo
1222 3880 1312 3924 aut
1341 3872 1572 3926 miseria.
1603 3872 1731 3939 Qua:
1757 3887 1882 3926 vero
1911 3887 2069 3944 supe-

494 3959 636 4020 riora
674 3969 831 4024 suut,
876 3962 975 4015 nisi
1015 3962 1103 4016 illa
1133 3963 1184 4016 in
1213 3963 1404 4032 quibus
1439 3978 1680 4026 summa,
1713 3965 2022 4020 inconcussa
2048 4008 2064 4031 ,

495 4052 970 4116 incommutabilis,
1015 4061 1213 4108 (eterna
1249 4063 1427 4108 manet
1471 4055 1780 4122 :equalitas?
1819 4055 1918 4112 Ubi
1949 4057 2064 4110 uul-

494 4141 604 4200 lnm
639 4151 721 4204 est
757 4151 998 4211 tempus,
1042 4143 1165 4211 quia
1193 4143 1335 4196 nulla
1365 4143 1686 4198 mutabilitas
1707 4154 1821 4209 est;
1851 4155 1902 4200 et
1927 4147 2067 4201 unde

497 4242 732 4299 tempora
786 4231 1110 4287 fabricantur
1149 4242 1203 4288 ct
1243 4235 1556 4288 ordinantur
1600 4244 1654 4289 et
1699 4235 2068 4292 modiﬁcantur

495 4323 842 4391 ieiunitatem
889 4324 1141 4378 imitantia
1164 4366 1178 4389 ,
1217 4325 1342 4380 dum
1369 4327 1485 4380 coeli
1513 4329 1792 4392 conversio
1820 4329 1886 4381 ad
1927 4329 2066 4383 idem

495 4413 634 4468 redit
654 4415 695 4478 ¹,
733 4424 788 4470 et
811 4415 1044 4470 coelestia
1072 4431 1296 4485 corpora
1321 4418 1384 4470 ad
1414 4418 1551 4472 idem
1584 4428 1818 4482 revocat,
1845 4420 2065 4476 diebus-

493 4518 599 4573 que
619 4513 673 4559 et
697 4506 966 4562 mensibus
998 4515 1049 4560 et
1083 4507 1235 4561 anuis
1261 4517 1312 4560 et
1344 4507 1553 4574 lustris,
1585 4510 1895 4580 exterisque
1921 4511 2065 4564 side-

496 4609 612 4647 rum
649 4594 897 4657 orbibus,
937 4596 1135 4665 legibus
1168 4598 1479 4665 :nqualitatis
1503 4608 1557 4652 et
1585 4601 1798 4654 unitatis
1832 4609 1882 4654 ct
1925 4602 2067 4654 ordi-

495 4683 722 4740 nationis
747 4685 1093 4754 obtemperat.
1121 4685 1192 4738 lta
1222 4687 1526 4742 caelestibus
1554 4698 1758 4742 terrena
1788 4691 2024 4755 subjecta
2045 4730 2060 4754 ,

493 4774 653 4828 orbes
675 4784 972 4842 temporum
998 4791 1214 4830 suorum
1247 4794 1525 4832 numerosa
1556 4781 1892 4835 successione
1912 4783 2063 4851 quasi

489 4864 711 4919 carmini
743 4866 1096 4923 universitatis
1119 4869 1400 4921 associant.

561 4955 649 5010 50.
690 4953 750 5008 ln
785 4956 972 5026 quibus
1015 4958 1179 5011 multa
1222 4957 1373 5011 nobis
1418 4957 1659 5013 videntur
1686 4959 1984 5014 inordinata
2013 4971 2066 5016 et

489 5047 830 5117 perturbant,
879 5047 1002 5116 quia
1047 5063 1233 5104 eorum
1272 5048 1446 5102 ordini
1489 5064 1582 5118 pro
1620 5051 1818 5104 nostris
1857 5053 2065 5107 meritis

487 5139 654 5196 assuti
689 5153 871 5194 sumus
891 5141 912 5171 ³
929 5180 946 5204 ,
994 5141 1290 5196 nescientes
1314 5140 1439 5209 quid
1465 5140 1531 5194 de
1559 5141 1711 5196 nobis
1735 5140 1910 5196 divina
1939 5159 2062 5212 pro-

487 5251 685 5310 lenitur,
701 5247 907 5313 spatium
916 5246 1283 5309 tacitwnitatis;
1303 5250 1385 5299 ubi
1405 5251 1737 5302 substituimus
1757 5264 1821 5303 ex
1843 5259 1971 5313 Mss,
1989 5259 2065 5304 ta-

487 5313 590 5364 citis
607 5312 812 5363 nutibus.

552 5377 568 5408 ι
590 5385 689 5422 Am.
708 5381 781 5422 ter.
807 5377 858 5420 et
875 5370 1038 5434 plures
1052 5377 1178 5430 Mss,
1199 5370 1264 5421 ad
1286 5369 1416 5421 diem
1437 5370 1578 5421 redit.
1603 5379 1656 5422 Et
1677 5372 1797 5424 infra
1816 5375 1960 5423 iidem
1977 5375 2064 5424 ba-

487 5436 608 5486 bent
631 5434 833 5507 Ms§.,gd
861 5433 994 5507 diem.
1007 5439 1210 5507 revocat.
1228 5434 1367 5507 t‘aulo
1385 5442 1489 5494 post
1506 5436 1553 5507 in
1573 5436 1714 5484 editis
1730 5437 1925 5507 legitur,
1939 5437 2066 5507 side-

487 5512 597 5563 rum
615 5495 862 5547 ordinibus
885 5494 1170 5559 legibusque.
1189 5502 1244 5543 Al.
1261 5497 1308 5543 in
1325 5500 1450 5555 Mss,
1474 5495 1686 5546 siderum
1702 5494 1890 5549 orbibus
1909 5494 1922 5558 ,
1945 5496 2064 5563 legi-

496 5560 689 5608 busmte.

541 5573 726 5668 ᾄξξῇτὶ
747 5618 910 5678 scripti
929 5623 980 5666 et
1002 5617 1168 5678 excusi
1188 5614 1366 5675 ferunt,
1385 5617 1562 5668 assueti
1576 5632 1752 5670 sumus.
1778 5620 1868 5668 Sed
1896 5621 2064 5670 incun-

490 5690 675 5730 ctanter
694 5676 974 5740 legendum,
999 5676 1146 5726 (mstiti
1167 5690 1346 5736 smmis,
1367 5687 1417 5727 ut
1442 5681 1486 5727 in
1506 5681 1780 5729 ttcrbeiensi
1799 5684 1963 5730 codice
1990 5682 2062 5730 le-

490 5751 692 5809 gebatur
710 5750 966 5802 antequam
989 5751 1153 5802 [assus
1174 5748 1304 5791 esset
1323 5743 1579 5790 scruadaai
1601 5756 1788 5791 manum
1811 5778 1822 5802 ,
1847 5758 1953 5806 qua:
1991 5746 2064 5792 iu-

1664 298 1750 351 DE
1788 293 2058 359 MUSlCA,
2098 292 2154 344 5.
2206 291 2564 349 AllGUSTlNI

3619 312 3753 368 H30

2182 406 2412 460 videntia
2466 409 2738 477 pulchrum
2779 420 2948 480 gerat.
3006 414 3259 482 Quoniam
3315 418 3557 489 siqnis,
3611 424 3784 476 verbi

2179 499 2368 567 gratia,
2402 500 2450 552 in
2480 501 2919 570 amplissimarum
2953 504 3534 578 pulcherrimarumqne
3561 511 3756 564 mdium

2181 607 2284 643 uno
2329 591 2504 661 aliquo
2545 594 2739 662 angulo
2789 603 3034 663 tanquam
3081 581 3250 651 statua
3291 600 3602 669 Collocetur,
3636 603 3756 671 pui-

2179 680 2530 736 chritudincm
2553 683 2691 737 illius
2720 681 2931 738 fabrica:
2956 687 3152 740 sentire
3196 704 3298 742 non
3337 691 3563 757 poterit,
3605 692 3766 760 cujus-

2179 782 2232 827 et
2261 773 2372 840 ipse
2394 789 2518 844 pars
2547 775 2668 830 erit.
2700 775 2806 830 Nec
2836 776 3066 830 universi
3099 779 3362 834 exercitus
3390 781 3630 838 ordinem
3659 785 3758 836 mi-

2179 865 2255 919 les
2293 866 2344 919 itt
2383 868 2496 920 acie
2532 868 2671 920 valet
2712 867 2922 922 intueri.
2974 868 3041 922 Et
3082 870 3130 922 in
3169 872 3400 938 quolibet
3443 887 3684 942 poemate
3711 873 3759 928 si

2180 967 2376 1025 quanto
2403 959 2573 1026 spatio
2599 959 2814 1029 syllaba:
2846 970 3070 1022 sonant,
3123 971 3268 1014 tanto
3314 963 3550 1018 viverent
3597 974 3760 1033 atque

2179 1049 2472 1113 sentirent,
2522 1050 2668 1114 nullo
2706 1049 2866 1103 modo
2906 1051 2989 1103 illa
3037 1052 3392 1105 numerositas
3428 1061 3482 1106 et
3521 1053 3758 1106 contexti

2177 1141 2354 1208 Operis
2379 1141 2712 1211 pulchritudo
2751 1143 2829 1196 eis
2872 1142 3135 1210 placeret,
3180 1159 3334 1212 quam
3363 1152 3524 1198 totam
3555 1147 3760 1214 perspi~

2177 1245 2300 1285 cere
2325 1243 2482 1301 atque
2513 1234 2806 1304 approbare
2827 1248 2932 1288 non
2965 1242 3214 1302 pOSseut,
3247 1251 3365 1293 cuin
3396 1235 3461 1291 de
3489 1235 3617 1305 ipsis
3647 1238 3761 1289 sin-
3795 1277 3798 1283 .

2175 1324 2312 1392 gulis
2352 1326 2786 1393 prietereuntibus
2825 1325 3077 1380 fabricata
3117 1336 3260 1381 esset
3303 1337 3458 1396 atque
3496 1327 3755 1397 perfecta.

2177 1416 2250 1469 l'ta
2285 1428 2590 1486 peccantem
2619 1419 2886 1473 hominem
2917 1420 3181 1474 ordinavit
3211 1421 3347 1474 Dens
3377 1429 3581 1490 turpem
3601 1464 3615 1486 ,
3649 1439 3758 1474 lmlt
3793 1478 3798 1482 ,

2177 1511 2419 1578 turpiter.
2454 1510 2642 1578 Turpis
2681 1511 2822 1565 enim
2852 1510 3022 1565 factus
3065 1519 3148 1565 est
3185 1511 3488 1571 voluntate.
3541 1513 3760 1565 univet‘»

2176 1615 2290 1653 sum
2319 1601 2608 1655 amittendo
2627 1602 2767 1670 quod
2796 1601 2887 1655 Dei
2917 1602 3196 1670 prteceptis
3223 1603 3597 1668 obtemperans
3626 1619 3752 1670 pos-

2174 1689 2378 1744 sidebat
2397 1731 2411 1752 ,
2445 1701 2497 1744 et
2516 1691 2789 1746 ordinatus
2810 1691 2860 1745 in
2889 1701 3037 1760 parte
3064 1701 3165 1757 est,
3199 1701 3253 1746 ut
3281 1693 3367 1761 qui
3397 1693 3563 1758 legem
3595 1709 3758 1761 agerc

2176 1779 2364 1842 noluit,
2400 1795 2430 1832 a
2470 1780 2583 1850 lege
2609 1790 2811 1848 agatur.
2845 1780 3109 1851 Quidquid
3141 1791 3312 1834 autem
3344 1781 3608 1852 legitime,
3641 1783 3755 1834 uti-

2173 1871 2472 1937 que‘juste;
2502 1881 2553 1925 et
2576 1871 2823 1941 quidquid
2843 1873 3013 1941 juste,
3046 1888 3148 1926 non
3180 1873 3358 1941 utique
3386 1873 3604 1941 turpiter
3640 1873 3756 1942 agi-

2175 1970 2293 2014 tur:
2326 1962 2445 2030 quia
2468 1963 2592 2015 etin
2626 1964 2777 2017 malis
2797 1963 3044 2031 Operibus
3072 1965 3270 2018 nostris
3301 1964 3389 2017 Dei
3414 1979 3573 2034 opera
3605 1964 3746 2016 bona

2173 2059 2313 2102 sunt.
2347 2051 2517 2104 Homo
2558 2067 2782 2122 namque
2828 2053 2881 2106 in
2915 2063 3168 2121 quantum
3212 2053 3372 2106 homo
3397 2064 3496 2116 est,
3538 2053 3756 2120 aliquod

2173 2140 2367 2195 bonum
2399 2149 2515 2206 est;
2551 2142 2870 2198 adulterium
2914 2154 3088 2197 autem
3138 2145 3188 2196 in
3235 2153 3484 2213 quantum
3535 2144 3752 2198 adulte—

2172 2230 2308 2282 rium
2333 2240 2440 2297 est,
2469 2232 2662 2285 malum
2689 2247 2821 2299 opus
2850 2240 2933 2287 est
2957 2250 2968 2284 :
2999 2234 3306 2303 plerumque
3329 2245 3499 2288 autem
3523 2236 3588 2287 de
3610 2235 3755 2287 adul-

2173 2321 2305 2371 terio
2329 2322 2561 2374 nascitur
2592 2321 2751 2375 homo
2772 2363 2787 2387 ,
2818 2322 2884 2377 de
2914 2323 3055 2376 malo
3089 2325 3291 2378 scilicet
3324 2323 3554 2377 hominis
3589 2340 3756 2393 opere

2172 2407 2367 2462 bonum
2394 2427 2525 2480 opus
2553 2411 2663 2464 Dei.

2243 2499 2327 2553 5l.
2383 2500 2735 2568 Quamobrem
2779 2511 2833 2556 ut
2873 2518 2969 2557 nos
3011 2503 3075 2555 ad
3120 2505 3482 2572 propositum,
3533 2514 3756 2574 propter

2172 2589 2309 2656 quod
2338 2589 2450 2643 ha-c
2485 2599 2609 2644 sont
2631 2591 2766 2644 dicta
2791 2633 2806 2657 ,
2833 2591 3132 2646 referamus
3155 2634 3171 2658 ,
3216 2591 3266 2645 hi
3299 2594 3502 2646 numeri
3530 2595 3758 2646 rationis

2170 2680 2557 2747 pulchritudine
2585 2683 2916 2750 przemiuent,
2950 2698 2978 2736 a
3005 2685 3194 2752 quibus
3224 2685 3266 2737 si
3299 2700 3512 2753 prorsus
3539 2686 3754 2740 abscin-

2169 2770 2451 2836 deremur,
2482 2788 2600 2826 cum
2646 2774 2962 2828 inclinantur
3003 2775 3068 2828 ad
3111 2791 3340 2844 corpus,
3380 2793 3761 2846 progressores

2171 2877 2420 2916 numeros
2449 2863 2724 2918 seusuales
2752 2879 2852 2918 non
2886 2865 3251 2919 modilicarcnt
3277 2885 3289 2921 :
3317 2866 3405 2934 qui
3435 2883 3616 2922 rursus
3644 2883 3751 2921 mo—

2167 2953 2354 3007 vendis
2393 2957 2705 3024 corporibus
2749 2967 2914 3026 agunt
2961 2959 3240 3011 sensibiles
3286 2970 3581 3027 temporum
3629 2961 3751 3029 pul-

2168 3044 2534 3102 chritudines:
2568 3057 2726 3117 atque
2754 3049 2822 3102 ita
2855 3051 3166 3104 sonantibus
3190 3053 3328 3105 obvii
3357 3054 3511 3105 etiam
3549 3069 3750 3110 occur-

2171 3150 2320 3191 Sorcs
2369 3139 2572 3192 numeri
2617 3137 2969 3206 fabricantur;
3005 3157 3136 3210 quos
3161 3159 3347 3197 omnes
3376 3144 3599 3212 impetus
3620 3161 3750 3200 suos

2169 3227 2354 3281 eadem
2395 3229 2568 3283 anima
2599 3231 2903 3300 excipiens,
2935 3233 3083 3301 quasi
3116 3233 3428 3301 multiplicat
3454 3235 3504 3288 in
3535 3236 3710 3303 seipsa
3731 3279 3752 3301 ,

2169 3327 2222 3373 et
2248 3320 2601 3376 recordabiles
2639 3322 2797 3376 facit:
2825 3339 2941 3393 qua:
2983 3325 3060 3378 vis
3096 3325 3209 3395 ejus
3237 3328 3490 3381 memoria
3517 3329 3712 3382 dicitur
3731 3369 3748 3392 ,

2170 3427 2412 3479 magnum
2439 3413 2702 3482 quoddam
2738 3415 3060 3486 adjutorium
3100 3417 3150 3470 in
3190 3417 3347 3488 hujus
3373 3421 3490 3474 vittc
3509 3423 3753 3490 negotio-

2169 3502 2391 3556 sissimis
2419 3505 2641 3558 actibus.

2240 3596 2328 3649 5'3.
2362 3595 2483 3650 Πιπιο
2522 3597 2679 3666 igitur
2723 3600 2976 3653 memoria
3028 3615 3372 3671 qurecumque
3412 3603 3478 3657 de
3517 3604 3748 3658 motibus

2168 3687 2326 3739 animi
2375 3697 2553 3752 tenet,
2599 3689 2684 3758 qui
2742 3690 2996 3746 adversus
3041 3693 3316 3761 passiones
3361 3695 3595 3764 corporis
3640 3699 3746 3751 acti

2170 3785 2311 3840 sunt,
2341 3784 2594 3846 φαντασίαι
2623 3793 2794 3846 graece
2826 3791 3115 3844 vocantur;
3149 3799 3244 3836 nec
3274 3784 3481 3837 invenio
3510 3787 3630 3854 quid
3653 3803 3752 3841 eas

2169 3866 2328 3919 latine
2357 3867 2532 3919 malim
2555 3883 2746 3922 vocare
2771 3887 2784 3922 :
2816 3886 2947 3939 quas
2979 3887 3074 3940 pro
3099 3873 3324 3942 cognitis
3361 3875 3553 3929 habere
3578 3886 3742 3944 atque

2171 3970 2266 4024 pro
2298 3957 2554 4025 perceptis
2598 3958 2878 4027 Opinabilis
2917 3960 3019 4012 vita
3055 3971 3134 4015 est
3161 3963 3200 4024 ί,
3232 3965 3515 4016 constituta
3543 3965 3593 4017 in
3628 3965 3751 4036 ipso

2170 4046 2366 4098 erroris
2391 4045 2626 4099 introitu.
2653 4048 2753 4102 Sed
2775 4063 2896 4103 cum
2923 4050 3022 4104 sibi
3054 4051 3136 4103 isti
3165 4064 3339 4105 motus
3365 4065 3663 4121 occursant,
3691 4066 3748 4110 et

2171 4143 2419 4203 tauquam
2467 4136 2689 4191 diversis
2716 4148 2769 4192 et
2809 4142 3224 4210 repugnantibus
3265 4144 3566 4198 intentionis
3609 4146 3748 4199 ﬂati-

2170 4224 2268 4278 bus
2302 4234 2558 4292 aistuant,
2600 4227 2733 4281 alios
2757 4244 2821 4283 ex
2849 4230 2966 4283 aliis
2995 4241 3167 4285 motus
3213 4234 3454 4301 pariunt;
3499 4251 3602 4288 non
3631 4235 3746 4304 jam

2170 4329 2264 4369 eos
2288 4317 2373 4383 qui
2405 4325 2650 4370 tenentur
2669 4333 2732 4372 ex
2757 4320 3156 4374 occursionibus
3179 4324 3478 4392 paSsiomttn
3507 4327 3750 4395 corporis

2174 4405 2414 4472 impressi
2445 4406 2512 4459 de
2538 4407 2782 4461 sensibus
2803 4452 2815 4473 ,
2846 4410 3045 4464 similes
3073 4419 3251 4466 tamen
3281 4423 3526 4481 tanquam
3559 4417 3749 4486 imagi-

2171 4509 2296 4547 num
2337 4495 2592 4564 imagines
2613 4538 2626 4560 ,
2659 4513 2776 4566 qua:
2803 4498 3165 4568 phantasmata
3201 4503 3301 4557 dici
3331 4506 3542 4573 placuit.
3576 4507 3750 4562 Aliter

2172 4584 2312 4637 enim
2358 4586 2533 4653 Cogito
2583 4597 2782 4655 patrem
2828 4605 3002 4643 memn
3054 4608 3208 4660 quem
3254 4608 3396 4662 saepe
3430 4596 3566 4658 vidi,
3593 4598 3751 4652 aliter

2173 4688 2327 4727 avum
2358 4691 2517 4743 quem
2542 4693 2807 4746 nunquam
2835 4679 2963 4733 vidi.
2992 4681 3187 4735 Horum
3218 4684 3440 4751 primum
3473 4686 3749 4754 phantasia

2169 4771 2286 4828 est,
2333 4763 2554 4818 alterum
2602 4766 2936 4835 phantasma.
2983 4770 3110 4824 Illud
3141 4773 3189 4826 in
3220 4775 3472 4827 memoria
3501 4776 3745 4840 invenio,

2173 4851 2270 4906 hoc
2293 4854 2342 4905 in
2367 4869 2434 4907 eo
2455 4863 2597 4908 motu
2626 4857 2818 4919 animi,
2861 4859 2947 4926 qui
2977 4876 3039 4912 ex
3066 4861 3128 4915 iis
3150 4873 3298 4917 ortus
3327 4873 3408 4916 est
3429 4881 3558 4932 quos
3585 4866 3748 4920 habet

2171 4945 2441 4998 memoria.
2471 4947 2747 5012 Quomodo
2772 4959 2946 5004 autem
2975 4952 3214 5006 oriantur
3243 4954 3354 5008 hazc
3375 4997 3388 5018 ,
3426 4965 3480 5008 et
3504 4957 3750 5013 invenire

2168 5045 2222 5089 et
2249 5037 2513 5106 epiplieare
2532 5038 2743 5094 difficile
2768 5050 2868 5095 est.
2894 5043 3135 5097 Arbitror
3154 5054 3349 5107 tamen,
3375 5048 3512 5115 quod
3536 5049 3578 5101 si
3600 5065 3738 5103 nun-

2167 5141 2324 5194 quam
2356 5127 2580 5182 humana
2607 5144 2828 5199 corpora
2853 5131 3129 5198 vidissem,
3160 5135 3306 5187 nullo
3333 5136 3490 5189 modo
3518 5152 3579 5192 ea
3606 5152 3733 5206 pos-

2167 5234 2280 5273 sem
2305 5219 2496 5274 visibili
2523 5221 2700 5289 specie
2718 5223 2998 5292 cogitando
3019 5225 3260 5293 ﬁgurare.
3284 5225 3436 5292 Quod
3461 5238 3636 5282 autem
3657 5243 3728 5284 ex

2166 5375 2543 5446 serta‘vocalime,
2569 5375 2684 5446 fecit
2699 5377 2888 5430 assueti.
2905 5379 3031 5446 yide
3044 5379 3217 5446 librum
3232 5381 3297 5431 de
3327 5390 3448 5432 Vera
3472 5383 3744 5446 Religione,

2167 5449 2271 5506 cap.
2291 5437 2368 5496 22,
2391 5438 2537 5506 mis,
2557 5440 2638 5486 ubi
2656 5452 2762 5506 rem
2782 5440 3001 5506 eamdem
3020 5442 3259 5506 inculcans
3276 5437 3630 5506 Attgustinusfu
3647 5437 3746 5496 sae;

2166 5501 2400 5562 culorum,
2419 5501 2500 5557 ait,
2520 5509 2684 5562 partes
2703 5501 3006 5551 damnatione
3023 5501 3130 5551 facti
3148 5517 3326 5554 smnus.
3347 5501 3368 5548 ἶ

2233 5562 2248 5590 ι
2284 5561 2538 5629 Plurimum
2557 5561 2634 5629 hic
2655 5563 2839 5629 variant
2856 5561 2981 5611 libri.
3003 5570 3054 5611 Et
3069 5567 3269 5629 quidem
3282 5567 3434 5629 editio
3450 5572 3558 5616 ιον.
3574 5565 3745 5629 habet,

2201 5633 2258 5689 ro
2273 5619 2414 5689 certis
2434 5621 2637 5689 opinatis
2660 5621 2758 5671 risu
2776 5631 2862 5689 est.
2880 5631 3054 5689 ΑιΑω.
3064 5619 3140 5689 ΕΡ.
3163 5634 3213 5674 et
3229 5627 3412 5689 aliquot
3432 5634 3557 5689 Mss,
3575 5619 3742 5689 cpiam;

2167 5633 2258 5728 pro
2273 5633 2414 5690 certas
2434 5633 2637 5693 opinatis
2660 5635 2758 5671 risu
2776 5633 2862 5693 est.
2880 5633 3054 5692 Alam.
3064 5633 3140 5691 er.
3163 5634 3213 5674 et
3229 5633 3412 5698 aliquot
3432 5634 3557 5684 Mss,
3575 5633 3733 5696 opina:

2187 5681 2276 5730 nhs
2296 5690 2387 5731 vita
2407 5691 2493 5751 est.
2519 5683 2601 5751 alii
2620 5691 2744 5751 mss,
2763 5684 3012 5747 opinabilis
3031 5698 3104 5734 ria
3120 5693 3186 5737 est
3223 5688 3414 5745 Quidam
3431 5687 3733 5751 demotum»

2169 5757 2314 5804 nmis,
2342 5743 2417 5793 vel
2451 5743 2700 5809 0];i!t.':litts.
