4118 6370
333 255 464 312 “Si

329 394 400 434 eo
437 380 578 448 quod
614 378 720 434 vidi
764 377 928 442 facio,
974 375 1229 432 memoria
1273 373 1522 430 faciozet
1569 385 1744 428 tamen
1771 373 1911 428 aliud

334 481 420 525 est
448 472 499 524 in
525 472 782 524 memoria
809 469 1042 522 invenire
1068 465 1416 535 phantasiam,
1446 463 1590 518 aliud
1613 463 1679 518 de
1706 477 1910 516 memo-

333 565 414 617 ria
454 561 630 616 facere
671 559 999 629 phantasma.
1033 557 1162 622 Qua:
1190 555 1366 610 omnia
1396 555 1472 608 vis
1500 554 1689 608 anima:
1719 562 1908 622 potest.

333 655 441 710 Sed
485 673 610 712 vera
655 659 813 712 etiam
863 657 1230 726 phantasmata
1283 654 1478 711 habere
1520 667 1614 721 pro
1653 649 1911 719 cognitis,

335 763 579 802 summus
621 763 772 803 error
799 757 896 802 est.
930 746 1241 816 Quanquam
1279 746 1347 800 sit
1383 745 1432 802 iu
1471 753 1693 812 utroque
1719 755 1914 812 genere

335 839 480 910 quod
509 854 607 893 nos
635 855 736 893 non
767 839 994 892 absurde
1019 838 1158 894 scire
1187 837 1443 901 dicamus,
1473 835 1523 891 id
1549 844 1650 898 est,
1682 832 1913 888 sensisse

335 945 437 984 nos
463 931 606 992 talia,
639 930 719 983 vel
746 929 1020 999 imaginari
1047 943 1140 984 nos
1168 927 1310 981 talia.
1342 928 1548 981 Patrem
1579 924 1806 994 denique
1829 937 1913 978 me

337 1018 589 1077 habuisse
613 1031 668 1076 et
690 1036 867 1086 avum,
910 1035 1016 1075 non
1056 1029 1255 1078 temere
1286 1033 1498 1088 possum
1527 1016 1741 1072 dicere:
1771 1015 1914 1082 ipsos

337 1126 517 1169 autem
566 1129 685 1170 esse
723 1130 856 1183 quos
899 1114 1108 1167 animus
1145 1127 1296 1167 meus
1328 1112 1379 1166 in
1425 1109 1695 1178 phantasia
1733 1107 1820 1161 vel
1859 1106 1912 1160 in

339 1207 704 1274 phantasmate
745 1213 918 1270 tenet,
963 1201 1361 1259 dementissime
1389 1199 1632 1256 dixerim.
1666 1198 1914 1267 Sequun-

339 1309 426 1352 tur
462 1309 637 1352 antem
673 1296 907 1351 nonnulli
948 1295 1311 1365 phantasmata
1339 1309 1434 1348 sua
1458 1301 1560 1346 tam
1590 1290 1910 1362 praecipites,

339 1403 396 1444 nt
436 1391 575 1445 nulla
611 1390 680 1444 sit
716 1387 815 1442 alia
854 1387 1101 1441 materies
1132 1385 1368 1440 omnium
1414 1383 1662 1438 falsarum
1702 1379 1912 1448 opinio-

341 1498 466 1536 num
487 1523 502 1545 ,
549 1498 705 1551 quam
749 1480 946 1534 habere
977 1478 1276 1549 phantasias
1313 1475 1398 1532 vel
1429 1475 1790 1546 phantasmata
1818 1486 1913 1540 pro

338 1573 594 1644 cognitis,
637 1588 753 1641 qua:
785 1580 1172 1640 cognoscuntur
1202 1585 1292 1638 per
1318 1558 1528 1624 sensum
1560 1567 1598 1618 ί.
1628 1563 1799 1632 Quare
1829 1561 1912 1616 his

340 1665 668 1734 potissimum
693 1664 1018 1726 resistamus,
1049 1677 1143 1716 nec
1163 1662 1239 1716 eis
1268 1661 1337 1716 ita
1359 1669 1592 1714 mentem
1617 1672 1913 1712 accommo-

338 1756 561 1820 demus,
593 1764 651 1807 ut
672 1753 794 1807 dum
825 1754 876 1807 in
909 1753 990 1807 his
1015 1761 1097 1807 est
1139 1751 1420 1822 cogitatio,
1457 1746 1802 1818 intelligentia
1849 1761 1912 1801 ea

337 1847 484 1900 cerni
510 1845 848 1900 arbitremur.

409 1937 496 1989 35.
538 1934 644 1988 Cur
689 1945 864 1990 autem
912 1933 957 1988 si
1004 1932 1305 2000 lmjusmodi
1342 1931 1549 1987 numeri
1579 1930 1666 2001 qui
1697 1927 1829 1983 ﬁunt
1857 1927 1911 1983 in

338 2019 513 2072 anima
543 2019 701 2072 rebus
731 2016 1104 2086 temporalibus
1131 2015 1306 2070 dedita
1325 2055 1339 2077 ,
1373 2015 1567 2070 habent
1597 2013 1676 2067 sui
1703 2013 1913 2082 generis

339 2110 818 2180 pulchritudinem,
863 2109 1104 2178 quamvis
1136 2123 1252 2162 eam
1290 2105 1610 2160 transeundo
1653 2105 1870 2159 actitent
1893 2145 1908 2170 ,

338 2201 570 2256 invideat
592 2201 712 2255 huic
741 2199 1118 2271 pulchritudini
1161 2198 1336 2253 divina
1385 2197 1747 2268 providentia,
1795 2212 1912 2265 qua:

339 2294 406 2347 de
432 2302 608 2347 nostra
647 2292 838 2361 poenali
873 2290 1192 2345 mortalitate
1222 2289 1508 2352 formatur,
1547 2303 1702 2356 quam
1724 2287 1914 2356 justis-

337 2385 472 2437 sima
503 2383 595 2437 Dei
624 2383 737 2452 lege
762 2381 1088 2436 meruimus:
1116 2382 1167 2434 in
1197 2394 1298 2448 qua
1340 2389 1514 2432 tamen
1555 2393 1651 2430 nos
1689 2391 1791 2430 non
1841 2377 1914 2430 ita

338 2467 606 2538 deseruit,
647 2481 703 2526 ut
727 2487 835 2526 non
862 2473 1130 2526 valeamus
1155 2483 1425 2524 recurrere
1444 2507 1459 2533 ,
1489 2476 1544 2522 et
1568 2483 1596 2520 a
1624 2467 1913 2521 carnalium

338 2579 587 2619 sensuum
609 2562 960 2619 delectatione
978 2604 992 2627 ,
1022 2560 1380 2617 misericordia
1409 2559 1522 2628 ejus
1548 2574 1758 2611 manum
1788 2574 1913 2626 por-

339 2657 542 2726 rigente
569 2697 584 2720 ,
627 2655 884 2710 revocari.
928 2654 1070 2708 Talis
1099 2653 1239 2708 enim
1265 2652 1546 2706 delectatio
1573 2650 1914 2704 vehementer

337 2747 508 2817 inﬁgit
535 2748 805 2802 memoria:
831 2746 970 2816 quod
1001 2745 1159 2799 trahit
1186 2759 1216 2796 a
1248 2743 1462 2797 lubricis
1498 2742 1758 2797 sensibus.
1790 2742 1912 2794 llaec

336 2850 514 2904 autem
554 2840 744 2894 animm
779 2836 1108 2894 consuetudo
1140 2835 1274 2890 facta
1307 2851 1426 2889 cum
1463 2849 1656 2899 carne,
1696 2842 1912 2903 propter

336 2929 602 2986 carnalem
641 2929 998 2993 affectionem,
1042 2927 1092 2980 in
1136 2925 1420 2994 Scripturis
1446 2923 1636 2978 divinis
1660 2938 1786 2978 caro
1813 2938 1910 2975 no-

337 3021 587 3075 minatur.
626 3021 750 3074 Harc
775 3020 935 3074 menti
959 3017 1288 3091 obluctatur,
1325 3031 1444 3069 cum
1467 3015 1574 3083 jam
1605 3015 1707 3069 dici
1740 3022 1911 3082 potest

333 3112 681 3178 apostolicum
720 3110 879 3164 illud:
902 3109 1071 3163 Mente
1095 3109 1255 3162 servio
1282 3107 1375 3177 legi
1404 3105 1500 3158 Dei
1523 3147 1535 3168 ,
1567 3120 1716 3158 carne
1745 3113 1909 3158 autent

334 3201 435 3271 trgi
461 3201 649 3270 peccati
685 3200 856 3270 (Rom.
891 3215 988 3266 vn,
1017 3198 1130 3270 9.5).
1165 3198 1272 3254 Sed
1307 3199 1358 3251 in
1401 3196 1687 3265 spiritualia
1732 3204 1909 3250 mente

333 3307 588 3361 suspensa
619 3301 776 3361 atque
807 3291 874 3344 ibi
904 3290 1010 3344 ﬁxa
1037 3299 1091 3344 et
1119 3297 1390 3352 manente,
1415 3289 1574 3342 etiam
1599 3287 1752 3356 hujus
1781 3302 1906 3339 cnn-

331 3383 626 3446 snetudinis
669 3383 898 3452 impetus
937 3380 1215 3450 frangitur,
1263 3388 1318 3432 et
1359 3379 1605 3448 paulatim
1634 3393 1907 3446 repressus

331 3474 698 3542 exstinguitur.
752 3473 916 3542 Major
939 3471 1078 3525 enim
1111 3480 1225 3525 erat
1250 3485 1368 3524 cum
1398 3484 1775 3539 sequeremur;
1803 3485 1907 3522 non

333 3573 508 3617 tamen
551 3565 768 3617 omnino
795 3563 1001 3627 nullus,
1034 3561 1128 3616 sed
1158 3569 1302 3616 certe
1335 3561 1508 3615 minor
1534 3572 1616 3616 est
1641 3576 1760 3614 cum
1784 3577 1904 3615 eum

331 3655 696 3720 refrenamus,
745 3664 904 3724 atque
951 3655 1020 3708 ita
1064 3655 1228 3708 certis
1280 3653 1611 3722 regressibus
1655 3653 1720 3706 ab
1763 3653 1905 3706 omni

332 3747 635 3800 lnsciviente
658 3755 802 3798 motu
827 3787 844 3812 ,
874 3747 923 3798 in
947 3761 1050 3813 quo
1071 3745 1308 3800 defectus
1328 3745 1572 3799 essentia:
1593 3753 1674 3798 est
1693 3745 1902 3806 aninne,

328 3835 684 3890 delectatione
714 3835 762 3888 in
793 3835 1010 3887 rationis
1040 3849 1290 3888 numeros
1338 3835 1577 3888 restituta
1627 3833 1692 3887 ad
1739 3835 1903 3889 Deum

330 3934 438 3978 tota
465 3917 569 3976 vita
610 3933 789 3977 nostra
831 3924 1188 3987 convertitur,
1226 3923 1358 3976 dans
1403 3923 1612 3989 corpori
1653 3940 1903 3980 numeros

326 4016 604 4082 sanitatis,
655 4030 760 4068 non
804 4015 1066 4083 accipiens
1118 4013 1242 4068 inde
1287 4013 1550 4077 iretitiam;
1603 4015 1742 4083 quod
1787 4031 1904 4070 cor-

327 4115 488 4175 rupto
519 4107 785 4160 exteriore
823 4105 1036 4158 homine
1055 4146 1069 4172 ,
1097 4115 1152 4159 et
1177 4103 1291 4173 ejus
1321 4103 1372 4156 in
1399 4103 1586 4157 melius
1607 4115 1902 4159 commuta-

329 4201 474 4254 tione
493 4199 786 4266 continget.

326 4331 558 4389 CAPUT
586 4332 700 4387 ΧΠ.
726 4362 798 4372 -
827 4332 901 4385 De
946 4331 1168 4384 numeris
1201 4330 1548 4400 spiritualibus
1587 4341 1634 4384 et
1677 4332 1898 4386 aeternis.

401 4467 489 4521 54.
530 4466 740 4535 Excipit
777 4474 952 4519 autem
990 4465 1242 4519 memoria
1290 4479 1396 4517 non
1444 4463 1615 4518 solum
1661 4463 1900 4518 carnales

327 4566 504 4614 motus
530 4556 712 4620 animi,
743 4556 811 4611 de
839 4557 1028 4625 quibus
1066 4555 1300 4608 numeris
1328 4569 1485 4623 supra
1505 4556 1613 4622 jam
1635 4553 1896 4619 diximus;

327 4648 420 4701 sed
451 4647 609 4700 etiam
644 4646 963 4715 spirituales,
995 4645 1062 4699 de
1089 4645 1281 4714 quibus
1305 4644 1535 4698 breviter
1559 4644 1753 4699 dicam.
1781 4643 1899 4712 Quo

324 4739 468 4793 enim
496 4737 844 4808 simpliciores
872 4745 1015 4801 sunt,
1042 4751 1108 4790 eo
1135 4736 1412 4790 verborum
1436 4735 1629 4801 minus,
1661 4735 1753 4790 sed
1784 4737 1901 4804 plu-

323 4833 520 4884 rimum
548 4844 751 4883 serente
781 4828 974 4883 mentis
998 4827 1317 4882 desiderant.
1348 4823 1724 4894 IEqnalitatem
1755 4825 1895 4881 illam

325 4936 484 4992 quam
522 4919 582 4992 in
605 4919 942 4976 sensibilibus
969 4917 1202 4972 numeris
1222 4931 1328 4970 non
1355 4916 1747 4986 reperiebamus
1773 4933 1897 4974 cer-

324 5022 433 5068 tam
463 5020 522 5078 et
539 5021 857 5073 manentem,
887 5010 979 5064 sed
1003 5018 1178 5064 tamen
1209 5007 1575 5061 adumbratam
1597 5016 1650 5061 et
1680 5018 1896 5076 prteter-

322 5114 536 5166 cuntem
585 5102 1000 5173 agnoscebanius
1019 5141 1034 5166 ,
1087 5114 1342 5168 nusquam
1370 5097 1604 5167 profecto
1625 5105 1897 5168 appeteret

320 5196 531 5264 animus
557 5197 656 5249 nisi
677 5194 866 5248 alicubi
893 5202 1015 5246 nota
1043 5198 1186 5244 esset
1213 5208 1227 5244 :
1253 5189 1356 5244 hoc
1377 5200 1553 5243 autem
1574 5189 1763 5243 alicubi
1787 5206 1890 5244 non

320 5286 374 5341 in
402 5287 587 5356 spatiis
613 5287 848 5340 locorum
872 5293 924 5337 et
950 5292 1281 5351 temporum;
1306 5295 1426 5334 nam
1460 5280 1547 5334 illa
1575 5287 1806 5346 tument,
1840 5290 1892 5333 et

319 5377 418 5430 ista
450 5383 790 5446 printer-eunt.
818 5373 919 5430 Ubi
950 5388 1074 5443 ergo
1110 5386 1328 5437 censes,
1352 5371 1612 5440 responde
1633 5412 1646 5435 ,
1674 5387 1854 5441 quzeso
1873 5413 1890 5439 ,

379 5550 394 5576 ³
432 5554 462 5593 Α
503 5543 750 5607 plerisque
771 5550 878 5594 Mss.
912 5544 1086 5593 absunt
1120 5541 1469 5607 isthteeverl'n
1493 5556 1506 5591 :
1534 5551 1681 5602 Quam
1715 5539 1893 5592 habere

313 5603 588 5668 pltmttas'ias
610 5603 685 5658 vel
697 5605 1026 5670 phantasmata
1057 5617 1144 5669 pro
1167 5603 1393 5667 cognitis,
1421 5617 1529 5668 qm!
1551 5610 1892 5667 cat/noscuntur

315 5680 399 5729 per
417 5682 622 5718 anisum.

1676 247 1875 302 LIBER
1911 248 2195 304 SEXTUS.

3456 249 3594 322 “82

2021 369 2067 424 si
2099 381 2267 439 potes.
2310 371 2428 428 Non
2455 373 2598 429 enim
2627 375 2680 429 in
2706 390 2986 446 corporum
3015 377 3198 434 formis
3228 389 3379 450 putas
3398 423 3414 450 ,
3459 399 3592 452 quas

2019 463 2215 532 liquido
2251 465 2494 524 examine
2530 468 2756 536 mquales
2801 483 3070 536 nunquam
3120 470 3296 526 dicere
3332 473 3586 529 audebis:

2018 565 2108 609 aut
2162 555 2214 608 in
2269 565 2566 626 temporum
2618 559 2945 625 intervallis,
3001 562 3054 614 in
3102 563 3295 630 quibus
3351 565 3591 618 similiter

2019 655 2191 698 utrum
2229 647 2296 700 sit
2327 648 2523 717 aliquid
2553 649 2819 718 aliquanto
2859 666 3012 719 quam
3055 662 3256 721 oportet
3287 653 3591 721 productius

2018 736 2098 791 vel
2123 738 2418 806 correptius
2446 741 2584 808 quod
2615 755 2826 794 sensum
2859 742 3048 810 fugiat,
3084 744 3404 812 ignoramus.
3448 744 3591 798 Illam

2019 827 2212 895 quippe
2239 830 2594 896 mqualitalem
2626 847 2810 900 qmero
2838 831 2925 885 ubi
2957 848 3075 886 esse
3099 833 3404 899 arbitreris,
3433 851 3592 906 quam

2019 917 2282 973 intuentes
2306 922 2546 990 cupimus
2572 923 2792 992 :L‘qnalia
2830 939 2948 978 esse
2991 925 3229 993 qumdam
3256 942 3476 996 Corpora
3511 929 3592 981 vel

2017 1025 2300 1077 corporum
2344 1023 2559 1074 motus,
2610 1023 2661 1067 et
2709 1013 3016 1083 diligentius
3061 1018 3460 1072 considerantes
3514 1019 3592 1074 eis

2017 1100 2180 1156 ﬁdere
2210 1117 2314 1155 non
2341 1103 2616 1158 audemus.
2665 1104 2733 1156 Ι).
2780 1105 2854 1160 lbi
2895 1116 3020 1174 puto
3060 1105 3199 1176 qunti
3234 1119 3320 1162 est
3354 1114 3593 1178 corpori-

2016 1189 2114 1244 bus
2141 1193 2514 1257 excellentius;
2550 1194 2642 1247 sed
2677 1205 2849 1248 utrum
2884 1196 2934 1249 in
2958 1196 3076 1266 ipsa
3103 1197 3307 1264 anima,
3339 1216 3404 1252 an
3431 1201 3590 1254 etiam

2016 1297 2175 1353 Supra
2202 1285 2428 1338 animam
2459 1286 2654 1338 nescio.

2086 1376 2174 1430 55.
2209 1375 2284 1429 Μ.
2310 1376 2361 1429 Si
2384 1392 2509 1446 ergo
2531 1393 2831 1446 qnteranius
2859 1387 3027 1431 artem
3058 1379 3210 1434 istam
3239 1379 3588 1451 rhytlnnicam

2017 1467 2100 1521 vel
2126 1467 2420 1530 metricam,
2445 1484 2545 1536 qua
2574 1479 2789 1522 utuntur
2813 1470 2901 1540 qui
2923 1486 3106 1524 versus
3128 1470 3339 1536 faciunt,
3373 1488 3590 1540 ptuasne

2017 1559 2214 1616 habere
2261 1561 2463 1629 aliquos
2502 1576 2782 1624 ntuneros,
2830 1563 3114 1616 Secundum
3163 1579 3294 1634 quos
3338 1565 3591 1618 fabricant

2013 1653 2238 1708 versus?
2270 1651 2334 1705 ο.
2365 1651 2504 1705 Nihil
2545 1651 2681 1704 aliud
2727 1667 2938 1721 possum
2981 1654 3305 1707 existimare.
3349 1654 3422 1707 Μ.
3465 1655 3592 1721 Qui-

2015 1760 2240 1813 cumque
2272 1744 2354 1796 isti
2383 1753 2504 1796 sunt
2533 1743 2755 1803 muneri,
2788 1744 3057 1811 prmterire
3089 1745 3178 1797 tibi
3209 1745 3445 1798 videntur
3472 1761 3591 1800 cum

2015 1835 2278 1898 versibus,
2312 1849 2375 1886 an
2407 1833 2659 1886 manere?
2690 1832 2756 1886 D.
2805 1833 3014 1887 Manere
3060 1850 3205 1887 sane.
3241 1835 3317 1890 Μ.
3353 1838 3592 1891 Consen-

2019 1927 2251 1980 tiendum
2292 1935 2373 1979 est
2410 1940 2570 1996 ergo,
2600 1926 2665 1979 ab
2691 1925 2952 1994 aliquibus
2993 1927 3322 1980 manentibus
3362 1930 3592 1982 numeris

2017 2027 2395 2089 pnetereuntes
2416 2018 2617 2084 aliquos
2641 2015 2921 2071 fabricari?
2947 2016 3009 2068 D.
3034 2016 3184 2086 Cogit
3209 2029 3292 2071 me
3315 2020 3448 2071 ratio
3469 2036 3593 2072 con-

2017 2111 2232 2165 sentire.
2270 2108 2344 2162 Μ.
2372 2108 2547 2173 Quid?
2573 2108 2709 2162 hanc
2735 2118 2900 2162 artem
2935 2124 3060 2162 num
3087 2109 3224 2163 aliud
3254 2119 3403 2178 putas
3436 2126 3592 2177 quam

2016 2200 2348 2255 affectionem
2396 2199 2674 2268 quamdam
2721 2214 2841 2254 esse
2890 2200 3051 2253 animi
3098 2200 3348 2253 artificis?
3401 2199 3466 2252 υ.
3524 2202 3592 2256 Ita

2016 2291 2194 2347 credo.
2221 2291 2295 2344 Μ.
2319 2291 2570 2346 Credisne
2594 2291 2729 2345 hanc
2754 2291 3086 2345 affectionem
3114 2293 3271 2344 etiam
3294 2308 3411 2346 esse
3435 2294 3482 2345 in
3505 2309 3590 2357 eo,

2017 2384 2106 2452 qui
2153 2383 2310 2451 hujus
2351 2384 2480 2436 artis
2525 2382 2793 2450 imperitus
2833 2382 2952 2435 est?
2991 2381 3059 2435 Β.
3103 2381 3257 2435 Nullo
3300 2383 3474 2438 nitido.
3512 2382 3589 2438 Μ.

2017 2473 2190 2539 Quid?
2219 2475 2269 2526 in
2297 2473 2383 2526 illo
2411 2473 2497 2542 qui
2524 2473 2719 2526 oblitus
2747 2483 2823 2526 est
2859 2473 3014 2526 eam?
3049 2471 3112 2523 ι).
3146 2471 3252 2525 Nec
3277 2473 3325 2524 in
3357 2473 3445 2524 illo
3471 2473 3591 2542 qui-

2017 2563 2135 2617 dem
2157 2605 2172 2628 ,
2203 2563 2324 2633 quia
2350 2571 2404 2615 et
2429 2564 2541 2630 ipse
2569 2563 2842 2630 imperitus
2869 2571 2980 2627 est,
3010 2563 3216 2616 etiamsi
3259 2562 3356 2616 fuit
3395 2564 3593 2631 peritus

2015 2653 2314 2724 aliquando.
2357 2651 2434 2706 Μ.
2474 2652 2644 2720 Quid?
2683 2653 2726 2706 si
2770 2669 2890 2707 etnn
2916 2654 3190 2722 quisquam
3222 2653 3591 2724 interrogando

2015 2746 2425 2801 commemoret?
2455 2746 2742 2814 remigrare
2769 2745 2834 2798 ad
2864 2760 2984 2799 eum
3018 2754 3169 2813 putas
3197 2745 3314 2799 illos
3343 2762 3590 2813 numeros

2014 2838 2083 2891 ab
2119 2854 2184 2892 eo
2214 2837 2328 2906 ipso
2355 2837 2440 2904 qui
2471 2837 2791 2905 interrogat;
2824 2851 2892 2889 an
2923 2835 3070 2888 illum
3111 2835 3426 2890 intrinsecus
3453 2837 3589 2905 apud

2016 2938 2246 2982 mentem
2288 2942 2436 2980 suam
2480 2941 2692 2980 movere
2719 2941 2776 2979 se
2802 2925 2868 2978 ad
2896 2925 3111 2992 aliquid,
3145 2925 3282 2979 unde
3322 2926 3418 2979 sibi
3448 2925 3589 2994 quod

2015 3019 2264 3072 amiserat
2299 3016 2671 3070 redhibeatur?
2707 3014 2774 3067 Ι).
2817 3013 2970 3082 Apud
3015 3015 3356 3084 semetipsum
3384 3023 3508 3083 puto
3540 3014 3588 3067 id

2013 3123 2188 3174 agere.
2220 3107 2295 3159 Μ.
2325 3106 2460 3160 Num
2489 3106 2645 3160 etiam
2675 3121 2791 3174 qua:
2817 3104 3132 3172 corripiatur
3155 3104 3375 3174 syllaba,
3407 3120 3590 3173 quaeve

2016 3201 2331 3270 producatur
2357 3199 2400 3252 si
2432 3198 2638 3266 penitus
2667 3195 2877 3258 excidit,
2909 3197 3236 3250 commoneri
3267 3213 3386 3250 eum
3428 3200 3589 3250 inter-

2013 3290 2248 3360 rogando
2285 3290 2590 3352 arbitraris;
2635 3304 2754 3343 cum
2800 3287 3069 3341 hominum
3116 3290 3288 3356 prisco
3321 3289 3511 3356 placito
3535 3297 3588 3343 et

2011 3381 2423 3446 consuetudine,
2463 3380 2580 3434 aliis
2625 3379 2815 3441 minor,
2847 3380 2966 3432 aliis
2992 3379 3160 3447 major
3187 3395 3334 3434 mora
3374 3381 3587 3448 syllabis

2011 3474 2130 3528 data
2176 3473 2277 3526 sit?
2322 3472 2453 3526 Nam
2498 3471 2733 3540 profecto
2776 3472 2819 3526 si
2871 3484 3052 3524 natura
3097 3472 3178 3524 vel
3219 3471 3492 3540 disciplina
3534 3472 3586 3526 id

2013 3566 2173 3619 fixum
2196 3574 2339 3620 esset
2363 3581 2424 3618 ac
2451 3565 2658 3629 stabile,
2693 3581 2794 3622 non
2827 3564 3134 3618 recentioris
3163 3566 3413 3634 temporis
3441 3565 3582 3630 docti

2013 3655 2253 3709 homines
2301 3655 2581 3709 nonnullas
2627 3653 2995 3722 produxissent
3039 3670 3168 3722 quas
3215 3654 3585 3723 corripuerunt

2010 3747 2244 3815 antiqui,
2277 3747 2355 3800 vel
2383 3746 2763 3813 corripuissent
2791 3760 2920 3813 quas
2947 3745 3327 3815 produxerunt.
3355 3747 3419 3798 υ.
3450 3747 3584 3801 Puto

2009 3849 2062 3892 ct
2096 3838 2194 3891 hoc
2233 3853 2388 3906 posse
2407 3879 2423 3901 ,
2458 3836 2706 3906 quoniam
2733 3836 3069 3904 quantumvis
3096 3837 3325 3906 quidque
3353 3840 3579 3906 excidat,

2011 3939 2183 3996 potest
2204 3929 2612 3998 interrogatione
2633 3937 3086 3982 commemorante
3113 3928 3286 3983 redire
3309 3929 3359 3982 in
3381 3943 3584 3984 meum-

2009 4019 2162 4074 riam.
2193 4017 2266 4071 Μ.
2291 4019 2480 4072 Mirum
2501 4018 2545 4073 si
2567 4019 2818 4088 opinaris,
2843 4020 3028 4087 quovis
3049 4019 3402 4087 interrogante
3425 4037 3584 4089 posse

2011 4120 2061 4164 te
2100 4110 2365 4165 recordari
2401 4111 2525 4180 quid
2555 4119 2676 4168 ante
2709 4126 2904 4164 annum
2948 4111 3257 4164 etenaveris.
3293 4110 3358 4162 D.
3389 4111 3584 4166 Fateor

2007 4214 2094 4254 me
2137 4215 2239 4253 non
2291 4215 2478 4268 posse,
2522 4215 2620 4254 nec
2659 4200 2802 4253 illum
2839 4199 2948 4269 jam
2979 4200 3226 4253 existimo
3263 4201 3330 4254 de
3367 4202 3587 4272 s_vllahis

2008 4305 2183 4358 posse,
2203 4307 2425 4359 quarum
2451 4293 2617 4360 spatia
2640 4292 2848 4359 penitus
2869 4292 3061 4346 oblitus
3081 4300 3182 4357 est,
3211 4293 3582 4364 interrogando

2006 4381 2298 4436 admoneri.
2331 4381 2409 4434 Μ.
2441 4382 2548 4436 Cur
2584 4382 2684 4440 ita,
2714 4383 2812 4435 nisi
2839 4382 2960 4450 quia
2991 4382 3042 4434 in
3075 4383 3173 4436 hoc
3199 4384 3413 4439 nomine
3441 4387 3580 4455 quod

2005 4470 2162 4526 Italia
2196 4471 2406 4535 dicitur,
2441 4472 2608 4540 prima
2641 4471 2840 4542 syllaba
2883 4488 2978 4541 pro
3020 4473 3288 4540 voluntate
3327 4493 3582 4545 quorum--

2003 4561 2124 4615 dam
2153 4561 2424 4615 hominum
2451 4562 2852 4630 corripiebatur,
2879 4571 2934 4616 ct
2958 4579 3096 4618 nunc
3123 4580 3216 4634 pro
3241 4567 3464 4620 aliorum
3489 4583 3577 4621 vo-

2003 4654 2200 4709 luntate
2240 4653 2575 4723 producitur?
2614 4653 2679 4709 Ut
2713 4663 2888 4709 autem
2926 4672 3086 4710 unum
3115 4667 3170 4710 et
3205 4658 3309 4712 duo
3339 4675 3440 4711 non
3472 4660 3576 4711 sint

2003 4746 2136 4810 tria,
2179 4755 2234 4800 et
2269 4752 2328 4798 ut
2361 4743 2468 4799 duo
2509 4745 2597 4798 uni
2646 4761 2748 4798 non
2789 4745 2951 4814 duplo
2987 4748 3367 4818 respondeant,
3403 4749 3575 4802 nullus

2001 4846 2328 4900 mortuorum
2362 4836 2550 4905 potuit,
2583 4835 2760 4890 nullus
2789 4837 3025 4890 vivorum
3056 4845 3248 4908 potest,
3279 4838 3449 4892 nullus
3478 4853 3596 4909 po-j

1999 4934 2261 4981 sterorum
2308 4927 2502 4996 poterit
2550 4927 2744 4982 facere.
2793 4925 2864 4981 D.
2910 4927 3048 4982 Nihil
3095 4927 3444 4984 manifestius.
3497 4930 3573 4984 Μ.

1999 5016 2135 5085 Quid
2174 5019 2218 5072 si
2263 5033 2390 5087 ergo
2439 5019 2541 5072 isto
2581 5019 2739 5072 modo
2775 5033 2880 5088 quo
2925 5019 2992 5075 de
3031 5034 3136 5074 uno
3172 5029 3223 5073 et
3264 5019 3332 5074 de
3370 5021 3574 5078 duobus

1998 5111 2329 5177 apertissime
2355 5111 2697 5178 qu'esivimus
2716 5152 2728 5172 ,
2760 5120 2952 5164 cartcra
2978 5112 3152 5164 omnia
3173 5153 3187 5174 ,
3217 5128 3334 5181 qua:
3361 5114 3425 5168 ad
3459 5115 3573 5167 illus
3615 5155 3622 5164 .

2000 5214 2248 5261 numeros
2277 5200 2538 5266 pertinent
2563 5209 2617 5254 et
2645 5200 2732 5253 ille
2767 5200 3139 5270 interrogetur,
3177 5202 3263 5271 qui
3303 5183 3406 5264 non
3436 5204 3570 5258 obli-

1998 5290 2275 5351 viscendo,
2317 5289 2410 5357 sed
2448 5291 2567 5358 quia
2615 5306 2880 5363 nunquam
2914 5291 3123 5357 didicit,
3155 5293 3426 5360 imperitus
3452 5295 3569 5350 est?

1998 5395 2172 5432 nonne
2200 5394 2318 5432 eum
2357 5393 2544 5433 censes
2573 5379 2814 5434 similiter
2839 5379 2975 5436 hanc
3003 5393 3169 5436 artem
3200 5363 3432 5450 exceptis
3453 5385 3567 5454 syl-

1995 5472 2131 5527 labis
2156 5487 2314 5542 posse
2339 5475 2693 5542 eognoscere?
2720 5473 2789 5527 D.
2822 5476 2949 5541 Quis
2975 5475 3320 5531 dubitaverit?
3351 5475 3425 5528 Μ.
3455 5478 3569 5543 Quo

1997 5564 2153 5634 igitur
2203 5579 2262 5618 se
2315 5565 2472 5618 etiam
2530 5566 2684 5618 istum
2743 5576 3005 5620 moturum
3056 5579 3247 5636 putas,
3305 5577 3362 5621 ut
3406 5569 3565 5622 menti

1995 5657 2106 5726 ejus
2135 5657 2495 5733 inprimantur
2523 5657 2576 5711 bi
2606 5660 2828 5724 numeri,
2861 5669 2913 5716 ct
2943 5661 3081 5714 illam
3119 5661 3312 5714 faciant
3336 5659 3567 5714 aifectio-
