4118 6370
583 342 723 398 1183

582 471 703 509 nem
731 472 849 527 quze
873 471 959 511 ars
983 456 1214 511 dicitur?
1239 472 1304 509 an
1337 455 1461 510 huic
1486 456 1674 509 saltem
1703 454 1790 509 ille
1816 455 2165 519 interrogator

577 562 671 601 eos
700 548 882 602 dabit?
921 547 988 602 D.
1028 549 1107 602 Eo
1149 547 1306 602 modo
1351 546 1509 601 etiam
1558 546 1713 600 istum
1757 546 1984 600 arbitror
2025 543 2161 614 apud

575 641 916 708 semetipsum
966 656 1155 710 agere,
1207 649 1261 694 ut
1299 655 1360 694 ea
1405 655 1522 709 quae
1567 640 1994 710 interrogant-ur,
2037 653 2160 692 vera

573 747 696 786 esse
727 733 981 802 intelligat
1005 742 1163 802 atque
1195 732 1529 803 respondeat.

645 825 733 879 56.
768 823 846 878 M.
892 827 1039 894 Age,
1072 840 1210 879 nunc
1238 825 1322 877 dic
1366 824 1492 878 mihi
1537 833 1710 877 utrum
1753 823 1804 877 hi
1847 823 2048 877 muneri
2091 822 2158 878 de

570 916 762 984 quibus
792 916 868 970 sic
904 917 1175 984 quaeritur,
1217 916 1615 970 commntabiles
1648 931 1765 969 esse
1813 915 1906 969 tibi
1943 915 2158 968 videan-

571 1016 674 1061 tttr.
699 1007 766 1061 D.
792 1008 943 1062 Nullo
973 1009 1148 1062 modo.
1181 1009 1254 1061 Μ.
1287 1009 1422 1080 Ergo
1448 1019 1674 1063 aeternos
1699 1023 1820 1062 esse
1844 1023 1946 1062 non
1972 1023 2152 1077 negas.

568 1099 639 1152 1).
662 1099 772 1153 lnto
794 1102 976 1154 lateor.
1001 1100 1075 1153 Μ.
1107 1100 1280 1168 Quid?
1302 1111 1472 1154 metus
1494 1101 1580 1154 ille
1601 1117 1704 1152 non
1723 1099 1820 1152 sub
1835 1101 1954 1165 erit,
1973 1115 2038 1153 ne
2060 1099 2155 1152 ali-

566 1206 667 1260 qua
697 1206 793 1244 nos
816 1190 866 1243 in
890 1191 967 1244 eis
990 1192 1317 1259 inaequalitas
1336 1190 1474 1244 fallat
1494 1191 1548 1244 ‘?
1575 1189 1638 1243 D.
1669 1190 1805 1243 Nihil
1833 1206 1916 1244 me
1937 1190 2153 1244 omnino

567 1290 649 1336 est
676 1282 742 1337 de
766 1283 985 1337 istorum
1005 1284 1304 1353 aequalitate
1321 1285 1578 1338 securius.
1611 1282 1685 1336 Μ.
1718 1283 1868 1339 Unde
1895 1300 2020 1354 ergo
2038 1300 2152 1339 cre-

567 1375 797 1430 dentium
818 1386 897 1431 est
921 1377 1111 1430 animm
1140 1377 1294 1431 tribui
1320 1377 1456 1446 quod
1483 1386 1737 1430 a‘ternum
1769 1385 1850 1430 est
1873 1386 1920 1429 et
1952 1377 2150 1430 incom-

562 1468 846 1530 mutabile,
904 1468 1003 1522 nisi
1033 1467 1100 1520 ab
1130 1483 1234 1521 uno
1262 1478 1463 1521 a2terno
1492 1475 1544 1521 et
1575 1466 1983 1521 incommutabili
2007 1467 2149 1520 Deo?

560 1556 632 1612 Β.
654 1557 767 1612 Νοη
796 1557 953 1614 video
983 1558 1105 1627 quid
1133 1559 1270 1612 aliud
1293 1559 1436 1612 credi
1467 1569 1726 1627 oporteat.
1761 1557 1837 1611 Μ.
1867 1558 2003 1625 Quid
2035 1567 2149 1612 tan-

557 1648 720 1703 dem?
749 1650 876 1704 illud
919 1667 1092 1705 nonne
1133 1650 1464 1704 manifesttnn
1505 1661 1618 1713 est,
1656 1667 1776 1704 eum
1815 1651 1902 1720 qtti
1939 1652 2042 1706 alio
2070 1651 2147 1704 in-

560 1747 857 1809 terrogante
904 1756 1022 1795 sese
1073 1743 1213 1795 intus
1263 1741 1329 1794 ad
1383 1742 1545 1794 Detun
1596 1750 1806 1808 movet,
1858 1752 1914 1795 ut
1959 1757 2143 1796 verum

556 1828 989 1886 incommutabile
1031 1831 1320 1901 intelligat;
1356 1833 1452 1886 nisi
1482 1833 1728 1886 eumdem
1762 1843 1958 1886 motum
1991 1849 2140 1887 smnn

553 1919 810 1973 memoria
839 1928 1042 1986 teneat,
1077 1936 1182 1974 non
1224 1936 1378 1989 posse
1419 1921 1485 1975 ad
1533 1920 1842 1974 intuendum
1885 1923 2008 1976 illud
2050 1939 2140 1977 ve-

551 2025 670 2064 rum
692 2053 704 2075 ,
739 2012 882 2066 nullo
908 2013 1240 2069 extrinsecus
1270 2015 1589 2070 admonente
1630 2017 1904 2070 revocari?
1933 2015 2000 2069 D.
2034 2017 2142 2071 Ma-

549 2103 796 2158 nifestum
824 2113 926 2160 est.

546 2216 772 2273 CAPUT
801 2217 938 2273 X-lll.
968 2249 1040 2258 —
1063 2218 1276 2274 Animus
1324 2220 1457 2273 unde
1485 2220 1543 2290 ﬁt
1572 2230 1626 2274 ut
1657 2239 1689 2274 a
1711 2222 1915 2276 verilate
1947 2222 2139 2276 incom-

1079 2312 1309 2365 mtttubilt'
1328 2324 1602 2365 avertatur.

615 2421 703 2476 57.
751 2421 828 2476 Μ.
859 2424 1052 2489 Quer
1086 2440 1214 2495 ergo
1253 2442 1482 2495 quonam
1526 2427 1624 2481 iste
1665 2427 1730 2480 ab
1771 2426 2133 2496 hujuscemodi

543 2525 722 2566 rerum
752 2515 1198 2584 contemplatione
1220 2517 1488 2577 discedat.
1520 2527 1576 2572 ut
1616 2518 1759 2571 illum
1797 2519 1861 2572 ad
1892 2535 2007 2573 eam
2042 2535 2134 2574 ne»

541 2617 692 2657 cesse
718 2604 788 2657 sit
814 2606 1065 2659 memoria
1098 2608 1356 2660 revocari.
1387 2608 1466 2661 An
1494 2607 1629 2662 forte
1655 2609 1705 2662 in
1731 2609 1870 2663 aliud
1898 2610 2131 2665 intentus

541 2692 749 2747 animus
782 2695 868 2748 tali
900 2695 1069 2748 reditu
1097 2697 1334 2766 indigere
1363 2697 1628 2765 putandus
1651 2700 1773 2753 est?
1801 2699 1868 2752 ι).
1903 2700 1993 2755 Sic
2018 2701 2131 2756 exi-

539 2783 718 2835 stimo.
748 2782 825 2837 Μ.
861 2783 1165 2849 Videamus,
1195 2788 1237 2839 si
1271 2789 1461 2855 placet,
1493 2789 1616 2857 quid
1647 2798 1851 2843 tantum
1893 2791 2020 2846 illttd
2061 2793 2134 2848 sit

538 2887 644 2940 quo
682 2874 850 2940 possit
881 2874 1118 2938 intendi,
1153 2885 1209 2929 ut
1239 2877 1307 2930 ab
1334 2879 1777 2935 incommutabilis
1814 2893 1867 2936 et
1905 2899 2128 2939 summa:

539 2964 856 3032 arqualitatis
882 2967 1326 3036 contemplatione
1358 2982 1646 3026 avertatur.
1681 2973 1811 3028 Nam
1845 2975 2018 3030 tribus
2037 2993 2126 3047 ge-

538 3055 756 3109 neribus
783 3057 1012 3125 amplius
1041 3059 1166 3113 nihil
1201 3061 1370 3115 video.
1415 3063 1520 3118 Aut
1547 3066 1687 3119 enim
1715 3066 1781 3121 ad
1807 3068 2002 3137 aliquid
2032 3084 2126 3136 par

535 3153 694 3214 atque
717 3145 782 3200 ad
809 3148 1071 3214 ejusmodi
1097 3151 1236 3206 aliud
1263 3168 1322 3207 se
1349 3154 1573 3209 intendit
1597 3158 1826 3224 animus,
1851 3174 1972 3214 cum
2003 3160 2126 3216 hine

534 3238 810 3302 avertitur,
840 3248 931 3294 aut
958 3241 1022 3295 ad
1050 3246 1312 3312 superius,
1337 3255 1428 3300 aut
1452 3247 1517 3301 ad
1550 3249 1786 3306 inferius.
1817 3250 1884 3304 D.
1924 3254 1996 3306 De
2021 3269 2124 3308 crc-

536 3331 662 3384 teris
698 3332 907 3388 duobus
936 3337 1281 3404 qttzerendum
1307 3349 1388 3393 est
1418 3358 1430 3394 :
1460 3355 1579 3394 nam
1606 3343 1730 3411 quid
1770 3344 1840 3398 sit
1877 3347 2122 3414 superius

533 3433 730 3479 :rterua
765 3428 1065 3495 arqnalitate
1095 3445 1199 3484 non
1227 3432 1401 3487 video.
1435 3434 1512 3486 Μ.
1539 3435 1766 3490 Videsne
1793 3437 1942 3501 illud,
1967 3440 2126 3494 obse-

531 3533 656 3581 cro,
687 3521 937 3590 quidnam
975 3523 1020 3576 ei
1052 3539 1150 3594 par
1191 3540 1309 3579 esse
1354 3527 1552 3595 poss'n,
1583 3529 1722 3597 quod
1761 3541 1940 3585 tamen
1979 3531 2119 3587 aliud

532 3610 637 3664 sit?
675 3610 744 3664 Β.
781 3613 856 3666 Ne
887 3614 938 3667 id
968 3616 1178 3684 quidem
1213 3616 1389 3671 video.
1429 3617 1504 3672 Μ.
1534 3619 1715 3674 Restat
1743 3637 1872 3692 ergo
1898 3633 1953 3676 ttt
1977 3641 2120 3692 qute~

531 3717 744 3767 ramus,
783 3705 909 3773 quid
949 3706 1016 3758 sit
1054 3705 1294 3761 inferius.
1337 3707 1440 3762 Sed
1483 3725 1658 3764 nonne
1699 3711 1790 3765 tibi
1833 3714 1976 3780 prius
2006 3715 2118 3784 ipsa

529 3794 706 3850 anima
727 3798 980 3865 occurrit,
997 3815 1112 3868 quae
1129 3811 1272 3854 certe.
1293 3803 1644 3870 aequalitatem
1663 3805 1804 3858 illam
1826 3806 2119 3860 incommu-

531 3887 745 3943 tabilem
780 3904 898 3943 esse
923 3890 1224 3954 confitetur,
1264 3908 1323 3947 se
1361 3904 1540 3948 autem
1567 3898 1804 3963 agnoscit
1834 3900 2023 3952 mutari
2051 3915 2120 3954 eo

529 3976 646 4046 ipso
667 3978 805 4048 quod
823 3979 953 4033 alias
977 3980 1133 4047 hanc,
1164 3984 1293 4038 alias
1311 3985 1449 4038 aliud
1473 3985 1732 4051 intuetur;
1769 3998 1820 4041 et
1842 3989 1942 4043 hoc
1958 3991 2117 4045 modo

526 4069 670 4123 aliud
697 4080 854 4140 atque
881 4071 1020 4127 aliud
1061 4089 1291 4144 sequens
1316 4077 1620 4131 varietatem
1651 4081 1904 4148 temporis
1929 4098 2115 4150 opera-

528 4170 634 4227 tur,
657 4179 774 4232 qtre
800 4163 849 4217 in
881 4167 1092 4219 atternis
1116 4177 1168 4220 et
1196 4169 1715 4225 incommutabilihus
1738 4172 1880 4226 nulla
1905 4173 2023 4228 est?
2045 4173 2110 4226 Β.

529 4255 825 4308 Assentior.
861 4256 936 4310 Μ.
977 4257 1101 4312 Haec
1128 4259 1283 4329 igitur
1319 4259 1528 4313 affectio
1567 4261 1758 4315 anima:
1784 4263 1865 4316 vel
1901 4272 2110 4331 motus,

526 4358 632 4412 quo
663 4345 902 4417 intelligit
927 4359 1144 4416 aeterna,
1178 4359 1230 4404 et
1262 4351 1342 4404 his
1366 4351 1610 4405 inferiora
1641 4367 1759 4408 esse
1781 4355 2109 4422 temporalia,

527 4433 688 4487 etiam
722 4437 772 4488 iu
814 4439 1020 4508 seipsa;
1051 4451 1105 4494 et
1137 4441 1250 4496 lure
1275 4443 1569 4510 appetenda
1602 4445 1778 4512 potius
1803 4461 1921 4514 qua:
1951 4461 2112 4516 supe-

445 4573 450 4602 τ
527 4542 665 4580 rtora
693 4537 837 4593 sunt,
864 4547 1021 4598 quam
1054 4533 1139 4587 illa
1166 4550 1281 4602 qttzn
1308 4532 1554 4588 inferiora
1583 4545 1706 4588 sunt
1729 4537 1872 4590 novit
1900 4552 2114 4593 :nonne

440 4619 448 4674 Ξ
526 4619 618 4676 tibi
653 4623 931 4692 prudentia
964 4625 1202 4680 videtur?
1233 4627 1296 4678 Ι).
1330 4627 1468 4680 Nihil
1499 4627 1638 4681 aliud
1671 4630 1894 4684 videtur.

595 4716 684 4770 58.
716 4714 794 4768 Μ.
827 4715 963 4782 Quid
1002 4716 1162 4770 illud?
1188 4733 1310 4771 num
1341 4720 1513 4772 minus
1543 4720 1983 4774 considerandum
2011 4737 2112 4789 pu-

526 4816 604 4860 tas
635 4807 773 4876 quod
807 4807 1040 4860 nondum
1071 4808 1122 4860 in
1153 4824 1210 4862 ea
1243 4809 1397 4863 simul
1445 4819 1528 4863 est
1568 4812 1780 4865 :rternis
1814 4813 2107 4878 inltairere,

523 4914 644 4952 cum
666 4898 775 4967 jam
804 4899 856 4952 in
883 4913 946 4953 ea
971 4899 1039 4953 sit
1065 4915 1221 4953 nosse
1247 4901 1329 4954 his
1350 4916 1468 4955 esse
1489 4901 1885 4956 inhaerendum?
1909 4902 1974 4954 υ.
1999 4904 2113 4959 luto

525 4989 753 5043 maxime
775 4996 832 5042 ιιι
857 4989 905 5043 id
933 4989 1333 5045 consideremus
1351 5000 1490 5060 peto,
1518 4999 1571 5045 et
1591 4991 1729 5047 unde
1750 4992 1953 5046 accidat
1972 4994 2111 5049 seire

523 5079 700 5150 cupio.
737 5081 814 5135 Μ.
851 5081 1024 5136 Facile
1055 5082 1104 5136 id
1134 5081 1358 5146 videbis,
1383 5083 1427 5136 si
1457 5083 1892 5138 animadverteris
1919 5086 2112 5153 quibus

524 5172 685 5227 rebus
725 5172 960 5226 maxime
998 5173 1231 5227 animum
1272 5175 1536 5228 soleamus
1577 5175 1884 5236 intendere.
1912 5187 1966 5230 et
1994 5193 2108 5230 ma-

520 5277 678 5331 gnam
723 5277 903 5318 curam
947 5263 1200 5319 exhibere
1231 5289 1243 5318 :
1278 5281 1398 5319 nam
1446 5281 1537 5320 eas
1582 5266 1771 5335 Opinor
1812 5284 1930 5323 esse
1976 5285 2108 5339 quas

523 5353 746 5408 multum
791 5370 1031 5410 amamus
1075 5375 1088 5410 :
1129 5372 1196 5411 an
1232 5366 1288 5412 tu
1333 5357 1464 5412 alias
1510 5359 1778 5428 opinaris?
1818 5360 1888 5415 D.
1929 5361 2108 5416 Nullas

523 5447 770 5516 equidem
800 5451 950 5504 alias.
980 5449 1058 5503 Μ.
1093 5451 1204 5514 Dic,
1234 5465 1330 5519 oro
1354 5461 1432 5517 te,
1463 5467 1587 5505 num
1621 5467 1900 5521 possumus
1929 5469 2108 5509 amare

524 5540 625 5594 nisi
652 5540 907 5610 pulchra?
937 5541 1065 5596 Nam
1093 5543 1190 5596 etsi
1217 5541 1430 5613 quidam
1459 5543 1703 5598 videntur
1727 5560 1908 5599 amare
1933 5545 2110 5600 defur-

522 5632 664 5700 tnia,
694 5648 827 5703 quos
864 5636 1018 5705 vulgo
1057 5635 1226 5690 Grmci
1270 5641 1578 5706 σαπρσιρίλους
1620 5645 1841 5704 vocant,
1888 5637 2110 5692 interest

587 5774 604 5808 ⁸
620 5781 730 5826 Lor.
754 5786 769 5824 :
795 5783 886 5827 Nos
907 5771 960 5827 in
979 5773 1049 5828 eis
1065 5777 1315 5841 a'qualitas
1341 5778 1488 5830 fallet.
1516 5788 1607 5831 Sex
1631 5787 1760 5843 uss,
1787 5780 2102 5847 ἱησξιμιαιὶιαε.

1777 337 1866 394 DE
1902 337 2176 398 MUSICA,
2216 337 2270 390 S.
2313 336 2676 393 AUGUSTINI

3723 351 3882 406 9⁸8⁸

2275 458 2447 504 tamen
2477 462 2674 521 quanto
2698 453 2878 508 minus
2903 454 3124 524 pulchra
3161 456 3269 514 sint
3296 474 3454 530 quam
3483 461 3567 517 illa
3593 479 3714 534 qua:
3739 469 3865 534 plu-

2271 542 2418 627 ribus
2458 544 2683 613 placent.
2727 545 2858 600 Nam
2896 563 2956 602 ea
3002 551 3270 604 neminem
3298 567 3478 608 amate
3517 558 3860 613 manifestum

2269 645 2370 698 est,
2395 651 2618 705 quorum
2654 639 2889 694 foeditate
2916 653 3104 696 sensus
3128 643 3428 699 offenditur.
3464 646 3532 700 ο.
3565 647 3639 701 lta
3667 659 3771 710 est,
3804 663 3859 705 ut

2266 725 2418 779 dicis.
2452 726 2529 779 Μ.
2562 729 2686 784 Haec
2716 730 2878 801 igitur
2909 732 3125 802 pulchra
3155 750 3378 791 numero
3407 738 3634 807 placent,
3665 741 3718 794 in
3750 757 3876 810 quo~

2260 817 2368 886 jam
2411 821 2745 878 ostendimus
2783 825 3135 894 aequalitatem
3179 831 3375 898 appeti.
3407 830 3520 885 Non
3559 834 3702 887 enim
3752 836 3858 888 hoc

2263 915 2467 964 tantum
2500 910 2551 964 in
2579 927 2641 966 ea
2673 913 3066 981 pulchritudine
3109 933 3228 987 qua:
3271 919 3337 973 ad
3380 935 3538 976 aures
3578 924 3811 992 pertinet
3835 967 3866 988 ,λ

2262 1008 2420 1068 atque
2448 1001 2502 1054 in
2541 1012 2687 1057 motu
2717 1019 3000 1075 corporum
3026 1015 3140 1073 est,
3171 1008 3456 1077 invenitur,
3499 1014 3592 1068 sed
3635 1015 3686 1067 in
3720 1017 3856 1084 ipsis

2260 1090 2419 1144 etiam
2448 1091 2747 1148 visibilibus
2776 1094 2985 1162 formis,
3016 1097 3067 1151 in
3097 1099 3288 1168 quibus
3310 1101 3418 1168 jam
3450 1103 3694 1157 usitatius
3718 1106 3853 1160 dici-

2261 1190 2345 1235 tur
2369 1183 2724 1251 pulchritudo.
2752 1188 2832 1240 An
2859 1188 3000 1242 aliud
3024 1205 3182 1260 quam
3209 1193 3563 1260 aaqualitatem
3596 1212 3853 1249 numero-

2256 1288 2368 1326 sam
2401 1290 2520 1330 esse
2549 1277 2844 1345 arbitraris,
2875 1295 3000 1334 cum
3029 1281 3175 1350 paria
3210 1285 3423 1351 paribus
3453 1286 3572 1340 bina
3601 1288 3847 1341 membra

2255 1371 2579 1438 reSpondent
2607 1390 2619 1426 :
2645 1390 2762 1442 qua:
2787 1383 2966 1430 autem
2996 1377 3199 1447 singula
3231 1388 3372 1442 sunt,
3403 1380 3632 1434 medium
3667 1381 3858 1434 locum

2257 1470 2463 1527 tenent,
2507 1473 2562 1517 ut
2601 1465 2666 1518 ad
2707 1482 2770 1520 ea
2812 1467 2879 1521 de
2923 1476 3144 1538 utraque
3188 1477 3337 1538 parte
3379 1471 3522 1539 paria
3562 1472 3855 1527 intervalla

2252 1555 2568 1608 serventur?
2596 1554 2664 1609 Ι).
2705 1555 2819 1612 Non
2850 1559 3010 1614 aliter
3039 1571 3186 1630 puto.
3227 1561 3302 1614 Μ.
3335 1562 3469 1628 Quid
3501 1564 3560 1616 in
3581 1564 3694 1632 ipsa
3726 1565 3855 1619 luce

2251 1644 2442 1697 visi-bili
2464 1661 2581 1715 qua:
2601 1649 2837 1701 omnium
2864 1650 3103 1704 colorum
3133 1650 3291 1705 habet
3314 1653 3690 1721 principatum,
3717 1671 3841 1708 nam

2249 1742 2301 1786 et
2327 1735 2474 1789 color
2503 1752 2600 1790 nos
2634 1737 2862 1794 delectat
2901 1741 2952 1793 in
2981 1756 3266 1811 corporum
3298 1745 3516 1809 formis;
3548 1746 3674 1813 quid
3707 1761 3846 1814 ergo

2247 1825 2389 1878 aliud
2429 1826 2480 1879 in
2518 1827 2636 1882 luce
2671 1838 2726 1883 et
2760 1831 3059 1897 coloribus,
3102 1833 3200 1886 nisi
3241 1834 3381 1902 quod
3424 1836 3622 1889 nostris
3665 1838 3842 1890 oculis

2246 1918 2506 1986 eottgruit,
2537 1921 2877 1988 appetimus?
2905 1923 3109 1977 Etenim
3137 1940 3166 1977 a
3196 1925 3362 1978 nimio
3384 1925 3586 1995 fulgore
3615 1942 3836 1980 aversa-

2245 2023 2383 2071 mur,
2411 2018 2464 2062 et
2501 2011 2656 2064 nimis
2685 2011 2912 2066 obscura
2943 2015 3188 2068 nolumus
3222 2031 3473 2078 cernere,
3501 2017 3638 2070 sicut
3671 2017 3833 2071 etiam

2243 2097 2296 2150 in
2321 2101 2467 2154 sonis
2487 2110 2540 2154 et
2559 2116 2587 2154 a
2610 2103 2829 2157 nimium
2869 2106 3180 2160 sonantibus
3208 2105 3577 2173 abhorrrmus,
3600 2118 3651 2161 et
3679 2109 3838 2176 quasi

2241 2195 2567 2247 susurrantia
2598 2211 2704 2249 non
2729 2211 2987 2251 amamus.
3021 2199 3173 2264 Quod
3202 2215 3305 2252 non
3335 2200 3385 2252 in
3419 2209 3720 2268 temporum
3745 2202 3829 2254 in-

2242 2284 2474 2336 tet-vallis
2495 2295 2593 2348 est,
2621 2287 2712 2340 sed
2736 2286 2789 2341 in
2821 2288 2936 2356 ipso
2965 2303 3118 2355 sono;
3143 2292 3228 2359 qui
3249 2291 3396 2360 quasi
3425 2292 3514 2344 lux
3539 2302 3622 2346 est
3643 2293 3839 2346 talium-

2239 2387 2603 2439 nmuerorum,
2631 2377 2721 2431 cui
2759 2378 2836 2432 sic
2863 2388 2945 2433 est
2974 2383 3296 2435 contrarium
3325 2383 3615 2445 silentium,
3645 2395 3704 2438 ut
3731 2399 3828 2438 c0-

2237 2465 2441 2519 loribus
2471 2469 2723 2522 tenebras.
2756 2469 2812 2523 ln
2851 2470 2932 2525 his
2963 2487 3096 2542 ergo
3130 2489 3251 2527 cum
3293 2475 3590 2542 appetimus
3618 2491 3828 2530 conve-

2238 2556 2435 2611 nientia
2468 2576 2562 2628 pro
2602 2569 2803 2615 natura:
2845 2572 3039 2618 nostra:
3080 2565 3267 2631 modo,
3308 2577 3361 2620 et
3402 2567 3838 2624 inconvenientia

2235 2651 2553 2718 reSpttiutus,
2577 2667 2694 2722 qua:
2718 2654 2838 2708 aliis
2863 2663 3037 2710 tamen
3065 2658 3376 2711 animalibus
3398 2660 3686 2714 convenire
3707 2675 3832 2715 sen-

2237 2744 2428 2810 timus,
2459 2760 2635 2800 nonne
2663 2746 2748 2800 hic
2773 2747 2934 2801 etiam
2969 2749 3196 2818 quodam
3235 2751 3549 2819 arqnalitatis
3572 2752 3693 2821 jure
3725 2753 3825 2807 lze-

2235 2844 2424 2901 tamur,
2452 2852 2571 2890 cum
2599 2838 2974 2892 occultioribus
3004 2839 3177 2893 modis
3209 2842 3352 2909 paria
3380 2842 3595 2910 paribus
3623 2843 3822 2898 tributa

2231 2941 2363 2982 esse;
2379 2930 2787 2998 cognoscimus?
2819 2931 2930 2984 Hoc
2968 2933 3018 2984 in
3049 2933 3302 2986 odoribus
3329 2942 3380 2986 et
3424 2934 3475 2987 in
3516 2937 3818 3004 saporibus,

2230 3027 2285 3072 et
2310 3018 2359 3072 in
2387 3020 2630 3089 tangendi
2661 3037 2822 3075 sensu
2843 3022 3265 3077 animadvertere
3291 3024 3428 3090 licet,
3457 3041 3575 3094 qua:
3602 3027 3819 3096 longum

2227 3126 2310 3165 est
2343 3112 2668 3167 enucleatius
2711 3113 2984 3184 persequi.
3018 3115 3111 3168 sed
3145 3116 3420 3184 explorare
3458 3117 3770 3172 facillimum
3800 3135 3820 3172 :

2227 3203 2355 3256 nihil
2400 3204 2540 3259 enim
2571 3212 2652 3257 est
2690 3203 2881 3258 horutn
2926 3205 3285 3272 sensibilium,
3330 3207 3469 3276 quod
3516 3208 3667 3262 nobis
3705 3224 3822 3263 non

2226 3294 2526 3362 aequalitate
2552 3303 2642 3348 aut
2669 3295 3014 3350 similitudine
3044 3296 3266 3366 placeat.
3299 3297 3395 3352 Ubi
3432 3306 3610 3352 autem
3635 3314 3819 3368 mqua-

2227 3384 2348 3438 litas
2376 3393 2468 3439 aut
2492 3385 2800 3449 similitudo,
2834 3385 2904 3439 ibi
2937 3389 3322 3451 numerositas;
3356 3387 3486 3441 nihil
3512 3397 3594 3444 est
3619 3390 3817 3459 quippe

2226 3484 2330 3528 tam
2355 3476 2556 3545 aequale
2581 3483 2676 3530 aut
2695 3477 2868 3531 simile
2889 3493 3046 3548 quam
3071 3494 3231 3532 unum
3257 3487 3312 3533 et
3335 3495 3495 3533 unum
3525 3499 3538 3533 :
3563 3482 3662 3535 nisi
3683 3482 3828 3552 quid‘

2226 3567 2388 3621 habes
2413 3567 2478 3620 ad
2505 3567 2637 3622 haec.
2671 3567 2739 3619 D.
2771 3567 3002 3622 Omnino
3029 3571 3309 3624 assentior.

2296 3657 2384 3711 39.
2416 3656 2491 3710 Μ.
2513 3657 2689 3723 Quid?
2714 3660 2958 3727 superior
2976 3659 3061 3712 illa
3085 3660 3326 3713 tractatio
3353 3676 3528 3714 nonne
3548 3663 3820 3730 persuasit

2225 3747 2378 3802 nobis
2401 3763 2559 3817 agere
2588 3749 2701 3803 haec
2726 3750 2955 3804 animam
2987 3750 3038 3804 in
3069 3751 3399 3819 corporibus,
3429 3767 3532 3804 non
3557 3766 3588 3804 a
3617 3766 3810 3823 corpo-

2224 3839 2370 3894 ribus
2399 3839 2539 3908 pati?
2564 3837 2633 3892 D.
2666 3839 2937 3895 Persuasit
2965 3857 3114 3896 sane.
3141 3841 3220 3895 Μ.
3251 3843 3414 3896 Amor
3439 3843 3598 3913 igitur
3616 3846 3819 3914 agendi

2223 3929 2479 3983 adversus
2507 3930 2854 3985 succedentes
2884 3934 3158 4001 passiones
3195 3935 3434 4003 corporis
3463 3938 3578 3999 sui,
3610 3937 3807 3991 avertit

2221 4023 2454 4075 animam
2490 4037 2520 4076 a
2554 4021 3004 4091 contemplatione
3034 4030 3351 4078 a'ternoruni
3373 4066 3392 4091 ,ί
3421 4026 3684 4080 sensibilis
3712 4041 3810 4079 vo-

2221 4113 2435 4184 luptatis
2471 4131 2596 4170 cura
2641 4116 2756 4184 ejus
2793 4131 3026 4170 avocans
3062 4118 3404 4171 intentionem
3448 4135 3460 4170 :
3491 4117 3591 4172 hoc
3625 4129 3806 4172 autem

2219 4206 2325 4274 agit
2365 4206 2736 4259 occursoribus
2785 4207 3040 4259 numeris.
3088 4207 3297 4261 Avertit
3343 4209 3499 4261 etiam
3541 4222 3691 4261 amor
3736 4209 3812 4262 de

2219 4298 2533 4368 eor-poribus
2572 4297 2945 4366 operandi,'et
2977 4299 3262 4369 inquietam
3303 4299 3461 4353 facit:
3495 4299 3594 4353 hoc
3621 4307 3812 4355 autem

2218 4391 2325 4458 agit
2353 4390 2780 4459 progressoribus
2804 4391 3060 4444 numeris.
3090 4392 3349 4444 Avertunt
3389 4389 3678 4459 phantasia
3717 4402 3806 4446 at-

2217 4497 2320 4550 que
2347 4483 2712 4550 phantasmata
2738 4499 2750 4534 :
2773 4491 2826 4535 et
2848 4481 2959 4534 haec
2980 4482 3086 4550 agit
3107 4482 3522 4536 recordabilibus
3543 4483 3803 4536 numeris.

2217 4574 2423 4626 Avertit
2461 4574 2689 4642 denique
2726 4588 2878 4626 amor
2917 4573 3214 4626 vanissimzr
3259 4573 3571 4642 cognitionis
3613 4575 3804 4628 talium

2217 4681 2393 4718 rerum
2426 4683 2438 4718 :
2471 4675 2526 4719 et
2559 4664 2659 4718 hoc
2687 4665 2792 4734 agit
2821 4664 3153 4718 sensualibus
3190 4666 3453 4730 numeris,
3494 4665 3685 4733 quibus
3716 4666 3804 4718 in-

2216 4763 2339 4807 sunt
2359 4755 2506 4824 quasi
2527 4755 2726 4825 regulae
2747 4754 2986 4824 quasdam
3009 4755 3138 4808 artis
3159 4756 3452 4809 imitatione
3476 4755 3771 4824 gaudentes
3786 4773 3806 4810 :

2216 4857 2269 4898 et
2293 4863 2357 4900 ex
2381 4846 2462 4900 his
2487 4847 2765 4902 curiositas
2795 4848 3026 4901 nascitur
3048 4848 3160 4916 ipso
3181 4863 3322 4900 curae
3349 4848 3562 4903 nomine
3587 4848 3803 4903 inimica

2215 4938 2501 5004 securitati,
2533 4949 2587 4994 et
2614 4939 2841 4992 vanitate
2869 4938 3038 5008 impos
3067 4939 3301 4992 veritatis
3319 4941 3358 4994 ί.

2287 5030 2375 5084 40.
2424 5031 2702 5085 Gcneralis
2736 5046 2862 5084 vero
2900 5046 3049 5083 amor
3084 5031 3336 5094 actiOnis,
3377 5045 3497 5100 quae
3540 5030 3731 5085 avertit
3769 5045 3803 5086 a

2216 5140 2364 5189 vero,
2386 5138 2414 5176 a
2436 5123 2678 5193 superbia
2704 5121 3071 5191 proficiscitur,
3100 5137 3206 5190 quo
3233 5122 3361 5174 vitio
3393 5124 3554 5175 lteum
3580 5122 3799 5187 imitari,

2214 5233 2371 5285 quam
2406 5217 2512 5270 Deo
2541 5216 2742 5268 servire
2771 5215 2944 5269 anima
2990 5215 3191 5268 maluit.
3243 5215 3403 5269 Recte
3447 5215 3624 5284 itaque
3667 5216 3805 5269 scri-

2216 5319 2360 5376 pttttn
2387 5318 2468 5360 est
2495 5308 2544 5361 in
2573 5307 2768 5360 sanctis
2806 5305 2978 5360 Libris
3015 5323 3027 5358 :
3059 5305 3085 5358 1
3093 5305 3272 5358 uitium
3309 5307 3558 5374 superbia:
3583 5307 3805 5360 hetuim's

2214 5409 2501 5470 apostatare
2529 5417 2559 5452 a
2589 5398 2730 5461 Deo;
2758 5407 2810 5453 et
2830 5439 2842 5460 ,
2876 5397 3088 5451 Initium
3123 5402 3286 5450 omnis
3315 5399 3504 5467 percuti
3542 5399 3800 5468 superbia.

2215 5492 2329 5547 Non
2359 5493 2528 5562 potuit
2553 5501 2731 5546 autem
2758 5491 2946 5545 melius
2970 5489 3322 5544 demonstrari
3349 5489 3474 5559 quid
3511 5490 3581 5543 sit
3608 5505 3805 5558 super--

2215 5583 2300 5638 bia
2321 5624 2335 5649 ,
2376 5599 2534 5652 quam
2575 5583 2627 5636 itt
2659 5596 2725 5636 eo
2753 5580 2894 5652 quod
2929 5580 2998 5635 ibi
3033 5579 3228 5634 dictum
3259 5589 3342 5634 est
3371 5597 3382 5632 :
3413 5579 3550 5645 Quid
3580 5581 3805 5648 superbit

2279 5720 2292 5750 ι
2330 5718 2400 5765 Sic
2416 5715 2646 5766 meliores
2660 5723 2768 5767 Mss.
2787 5723 2842 5766 Αι
2857 5723 2954 5765 Am.
2976 5721 3028 5766 et
3041 5720 3116 5763 Er.
3135 5713 3344 5764 habent:
3363 5719 3418 5766 Et
3432 5710 3652 5765 mittatis
3664 5712 3805 5775 ὅπως

2215 5778 2330 5832 verit
2349 5778 2528 5843 .tt'sqtte.
2564 5785 2690 5829 tota:
2719 5784 2772 5829 ιιι
2792 5777 2971 5829 tmtitas
2991 5776 3202 5843 oppositu
3225 5776 3425 5827 retium.
3689 5789 3692 5791 '

3575 5861 3602 5875 ο
