4118 6370
294 315 441 372 ’1185

299 437 434 479 terra
468 433 517 480 et
546 422 701 487 cinis,
732 422 967 493 quoniam
994 423 1043 475 in
1072 422 1171 495 via;
1203 436 1296 475 sua
1321 420 1528 491 projectt
1554 418 1731 472 intima
1758 415 1885 467 sua?

299 519 486 592 {Eat-Ii.
508 534 565 584 x,
591 518 676 583 ιι,
700 518 785 584 t5,
810 516 863 583 9,
890 513 1150 587 tO.)'Cum
1172 514 1312 570 enim
1340 514 1512 568 anima
1541 527 1636 581 per
1656 510 1885 577 seipsam

316 610 431 664 tihil
452 610 550 673 sit;
580 624 683 662 non
713 610 853 663 enim
882 608 1035 661 aliter
1060 613 1202 661 esset
1222 604 1631 669 commutabilis,
1659 612 1713 657 et
1739 610 1885 671 pate-
1919 655 1927 658 ,

297 711 447 756 retur
486 700 751 756 defectum
796 699 863 753 ab
900 699 1168 752 essentia:
1198 714 1316 751 cum
1358 712 1484 765 ergo
1530 695 1640 765 ipsa
1686 710 1780 764 per
1822 707 1882 748 se

286 791 429 845 nihil
470 790 571 855 sit,
607 789 860 859 quidquid
892 798 1067 843 autem
1105 788 1177 842 illi
1219 800 1338 842 esse
1367 798 1476 851 est,
1505 802 1535 840 a
1570 787 1675 841 Deo
1700 786 1797 843 sit:
1828 784 1880 837 in

292 882 484 937 ordine
514 897 610 935 suo
639 896 879 943 manens,
912 880 1075 949 ipsius
1108 879 1198 934 Dei
1228 880 1504 949 przesentia
1526 876 1879 947 vegetatur‘in

291 982 476 1027 mente
523 980 683 1042 atque
730 971 1072 1029 conscientia.
1120 970 1298 1040 Itaque
1341 969 1442 1024 hoc
1483 971 1677 1025 bonum
1723 968 1881 1023 habet

272 1064 555 1119 intimum.
588 1064 766 1131 Quare
793 1063 1040 1133 superbia
1069 1063 1419 1117 intumescere
1438 1103 1456 1128 ,
1480 1060 1587 1115 hoc
1616 1059 1688 1113 illi
1718 1070 1798 1113 est
1825 1060 1876 1112 in

285 1157 483 1211 extima
515 1156 780 1226 progredi,
814 1164 867 1209 et
888 1164 943 1209 ut
969 1156 1038 1209 ita
1065 1155 1257 1220 dicam,
1284 1155 1613 1217 inanescere,
1634 1152 1773 1221 quod
1798 1157 1880 1205 est

273 1249 468 1303 minus
487 1248 766 1316 minusque
787 1262 926 1302 esse.
951 1246 1201 1316 Progredi
1226 1255 1399 1300 autem
1431 1246 1481 1298 in
1503 1244 1724 1306 extima,
1751 1241 1876 1311 quid

284 1348 369 1393 est
397 1338 537 1394 aliud
566 1354 726 1409 quam
758 1338 940 1392 intima
969 1337 1261 1408 projicere;
1293 1337 1341 1391 id
1364 1346 1473 1401 est,
1496 1336 1651 1404 longe
1672 1351 1701 1389 a
1722 1351 1777 1388 sc
1801 1332 1878 1386 ιιι·-

267 1447 407 1488 εδει-θ
434 1433 627 1495 Deum,
662 1446 765 1485 non
800 1430 1037 1485 locorum
1074 1430 1273 1500 spatio,
1309 1431 1403 1485 sed
1431 1432 1623 1486 mentis
1647 1431 1876 1489 affectu?

350 1524 443 1578 Ἠ.
475 1522 577 1577 Iste
613 1532 788 1577 autem
819 1522 1012 1577 anima:
1047 1523 1309 1592 appetitus
1338 1530 1421 1577 est
1448 1523 1547 1579 sub
1577 1539 1635 1578 se
1674 1523 1871 1578 habere

268 1613 416 1667 .alias
445 1613 688 1678 animas;
721 1626 823 1667 non
856 1627 1105 1682 pecorum
1129 1653 1143 1677 ,
1192 1627 1325 1683 quas
1363 1612 1543 1667 divino
1581 1614 1702 1683 jure
1741 1630 1868 1668 cou-

268 1719 494 1760 eessum
521 1713 619 1769 est,
650 1704 743 1777 sed
772 1703 1095 1769 rationales,
1129 1702 1179 1758 id
1210 1713 1311 1768 est,
1342 1706 1607 1773 proximas
1638 1720 1784 1769 suas,
1816 1714 1871 1758 et

282 1798 388 1852 sub
411 1797 597 1852 eadem
630 1797 745 1867 lege
772 1798 943 1852 socias
970 1808 1127 1866 atque
1153 1806 1449 1852 consortes.
1478 1798 1554 1851 De
1586 1796 1667 1850 his
1693 1807 1868 1851 autem

276 1888 490 1957 appetit
531 1888 738 1957 operari
768 1888 940 1942 anima
970 1888 1199 1957 superba
1221 1930 1236 1953 ,
1264 1895 1321 1942 et
1346 1895 1491 1942 tanto
1518 1887 1870 1943 excellentior

280 1979 497 2035 videtur
522 1980 648 2034 'hzec
692 1980 830 2034 actio
871 1995 1028 2050 quam
1068 1980 1155 2034 illa
1183 1980 1250 2034 de
1290 1979 1636 2049 corporibus,
1669 1987 1866 2050 quanto

272 2071 455 2126 anima
484 2071 657 2126 omnis
684 2071 827 2124 omni
857 2086 1081 2141 corpore
1105 2079 1190 2126 est
1211 2070 1417 2125 melior.
1441 2070 1543 2127 Sed
1564 2071 1771 2140 operari
1797 2070 1865 2125 de

278 2162 471 2216 animis
492 2162 853 2226 rationalibus,
879 2177 984 2217 non
1016 2178 1111 2231 per
1130 2177 1344 2232 corpus,
1367 2161 1460 2216 sed
1491 2177 1586 2233 per
1606 2162 1859 2232 seipsum,

280 2256 428 2309 solus
456 2254 598 2311 Deus
623 2266 817 2325 potest.
848 2256 1192 2311 Peccatorum
1233 2266 1407 2311 tamen
1446 2257 1745 2310 conditione
1781 2258 1857 2321 lit,

269 2355 337 2399 ut
371 2347 739 2414 permittuntur
768 2347 956 2400 anima:
1001 2347 1066 2401 de
1108 2348 1296 2401 animis
1323 2347 1521 2416 aliquid
1565 2362 1721 2417 agere
1743 2389 1758 2413 ,
1790 2348 1861 2401 si—

277 2438 578 2506 gnificando
605 2453 699 2492 cas
729 2446 1000 2493 moventes
1045 2454 1141 2508 per
1182 2439 1431 2494 alterutra
1474 2453 1725 2509 corpora,
1774 2438 1855 2493 vel

270 2528 604 2582 naturalibus
637 2530 822 2596 signis,
854 2531 989 2584 sicut
1015 2538 1099 2586 est
1125 2531 1298 2585 vultus
1326 2531 1409 2584 vel
1435 2540 1613 2597 nutus,
1645 2531 1724 2585 vel
1747 2531 1859 2600 pla-

276 2623 420 2685 citis,
454 2623 589 2677 sicut
620 2634 743 2676 sunt
772 2623 953 2677 verba.
987 2623 1117 2678 Nam
1149 2634 1199 2678 et
1222 2624 1466 2692 jubcutes
1492 2634 1545 2677 et
1575 2624 1858 2679 suadentes

275 2713 442 2779 signis
467 2722 659 2783 agunt,
689 2724 742 2768 et
776 2715 819 2767 si
849 2714 974 2783 quid
1003 2723 1085 2770 est
1106 2715 1245 2769 aliud
1275 2724 1464 2783 prtctcr
1487 2714 1777 2784 jussibnem
1805 2725 1857 2768 et

274 2804 599 2870 suasionem,
627 2821 731 2873 quo
762 2806 950 2858 anima:
980 2805 1045 2860 de
1070 2805 1259 2859 animis
1280 2806 1361 2859 vel
1389 2821 1507 2859 cum
1538 2805 1732 2859 animis
1755 2806 1854 2859 ali-

273 2896 400 2962 quid
426 2902 604 2964 agunt.
636 2894 763 2951 Jure
786 2906 962 2949 autem
987 2906 1222 2950 secutum
1253 2905 1353 2960 est,
1386 2906 1442 2950 ut
1462 2913 1579 2966 quae
1607 2896 1854 2967 superbia

270 2986 483 3042 caeteris
507 2987 766 3042 excellere
810 2987 1127 3055 cupierunt,
1170 3002 1267 3042 nec
1300 2988 1409 3041 suis
1437 2987 1673 3057 partibus
1697 2998 1855 3059 atque

274 3079 585 3150 corporibus
606 3079 722 3133 sine
739 3079 1047 3134 difficultate
1069 3088 1121 3133 et
1140 3079 1407 3134 doloribus
1430 3080 1711 3149 imperent,
1735 3095 1855 3149 par-

276 3172 369 3225 tim
396 3171 569 3225 stultre
598 3172 650 3226 in
688 3185 777 3237 se,
820 3173 1008 3241 partim
1040 3172 1349 3227 mortalibus
1384 3172 1635 3227 membris
1664 3188 1852 3242 aggra-

277 3274 431 3316 vata}.
463 3263 528 3317 Et
559 3261 641 3316 his
668 3261 825 3331 igitur
849 3263 1085 3317 numeris
1115 3273 1166 3316 ct
1193 3264 1424 3318 motibus
1449 3264 1639 3331 quibus
1661 3264 1853 3318 animae

274 3354 343 3409 ad
369 3356 573 3409 animas
598 3364 779 3425 agunt,
809 3354 1039 3408 honores
1064 3353 1352 3424 laudesque
1376 3354 1672 3423 appetendo
1698 3370 1852 3409 aver-

274 3456 459 3501 tuntur
486 3462 514 3500 a
542 3448 907 3516 perspectione
939 3463 1082 3516 purre
1100 3447 1246 3500 illius
1264 3456 1321 3501 et
1349 3448 1570 3502 sincera:
1595 3449 1848 3503 veritatis.

274 3539 434 3594 Solus
462 3539 603 3594 enim
632 3538 857 3595 honorat
885 3540 1022 3594 Deus
1060 3540 1291 3593 animam
1320 3540 1528 3594 beatam
1569 3539 1769 3596 faciens
1800 3542 1850 3595 in

274 3632 483 3686 occulto
507 3645 686 3686 coram
713 3646 771 3685 se
794 3631 935 3699 juste
962 3641 1015 3685 et
1045 3630 1127 3701 pic
1156 3632 1440 3685 viventem.

347 3722 435 3777 42.
468 3724 637 3777 Motus
676 3723 834 3792 igitur
861 3738 994 3793 quos
1018 3723 1215 3777 exserit
1239 3723 1413 3777 anima
1452 3722 1519 3777 de
1549 3722 1854 3777 inhaerenti-

274 3814 374 3870 bus
400 3814 498 3869 sibi
516 3856 531 3880 ,
560 3822 614 3869 et
642 3813 864 3868 subditis
888 3814 1111 3879 animis,
1144 3816 1567 3884 progressoribus
1594 3816 1696 3869 illis
1730 3826 1852 3870 sunt

274 3905 511 3971 similes;
540 3905 647 3973 agit
666 3904 807 3958 enim
832 3913 1078 3973 tanquam
1100 3906 1165 3960 de
1186 3922 1409 3977 corpore
1430 3923 1546 3961 suo.
1572 3907 1647 3962 Illi
1672 3920 1848 3963 autem

271 4007 452 4052 motus
477 4011 612 4064 quos
634 3996 850 4059 exserit,
874 4010 1157 4065 aggregare
1182 3998 1280 4051 sibi
1301 3999 1503 4067 aliquas
1528 4000 1607 4052 vel
1625 4000 1852 4055 subdere

272 4087 530 4156 cupiens,
581 4084 633 4139 in
683 4100 1022 4139 occursurum
1073 4103 1294 4142 numero
1347 4088 1684 4158 deputantur.
1730 4095 1853 4160 Agit

270 4179 415 4232 enim
450 4187 696 4245 tanquam
724 4178 773 4231 in
795 4178 1037 4233 sensibus
1059 4178 1111 4232 id
1134 4179 1373 4241 moliens,
1400 4190 1456 4235 ut
1484 4198 1645 4236 unum
1670 4197 1847 4239 secum

274 4272 365 4322 ttat
383 4310 398 4333 ,
429 4267 569 4336 quod
594 4268 737 4322 velut
764 4269 1094 4324 extrinsecus
1122 4269 1432 4326 admovetur
1450 4315 1465 4339 ,
1494 4282 1550 4329 et
1576 4276 1716 4344 quod
1746 4292 1849 4331 non

274 4370 448 4431 potest
477 4361 782 4430 repellatur.
818 4361 881 4415 Et
909 4360 1007 4415 hos
1034 4371 1284 4431 utrosque
1320 4373 1495 4418 motus
1520 4366 1714 4435 excipit
1737 4383 1851 4420 meo

273 4453 465 4518 moria,
492 4460 547 4507 et
571 4451 924 4506 rccordabiles
952 4451 1093 4517 facit,
1118 4453 1271 4506 simili
1300 4454 1459 4510 modo
1484 4456 1535 4509 in
1562 4456 1852 4525 phantasiis

272 4552 327 4597 et
358 4544 813 4613 phantasmatibus
850 4542 1118 4597 actionum
1163 4544 1343 4597 talium
1384 4547 1852 4603 tumultuosissime

274 4644 594 4690 exaestuans.
637 4633 747 4688 Nec
796 4634 864 4687 illi
922 4645 1167 4705 tanquam
1211 4637 1601 4694 examinatores
1648 4642 1849 4695 numeri

274 4728 490 4789 desunt,
520 4728 606 4795 qui
633 4728 862 4781 sentiant
882 4729 1004 4796 quid
1029 4729 1078 4781 in
1108 4728 1189 4782 his
1212 4729 1416 4785 actibus
1435 4734 1715 4794 commode
1735 4736 1852 4790 sive

276 4816 611 4871 incommode
635 4826 908 4870 moveatur
928 4858 943 4879 ,
973 4832 1106 4885 quos
1137 4819 1258 4871 item
1287 4821 1558 4875 sensuales
1582 4825 1850 4892 appellare

276 4922 382 4960 non
412 4908 603 4976 pigeat,
629 4909 748 4976 quia
767 4908 1033 4961 sensibilia
1052 4911 1198 4977 signa
1223 4918 1347 4963 sunt
1366 4911 1555 4979 quibus
1573 4916 1673 4969 huc
1693 4917 1851 4970 modo

275 4999 469 5051 anima:
493 4997 559 5051 ad
596 4998 800 5051 animas
843 5007 1023 5067 agunt.
1053 4998 1145 5051 His
1176 5009 1251 5052 tot
1278 5009 1332 5053 et
1360 5002 1517 5055 tantis
1544 5004 1849 5061 intentioni-

277 5089 377 5144 bus
407 5089 580 5143 anima
630 5089 896 5158 implicata
919 5131 933 5151 ,
965 5090 1087 5158 quid
1134 5091 1357 5156 mirum,
1387 5092 1429 5145 si
1460 5109 1489 5145 a
1527 5098 1854 5166 contempla-

280 5180 423 5234 tione
463 5180 701 5233 veritatis
726 5179 1019 5232 avertitur?
1049 5178 1117 5232 Et
1152 5190 1401 5248 quantum
1441 5183 1649 5252 quidem
1678 5186 1743 5240 ab
1770 5186 1852 5241 his

278 5270 505 5337 respirat
535 5268 679 5323 videt
728 5268 870 5321 illam
896 5285 909 5331 ;
943 5269 1035 5322 sed
1072 5270 1191 5337 quia
1222 5271 1451 5325 nondum
1477 5288 1566 5327 eas
1591 5276 1767 5341 evicit,
1799 5279 1849 5331 in

282 5358 369 5412 illa
400 5373 619 5413 manere
653 5373 759 5412 non
784 5359 993 5412 sinitur.
1024 5360 1098 5412 Ex
1129 5375 1234 5429 quo
1260 5361 1316 5415 fit
1344 5371 1403 5415 ut
1436 5378 1540 5416 non
1582 5365 1737 5421 simul
1762 5366 1855 5419 ba-

282 5449 405 5503 licat
430 5450 602 5503 anima
630 5466 785 5505 nosse
813 5450 862 5504 in
891 5452 1079 5520 quibus
1098 5454 1488 5510 consistendum
1510 5457 1597 5524 sit,
1626 5468 1680 5513 et
1699 5476 1855 5529 posse

279 5543 571 5597 consistere
592 5559 604 5595 :
626 5542 717 5597 sed
736 5544 985 5614 numquid
1010 5555 1062 5598 tu
1081 5545 1214 5599 forte
1237 5548 1490 5604 adversus
1510 5550 1622 5607 hate
1637 5551 1660 5605 ?
1678 5552 1743 5608 D.
1766 5553 1855 5608 Ni-

280 5630 356 5685 hil
383 5633 627 5703 estquod
656 5634 1016 5689 contradicere
1045 5636 1285 5690 amicam.

1664 303 1870 355 LIBER
1911 300 2196 357 SEXTUS.

3434 323 3568 383 “83

1991 414 2214 467 CAPUT
2256 413 2391 470 XIV.
2418 449 2486 459 —-
2509 420 2587 472 At!
2627 419 2718 474 Dei
2745 439 2963 478 amorem
2989 444 3287 498 provocatur
3306 440 3473 494 anima
3505 463 3567 499 ea:

2047 523 2367 560 numerorum
2394 521 2439 563 et
2468 512 2657 566 ordinis
2682 516 2874 570 ratione
2892 534 3039 588 quant
3068 521 3119 575 in
3139 524 3282 580 rebus
3307 528 3493 601 diligit.

2052 597 2148 696 .15.
2179 598 2252 650 Μ.
2285 600 2418 665 Quid
2443 619 2568 671 ergo
2600 608 2797 661 restat?
2822 615 2900 661 An
2931 622 3004 676 ut,
3033 619 3279 682 quoniam
3307 597 3439 677 sicut
3468 643 3563 695 po-

1984 688 2184 740 tuimus
2214 688 2625 758 inquinationem
2661 706 2714 748 et
2754 704 3177 768 aggravatiunem
3204 710 3395 764 anima!
3429 688 3562 769 con-

1986 776 2367 847 sideravimus,
2419 781 2686 839 videamus
2733 804 2973 856 quaenam
3022 794 3092 847 illi
3132 801 3270 853 actio
3314 803 3563 863 divinitus

1980 870 2306 939 imperetur,
2337 889 2434 943 qua
2482 888 2697 946 purgata
2738 890 2895 950 atque
2933 901 3214 943 exmnerata
3257 897 3463 952 revolet
3494 902 3560 956 ad

1984 967 2235 1031 quietem,
2264 977 2315 1021 et
2341 969 2498 1024 intret
2524 970 2575 1024 in
2601 973 2846 1041 gaudium
2878 977 3084 1036 Domini
3106 986 3183 1037 sui
3201 985 3225 1039 ἲ
3244 987 3310 1041 D.
3346 989 3415 1046 Ita
3449 992 3558 1050 fiat.

1988 1055 2061 1108 Μ.
2087 1056 2220 1121 Quid
2246 1073 2330 1113 me
2357 1069 2507 1127 putas
2536 1062 2656 1116 hinc
2677 1064 2871 1121 diutius
2890 1067 3082 1126 debere
3110 1074 3307 1142 dicere,
3333 1096 3450 1136 eum
3479 1086 3560 1138 di-

1984 1149 2117 1201 vine
2146 1149 2432 1217 Scriptura:
2464 1160 2540 1206 tot
2576 1155 2928 1213 voluminibus
2973 1171 3025 1216 et
3066 1174 3206 1220 tanta
3244 1175 3557 1231 auctoritate

1983 1249 2036 1295 et
2059 1243 2338 1297 sanctitate
2356 1245 2611 1313 praeditis,
2641 1248 2772 1303 nihil
2795 1252 3068 1309 nobiscum
3090 1259 3229 1313 aliud
3255 1276 3426 1331 agant,
3451 1269 3553 1323 nisi

1983 1343 2037 1386 ut
2084 1334 2363 1404 diligamus
2419 1338 2578 1391 Deum
2626 1350 2682 1396 et
2729 1342 3006 1400 Dominum
3059 1362 3295 1408 iiustrum
3335 1373 3399 1411 ex
3445 1369 3555 1415 toto

1979 1426 2160 1492 corde,
2190 1444 2252 1479 ex
2286 1437 2391 1481 tota
2432 1431 2627 1493 anima,
2658 1443 2714 1487 et
2734 1450 2799 1488 ex
2829 1444 2934 1490 tota
2961 1452 3136 1496 mente
3158 1460 3173 1507 ;
3199 1456 3251 1498 et
3277 1448 3553 1518 diligamus

1979 1517 2276 1585 proximum
2318 1528 2555 1573 nostrmn
2592 1530 2838 1591 tanquam
2875 1534 3263 1601 nosmetipsos?
3295 1517 3388 1594 Adi
3413 1540 3553 1598 hunc

1978 1608 2136 1678 igitur
2163 1610 2318 1664 finem
2351 1613 2393 1664 si
2432 1628 2616 1669 omnes
2658 1616 2775 1670 illos
2814 1618 3056 1677 humanae
3084 1628 3307 1685 actionis
3344 1642 3549 1701 motus,

1978 1714 2333 1769 numerosque
2372 1699 2692 1771 referamus,
2743 1707 2858 1763 sine
2899 1710 3231 1773 dubitatione
3270 1699 3549 1778 mundabi;

1976 1806 2111 1845 tnur.
2141 1795 2219 1846 An
2242 1793 2384 1849 aliud
2412 1788 2729 1853 existimas?
2747 1797 2817 1852 D.
2840 1801 2976 1857 Nihil
2995 1808 3236 1874 equidem
3257 1813 3417 1868 aliud.
3441 1815 3549 1871 Sed

1971 1896 2128 1977 quam
2165 1883 2265 1939 hoc
2304 1885 2482 1941 auditu
2513 1886 2673 1944 breve
2697 1898 2802 1959 est,
2826 1900 2931 1947 tam
2960 1893 3099 1950 factu
3138 1900 3353 1958 difficile
3390 1916 3549 1977 atque

1969 1972 2213 2026 arduum.

2039 2061 2129 2115 44.
2168 2060 2243 2115 Μ.
2275 2064 2408 2131 Quid
2433 2080 2562 2137 ergo
2587 2068 2738 2125 facile
2763 2074 2888 2128 est?
2908 2089 2978 2129 an
3014 2092 3194 2135 amare
3234 2083 3463 2152 colores,
3492 2098 3549 2143 et

1967 2165 2146 2219 voces,
2174 2163 2229 2208 et
2260 2156 2545 2223 placentas,
2584 2170 2637 2214 et
2660 2177 2808 2217 rosas
2828 2204 2842 2227 ,
2875 2175 2928 2220 et
2953 2182 3175 2237 corpora
3200 2172 3389 2229 leniter
3413 2179 3547 2233 molo

1968 2240 2074 2295 lia?
2097 2241 2330 2299 hmcciue
2359 2262 2538 2303 amare
2563 2249 2717 2306 facile
2744 2263 2826 2307 est
2848 2256 3069 2321 animm,
3109 2260 3159 2313 in
3197 2263 3386 2331 quibus
3412 2268 3541 2322 nihil

1967 2332 2066 2425 nisi
2102 2335 2454 2403 aequalitatem
2503 2354 2566 2392 ac
2604 2341 3000 2400 similitudinem
3037 2353 3269 2419 appetit,
3307 2364 3363 2410 et
3388 2360 3543 2425 paulo

1964 2424 2266 2496 diligentius
2303 2430 2679 2497 considerans,
2710 2437 2796 2490 vix
2823 2438 2938 2506 ejus
2975 2451 3263 2498 extremam
3301 2424 3541 2505 umbram

1964 2518 2346 2589 vestigiumque
2374 2526 2683 2591 cognoscit;
2712 2535 2765 2580 et
2796 2528 2957 2584 Deum
2990 2548 3167 2590 amare
3195 2536 3406 2596 difficile
3434 2553 3535 2608 est,

1962 2625 2119 2679 quem
2150 2612 2202 2665 in
2224 2624 2474 2681 quantum
2502 2624 2698 2686 potest,
2725 2620 2898 2676 adhuc
2926 2626 3100 2681 saucia
3132 2637 3186 2681 et
3208 2633 3419 2688 sordida
3445 2650 3539 2689 eo-

1961 2700 2154 2769 gitans,
2190 2704 2317 2756 nihil
2352 2704 2401 2758 in
2429 2720 2494 2760 eo
2532 2706 2808 2778 inmquale,
2838 2713 2965 2767 nihil
3006 2717 3082 2769 sui
3109 2719 3383 2788 dissimile,
3410 2726 3539 2781 nihil

1960 2790 2249 2847 disclusum
2293 2795 2425 2850 locis
2444 2837 2461 2863 ,
2489 2798 2618 2852 nihil
2651 2800 2909 2858 variatum
2940 2816 3177 2876 tempore
3205 2815 3543 2881 suspicatur?

2068 2894 2347 2977 exstruere
2369 2888 2535 2944 moles
2559 2889 2923 2960 aedificiorum,
2948 2906 3003 2951 et
3026 2898 3385 2968 hujuscemodi
3412 2923 3540 2977 ope-

1962 2973 2109 3028 ribus
2150 2975 2377 3030 delectat
2418 2979 2665 3047 extendi,
2700 2982 2751 3037 in
2790 2987 2975 3054 quibus
3002 2990 3046 3044 si
3088 2996 3291 3049 numeri
3332 2973 3541 3065 placent

1962 3064 1981 3137 (
2008 3081 2111 3120 non
2151 3068 2290 3121 enim
2320 3068 2461 3124 aliud
2499 3071 2748 3143 invenio)
2783 3077 2906 3145 quid
2938 3080 2988 3132 in
3020 3079 3103 3135 his
3143 3064 3345 3153 :equale
3369 3103 3432 3143 ac
3464 3091 3540 3144 si-

1960 3158 2086 3213 mile
2127 3158 2319 3213 dieitur
2348 3162 2387 3226 ί,
2416 3162 2557 3230 quod
2602 3178 2707 3217 non
2748 3165 2987 3223 derideat
3025 3172 3159 3225 ratio
3206 3176 3541 3247 disciplinae?

1963 3252 2112 3317 Quod
2142 3251 2185 3306 si
2208 3252 2275 3305 ita
2304 3262 2404 3315 est,
2436 3269 2532 3309 cur
2555 3255 2622 3309 ab
2651 3257 2741 3311 illa
2771 3260 3040 3315 verissima
3081 3267 3395 3335 mqualitatis
3417 3287 3539 3327 arce

1959 3342 2024 3395 ad
2058 3343 2154 3396 ista
2198 3343 2494 3410 delabitur,
2539 3357 2597 3400 et
2639 3348 2806 3403 ruinis
2835 3352 2944 3404 suis
2987 3362 3225 3412 terrenas
3267 3362 3539 3419 machinas

1960 3434 2152 3504 erigit?
2190 3434 2303 3488 NOII
2354 3434 2456 3490 hoc
2501 3440 2815 3506 promissum
2869 3452 2950 3497 est
2978 3445 3045 3499 ab
3086 3448 3175 3500 illo
3221 3452 3308 3519 qui
3359 3452 3538 3511 fallere

1959 3525 2183 3592 ignorat.
2216 3524 2407 3596 Iugum
2434 3533 2564 3581 enim
2590 3546 2772 3597 meum,
2804 3532 2988 3603 inquit,
3021 3536 3123 3589 leve
3146 3552 3216 3593 est
3235 3539 3441 3612 (Matth.
3462 3562 3535 3614 XI,

1958 3616 2083 3683 50).
2113 3615 2454 3672 Laboriosior
2490 3629 2571 3674 est
2608 3620 2765 3691 hujus
2790 3626 2967 3679 tnuudi
2999 3642 3168 3683 amur.
3207 3632 3357 3699 Quod
3395 3636 3535 3691 enim

1958 3706 2009 3761 in
2038 3707 2126 3761 illo
2143 3708 2318 3762 anima
2339 3711 2545 3779 quatrit,
2568 3716 2915 3771 constantiam
2934 3720 3136 3775 scilicet
3160 3726 3537 3782 :eternitatem-

1957 3812 2079 3865 que,
2106 3814 2210 3851 non
2241 3799 2442 3853 invenit
2466 3818 2479 3853 :
2506 3804 2753 3871 quoniam
2785 3822 2957 3859 rerum
2994 3813 3211 3865 transitu
3244 3818 3537 3884 completur

1957 3887 2135 3943 infima
2182 3890 2554 3959 pulchritudo,
2585 3904 2638 3947 et
2666 3896 2805 3963 quod
2834 3896 2884 3950 in
2912 3898 2997 3951 illa
3028 3899 3258 3956 imitatur
3286 3918 3536 3962 constan-

1960 3983 2106 4045 tiam,
2138 3997 2168 4036 a
2208 3998 2416 4037 summo
2444 3984 2554 4039 Deo
2581 4001 2673 4054 per
2698 3988 2926 4043 animam
2958 3992 3216 4060 trajicitur
3246 4014 3259 4049 :
3286 4000 3533 4065 quoniam

1959 4074 2103 4142 prior
2129 4084 2211 4129 est
2235 4076 2441 4145 species
2469 4080 2831 4134 tantummodo
2865 4091 3098 4151 tempore
3123 4091 3531 4159 commutabilis,

1958 4184 2112 4237 quam
2161 4184 2220 4223 ea
2263 4186 2382 4240 qua:
2429 4182 2482 4226 et
2509 4180 2749 4241 tempore
2785 4182 2839 4229 et
2876 4175 3006 4230 locis
3045 4176 3138 4249 (a).
3173 4180 3319 4235 Sicut
3361 4184 3535 4253 itaque

1958 4270 2280 4329 praeceptum
2305 4272 2387 4316 est
2412 4265 2602 4318 animis
2620 4282 2648 4318 a
2679 4266 2903 4320 Dmniuo
2926 4270 3048 4338 quid
3075 4271 3309 4342 diligant,
3341 4275 3408 4328 ita
3442 4293 3535 4344 per

1957 4349 2212 4405 Joannem
2237 4355 2532 4422 apostolum
2561 4356 2684 4425 quid
2722 4374 2824 4411 non
2851 4360 3085 4430 diligant.
3114 4364 3313 4431 Nolite,
3343 4367 3530 4437 inquit,

1958 4442 2165 4513 diligere
2188 4446 2431 4498 mundum
2455 4463 2473 4500 :
2493 4450 2610 4516 quia
2638 4451 2807 4503 omnia
2826 4468 2936 4519 quia
2960 4454 3012 4506 in
3037 4457 3227 4509 mundo
3250 4469 3387 4525 sunt,
3412 4478 3533 4515 con-

1956 4536 2261 4605 cupiscentia
2288 4539 2454 4590 carnis
2482 4549 2587 4603 est,
2630 4551 2678 4594 et
2708 4544 3105 4611 concupiscentia
3146 4550 3438 4617 oculorum,
3486 4566 3533 4607 et

1956 4628 2159 4680 ambitio
2184 4629 2356 4681 διερειιὶ
2383 4628 2436 4700 (Ι
2463 4629 2615 4682 Joan.
2642 4646 2698 4696 tt,
2730 4632 2813 4692 15,
2846 4634 2908 4687 16
2926 4633 2964 4703 ).

2026 4718 2115 4771 45.
2147 4718 2248 4773 Sed
2292 4721 2463 4789 qualis
2500 4722 2591 4775 tibi
2630 4722 2788 4777 homo
2819 4725 3053 4793 videtur,
3080 4731 3167 4799 qui
3198 4746 3383 4786 omnes
3412 4733 3530 4787 illos

1962 4825 2213 4864 nmneros
2238 4811 2328 4880 qui
2357 4818 2482 4865 sunt
2504 4812 2572 4867 de
2600 4828 2824 4883 corpore
2842 4858 2857 4881 ,
2890 4825 2944 4871 et
2975 4819 3230 4875 adversus
3261 4823 3531 4889 passiones

1955 4903 2214 4971 corporis,
2246 4910 2300 4955 et
2327 4904 2414 4972 qui
2437 4920 2500 4959 ex
2526 4905 2609 4958 his
2642 4908 2895 4960 memoria
2923 4911 3289 4976 continentur,
3321 4928 3424 4966 non
3463 4914 3528 4969 ad

1956 4993 2221 5047 carnalem
2242 4994 2588 5063 voluptatem,
2612 4996 2703 5051 sed
2730 4999 2794 5051 ad
2820 5000 3042 5053 salutem
3069 5009 3266 5054 tantum
3292 5005 3529 5072 corporis

1958 5083 2159 5136 refert:
2192 5100 2481 5155 omnesque
2525 5086 2643 5140 illos
2671 5087 2757 5155 qui
2800 5088 2866 5141 de
2893 5088 3153 5157 adjunctis
3179 5091 3371 5147 animis
3402 5108 3517 5164 ope

1958 5182 2167 5237 rantur,
2194 5174 2277 5227 vel
2307 5175 2394 5243 qui
2424 5175 2490 5229 ad
2520 5176 2878 5244 adjungendas
2904 5190 3236 5243 exseruntur,
3267 5192 3317 5234 et
3343 5185 3430 5252 qui
3462 5199 3527 5238 ex

1959 5262 2046 5317 his
2075 5263 2333 5319 inbzerent
2376 5268 2665 5328 memoriae,
2705 5282 2809 5319 non
2850 5268 2912 5320 ad
2954 5270 3233 5337 superbam
3265 5273 3528 5326 excellen-

1961 5357 2084 5409 tiam
2117 5372 2264 5410 suam
2286 5399 2300 5421 ,
2330 5357 2420 5410 sed
2451 5357 2515 5411 ad
2548 5359 2778 5426 ipsarum
2810 5360 3103 5412 animarum
3140 5362 3413 5417 utilitatem
3441 5382 3528 5419 re-

2014 5514 2039 5589 }
2061 5519 2141 5589 ΕΞτὲ
2153 5518 2205 5589 et
2214 5519 2326 5589 hev.
2344 5525 2355 5589 ξ
2376 5522 2426 5563 In
2443 5512 2744 5589 quibusnam
2755 5515 2849 5589 nisi
2863 5519 3050 5588 nunteri
3057 5518 3278 5589 placent?
3294 5530 3391 5572 tvm
3407 5522 3530 5589 enim

2336 5573 2465 5638 quod
2494 5575 2543 5627 in
2579 5573 2653 5646 [iis
2674 5579 2857 5641 arquale
2878 5593 2937 5629 ac
2957 5573 3110 5631 simile
3134 5582 3309 5634 dicatu-
3374 5586 3505 5646 Elegt

1958 5650 2065 5686 mus
2078 5637 2335 5685 lectionem
2357 5637 2797 5701 manuscriptoruin.

2023 5739 2094 5797 (ιι)
2121 5742 2217 5789 vid.
2244 5744 2539 5794 Retractlib.
2572 5748 2729 5806 l,ca,‘.
2762 5745 2833 5806 tl,
2859 5759 2905 5792 ιι.
2935 5745 2976 5793 4.
