4118 6370
359 317 494 372 1189

357 432 525 501 inagis
552 431 600 483 iu
627 444 787 484 unum
811 429 972 483 Deum
999 435 1051 482 et
1073 426 1402 496 perSpicuam
1429 425 1617 481 intenti
1635 426 1935 491 veritatem,

357 536 413 579 tit
439 525 637 578 dictum
658 532 756 584 est,
787 522 918 591 {acie
944 522 1011 574 ad
1034 522 1234 589 facient,
1258 534 1505 573 numeros
1524 518 1716 588 quibus
1738 518 1939 586 agimus

355 633 601 684 corpora,
623 616 762 669 nulla
786 614 1143 683 inquietudine
1161 613 1468 677 sentiemus,
1482 620 1542 665 et
1559 610 1939 680 gaudebimus?

304 742 313 748 -
354 709 466 763 Nisi
510 707 643 761 forte
680 706 1007 761 credendum
1046 714 1162 770 est,
1200 704 1429 757 animam
1469 719 1588 755 cum
1621 702 1687 755 de
1732 702 1795 754 iis
1822 717 1939 770 quae

354 817 450 869 per
480 803 647 869 ipsam
676 800 812 852 bona
835 806 980 863 sunt,
1010 796 1236 865 gaudere
1264 796 1450 864 possit,
1475 794 1541 848 de
1569 794 1632 847 iis
1654 808 1716 847 ex
1748 793 1938 862 quibus

353 892 466 959 ipsa
500 891 633 943 bona
664 898 774 949 est,
805 905 909 942 non
939 900 1093 956 posse
1118 886 1368 955 gaudere.

424 983 511 1038 50.
543 982 647 1038 Sed
680 982 794 1035 haec
820 981 955 1034 actio
980 995 1079 1049 qua
1110 993 1228 1032 sese
1252 978 1426 1030 anima
1449 1018 1464 1041 ,
1508 976 1800 1046 epitulaute
1830 974 1937 1029 Deo

351 1082 405 1127 et
445 1073 670 1127 Domino
707 1086 841 1132 suo,
899 1070 964 1122 ab
1003 1084 1184 1123 amore
1225 1068 1490 1122 inferioris
1532 1066 1937 1137 pulchritudinis

350 1164 621 1227 extrahit,
669 1161 946 1216 debellans
995 1168 1153 1228 atque
1206 1158 1530 1212 interficiens
1578 1156 1832 1211 adversus
1878 1171 1935 1209 se

340 1256 669 1310 militantem
709 1252 1144 1307 consuetudinem
1177 1266 1327 1305 suam
1348 1290 1364 1314 ,
1408 1266 1471 1304 ea
1500 1249 1718 1303 victoria
1746 1250 1933 1302 trium-

352 1346 575 1414 phatura
602 1346 652 1397 in
681 1345 964 1412 semetipsa
981 1342 1046 1396 de
1074 1341 1421 1411 potestatibus
1446 1341 1587 1394 aeris
1612 1339 1786 1409 hujus,
1818 1340 1936 1408 qui-

350 1438 451 1491 bus
480 1436 839 1489 inridentibus
874 1444 927 1487 et
955 1433 1248 1504 praepedire
1277 1433 1639 1500 cupientibus,
1669 1414 1843 1485 evelat
1867 1430 1933 1484 ad

349 1545 501 1584 suam
535 1530 874 1583 stabilitatem
905 1537 959 1580 et
985 1525 1374 1580 firmamentum
1402 1525 1562 1578 Deum
1589 1541 1603 1587 ;
1637 1540 1813 1576 nonne
1842 1524 1931 1576 tibi

318 1623 558 1676 ~videlttr
587 1637 649 1675 ea
694 1636 812 1674 esse
846 1621 1011 1673 virtus
1046 1633 1163 1688 qua:
1206 1617 1547 1686 temperantia
1590 1616 1815 1669 dicitur?
1864 1614 1930 1670 D.

349 1716 595 1779 Agnosco
640 1724 693 1765 et
733 1712 992 1780 intelligo.
1049 1710 1125 1763 Μ.
1152 1709 1293 1776 Quid
1335 1709 1526 1778 porro?
1568 1723 1687 1762 cum
1738 1708 1787 1760 in
1834 1708 1933 1761 hoc

346 1806 538 1858 itinere
576 1804 797 1872 proficit,
829 1803 935 1871 jam
964 1812 1164 1855 mtema
1202 1802 1387 1871 gaudia
1420 1801 1840 1867 prmsetitienteni
1871 1813 1931 1851 ac

339 1912 481 1965 pene
498 1897 937 1965 prehendentem,
962 1910 1085 1949 num
1108 1895 1323 1949 amissio
1336 1908 1513 1948 rerum
1541 1892 1928 1960 temporalium,

346 1998 439 2043 aut
463 2004 606 2042 mors
636 1990 739 2041 ulla
771 1989 1008 2041 deterret
1031 1988 1139 2056 jam
1166 1988 1426 2040 valentem
1458 1986 1635 2039 dicere
1662 1982 1929 2037 inferiori-

342 2080 444 2134 bus
461 2081 618 2133 sociis
648 2098 659 2130 :
690 2078 885 2132 Bonum
909 2088 981 2133 est
1003 2079 1125 2131 mihi
1142 2076 1363 2141 dissolvi,
1388 2086 1432 2129 et
1449 2092 1553 2129 esse
1568 2092 1680 2127 cum
1697 2074 1893 2128 Christo
1913 2090 1931 2127 :

345 2190 544 2225 manere
564 2183 727 2225 autem
752 2173 805 2224 iu
825 2187 992 2235 carne,
1026 2170 1360 2223 necessarium
1384 2178 1587 2236 propter
1611 2181 1695 2218 vos
1716 2167 1740 2219 ?
1768 2164 1927 2235 {Plii-

346 2266 474 2335 lipp.
504 2281 555 2329 ι,
594 2265 696 2329 25,
737 2265 853 2331 ίὶνί.)
896 2263 965 2315 D.
1018 2264 1107 2317 Sic
1148 2261 1415 2316 existimo.
1466 2260 1537 2313 Μ.
1572 2261 1641 2313 At
1680 2260 1775 2312 ista
1816 2259 1929 2327 ejus

332 2356 554 2409 affectio
594 2371 694 2424 qua
735 2356 907 2407 nullas
945 2352 1293 2408 adversitalcs
1328 2360 1622 2404 mortemve
1661 2349 1924 2413 formidat,

349 2448 477 2515 quid
516 2449 654 2501 aliud
699 2463 853 2515 quam
896 2446 1145 2500 fortitudo
1183 2444 1406 2499 dicenda
1446 2444 1565 2497 est?
1616 2442 1683 2494 D.
1720 2442 1785 2496 Et
1829 2442 1929 2496 hoc

338 2554 595 2609 agnoseo.
640 2538 716 2590 Μ.
753 2539 1001 2592 Jamvcro
1044 2539 1156 2605 ipsa
1204 2538 1322 2602 ejus
1362 2535 1626 2587 ordinatio
1665 2550 1764 2601 qua
1802 2534 1926 2587 nulli

343 2630 513 2683 servit
558 2629 655 2681 nisi
698 2629 785 2681 uni
818 2629 960 2692 Deo,
1011 2628 1143 2681 nulli
1188 2626 1448 2694 comquari
1493 2625 1590 2677 nisi
1634 2624 1928 2691 purissimis

342 2721 555 2783 animis,
582 2719 709 2772 nulli
732 2718 989 2773 dominari
1017 2719 1216 2785 appetit
1249 2718 1345 2770 nisi
1379 2725 1578 2769 natura:
1607 2716 1810 2769 bestiali
1846 2725 1926 2768 at-

340 2826 448 2878 que
476 2824 746 2878 corporea:
771 2851 784 2873 ,
818 2824 935 2877 quin
969 2807 1376 2861 tandem'virtus
1413 2807 1502 2859 tibi
1535 2820 1653 2860 esse
1680 2805 1927 2859 videtur?

344 2900 414 2957 D.
441 2901 571 2967 Quis
600 2916 705 2954 non
733 2900 990 2968 intelligat
1016 2899 1152 2951 hanc
1178 2911 1298 2951 esse
1333 2896 1628 2965 justitiam?
1658 2892 1736 2947 Μ.
1764 2895 1928 2950 Recte

340 2995 611 3063 intelligis.

342 3084 567 3140 CAPUT
599 3083 738 3139 XVI.
769 3113 839 3123 —
873 3081 952 3135 De
970 3090 1193 3153 quatuor
1226 3079 1485 3134 virtutibus
1513 3094 1578 3131 an
1607 3084 1653 3130 et
1678 3078 1926 3146 quomodo

947 3173 1044 3225 sint
1070 3173 1122 3224 in
1147 3171 1320 3224 beatis.

413 3265 499 3319 5f.
530 3264 635 3319 Sed
664 3263 788 3317 illud
812 3263 919 3332 jam
950 3277 1152 3331 qua-ro,
1181 3277 1298 3315 cum
1322 3258 1652 3329 prudentiam
1682 3258 1925 3327 superius

332 3354 420 3428 (α)
443 3371 557 3409 cam
576 3370 695 3409 esse
720 3354 1015 3408 constiterit
1047 3353 1184 3406 inter
1215 3368 1332 3413 nos,
1356 3366 1456 3417 qua
1482 3349 1723 3416 intelligit
1750 3348 1923 3402 anima

341 3450 430 3503 ubi
458 3450 504 3502 ei
538 3446 937 3502 consistendum
965 3445 1034 3496 sit
1053 3486 1066 3507 ,
1101 3459 1206 3512 quo
1233 3457 1352 3496 sese
1380 3441 1572 3494 attollit
1602 3456 1693 3506 per
1720 3448 1924 3507 tempe-

341 3539 590 3602 rantiam,
624 3537 672 3591 id
701 3548 801 3601 est,
835 3538 1239 3591 conversionem
1269 3533 1467 3586 amoris
1499 3532 1549 3585 iu
1586 3532 1775 3597 Deum,
1804 3546 1923 3600 quae

342 3631 572 3686 charitas
595 3632 817 3693 dicitur,
847 3641 894 3683 et
927 3629 1256 3682 aversioncm
1288 3628 1353 3680 ab
1384 3627 1483 3679 hoc
1504 3627 1734 3690 smculo,
1764 3641 1921 3694 quam

345 3723 501 3776 etiam
533 3722 787 3776 fortitudo
830 3731 882 3775 et
918 3721 1119 3789 justitia
1149 3719 1505 3783 coinitantur;
1541 3726 1713 3769 utrum
1742 3716 1927 3770 existi-

348 3828 461 3867 mes
487 3830 605 3867 cum
638 3812 701 3866 ad
733 3828 841 3865 sua:
887 3811 1186 3865 dileCtiouiS
1209 3819 1262 3863 et
1296 3820 1514 3862 conatus
1547 3807 1769 3861 fructum
1798 3823 1922 3875 pcr-

340 3903 481 3959 fecta
512 3902 928 3956 sanctilitatione
956 3902 1278 3969 pervenerit.
1309 3899 1540 3968 perfecta
1565 3901 1723 3953 etiam
1752 3899 1921 3952 vivifi-

340 3997 557 4051 catioue
586 3995 671 4048 illa
694 3994 934 4062 corporis
955 3994 1057 4058 sui,
1090 4000 1139 4045 et
1161 3992 1346 4045 deletis
1376 3992 1441 4044 de
1471 3991 1724 4043 memoria
1752 3989 1922 4057 phan-

339 4096 625 4140 tasmatum
658 4084 855 4148 turbis,
888 4084 1023 4151 apud
1071 4082 1232 4134 Deum
1262 4082 1430 4159 ipsum
1460 4080 1573 4133 solo
1600 4081 1709 4134 Deo
1743 4080 1921 4133 vivere

340 4176 565 4243 emperit
588 4214 601 4233 ,
633 4188 752 4227 cum
796 4173 1067 4239 impletum
1099 4170 1294 4233 fuerit,
1327 4169 1464 4237 quod
1493 4168 1743 4222 divinitus
1773 4169 1923 4223 nobis

344 4267 445 4321 hoc
493 4265 652 4318 modo
699 4264 1066 4332 promittitur:
1114 4261 1467 4324 Dilectissimi,
1518 4276 1650 4311 nunc
1689 4259 1781 4327 ﬁlii
1828 4258 1923 4313 Dei

342 4374 544 4421 sumus,
588 4366 632 4409 et
658 4356 877 4407 nondum
907 4354 1144 4422 apparuit
1173 4352 1292 4420 quid
1322 4352 1525 4403 erimus.
1570 4350 1771 4403 Scimus
1806 4353 1923 4418 quia

340 4466 453 4502 cum
480 4448 771 4517 apparuerit
796 4489 809 4509 ,
836 4448 1023 4500 similes
1046 4447 1120 4498 illi
1142 4446 1323 4497 erimus
1341 4486 1356 4509 ,
1388 4444 1621 4512 quonimu
1654 4442 1924 4495 ridebimus

340 4559 454 4596 eum
499 4541 643 4594 sicuti
686 4549 757 4593 est
801 4538 850 4610 (l
884 4539 1040 4592 Joan.
1074 4554 1149 4600 Ill,
1180 4536 1243 4605 2)
1279 4554 1291 4587 :
1325 4550 1503 4605 quaero
1541 4549 1700 4601 ergo,
1748 4543 1921 4586 utrum

340 4631 614 4687 existimes
658 4629 752 4683 has
798 4630 867 4682 ibi
923 4631 1144 4682 virtutes
1191 4643 1323 4697 quas
1368 4625 1919 4689 commemoravimus,

340 4737 499 4782 etiam
528 4739 652 4779 tunc
679 4726 903 4778 futuras.
937 4723 1001 4777 ι).
1031 4723 1146 4777 Νοιι
1176 4722 1327 4776 video
1348 4762 1363 4787 ,
1395 4736 1514 4774 cum
1535 4720 1755 4774 adversa
1784 4735 1922 4787 prer-

344 4818 578 4873 terierinl
607 4858 622 4883 ,
653 4819 842 4885 quibus
872 4816 1169 4869 obluctatur
1191 4855 1204 4874 ,
1242 4813 1506 4881 quomodo
1531 4822 1619 4866 aut
1649 4812 1922 4880 prudentia

342 4910 414 4964 ibi
446 4926 561 4963 esse
591 4910 793 4978 possit,
837 4926 954 4976 qum
983 4923 1086 4959 non
1129 4906 1274 4973 eligit
1313 4905 1435 4972 quid
1469 4914 1717 4972 sequatur
1743 4904 1838 4956 nisi
1873 4905 1921 4957 in

339 5000 576 5055 adversis
603 5015 616 5061 ;
664 5010 753 5051 aut
780 4999 1126 5064 temperantia
1155 5039 1167 5061 ,
1199 5013 1314 5063 quat
1341 5010 1575 5047 aint-rem
1608 5012 1709 5047 non
1738 4996 1924 5048 avertit

341 5093 440 5145 nisi
470 5092 535 5147 ab
562 5091 825 5153 advorsis;
869 5098 959 5143 aut
1000 5090 1271 5151 fortitudo,
1320 5103 1436 5157 quae.
1475 5103 1576 5139 non
1609 5089 1790 5141 tolerat
1825 5072 1921 5141 nisi

339 5183 558 5238 adversa
588 5201 599 5246 ;
630 5192 721 5236 attl.
742 5183 964 5251 juSIitia,
995 5197 1110 5249 qum
1141 5196 1242 5231 nou
1275 5182 1474 5247 appetit
1504 5180 1697 5247 :rquari
1722 5179 1922 5232 beatis-

338 5278 489 5331 simis
522 5276 712 5329 animis
737 5318 751 5339 ,
789 5282 842 5327 et
882 5272 1118 5327 inferiori
1161 5282 1359 5324 natura:
1394 5270 1685 5331 dominari,
1732 5270 1827 5322 nisi
1870 5270 1920 5323 in

340 5368 618 5431 adversis,
671 5367 723 5420 id
771 5375 886 5431 cst,
935 5365 1167 5417 nondum
1214 5373 1455 5416 assecuta
1510 5362 1733 5430 idipsum
1781 5360 1921 5428 Quod

339 5460 557 5528 appetit.

420 5549 507 5603 .59..
568 5548 636 5601 11.
678 5548 793 5601 Non
839 5561 1215 5615 usquequaque
1257 5543 1479 5598 absurda
1533 5552 1614 5598 est
1650 5542 1923 5611 responsio

345 5649 465 5705 tua;
496 5650 547 5694 et
577 5640 889 5709 quibusdam
921 5638 1094 5693 doctis
1140 5637 1307 5690 visum
1337 5636 1435 5690 hoc
1465 5650 1602 5701 esse,
1637 5652 1741 5689 non
1765 5649 1918 5703 nego.

402 5751 479 5811 ta)
512 5756 622 5810 Cap.
650 5750 724 5807 1⁸5,
744 5749 821 5795 ³57.

1702 312 1899 366 ιιωεῐι
1939 313 2222 373 SEXTUS.

3489 348 3624 404 1190

2050 430 2154 540 sed
2180 451 2277 540 ego
2303 444 2584 540 consulens
2606 448 2813 521 Libros,
2840 473 2971 525 quos
2999 463 3135 516 nulla
3159 468 3424 521 antecellit
3445 476 3626 523 aucto-

2049 535 2209 629 ritas,
2236 530 2306 583 ita
2335 530 2545 589 invenio
2574 540 2769 597 dictum
2797 562 2917 605 esse
2946 569 2958 605 :
2998 552 3204 609 Gustata
3228 568 3272 610 et
3292 560 3467 621 videte,
3493 578 3623 626 quo-

2046 624 2181 723 suam
2195 624 2357 675 suavis
2377 636 2448 678 est
2468 627 2712 688 Dominus
2743 635 2907 707 (Psal.
2936 660 3126 708 χχχιιι,
3154 648 3227 717 9).
3250 649 3399 717 Quod
3419 624 3623 721 aposto-

2048 708 2130 763 lus
2159 713 2312 814 etiam
2344 717 2529 774 Petrus
2566 724 2641 778 sic
2673 726 2985 799 interpOsuit
3029 755 3041 790 :
3082 740 3140 793 Si
3170 708 3331 794 tanien
3365 708 3617 809 qusiastt's,

2040 811 2280 907 quoniam
2321 811 2486 863 suavis
2527 824 2597 867 est
2632 815 2877 876 Dominus
2915 824 2958 892 (1
2983 825 3123 882 Petr.
3153 846 3217 893 ιι,
3248 831 3323 899 5).
3366 833 3475 888 Hoc
3505 850 3621 890 esse

2044 895 2271 997 arbitror
2299 903 2437 969 quod
2482 907 2653 975 agitur
2692 912 2741 964 in
2782 913 2863 969 his
2907 920 3188 976 virtutibus
3214 895 3331 993 qua}
3359 925 3469 993 ipsa
3492 942 3620 982 eon-

2040 993 2290 1087 versione
2324 993 2554 1049 animam
2596 1014 2836 1071 purgant.
2869 1006 2982 1061 Non
3012 1013 3151 1065 enim
3179 1032 3329 1069 amor
3354 1026 3619 1086 tempora-

2045 1074 2171 1130 lium
2198 1096 2375 1136 rerum
2399 1101 2787 1159 expugnaretur
2805 1140 2818 1162 ,
2854 1100 2950 1153 nisi
2979 1102 3153 1172 aliqua
3186 1109 3439 1163 suavitate
3464 1074 3620 1164 icter-

2274 1173 2572 1271 Ubi‘autem
2596 1195 2804 1241 ventum
2830 1188 2984 1245 fuerit
3001 1194 3063 1247 ad
3084 1196 3208 1249 illud
3232 1199 3368 1265 quod
3387 1202 3617 1256 canitur:

2044 1257 2170 1359 ξίίιί
2189 1274 2355 1317 autem
2377 1266 2635 1326 hominum
2665 1276 2754 1328 sub
2778 1282 2989 1349 tegmine
3011 1284 3204 1338 alarum
3234 1299 3429 1342 tuarum
3450 1309 3621 1359 spera-

2044 1350 2164 1445 bunt
2186 1369 2206 1416 ,'
2232 1354 2604 1415 inebriabuntur
2636 1365 2697 1417 ab
2727 1367 2945 1424 ubertate
2969 1374 3145 1427 domus
3179 1386 3297 1445 tum,
3333 1388 3378 1431 et
3408 1350 3621 1434 torrente

2041 1443 2310 1543 voluptatis
2341 1456 2441 1543 tute
2478 1454 2672 1519 potabis
2714 1473 2834 1521 eos;
2875 1464 3111 1529 quoniam
3143 1443 3290 1535 apud
3317 1478 3363 1521 te
3397 1479 3467 1522 est
3506 1470 3619 1537 [ous

2039 1540 2154 1586 vitae
2182 1550 2199 1588 :
2230 1553 2333 1590 non
2359 1540 2465 1607 jam
2495 1554 2705 1611 gustatu
2744 1565 2957 1605 suavem
2999 1554 3109 1609 fore
3148 1558 3424 1613 Dominum
3458 1561 3615 1625 dicit;

2040 1627 2133 1720 sed
2168 1630 2310 1684 vides
2347 1650 2463 1701 quin
2490 1636 2761 1695 inundatio
2788 1654 2840 1697 et
2868 1644 3132 1703 affluentia
3167 1654 3480 1720 praedicetur
3501 1655 3617 1709 fon-

2041 1719 2107 1771 tis
2128 1723 2346 1787 mterni;
2375 1740 2529 1793 quam
2554 1731 2710 1783 etiam
2734 1732 2963 1790 ebrietas
2987 1741 3223 1807 qtnedam
3244 1748 3614 1813 consequitur:

2039 1825 2142 1899 quo
2161 1814 2371 1867 nomine
2394 1817 2523 1871 mihi
2551 1819 2760 1875 videtur
2786 1825 3099 1884 mirabiliter
3120 1832 3401 1899 significari
3423 1837 3618 1890 oblivio

2039 1897 2123 1953 illa
2147 1903 2475 1959 sa-culariunt
2506 1912 2795 1965 vanitatum
2823 1924 2979 1984 atque
3004 1897 3445 1986 phantasmalnm.
3476 1924 3616 1979 Con-

2042 1992 2169 2045 texit
2195 1993 2385 2049 deinde
2410 2008 2621 2066 cmtera,
2652 2013 2702 2057 et
2722 2004 2849 2060 dicit
2878 2028 2890 2063 :
2923 2009 2987 2063 In
3018 2013 3207 2067 lumine
3238 2025 3321 2068 tuo
3348 2017 3617 2069 videbimus

2038 2083 2223 2138 lumen.
2257 2086 2525 2145 Prtctende
2553 2095 2945 2154 misericordiam
2981 2113 3119 2157 tuam
3148 2108 3415 2161 scientibus
3442 2119 3504 2162 te.
3548 2080 3643 2163 Ili.

2038 2175 2242 2269 lumine,
2268 2182 2469 2237 scilicet
2499 2185 2549 2239 in
2578 2186 2789 2243 Christo
2816 2195 3195 2261 accipiendum,
3232 2200 3317 2268 qui
3349 2199 3616 2269 Sapientia

2039 2263 2143 2364 [gei-
2159 2278 2240 2364 est
2262 2311 2276 2334 ,
2310 2281 2362 2324 et
2390 2272 2564 2327 lumen
2597 2279 2750 2331 toties
2770 2283 3080 2349 appellatur.
3117 2286 3216 2341 Ubi
3249 2263 3374 2355 ergo
3403 2263 3613 2355 dicitur,

2048 2353 2334 2411 Videbimus
2356 2403 2367 2422 ,
2406 2370 2489 2426 et,
2535 2367 2803 2421 scientibus
2828 2380 2874 2423 te
2896 2414 2908 2435 ,
2943 2376 3119 2439 negari
3145 2392 3246 2429 non
3277 2353 3452 2447 potest
3480 2353 3617 2433 fotu;

2037 2460 2149 2498 ram
2197 2447 2264 2501 ibi
2314 2465 2433 2504 esse
2480 2454 2827 2520 prudentiam.
2875 2462 2956 2515 An
3000 2465 3166 2519 videri
3198 2483 3377 2522 verum
3417 2469 3614 2524 bonum

2036 2537 2225 2591 animm
2248 2543 2442 2596 etseiri
2470 2555 2663 2612 potest,
2690 2550 2776 2603 ubi
2803 2554 2940 2605 nulla
2973 2556 3247 2623 prudentia
3266 2561 3384 2614 est?
3413 2560 3477 2614 D.
3500 2562 3613 2616 .lam

2035 2628 2288 2699 intelligo.

2105 2721 2193 2776 55.
2228 2723 2303 2776 Μ.
2335 2724 2509 2792 Quid?
2537 2730 2666 2784 recti
2685 2733 2845 2788 corde
2871 2747 3083 2802 possunt
3105 2752 3223 2794 esse
3246 2741 3615 2811 sinejustitia?

2034 2807 2103 2902 D.
2139 2811 2481 2888 Recggnosco
2510 2819 2610 2873 isto
2640 2824 2852 2876 nomine
2882 2827 3121 2880 crebrius
3150 2807 3430 2898 significari
3452 2833 3611 2902 justi-

2036 2901 2184 2956 tiam.
2241 2903 2318 2956 Μ.
2346 2905 2480 2971 Quid
2526 2924 2653 2977 ergo
2699 2912 2950 2968 admonet
2992 2918 3129 2971 aliud
3178 2920 3431 2989 pmpheta
3459 2901 3614 2979 fidem

2034 3006 2453 3064 consequenter.
2494 3014 2612 3053 cum
2654 3004 2791 3057 canit
2826 3024 2838 3058 :
2870 3006 2933 3058 Et
2964 3010 3215 3078 justitiam
3256 3022 3390 3065 tuam
3428 3014 3490 3068 iis
3530 3016 3614 3085 qui

2033 3094 2168 3138 recto
2189 3097 2303 3176 sunt
2328 3090 2516 3143 corde?
2543 3089 2610 3144 D.
2634 3092 2961 3149 Manifestum
2986 3112 3085 3151 cst.
3120 3101 3191 3153 Μ.
3213 3102 3323 3171 Age
3345 3103 3614 3176 deinceps,

2033 3175 2346 3243 recordare,
2393 3179 2435 3231 si
2482 3180 2689 3248 placet,
2737 3186 2865 3237 satis
2903 3202 3000 3240 nos
3052 3192 3294 3257 superius
3339 3175 3612 3258 tractasse,

2036 3266 2282 3333 superbia
2313 3269 2414 3323 labi
2442 3273 2671 3325 animam
2702 3275 2766 3327 ad
2797 3277 3034 3330 actiones
3056 3281 3310 3348 quasdam
3342 3286 3616 3351 potestatis

2031 3373 2142 3414 sua:
2166 3402 2180 3426 ,
2228 3371 2283 3415 et
2322 3363 2603 3417 universali
2631 3364 2745 3433 lege
2782 3368 3016 3434 neglecta
3046 3370 3099 3422 in
3146 3374 3346 3439 agenda
3374 3374 3612 3444 qna'dam

2034 3452 2237 3519 privata
2285 3454 2579 3515 occidisse,
2636 3457 2776 3524 quod
2833 3459 3022 3513 diritur
3064 3473 3363 3529 apostatare
3406 3479 3432 3517 a
3484 3465 3611 3519 Deo.

2031 3541 2099 3595 D.
2136 3544 2347 3597 Memini
2387 3561 2533 3599 rem.
2576 3547 2651 3599 Μ.
2677 3549 2809 3601 Cum
2839 3566 2963 3619 ergo
2996 3552 3043 3602 id
3071 3553 3173 3619 agit
3212 3570 3278 3608 ne
3318 3557 3533 3608 ulterius
3562 3558 3611 3610 id

2032 3634 2260 3689 delectet
2283 3637 2568 3705 aliquando
2592 3681 2604 3700 ,
2633 3656 2807 3694 nonne
2837 3643 2926 3695 tibi
2964 3644 3169 3698 videtur
3194 3661 3429 3701 amorem
3459 3665 3610 3702 suum

2032 3728 2192 3794 figere
2223 3729 2270 3780 in
2304 3729 2409 3782 fleo
2433 3770 2447 3789 .
2495 3739 2550 3784 ct
2577 3731 2643 3784 ab
2670 3734 2811 3786 omni
2851 3736 3249 3802 inquinamento
3284 3742 3614 3808 temperatis—

2031 3819 2164 3873 sime
2194 3832 2244 3874 et
2275 3823 2569 3876 castiSsime
2591 3832 2641 3875 et
2667 3827 3006 3881 securisume
3036 3829 3251 3883 vivere?
3293 3830 3358 3883 D.
3399 3833 3612 3886 Videtur

2031 3924 2177 3964 sane.
2212 3910 2288 3964 Μ.
2320 3911 2451 3966 Vide
2475 3916 2632 3967 etiam
2655 3918 3096 3982 quemadmodum
3122 3920 3168 3971 id
3197 3937 3403 3989 queque
3420 3924 3608 3991 adjun-

2026 4010 2115 4067 gat
2145 4002 2429 4070 pmplteta,
2464 4006 2646 4057 dicens
2683 4024 2695 4058 :
2729 4004 2845 4057 Non
2878 4010 3036 4059 reniut
3074 4010 3197 4061 milii
3226 4028 3307 4076 pes
3345 4015 3606 4080 superbire.

2031 4093 2224 4148 Pedem
2272 4100 2412 4148 enim
2462 4098 2732 4166 appellans
2780 4099 3069 4153 dii-cessum
3125 4103 3291 4169 ipsum
3344 4104 3611 4171 lapsun‘tve

2030 4184 2324 4249 significat.
2364 4203 2393 4240 a
2432 4205 2535 4255 quo
2560 4191 2733 4242 anima
2775 4192 3116 4258 temperando
3141 4234 3152 4253 ,
3201 4194 3463 4248 iuba-iens
3505 4200 3610 4249 Deo

2032 4275 2161 4327 vivit
2186 4278 2234 4328 in
2261 4288 2535 4331 :I‘tol‘t'num.
2573 4279 2639 4330 I).
2671 4282 2759 4331 Λίτ(
2780 4280 2881 4346 ipio
2912 4291 2959 4333 et
2990 4298 3199 4351 sequor.

2111 4372 2195 4423 ΐὶἇ..
2232 4369 2307 4420 Μ.
2343 4370 2523 4422 Rt'Slal
2556 4372 2709 4439 igitur
2748 4374 3011 4425 l‘m‘iittzdo.
3047 4378 3148 4427 Sed
3181 4384 3231 4427 ttl
3256 4382 3602 4444 ίυηιιιονῖιετίξῖὶ

2030 4472 2213 4516 (‘Otttra
2244 4461 2445 4527 lapsum
2482 4462 2566 4526 qui
2598 4470 2678 4512 est.
2718 4461 2768 4513 in
2816 4464 2975 4513 libera
3014 4464 3319 4525 voluntate;
3354 4469 3429 4520 sic
3458 4472 3607 4521 forti-

2032 4554 2157 4606 tudo
2184 4560 2365 4605 contra
2394 4554 2497 4603 vim
2547 4551 2711 4611 valet,
2763 4568 2861 4618 qua
2893 4555 3048 4606 etiam
3094 4557 3206 4622 cingi
3247 4559 3367 4623 quis
3413 4570 3605 4627 potest,

2032 4645 2076 4699 si
2099 4646 2273 4697 minus
2299 4642 2449 4695 fortis
2476 4643 2542 4694 sit
2567 4642 2629 4695 ad
2660 4658 2721 4696 ea
2750 4643 2940 4710 quibus
2979 4655 3259 4708 evertatur,
3293 4657 3344 4701 et
3370 4651 3607 4703 miserri-

2031 4751 2149 4789 mus
2186 4740 2373 4801 iaci-at.
2430 4736 2554 4787 llme
2601 4743 2776 4787 autem
2805 4736 2882 4786 vis
2929 4736 3180 4791 decenter
3226 4739 3275 4790 iu
3322 4738 3608 4806 Scripturis

2032 4819 2220 4880 manus
2256 4830 2471 4881 nomine
2497 4828 2776 4894 significari
2808 4830 2959 4881 solet.
3000 4829 3093 4895 Qui
3132 4847 3287 4898 porro
3315 4830 3449 4885 hanc
3480 4833 3601 4896 vim,

2033 4920 2130 4971 nisi
2165 4929 2471 4987 peceatores
2507 4918 2981 4972 conanturiuferte
3004 4924 3025 4971 ἶ)
3070 4921 3217 4985 Quod
3245 4931 3365 4974 tunc
3405 4938 3496 4989 prr
3523 4924 3603 4975 id-

2034 5014 2203 5079 ipsum
2235 5012 2249 5040 ί
2280 5011 2636 5064 comminuitur
2656 5012 2850 5073 anima,
2887 5022 2938 5064 et
2960 5014 3257 5066 custoditur
3276 5016 3607 5068 firmamento

2034 5105 2149 5167 Dei,
2180 5113 2233 5156 ut
2267 5104 2364 5157 hoc
2414 5104 2486 5157 illi
2518 5098 2663 5156 multo
2694 5103 2850 5155 modo
2879 5104 3243 5174 undecumque.
3276 5108 3440 5175 possit
3466 5109 3607 5161 acci-

2029 5196 2194 5260 dere;
2232 5197 2512 5262 potentiam
2541 5195 2819 5261 quamdam
2844 5195 3107 5258 stabilem,
3141 5208 3212 5255 ct,
3239 5207 3292 5249 ut
3322 5198 3387 5250 ita
3413 5198 3604 5261 dicam,

2033 5287 2407 5354 impossibilem
2432 5288 2585 5356 gerit,
2614 5302 2753 5353 qum,
2788 5287 2885 5339 nisi
2914 5287 3038 5355 quid
3064 5289 3152 5341 tibi
3183 5291 3439 5357 displicet,
3463 5299 3609 5343 recte

2031 5377 2284 5430 fortitudo
2312 5380 2631 5440 nominatur,
2662 5386 2712 5429 et
2740 5394 2855 5429 ean;
2888 5378 2987 5431 diti
3017 5379 3241 5431 arbitror
3268 5396 3383 5433 cum
3415 5380 3605 5447 adjutu-

2028 5472 2209 5539 gitur:
2244 5468 2423 5537 ἐνείμω
2464 5486 2639 5521 manus
2688 5482 3005 5538 peccatorum
3049 5470 3293 5523 dimoveat
3331 5488 3408 5524 me
3435 5470 3604 5541 (Psal.

2093 5615 2106 5644 ²
2150 5622 2212 5662 Ita
2235 5612 2474 5661 editiones
2493 5620 2543 5661 et
2573 5612 2788 5661 melioris
2804 5622 2928 5661 notae
2944 5620 3049 5662 Mss.
3078 5620 3218 5663 Porro
3246 5616 3296 5663 in
3316 5617 3458 5665 editis
3487 5629 3603 5663 uou-

2030 5673 2176 5723 nullis
2206 5675 2443 5723 habetur:
2472 5676 2601 5735 {mod
2634 5682 2789 5723 autem
2822 5683 2987 5723 rentia
3019 5675 3070 5725 id
3107 5675 3262 5739 ipsum
3293 5676 3604 5727 communita!

2030 5749 2205 5785 amata.
