2059 3185
273 163 337 191 1191

274 227 372 251 xxxv.
388 217 487 251 8-12).

369 264 420 292 Sed
438 264 494 291 sive
508 262 559 289 hoc
572 261 628 289 sive
640 259 710 287 aliud
721 259 747 287 in
761 258 802 286 his
812 257 901 286 verbis
915 256 1064 290 Intelligen-

274 311 337 338 dum
352 311 403 341 sit.
426 314 452 336 tu
471 307 581 343 negabis
601 307 626 334 in
647 306 689 333 illa
714 304 876 340 perfectiOne
889 311 920 331 ac
940 303 1065 330 bealitate

274 358 390 384 animam
402 355 571 383 constitutam
583 373 591 386 ,
606 356 633 379 et
646 351 800 386 conspicere
812 350 961 380 veritatem,
975 353 1001 375 et
1014 348 1064 375 im-

275 403 435 430 maculatam
451 407 558 427 manere
570 419 578 432 ,
591 403 619 426 et
633 398 698 425 nihil
717 396 846 424 molestia:
859 395 912 430 pati
929 401 1006 430 posse
1017 414 1025 425 ,
1036 398 1066 420 et

275 449 320 476 uni
336 448 388 475 Deo
401 446 497 478 subdi,
521 443 625 472 caeteris
644 451 708 470 vero
727 441 926 477 supercminere
944 438 1064 466 naturis?

275 494 307 520 ι).
324 493 380 520 lino
393 492 468 518 aliter
479 498 536 517 eam
547 488 766 523 perfectissimam
777 491 804 514 et
817 485 996 513 beatissimam
1005 490 1065 510 esse

275 546 352 567 nosse
364 545 417 565 non
431 536 517 563 video.
535 535 573 562 Μ.
588 534 650 562 lltrc
661 542 726 569 ergo
739 532 936 567 contemplatio,
948 529 1065 558 sanctiﬁ-

273 569 357 616 catio,
379 581 596 618 impassibilitas,
621 579 753 606 ordinatio
775 578 847 613 t-jus,
870 581 916 604 aut
931 576 982 603 illa:
1002 579 1065 602 sunt

271 635 386 665 quatuor
401 628 511 655 virtutes
523 626 647 661 perfectae
660 630 739 660 atque
751 627 940 652 cmisummatte
952 630 959 653 ;
970 626 1017 648 aut
1031 629 1065 648 ne

272 677 305 703 de
317 675 468 702 nominibus
481 681 541 701 cuin
555 680 599 700 res
611 672 779 702 conveniant,
795 670 890 697 frustra
901 668 1062 698 laboremus,

272 728 321 755 pro
342 720 400 747 istis
420 719 578 749 virtutibus,
604 717 700 751 quibus
718 716 860 743 constituta
882 715 908 741 in
930 712 1064 741 laboribus

272 766 355 792 utitur
369 765 466 796 anima,
481 764 546 791 tales
556 762 675 798 qua-dam
689 761 813 796 potentia:
825 760 850 787 in
862 765 962 787 :eterna
975 758 999 785 ei
1010 758 1063 784 vita

272 811 410 846 speranda!
424 815 496 837 sunt.

272 855 387 884 CAPUT
401 854 482 882 XVII.
496 870 529 874 —
548 854 622 887 Quod
632 853 757 889 peccatrix
766 853 851 879 anima
863 859 981 878 numeros
992 855 1062 886 ngat,

414 907 437 928 et
452 901 561 928 numeris
573 905 673 936 agatur.
688 899 820 927 Conclusio
835 899 927 933 operis.

308 947 354 975 56.
370 947 423 974 Nos
435 951 536 974 tantum
550 946 762 978 meminerimus,
780 945 850 980 quod
864 944 897 971 ad
912 948 1062 979 susceptam

273 998 432 1029 przeseutem
445 992 654 1026 disputationem,
662 992 776 1018 maxime
787 991 911 1025 pertinet,
925 990 950 1017 id
961 990 1002 1025 agi
1016 998 1063 1024 per

274 1038 468 1072 providentiam
484 1037 545 1069 Dei,
569 1044 616 1071 per
628 1044 706 1071 quam
721 1040 815 1063 cuncta
830 1036 932 1062 creavit
944 1040 971 1062 et
985 1036 1061 1070 regit,

274 1089 303 1111 ut
323 1084 404 1112 etiam
417 1083 550 1119 peccatrix
566 1087 593 1110 et
607 1090 754 1110 tcrumnosa
766 1083 854 1109 anima
867 1082 986 1109 numeris
998 1090 1062 1117 aga-

274 1137 328 1164 tur,
343 1135 369 1158 et
380 1138 505 1158 numeros
517 1135 577 1165 agat
591 1137 673 1164 usque
686 1129 718 1156 ad
738 1129 856 1156 infimam
871 1128 959 1155 carnis
968 1136 1062 1155 corru-

272 1178 389 1211 ptionem
405 1185 411 1202 τ
427 1177 470 1211 qui
488 1180 561 1203 certe
582 1175 684 1202 nutneri
699 1174 786 1201 minus
800 1174 941 1209 minusque
961 1173 1061 1208 pulchri

271 1230 332 1250 esse
345 1226 456 1257 possunt
467 1243 474 1254 ,
494 1222 598 1257 penitus
610 1229 674 1248 vero
691 1228 782 1248 carere
799 1220 993 1255 pulchritudine
1008 1228 1061 1248 non

270 1273 391 1304 possunt.
408 1268 477 1296 Deus
488 1272 576 1296 autem
587 1275 690 1295 sutnme
704 1267 798 1299 bonus,
812 1272 840 1294 et
852 1274 955 1294 summe
962 1267 1060 1300 justus,

270 1315 336 1341 nulli
362 1314 462 1342 iuvidet
492 1313 698 1348 pulchritudini,
726 1320 785 1347 qua:
813 1312 869 1339 sive
893 1312 1062 1340 damnatione

270 1360 378 1392 aniune,
391 1360 446 1386 sive
455 1358 630 1394 regressione,
644 1357 700 1385 sive
711 1357 895 1392 permansione
907 1356 1059 1384 fabricatur.

269 1404 402 1431 Numerus
412 1408 500 1430 autent
514 1407 541 1430 et
552 1403 587 1429 ah
600 1409 652 1429 uno
663 1402 763 1437 incipit,
776 1406 803 1430 et
814 1401 965 1445 aequalith
978 1409 1009 1429 ac
1023 1402 1061 1429 si-

270 1450 420 1477 tnilitudine
435 1448 545 1484 pulcher
556 1452 607 1480 est,
619 1453 646 1476 et
660 1447 753 1475 ordine
766 1448 914 1483 copulatur.
927 1447 1062 1482 Quamob-

269 1503 328 1523 rem
343 1495 461 1530 quisquis
474 1494 570 1522 fatetur
583 1494 682 1521 nullam
703 1501 763 1521 esse
784 1498 920 1525 naturam,
938 1501 997 1528 qua:
1008 1500 1061 1521 non

270 1545 298 1567 ut
309 1541 344 1568 sit
356 1539 483 1575 quidquid
501 1543 560 1572 est,
581 1543 688 1574 appetat
701 1539 842 1570 unitatem,
860 1539 953 1573 suique
967 1538 1061 1566 similis

278 1594 296 1614 n
309 1590 437 1621 quantum
451 1590 538 1620 potest
551 1592 609 1612 esse
623 1589 734 1612 conetur
743 1605 750 1616 ,
771 1589 851 1619 atque
863 1584 984 1611 ordinem
1000 1592 1062 1619 pro-

268 1633 355 1667 prium
370 1632 412 1658 vel
425 1631 489 1659 locis
503 1631 544 1658 vel
561 1630 733 1666 temporibus,
748 1630 789 1658 vel
803 1631 828 1657 in
848 1638 959 1664 corpore
974 1631 982 1646 ¹
996 1638 1062 1664 quo-

267 1678 330 1706 dam
352 1678 509 1706 libramento
527 1677 640 1704 salutem
659 1684 734 1704 suam
758 1681 847 1704 teneat
863 1684 870 1703 :
886 1676 964 1703 debet
986 1675 1063 1705 fateri

272 1725 306 1753 ab
322 1732 374 1752 uno
387 1724 517 1759 principio
529 1731 578 1759 per
589 1723 717 1758 aqualem
729 1723 766 1750 illi
780 1731 810 1750 ac
820 1723 933 1750 similem
945 1724 1061 1758 speciem

270 1771 371 1799 divitiis
385 1771 509 1798 bonitatis
524 1771 582 1805 ejus
593 1791 601 1803 ,
622 1778 673 1805 qua
696 1771 765 1798 inter
778 1778 808 1798 se
825 1778 906 1797 unum
921 1774 948 1798 et
963 1771 996 1799 de
1009 1779 1062 1799 uno

267 1825 348 1844 unum
363 1816 519 1845 charissima
533 1818 554 1850 ',
570 1823 599 1844 ut
612 1817 648 1844 ita
658 1816 755 1849 dicam,
766 1817 894 1844 charitate
905 1817 1060 1852 junguntur,

267 1863 356 1890 omnia
372 1863 439 1890 facta
451 1870 511 1891 esse
522 1866 603 1897 atque
622 1862 728 1890 condita
741 1870 917 1898 quaecumque
936 1868 997 1891 sunt
1007 1885 1014 1897 ,
1031 1865 1057 1891 in

269 1913 511 1945 quantumcumque
523 1912 595 1936 sunt.

302 1956 347 1983 57.
361 1955 447 1989 Quare
458 1955 503 1982 ille
516 1962 609 1982 versus
618 1961 633 1981 a
647 1954 724 1982 nobis
735 1954 898 1989 propositus,
911 1954 980 1982 Dm
990 1963 1060 1982 crea-

268 2005 308 2027 tor
316 2000 444 2031 omnium,
460 2008 512 2027 non
528 2000 614 2026 solum
629 2000 739 2026 auribus
753 2007 819 2027 sono
833 2007 975 2028 numeroso
987 2021 994 2032 .
1014 2001 1060 2029 sed

268 2046 352 2072 mttlto
365 2045 449 2079 magis
463 2044 610 2072 estanima:
624 2045 764 2072 sententia:
776 2046 889 2082 sanitate
907 2050 935 2074 et
951 2047 1061 2075 veritate

267 2090 442 2125 gratissimus.
462 2089 518 2116 Nisi
538 2090 606 2117 forte
624 2094 713 2117 movet
734 2095 760 2117 te
777 2090 887 2118 tarditas
907 2099 1017 2123 eorum,
1034 2097 1062 2120 ιιι

268 2137 358 2163 mitius
372 2136 475 2171 loquar,
488 2136 531 2171 qui
543 2141 641 2171 negant
651 2137 684 2164 de
697 2137 780 2164 nihilo
791 2137 847 2165 ﬁeri
861 2146 938 2173 posse
949 2140 1058 2175 aliquid,

272 2189 332 2208 cum
348 2181 374 2208 id
387 2181 557 2216 omnipotens
572 2181 643 2209 Deus
658 2181 752 2210 fecisse
765 2182 877 2210 dicatur.
891 2185 931 2211 An
946 2192 1008 2212 vero
1019 2185 1060 2212 fa-

270 2227 319 2255 ber
340 2232 428 2263 potest
450 2227 651 2255 rationabilibus
672 2229 789 2256 numeris
807 2229 852 2265 qui
874 2234 936 2257 sunt
957 2230 983 2257 in
1003 2236 1060 2258 arte

268 2274 341 2308 cjus,
362 2274 500 2301 sensuales
523 2281 650 2302 numeros
672 2274 717 2309 qui
737 2279 799 2302 sunt
820 2275 846 2302 in
867 2276 1059 2303 consuetudine

267 2321 326 2355 ejus
349 2320 468 2355 operari;
493 2325 521 2347 et
544 2320 712 2348 sensttalibus
735 2321 853 2348 numeris
873 2329 1059 2356 progressores

266 2366 326 2393 illos
336 2366 432 2400 quibus
446 2365 566 2393 membra
582 2366 607 2392 in
620 2366 757 2400 operando
770 2371 868 2399 movet,
881 2366 914 2394 ad
928 2375 996 2402 quos
1003 2368 1058 2402 jam

266 2411 403 2438 intervalla
417 2416 566 2445 temporum
587 2411 737 2446 pertinent,
755 2417 781 2439 et
796 2412 838 2439 his
853 2420 945 2440 rursus
960 2413 1059 2441 formas

265 2457 382 2484 visibiles
394 2456 428 2484 de
443 2457 514 2492 ligno
527 2456 660 2490 fabricari,
674 2457 793 2485 locorum
807 2458 953 2486 intervallis
963 2468 1058 2488 nume-

266 2510 362 2531 rosas:
375 2507 404 2530 et
418 2510 507 2530 rerum
523 2507 615 2530 natura
631 2503 677 2531 Dei
698 2504 804 2532 nutibus
818 2506 954 2540 serviens,
972 2507 1058 2542 ipsttm

266 2549 364 2585 lignum
379 2550 413 2577 de
426 2554 496 2577 terra
509 2554 537 2577 et
547 2550 652 2577 ueteris
672 2550 811 2579 elementis
833 2551 920 2580 facere
938 2561 991 2581 non
1011 2562 1059 2589 po-

295 2617 305 2633 ¹
312 2620 349 2642 Er.
363 2621 389 2643 et
399 2616 609 2654 tov.,t'n_corporeo
619 2617 723 2649 quodam
732 2618 987 2654 libramentorAliquot
994 2626 1057 2653 Mss.

265 2655 289 2673 nt
306 2648 546 2683 corporeoquodan
565 2653 593 2674 At
607 2648 658 2683 Ain.
676 2654 702 2675 et
716 2651 812 2683 codices
830 2648 944 2683 plerique
959 2648 1059 2680 veteres

266 2679 408 2714 praeferunt,
419 2679 559 2714 in_corporc
574 2681 678 2714 quodam
690 2688 698 2714 ς
710 2681 774 2713 quod
786 2679 862 2714 magis
874 2679 1008 2713 probamus.

295 2710 305 2725 ¹
323 2711 439 2741 Insignior
451 2710 497 2735 iste
508 2711 540 2735 dc
556 2710 671 2736 'rrinitate
690 2710 756 2737 locus
773 2714 797 2737 in
816 2710 961 2739 e7litiouibus
978 2719 1015 2741 Er.
1033 2721 1059 2742 et

265 2743 318 2779 boy,
332 2747 430 2779 neenou
440 2742 464 2779 in
476 2742 752 2779 recentioribusaliquot
762 2747 813 2779 atss.
828 2746 859 2769 ita
870 2750 982 2779 corrupte
989 2747 1057 2779 legi-

264 2775 382 2806 tur
396 2773 458 2796 inter
473 2778 499 2796 se
514 2778 588 2796 unum
602 2776 625 2798 et
641 2774 690 2806 duo
702 2773 859 2805 'cltarissima,
878 2779 902 2801 tzl
917 2773 951 2801 itit
967 2773 1056 2803 αἰεᾱὶη,

264 2805 287 2838 tu
302 2801 408 2834 editione
417 2805 498 2838 autem
506 2808 578 2838 ’ΜΠ-ἐ’
586 2808 636 2833 (ηια
652 2804 828 2838 interminum:
839 2801 861 2831 et
877 2807 907 2831 de
923 2801 1058 2834 midinis

264 2831 384 2868 r/mrtsnt't
399 2839 408 2857 :
423 2836 446 2857 et
462 2836 487 2868 ut
502 2833 536 2858 ita
552 2831 641 2859 dicam.
660 2837 880 2868 Redinteg'ravimtts
892 2831 968 2863 totum
982 2831 1056 2865 5&1}:

264 2862 320 2893 loro.
330 2866 429 2888 vetera
439 2865 535 2896 optume
546 2869 617 2890 noue.

885 156 929 184 DE
948 154 1083 187 MUSICA,
1104 153 1134 181 S.
1156 153 1337 182 AUGUSTlNl

1847 158 1919 185 1192

1121 214 1187 242 test;
1200 214 1226 237 et
1244 210 1299 245 ipsa
1315 215 1433 238 extrema
1455 218 1506 238 non
1521 216 1625 246 poterat
1643 211 1677 239 de
1692 212 1767 239 nullo
1780 213 1808 240 ¹τ
1822 212 1879 241 Imo
1889 219 1920 241 et

1116 255 1221 282 arboris
1241 256 1339 283 locales
1360 263 1503 289 numeros,
1517 257 1677 291 temporales
1689 258 1793 286 numeri
1808 264 1918 286 antece.

1117 300 1182 327 dant
1199 308 1310 328 necesse
1331 306 1382 328 est.
1405 301 1510 328 Nullum
1535 307 1575 328 cst
1595 303 1665 329 enim
1686 303 1809 338 stirpium
1831 312 1918 339 genus

1117 346 1188 380 quod
1211 354 1263 373 non
1284 348 1365 374 certis
1380 355 1428 382 pro
1442 354 1491 374 suo
1505 348 1607 375 semine
1621 348 1831 376 dimensionibus
1847 355 1919 377 tein-

1118 399 1211 427 porum
1225 397 1254 420 et
1266 393 1412 425 coalescat,
1426 397 1454 420 et
1468 394 1600 428 germinet
1609 414 1616 426 ,
1630 399 1658 422 et
1672 395 1698 421 in
1710 403 1789 422 auras
1800 396 1898 424 emicet
1907 418 1916 429 ,

1117 443 1144 465 et
1159 438 1219 466 folia
1234 439 1367 473 explicet,
1384 444 1411 466 et
1424 439 1573 472 roboretur,
1586 444 1613 467 et
1630 440 1686 468 sive
1708 440 1822 469 fructum
1833 462 1840 475 ,
1857 443 1917 470 sive

1117 484 1201 519 ipsius
1214 485 1275 519 ligni
1289 485 1477 512 occultissimis
1496 486 1614 513 numeris
1626 486 1679 512 vim
1697 494 1788 514 rursus
1803 488 1916 516 seminis

1117 529 1216 557 referat
1228 538 1234 556 :
1247 534 1346 564 quanto
1359 530 1443 565 magis
1456 530 1611 558 animalium
1627 538 1740 566 corpora
1751 553 1759 564 ,
1774 533 1801 559 in
1815 534 1917 568 quibus

1118 574 1258 602 intervalla
1272 575 1455 603 membrorum
1469 583 1639 603 numerosam
1656 577 1815 611 parilitatem
1829 580 1916 606 multo

1117 620 1202 655 magis
1219 621 1372 655 aspectibus
1394 621 1525 649 oﬂ‘erunt‘!
1537 623 1579 649 An
1592 622 1641 649 ista
1653 622 1688 650 de
1700 623 1840 651 elementis
1856 624 1915 652 ficri

1117 670 1237 700 possmvt,
1253 671 1280 694 et
1291 667 1347 701 ipsa
1357 667 1490 694 elementa
1503 675 1555 694 non
1569 672 1711 702 potuerunt
1725 670 1781 696 fieri
1794 669 1828 697 de
1840 670 1914 697 nihi-

1118 711 1163 738 lo?
1173 712 1254 744 Quasi
1267 720 1331 739 vero
1350 713 1493 748 quidquam
1508 713 1543 741 sit
1557 714 1583 740 in
1597 714 1637 741 eis
1651 715 1728 742 vilius
1740 720 1767 742 et
1780 715 1915 749 abiectius

1117 765 1196 792 quam
1212 763 1281 785 terra
1297 762 1348 785 est.
1366 759 1431 792 Qua:
1445 759 1529 793 primo
1548 760 1697 793 generalem
1713 761 1830 794 speciem
1848 770 1913 788 Cor-

1116 804 1188 839 pcris
1201 804 1290 837 habet,
1303 805 1329 832 in
1342 813 1393 840 qua
1409 805 1495 832 unitas
1511 806 1631 840 qua‘dam
1645 811 1671 833 et
1686 808 1787 833 numeri
1803 813 1829 834 et
1843 808 1913 835 ordo

1115 857 1175 877 esse
1189 851 1365 878 convincitur.
1381 850 1500 886 Namque
1521 852 1555 877 ab
1574 852 1659 886 aliqua
1681 852 1804 886 impertili
1823 858 1886 880 nota
1902 855 1912 869 ²

1115 894 1143 922 in
1159 895 1348 930 longitudinem
1364 903 1474 923 necesse
1489 901 1529 923 est
1542 897 1691 931 porrigatur
1705 898 1829 931 qumlibet
1851 899 1912 932 ejus

1115 941 1284 976 quantumvis
1298 949 1378 976 parva
1391 943 1518 977 particula
1530 963 1536 973 ,
1551 943 1655 969 tertiani
1676 943 1841 970 latitudinem
1863 953 1911 971 su-

1115 992 1188 1020 mat,
1208 992 1235 1014 et
1256 993 1377 1022 quartam
1392 987 1557 1014 altitudinem
1581 997 1631 1023 qua
1652 997 1748 1022 corpus
1773 990 1909 1024 impletur.

1115 1033 1191 1061 Unde
1200 1041 1264 1068 ergo
1272 1034 1321 1060 iste
1329 1040 1343 1059 a
1353 1033 1439 1067 primo
1452 1042 1533 1068 usque
1542 1034 1573 1060 ad
1582 1039 1703 1068 quartum
1716 1037 1910 1070 progressionis

1114 1082 1227 1109 modus?
1252 1083 1328 1110 Unde
1337 1088 1365 1110 et
1381 1083 1518 1117 aequalitas
1540 1091 1643 1117 quoque
1665 1085 1787 1117 partium,
1806 1092 1865 1119 quae
1882 1086 1908 1112 in

1115 1128 1278 1164 longitudine
1289 1133 1317 1156 et
1329 1129 1464 1155 latitudine
1480 1134 1506 1155 et
1516 1130 1652 1155 altitudine
1668 1130 1817 1162 reperitur?
1831 1130 1906 1158 Unde

1114 1174 1326 1201 corrationalitas
1337 1174 1457 1209 quadam
1468 1175 1513 1207 (ita
1528 1175 1598 1200 enim
1611 1174 1844 1209 tnaluianalogiam
1859 1184 1909 1203 vo-

1113 1219 1198 1257 care),
1210 1226 1238 1247 ut
1256 1228 1335 1256 quant
1352 1220 1480 1248 rationem
1497 1221 1574 1247 habet
1591 1222 1725 1255 longitudo
1740 1222 1771 1249 ad
1786 1223 1909 1257 imperti-

1114 1266 1166 1294 lem
1180 1271 1268 1294 notam
1279 1287 1286 1299 ,
1302 1267 1422 1294 eamdem
1436 1267 1547 1293 latitudo
1565 1267 1596 1293 ad
1618 1267 1821 1301 longitudinem,
1834 1274 1861 1295 et
1874 1270 1907 1294 ad

1114 1313 1280 1340 latitudinem
1296 1312 1392 1340 habeat
1406 1312 1534 1339 altitudo?
1549 1312 1623 1339 Unde
1634 1334 1640 1344 ,
1655 1321 1759 1347 qumso,
1774 1314 1821 1340 ista
1832 1335 1839 1344 ,
1856 1315 1907 1341 nisi

1113 1359 1205 1386 abillo
1220 1366 1324 1386 summo
1341 1363 1421 1394 atque
1442 1363 1541 1386 artemo
1564 1360 1710 1393 principatu
1736 1368 1907 1388 numerorum

1113 1408 1142 1431 et
1164 1404 1345 1432 similitudinis
1366 1409 1393 1431 et
1416 1405 1575 1439 agqualitalis
1597 1410 1624 1431 et
1646 1405 1747 1432 ordinis
1777 1407 1907 1433 veniunt?

1114 1449 1194 1484 Atqui
1219 1449 1276 1476 haec
1298 1450 1322 1477 si
1342 1454 1422 1477 terrae
1432 1450 1563 1477 ademeris
1576 1471 1584 1483 ,
1608 1450 1675 1477 nihil
1698 1451 1757 1478 erit.
1776 1451 1907 1485 Quocirca

1114 1495 1284 1530 omnipotens
1295 1495 1365 1523 Deus
1378 1500 1476 1523 terram
1490 1495 1562 1529 fecit,
1577 1500 1605 1523 et
1615 1495 1648 1524 de
1659 1496 1742 1524 nihilo
1756 1501 1824 1525 terra
1837 1497 1907 1525 facta

1113 1545 1164 1568 05!.

1115 1603 1118 1608 -
1150 1587 1194 1615 58.
1208 1586 1276 1620 Quid
1288 1588 1384 1622 porro?
1394 1587 1449 1622 ipsa
1460 1587 1562 1622 species
1572 1595 1622 1623 qua
1634 1588 1696 1616 item
1707 1596 1722 1616 a
1736 1589 1840 1617 cancris
1852 1590 1908 1617 ele-

1113 1633 1214 1661 mentis
1224 1638 1294 1661 terra
1308 1634 1478 1667 discernitur,
1487 1641 1576 1662 nonne
1585 1639 1612 1661 et
1622 1642 1702 1661 unum
1713 1635 1810 1670 aliquid
1821 1643 1908 1671 quan-

1114 1683 1169 1706 tum
1185 1680 1287 1714 accepit
1301 1684 1427 1712 ostentat,
1436 1685 1464 1707 et
1477 1680 1547 1707 nulla
1561 1688 1622 1715 pars
1632 1681 1690 1715 ejus
1701 1688 1716 1707 a
1731 1686 1785 1708 toto
1798 1687 1837 1708 est
1851 1681 1909 1709 dis-

1114 1726 1219 1758 similis,
1233 1731 1260 1753 et
1270 1727 1424 1754 earumdem
1440 1727 1553 1761 partium
1567 1727 1736 1754 connexione
1749 1732 1827 1762 atque
1840 1736 1908 1754 con-

1114 1771 1205 1799 cordia
1213 1779 1262 1798 suo
1271 1779 1369 1806 genere
1379 1771 1579 1799 saluberrimam
1590 1771 1681 1799 sedem
1693 1772 1808 1799 intimam
1820 1773 1907 1800 tenet?

1114 1816 1163 1844 Cui
1183 1816 1382 1852 superfunditur
1395 1824 1523 1851 aquarum
1542 1821 1647 1850 natura,
1662 1817 1749 1844 nitens
1762 1823 1788 1844 et
1802 1818 1858 1852 ipsa
1871 1818 1906 1844 ad

1114 1863 1253 1895 unitatem,
1266 1863 1412 1897 speciosior
1426 1867 1453 1890 et
1466 1862 1628 1897 perlucidior
1648 1868 1756 1898 propter
1774 1864 1905 1897 majorem

1114 1908 1313 1935 similitudinem
1330 1909 1460 1942 partium,
1475 1912 1503 1935 et
1521 1908 1674 1935 custodiens
1695 1909 1781 1936 locum
1802 1910 1906 1937 ordinis

1114 1958 1142 1981 et
1155 1954 1249 1981 salutis
1262 1961 1326 1981 sum.
1341 1953 1408 1987 Quid
1424 1954 1458 1981 de
1470 1954 1539 1981 aeris
1552 1958 1643 1981 natura
1656 1954 1753 1984 dicam.
1768 1956 1850 1983 multo
1864 1956 1905 1983 fa-

1113 1999 1205 2026 ciliore
1220 1999 1358 2034 complexu
1370 1999 1402 2026 ad
1416 1999 1542 2027 unitatem
1555 2000 1666 2033 nitente,
1675 2004 1703 2028 et
1718 2005 1790 2027 tanto
1802 2002 1906 2036 specio-

1115 2045 1185 2072 siore
1197 2045 1283 2080 aquis,
1296 2053 1374 2079 quam
1390 2045 1440 2072 ill:e
1454 2045 1533 2072 terris
1544 2049 1615 2078 sunt,
1629 2050 1754 2081 tantoque
1767 2049 1905 2082 superiore

1114 2091 1146 2117 ad
1172 2091 1284 2118 salutem
1300 2090 1328 2117 '?
1343 2090 1411 2123 Quid
1433 2090 1466 2117 de
1488 2091 1548 2118 cteli
1571 2098 1696 2125 supremo
1719 2093 1833 2125 ambitu,
1849 2101 1906 2128 quo

1115 2141 1168 2163 tota
1182 2135 1340 2163 universitas
1363 2135 1506 2162 visibilium
1527 2143 1670 2170 corporum
1692 2136 1856 2169 terminatur,
1878 2142 1906 2165 et

1113 2188 1216 2208 summa
1236 2181 1262 2208 in
1277 2181 1328 2209 hoc
1348 2188 1447 2216 genere
1466 2181 1587 2216 species,
1607 2188 1639 2208 ac
1659 2182 1829 2209 saluberrima
1853 2183 1905 2211 loci

1112 2226 1288 2254 execllentia?
1300 2225 1349 2253 Ista
1362 2230 1434 2253 certe
1446 2226 1534 2253 omnia
1548 2233 1608 2261 qua:
1622 2227 1737 2254 carnalis
1749 2234 1842 2254 sensus
1855 2228 1906 2255 mi-

1113 2272 1223 2299 nisterio
1232 2279 1415 2303 numeramus,
1422 2276 1448 2299 ct
1456 2278 1628 2306 qutecumque
1637 2272 1663 2298 in
1674 2272 1713 2299 eis
1722 2278 1794 2305 sunt,
1807 2273 1905 2301 locales

1114 2324 1239 2344 numeros
1253 2317 1299 2351 qui
1313 2317 1438 2344 videntur
1449 2323 1509 2343 esse
1518 2316 1638 2351 inaliquo
1649 2322 1729 2350 statu,
1739 2317 1789 2344 nisi
1803 2326 1904 2352 praece-

1112 2363 1235 2390 dentibus
1251 2363 1351 2390 intimis
1365 2368 1392 2390 et
1406 2362 1432 2389 in
1447 2362 1554 2390 silentio
1572 2363 1763 2398 temporalibus
1786 2365 1906 2392 numeris

1112 2408 1157 2442 qui
1168 2412 1229 2435 sunt
1242 2407 1268 2434 in
1283 2413 1368 2439 motu,
1384 2415 1434 2434 nec
1447 2407 1569 2443 accipere
1580 2407 1639 2434 illos
1655 2413 1773 2442 possunt.
1790 2417 1841 2436 nec
1854 2408 1906 2436 ha-

1112 2453 1186 2481 bere.
1201 2453 1263 2480 lllos
1275 2453 1364 2481 itidem
1383 2457 1533 2488 temporum
1551 2453 1697 2481 intervallis
1709 2454 1790 2489 agiles
1802 2462 1905 2489 pra‘ce-

1144 2533 1150 2548 |
1164 2531 1327 2563 Expungenda
1335 2530 1460 2556 videretur
1470 2530 1586 2563 particula
1597 2537 1699 2563 negans,
1705 2532 1752 2556 nisi
1763 2535 1873 2557 exstaret
1881 2534 1906 2557 tn

1111 2567 1164 2587 MSS.
1177 2568 1191 2587 a
1202 2562 1292 2593 quibus
1300 2566 1380 2586 tamen
1396 2568 1451 2586 cum
1462 2562 1542 2593 absint
1552 2562 1681 2593 sequentia
1693 2563 1784 2591 verba,
1796 2563 1906 2592 scilicet.

1110 2597 1133 2619 et
1148 2593 1202 2624 ipsa
1212 2592 1325 2618 extrema
1340 2599 1387 2617 non
1401 2595 1493 2624 poterat
1508 2592 1539 2624 de
1554 2592 1629 2622 nullo.
1641 2593 1745 2617 fatemur
1756 2600 1804 2618 non
1815 2597 1906 2618 tantam

1111 2625 1141 2650 iis
1149 2623 1221 2648 ﬁdem
1233 2630 1290 2656 esse
1309 2623 1461 2648 tribuendam
1472 2623 1518 2648 hoc
1532 2623 1598 2654 loco,
1609 2624 1651 2656 qui
1669 2624 1822 2649 librariorum
1838 2624 1907 2656 lapsu

1112 2656 1210 2680 vitiatus
1218 2655 1258 2679 sit.

1144 2687 1154 2701 ²
1170 2689 1235 2714 t.ov.,
1247 2684 1356 2717 imperiti
1370 2688 1434 2710 nota.
1442 2688 1469 2709 Et
1478 2691 1575 2709 rursum
1586 2684 1688 2710 inferius
1696 2702 1703 2715 ,
1715 2685 1851 2717 supersum
1862 2692 1906 2717 ηο-

1111 2717 1220 2748 tnmrsed
1229 2716 1378 2748 melius/tm.
1389 2720 1414 2740 et
1422 2719 1458 2740 Fx.
1471 2722 1524 2740 cum
1533 2716 1624 2748 aliquot
1631 2719 1695 2746 Mss,
1704 2716 1817 2748 impertiit
1829 2721 1855 2741 et
1862 2716 1907 2741 ἰηι-

1111 2747 1221 2779 pertilcm
1232 2754 1239 2772 :
1251 2754 1306 2772 nam
1318 2747 1356 2772 hic
1365 2748 1461 2771 nomine
1472 2751 1536 2779 noue
1546 2747 1687 2779 intelligitur
1699 2747 1811 2778 punctum
1820 2754 1865 2772 seu
1874 2749 1907 2772 si-

1111 2778 1186 2810 gnum
1197 2779 1262 2802 unde
1278 2779 1341 2802 linea
1351 2779 1447 2810 ducitur
1456 2778 1537 2810 ;,qruod
1549 2778 1573 2801 in
1585 2778 1647 2802 libro
1654 2778 1686 2802 de
1701 2779 1837 2810 ouantitate
1850 2780 1906 2802 Aui-

1112 2809 1167 2840 ime,
1178 2816 1230 2841 cap.
1243 2809 1283 2837 tl,
1295 2816 1319 2834 n.
1333 2809 1371 2839 t8,
1383 2810 1418 2841 sic
1425 2809 1538 2841 deﬁnitur
1551 2816 1557 2832 :
1573 2818 1584 2831 ι
1592 2813 1649 2833 Nota
1660 2810 1713 2841 sine
1725 2809 1854 2840 [ai-tibus»

1143 2841 1153 2856 ³
1169 2839 1233 2865 Inv;
1241 2844 1267 2865 Et
1278 2843 1341 2865 tanto
1352 2839 1501 2871 speciosiore,
1510 2843 1598 2871 quanto
1605 2839 1758 2871 speciosiore;
1769 2846 1840 2871 aqum
1850 2843 1906 2871 arm!

1111 2875 1155 2896 lori
1162 2871 1189 2901 it,
1201 2874 1333 2903 quantoque
1341 2869 1373 2896 ad
1385 2869 1531 2902 superiorem
1539 2869 1640 2895 salutent
1650 2870 1721 2895 altior
1732 2874 1799 2896 terra
1809 2869 1890 2896 nititur
