2059 3185
183 129 254 158 Ηϋδ

182 189 222 216 dit
235 195 263 218 et
273 188 406 217 modificat
422 189 507 217 vitalis
522 194 618 222 motus,
631 191 751 218 serviens
763 192 873 219 Domino
887 200 976 220 rerum

184 237 321 269 omnium,
346 245 397 263 non
419 237 573 272 temporalia
595 236 695 264 habens
717 237 817 272 digesta
839 238 977 266 intervalla

183 289 355 310 numerormu
372 290 491 314 SUOl‘lllll,
506 283 552 310 sed
568 287 686 317 tempora
703 284 868 312 ministrante
883 289 978 319 poten-

184 330 235 361 tia;
257 337 335 364 supra
358 338 436 364 quam
455 331 597 357 rationales
617 337 643 357 et
664 331 853 359 intellectuales
875 333 979 360 numeri

183 374 319 402 heatarum
343 376 491 403 animarum
506 381 585 412 atque
600 383 751 404 sanctarum
762 399 769 410 ,
789 378 872 413 legem
895 379 978 413 ipsam

184 420 242 453 Dei,
252 421 309 447 sine
323 429 373 459 qua
388 421 478 449 folium
492 422 523 449 de.
536 423 632 449 arbore
644 430 695 450 non
707 423 791 456 cadit,
803 428 829 451 et
842 424 883 451 cui
897 425 979 451 nostri

183 466 272 500 capilli
289 468 418 494 numerati
433 473 512 501 sunt,
529 469 598 496 .iulla
621 469 775 504 interposita
798 475 891 497 natura
908 471 981 498 exci-

184 511 303 546 pientes,
317 521 400 548 usque
419 513 452 540 ad
473 518 577 541 terrena
596 518 624 541 et
644 515 746 542 inferna
765 515 824 550 jura
845 516 980 543 transmit-

184 561 242 584 lunt
255 557 304 594 (ιι).

468 602 596 621 εοιεειῠδιο
607 603 697 621 ορειυε.

219 645 262 673 59.
278 646 342 679 Quae
363 648 434 681 potui
448 653 472 675 et
488 649 555 675 sicut
574 650 647 683 potui
661 649 694 676 de
709 649 787 676 tantis
803 649 921 676 tantillus
935 654 976 677 te-

182 699 243 718 cum
258 693 366 719 contuli.
384 694 539 722 Sermonem
553 700 640 722 autem
655 696 724 722 hunc
736 699 855 722 nostrum
869 696 979 723 manda-

182 741 239 764 tum
255 738 350 765 litten‘s
364 739 386 766 si
402 741 445 774 qui
461 741 566 775 legunt,
580 741 664 767 sciant
688 741 770 768 multo
789 741 980 768 infirmioribus

182 782 240 810 lucc
255 792 314 811 esse
329 785 439 820 scripta,
452 794 529 821 quam
545 791 606 813 sunt
621 786 658 813 illi
672 787 716 821 qui
731 787 809 814 unius
824 787 920 813 summi
934 787 979 813 Dei

214 841 252 879 (α)
265 846 315 870 vid.
329 849 431 871 ltetraet.
446 846 487 871 lib.
502 846 525 876 1,
537 853 589 877 cap.
605 847 627 876 t,
639 853 664 870 n.
676 846 700 870 4.

195 891 1825 915 W‘
215 891 506 915 "‘wuf:
513 892 541 915 Τ
548 893 553 895 “
559 891 646 914 Δ-ή.
583 891 1414 915 _____———‘::::ﬂ:.w
1421 891 1432 892 ί
1453 891 1533 912 ζζ-..⁷
1493 891 1511 892 ﬁ
1537 891 1624 912 '_'_;
1631 891 1824 912 LTL."______.

632 132 677 161 DE
695 133 878 169 MAGISTRO,
899 135 926 164 S.
947 136 1131 166 AUGUSTINI
1149 136 1250 165 LIBER
1270 136 1372 166 UNUS.

1751 135 1821 166 1191,

1030 194 1280 222 consubstantialem
1302 198 1329 220 et
1350 193 1591 221 incommutabilem
1605 193 1771 227 Trinitatem,
1786 203 1819 222 ex

1030 249 1082 276 quo
1092 241 1190 274 omnia,
1201 248 1248 276 per
1256 248 1334 275 quem
1346 240 1444 272 omnia,
1452 240 1478 266 in
1488 247 1540 274 quo
1548 241 1635 266 omnia
1649 240 1760 266 duorum
1768 240 1820 267 Tc-

1030 292 1220 314 stameutorum
1234 287 1417 315 auctoritatem
1427 286 1509 313 secuti
1521 291 1681 312 venerantur
1689 290 1716 312 et
1728 286 1821 313 colunt

1031 341 1087 360 eam
1095 332 1376 367 credendo,sperando
1385 336 1412 360 et
1422 332 1564 367 diligendo.
1575 332 1604 358 lli
1612 331 1681 359 enim
1691 340 1741 358 non
1750 332 1822 358 sein-

1032 378 1175 404 tillanlihus
1189 377 1310 404 humanis
1325 377 1583 409 ratiocinationibus,
1598 376 1645 404 sed
1658 376 1823 403 validissimo

1032 429 1057 451 et
1072 424 1274 459 flagrantissimo
1289 423 1422 451 charitatis
1437 424 1495 458 igne
1507 423 1724 458 purgantur.Nos
1734 427 1823 450 autem

1031 471 1093 498 dum
1110 471 1279 506 uegligendos
1295 479 1353 498 esse
1365 478 1416 498 non
1428 471 1614 498 existimamus
1627 478 1693 505 quos
1705 470 1825 497 lucretici

1033 517 1141 544 rationis
1163 522 1189 544 et
1210 517 1328 544 scientiae
1350 516 1434 543 fallaci
1458 516 1648 551 pollicitatione
1671 516 1824 551 decipiunt;

1033 563 1133 590 tardius
1154 563 1314 595 incedimus,
1330 563 1542 591 consideratione
1562 563 1678 598 ipsarum
1700 564 1802 590 viarum
1815 584 1824 595 ,

1032 618 1110 644 quam
1131 610 1215 636 sancti
1236 610 1284 637 viri
1308 610 1352 644 qui
1372 617 1417 637 eas
1432 609 1546 636 volando
1562 617 1613 636 non
1627 609 1771 644 dignantur
1785 613 1826 636 at-

1033 657 1150 684 tendere.
1163 656 1238 689 Quod
1250 662 1336 683 tamen
1350 656 1438 683 facere
1452 664 1502 682 non
1517 656 1685 689 auderemus,
1695 655 1744 682 nisi
1759 655 1826 682 mul-

1033 708 1074 730 tos
1089 704 1146 738 pios
1163 703 1289 730 Ecclesiae
1301 703 1438 730 catholicre
1453 703 1544 729 matris
1558 702 1663 736 optima:
1680 702 1746 729 ﬁlios
1757 723 1764 734 ,
1780 703 1826 736 qui

1032 750 1179 785 puerilibus
1198 749 1292 776 studiis
1306 749 1429 784 loquendi
1452 756 1483 776 ac
1504 748 1651 776 disserendi
1674 748 1826 775 facultatem

1033 800 1159 831 quantum
1175 796 1239 823 satis
1252 799 1293 822 est
1306 795 1439 822 consocuti
1460 799 1564 827 essent,
1587 794 1679 821 eadem
1701 793 1826 821 refellen-

1033 842 1127 868 dorum
1144 841 1331 868 luureticorum
1346 840 1501 867 necessitate
1514 839 1607 867 fecisse
1622 839 1781 867 videremus.

767 889 1374 1002 FW

643 1034 695 1063 DE
718 1033 924 1070 SEQUENTE
940 1031 1059 1062 LIBRO
1080 1031 1132 1061 DE
1154 1031 1372 1061 MAGISTRO.

218 1092 344 1126 Opuscuii
356 1093 490 1127 sequentis
504 1098 609 1121 artatem
624 1095 710 1129 prodit
721 1096 777 1131 ipse
788 1095 844 1129 ejus
853 1100 944 1122 auctor
959 1095 984 1121 in
1006 1095 1073 1121 libro
1090 1101 1159 1121 nono
1174 1093 1390 1126 Confessionum,
1407 1093 1494 1127 capite
1517 1098 1602 1124 sexto,
1624 1093 1667 1120 ubi
1684 1094 1829 1127 pr:enolato

182 1139 254 1175 quod
266 1148 279 1166 ι
295 1146 426 1167 annorum
436 1140 520 1169 ferme
533 1142 685 1177 quindecim
699 1147 758 1170 erat
774 1152 783 1168 ι
801 1142 954 1169 Adeodatus
972 1141 1079 1177 quando
1097 1141 1147 1176 ipsi
1166 1141 1299 1176 sociisque
1323 1139 1501 1167 Mediolanum
1525 1139 1652 1175 Baptismi
1667 1136 1831 1174 percipiundi

183 1193 264 1214 causa
280 1187 451 1223 pergentibus
464 1195 554 1216 comes
569 1188 708 1224 adjunctus
722 1193 774 1222 est,
789 1193 900 1217 testatur
912 1188 1024 1216 subinde
1037 1187 1108 1215 hunc
1119 1187 1251 1222 dialogum
1264 1194 1324 1214 cum
1341 1185 1388 1214 illo
1401 1189 1457 1213 tum
1472 1185 1591 1213 habitum
1613 1183 1707 1216 fuisse,
1736 1192 1745 1209 ι
1766 1190 1829 1210 cum

182 1238 255 1262 esset
267 1234 293 1262 in
306 1234 383 1262 annis
396 1234 543 1268 sexdecim,
561 1244 570 1261 ι
583 1235 610 1262 id
621 1240 662 1263 est
675 1243 746 1263 anno
758 1226 876 1263 secundo
888 1234 923 1262 ab
934 1235 1051 1270 ipsorum
1076 1234 1244 1269 baptismate,
1263 1241 1315 1268 quo
1329 1237 1403 1261 certe
1426 1231 1519 1260 initiati
1543 1231 1618 1259 fuere
1638 1238 1710 1258 anno
1731 1229 1832 1258 Christi

184 1279 247 1308 587.
260 1281 427 1316 Quapropter
437 1281 510 1309 libris
523 1281 555 1309 de
569 1281 666 1309 Genesi
679 1286 772 1310 contra
785 1281 955 1314 Manichaeos,
971 1286 998 1309 et
1009 1281 1042 1308 de
1056 1280 1164 1313 Musica,
1179 1280 1225 1315 qui
1239 1280 1345 1307 circiter
1357 1285 1456 1306 annum
1472 1278 1523 1306 589
1534 1277 1644 1313 perfecti
1657 1276 1772 1310 fuerant,
1784 1283 1830 1304 re-

184 1327 305 1361 censitis,
319 1327 417 1361 adjecit
427 1327 590 1363 Augustinus
605 1327 631 1356 in
646 1328 714 1356 libro
730 1328 816 1364 primo
828 1328 1066 1360 Rctractatiouum,
1082 1327 1169 1362 capite
1180 1326 1349 1360 duodecimo,
1362 1332 1392 1353 se
1407 1325 1504 1353 librum
1514 1324 1547 1352 de
1559 1323 1685 1359 Magistro
1699 1330 1748 1358 per
1758 1322 1830 1350 idem

183 1376 290 1408 tempus
301 1373 449 1409 scripsisse.

719 1416 743 1437 8.
755 1417 926 1442 AUGUSTINUS,
942 1418 992 1437 LIB.
1008 1417 1034 1437 IX
1049 1416 1184 1442 CONI‘ESS.,
1199 1416 1259 1436 CAP.
1271 1416 1308 1436 Vl-

223 1463 233 1480 ι
243 1454 418 1489 Adjunximus
428 1455 509 1483 etiam
523 1455 600 1483 nobis
611 1463 721 1491 puerum
731 1455 896 1483 Adendatum
910 1463 943 1483 ex
953 1463 996 1483 me
1008 1460 1100 1483 natum
1108 1455 1251 1483 carnaliter
1260 1454 1294 1482 de
1307 1458 1417 1489 peccato
1429 1460 1500 1481 meo.
1515 1452 1555 1481 Tu
1565 1453 1634 1481 bene
1646 1452 1748 1481 feceras
1755 1460 1830 1480 cum.

185 1502 324 1529 Annorum
337 1505 395 1529 erat
409 1501 492 1530 ferme
505 1502 665 1537 quindecim,
676 1502 820 1537 etingenio
834 1502 1012 1537 pmveniebat
1024 1502 1121 1529 multos
1134 1508 1230 1537 graves
1239 1505 1266 1528 et
1278 1501 1371 1528 doctos
1382 1500 1497 1528 viros....
1513 1499 1621 1527 Munera
1633 1503 1678 1527 tua
1691 1499 1738 1527 tibi
1750 1498 1833 1526 conﬂ-

185 1553 276 1576 tear...
294 1549 341 1576 Est
355 1548 422 1576 liber
437 1553 527 1576 nustcr
536 1549 581 1584 qui
590 1549 742 1577 inscribitur
751 1549 785 1577 de
797 1549 922 1584 Magistro
934 1558 940 1576 :
953 1549 1010 1585 ipse
1018 1548 1054 1576 ibi
1066 1555 1170 1576 mecum
1181 1548 1309 1583 loquitur.
1318 1547 1359 1574 Tu
1371 1547 1423 1575 scis
1434 1547 1506 1574 illius
1514 1554 1576 1574 esse
1583 1553 1661 1574 sensa
1674 1546 1762 1574 omnia
1773 1552 1835 1580 qua)

187 1599 341 1633 inseruntur
355 1595 389 1621 ibi
400 1602 434 1622 ex
448 1602 561 1630 persona
574 1595 744 1622 collocutoris
756 1596 818 1628 mei,
830 1602 890 1623 cum
910 1599 981 1623 esset
1002 1595 1028 1622 in
1045 1595 1122 1622 annis
1136 1593 1282 1622 sexdecim.
1294 1593 1376 1620 Multa
1387 1593 1447 1628 ejus
1457 1593 1512 1621 alia
1534 1592 1695 1620 mirabiliora
1708 1596 1833 1628 expertus

185 1648 255 1669 sum.
272 1641 381 1669 Horrori
393 1642 458 1669 mihi
471 1647 529 1669 erat
540 1642 603 1669 illud
613 1642 783 1677 ingenium...
803 1651 813 1667 ι

231 1688 308 1718 Vide
318 1692 470 1729 pmtgreq
491 1688 604 1720 librum
628 1689 658 1725 1,
683 1697 750 1729 cap.
773 1688 830 1725 12,
852 1687 1138 1722 Retractationum,
1155 1686 1216 1718 col.
1234 1686 1305 1720 602,
1324 1696 1344 1716 α
1368 1685 1481 1720 verbis,
1506 1686 1566 1716 Per
1585 1685 1670 1716 idem
1692 1687 1831 1725 tempus,

186 1736 281 1767 usque
295 1728 335 1758 ad
346 1728 450 1762 verba,
461 1728 551 1759 Velle
565 1738 637 1759 cum
652 1728 839 1767 loquimur?
890 1729 933 1759 M.

485 1849 558 1905 8.
591 1849 978 1906 AUBELII
1008 1847 1517 1906 AUGUSTINI

194 1955 199 1976 ι
250 1972 256 2002 ι.
330 1995 336 2002 ν
675 1942 1050 1985 HIPPONENSIS
1078 1941 1343 1983 EPISCOPI

239 2007 281 2097 ἶ
592 2022 759 2100 DE
805 2018 1431 2101 MAGISTRO

855 2151 993 2200 ariber
1016 2160 1140 2200 unus.
1156 2161 1195 2200 (α)

213 2243 241 2265 tn
251 2246 301 2272 quo
311 2239 343 2264 de
355 2239 485 2264 verbontm
496 2238 519 2264 vi
531 2241 606 2270 atque
618 2238 695 2273 omeio
705 2238 841 2273 disputatur
852 2238 959 2273 copiose,
971 2243 1020 2273 quo
1031 2237 1130 2262 demum
1141 2237 1284 2273 nonyerbis
1294 2244 1349 2273 qua:
1356 2236 1419 2273 foris
1429 2236 1503 2263 homo
1513 2241 1637 2270 personat,
1648 2238 1694 2264 sed
1705 2242 1798 2265 uterne

612 2270 716 2295 veritate
728 2268 794 2295 intus
804 2268 909 2295 docente
920 2269 1047 2294 scientiam
1057 2274 1142 2294 rerum:
1152 2268 1257 2293 obtineri
1268 2268 1401 2294 evincatur.

920 2322 1085 2352 r8<<00>iéb

344 1782 370 1786 _
885 1778 1823 1798 ,ΜΞ-..Ξ

238 2378 350 2407 CAPUT
366 2378 506 2407 PRIMUM.
520 2393 554 2399 ——
565 2377 669 2405 Locutio
683 2377 717 2404 ad
728 2376 790 2412 quid
801 2376 924 2403 instituta.

220 2425 247 2452 1.
274 2425 441 2453 Ancus-risus
456 2433 463 2451 :
477 2423 545 2458 Quid
566 2424 612 2451 tibi
632 2423 753 2451 videmur
775 2422 883 2450 efficere
911 2421 980 2449 velle

182 2478 244 2498 eum
260 2470 413 2505 loquimur?
433 2470 613 2497 Annona-rus:
631 2469 764 2503 Quantum
785 2468 892 2503 quidem
914 2467 980 2495 mihi

184 2523 254 2543 nunc
276 2516 408 2550 occurrit,
426 2521 472 2543 aut
488 2515 599 2548 docere,
613 2519 659 2542 aut
676 2514 789 2542 discere.
807 2514 874 2550 Aug.
892 2513 980 2541 Unum

183 2563 279 2591 horum
293 2562 371 2590 video
385 2568 412 2591 et
426 2563 559 2590 assentior
573 2570 580 2588 :
596 2568 656 2588 nam
673 2560 806 2596 loquendo
821 2568 870 2588 nos
882 2560 980 2588 docere

1035 2373 1103 2401 velle
1125 2374 1292 2402 manifestum
1310 2379 1364 2407 est;
1383 2373 1487 2403 discere
1507 2380 1594 2403 autem
1608 2375 1762 2410 quomodo?
1776 2375 1827 2402 Ad.

1032 2421 1090 2453 Quo
1110 2420 1217 2448 tandem
1241 2427 1356 2454 censes,
1375 2421 1426 2448 nisi
1446 2429 1506 2449 cum
1526 2421 1739 2456 interrogamus?
1758 2421 1827 2457 Aug.

1033 2466 1120 2495 Etiam
1132 2472 1194 2496 tunc
1205 2468 1270 2496 nihil
1282 2468 1353 2496 aliud
1364 2476 1443 2504 quam
1456 2468 1552 2495 docere
1562 2475 1611 2495 nos
1621 2467 1687 2495 velle
1698 2468 1827 2503 intelligo.

1034 2515 1100 2543 Nam
1111 2523 1202 2551 quaero
1209 2514 1258 2543 abs
1268 2520 1303 2548 te,
1313 2519 1402 2542 utrum
1412 2515 1446 2542 ob
1456 2514 1534 2541 aliam
1544 2520 1651 2542 causam
1666 2514 1825 2548 interroges,

1034 2561 1086 2589 nisi
1100 2567 1130 2589 ut
1144 2569 1204 2589 eum
1219 2569 1299 2597 quem
1318 2561 1466 2596 interrogas
1477 2560 1574 2589 doceas
1593 2558 1656 2595 quid
1670 2559 1756 2587 velis?
1775 2559 1826 2587 Ad.

799 2613 928 2632 nouom-no
944 2615 980 2632 re.
997 2615 1210 2634 manica-manum
1377 2608 1385 2621 ί
1389 2616 1391 2619 ·

214 2650 318 2676 collatus
329 2653 368 2675 est
375 2649 509 2682 (hicrliber)
521 2657 576 2675 cum
584 2653 639 2675 his.
647 2650 808 2682 Fiscannensi,
816 2648 966 2682 Michaelino,
972 2651 1095 2680 Beecensi,
1102 2649 1228 2676 Vicwrinis
1238 2649 1324 2682 tribus,
1331 2648 1462 2682 Navim-itas
1471 2647 1574 2679 duobus,
1584 2648 1710 2682 Remensis
1717 2647 1829 2682 ecclesiae

181 2688 241 2712 uno,
255 2682 372 2706 Vaticana:
384 2680 537 2706 Bibliotheixe
547 2688 611 2712 uno;
621 2687 678 2706 cum
688 2681 834 2706 lectionibus
843 2681 917 2706 trium
927 2680 1078 2713 Belgioorum
1099 2688 1145 2713 per
1166 2681 1327 2706 wvanienses

182 2716 233 2737 Am.
244 2715 282 2736 Er.
296 2716 323 2738 et
332 2716 387 2737 ιον.

1347 2679 1465 2712 vulgatis;
1476 2685 1581 2712 (namque
1603 2678 1751 2705 editionibus
1771 2678 1827 2705 ιςωι.

223 2752 653 2793 Comparavimusipmterea
668 2763 717 2785 eas
733 2763 834 2785 omnes
849 2753 999 2786 editiones
1016 2754 1109 2786 t'm'tt'o
1127 2752 1402 2786 Retractationum
1427 2753 1459 2784 et
1484 2751 1730 2787 Confessioaum
1756 2762 1822 2783 me-

180 2797 329 2824 moratas.
467 2792 510 2823 M.

214 2849 251 2875 tu)
263 2847 320 2868 seru
328 2847 368 2868 tus
378 2843 473 2867 circiter
486 2849 575 2868 annum
585 2843 671 2870 Christi
681 2845 735 2871 589.

352 2885 466 2915 Saucr.
492 2886 632 2917 AUGUST.
654 2887 679 2917 ι.

882 2875 895 2883 4
908 2874 910 2879 .

1479 2885 1728 2927 (Tunis-ltuit.)
