4118 6370
505 262 639 318 1195

506 377 698 430 Verum
718 371 868 428 dicis.
896 370 1027 442 Aug.
1056 368 1212 424 Vides
1238 381 1361 437 ergo
1381 366 1489 435 jam
1514 364 1643 419 nihil
1665 378 1761 418 nos
1784 360 2071 425 locutione,

506 467 606 521 nisi
635 473 693 518 ut
717 463 1002 518 doceamus
1025 469 1295 530 appetere.
1324 457 1420 510 Ad.
1443 455 1555 509 Non
1578 453 1731 524 plane
1754 451 1906 507 video
1927 464 2075 505 :nam

503 556 548 609 si
579 554 711 610 nihil
733 551 975 609 estaliud
998 549 1141 621 loqui
1161 563 1314 619 quam
1334 547 1491 601 verba
1516 558 1779 615 promere,
1801 542 1955 596 video
1980 554 2076 595 nos

504 649 556 702 id
582 647 755 702 facere
774 660 894 701 cum
918 652 1210 699 cantamus.
1238 638 1386 706 Quod
1410 652 1528 692 cum
1556 637 1651 691 soli
1674 650 1814 705 srepe
1833 633 2073 700 facimus,

506 739 651 794 nullo
675 744 931 808 praesente
951 735 1036 805 qui
1060 732 1247 795 discat,
1269 746 1373 785 non
1397 738 1520 799 puto
1545 744 1643 782 nos
1667 726 1860 781 docere
1879 721 2075 794 aliquid

502 827 658 884 velle.
690 826 821 897 Aug.
854 826 921 879 At
946 838 1044 892 ego
1076 830 1201 890 puto
1226 834 1344 875 esse
1370 818 1629 888 quoddam
1659 830 1825 886 genus
1850 811 2075 868 docendi

502 936 598 989 per
616 915 1193 979 commemorationem,
1217 926 1461 981 magnum
1487 924 1634 973 sane,
1660 906 1799 979 quod
1825 907 1875 959 in
1898 915 2074 958 nostra

506 1012 602 1064 hac
630 1005 1068 1064 sermocinatione
1104 1018 1189 1058 res
1220 1002 1333 1072 ipsa
1360 999 1641 1069 indicabit.
1669 996 1772 1053 Sed
1814 996 1858 1051 si
1886 1004 1938 1048 tu
1970 1009 2073 1047 non

503 1101 771 1157 arbitraris
810 1114 905 1153 nos
945 1097 1150 1152 discere
1186 1109 1305 1149 cum
1349 1091 1721 1154 recordamur,
1751 1103 1851 1143 nec
1884 1086 2076 1141 docere

502 1194 648 1247 illum
676 1192 762 1261 qui
792 1195 1193 1253 commemorat,
1220 1200 1327 1240 non
1350 1184 1541 1239 resisto
1571 1181 1666 1237 tibi
1692 1199 1704 1235 :
1734 1190 1786 1236 et
1815 1179 1944 1234 duas
1965 1178 2072 1248 jam

504 1282 749 1353 loquendi
786 1295 972 1336 causas
1015 1279 1312 1345 constituo,
1344 1284 1433 1330 aut
1470 1284 1527 1329 ut
1564 1274 1870 1339 doceamus,
1901 1279 1991 1325 aut
2019 1279 2076 1324 ut

463 1424 468 1428 .
501 1386 976 1430 commemoremus
990 1370 1073 1425 vel
1094 1369 1226 1436 alios
1249 1367 1332 1423 vel
1351 1367 1731 1436 nosmetipsos;
1755 1361 1894 1433 quod
1914 1362 2074 1416 etiam

499 1465 624 1520 dum
669 1472 972 1526 cantamus,
1003 1459 1261 1516 efﬁcimus
1293 1476 1306 1512 :
1338 1473 1404 1511 an
1434 1455 1525 1511 tibi
1553 1470 1657 1510 non
1686 1452 1933 1509 videtur?
1972 1452 2070 1505 Ad.

498 1557 612 1613 Non
658 1569 872 1626 prorsus
897 1572 909 1608 :
933 1569 1053 1608 nam
1080 1567 1260 1607 rarum
1288 1549 1571 1605 admodum
1600 1557 1711 1614 est,
1742 1556 1799 1600 ut
1823 1560 1921 1616 ego
1950 1561 2075 1600 ean-

500 1658 605 1703 tcm
636 1644 1084 1701 commemorandi
1114 1659 1199 1698 me
1237 1642 1401 1713 gratia
1424 1683 1438 1707 ,
1468 1638 1561 1696 sed
1592 1637 1949 1693 tantummodo
1979 1635 2071 1690 de-

496 1738 744 1795 lectandi.
769 1737 901 1807 Aug.
928 1735 1092 1790 Video
1111 1732 1236 1805 quid
1256 1732 1475 1787 sentias.
1507 1729 1612 1785 Sed
1635 1743 1811 1783 nonne
1845 1726 2073 1781 attendis

498 1830 551 1884 id
580 1828 718 1900 quod
746 1838 796 1883 te
820 1828 1046 1882 delectat
1082 1827 1133 1879 in
1172 1832 1327 1880 cantu
1359 1822 1766 1877 modulationem
1793 1818 2071 1889 quamdam

495 1934 615 1975 esse
639 1918 788 1983 soni;
822 1932 938 1987 quae
966 1916 1213 1985 quoniam
1244 1913 1419 1968 verbis
1444 1922 1497 1965 ct
1522 1911 1644 1965 addi
1672 1918 1727 1964 et
1749 1909 1951 1964 detrahi
1975 1922 2073 1977 po-

496 2018 621 2077 test,
649 2007 791 2063 aliud
816 2016 897 2062 est
921 2006 1096 2075 loqui,
1122 2003 1264 2059 aliud
1305 2014 1385 2059 est
1411 2001 1657 2056 cantare?
1694 1999 1824 2054 Nam
1856 2008 1908 2054 et
1934 1998 2072 2054 tibiis

497 2112 551 2159 et
578 2101 779 2157 cithara
808 2106 1066 2163 cantatur,
1095 2105 1147 2150 et
1175 2111 1300 2149 aves
1324 2101 1567 2155 cantant,
1598 2100 1652 2147 ct
1679 2107 1779 2146 nos
1808 2090 2069 2146 interdum

496 2194 613 2248 sine
635 2190 812 2246 verbis
831 2188 1088 2244 musicum
1115 2185 1308 2256 aliquid
1334 2198 1613 2247 sonamns,
1640 2182 1728 2252 qui
1758 2197 1919 2237 sonus
1941 2196 2069 2236 can-

495 2291 581 2339 tus
616 2282 717 2337 dici
743 2288 944 2351 potest,
972 2279 1168 2333 locutio
1190 2292 1294 2331 non
1324 2283 1500 2347 potest
1525 2292 1538 2328 :
1568 2290 1636 2329 an
1677 2273 1961 2344 quidquam
1989 2280 2072 2329 est

492 2373 632 2446 quod
659 2370 1027 2429 contradicas?
1051 2369 1149 2422 Ad.
1177 2368 1317 2422 Nihil
1341 2382 1487 2422 sane.

558 2465 613 2520 2.
643 2467 773 2535 Aug.
799 2461 1021 2518 Videtur
1048 2474 1174 2530 ergo
1191 2458 1303 2524 tibi,
1323 2457 1422 2512 nisi
1443 2456 1791 2521 autdocendi,
1811 2464 1899 2509 aut
1919 2469 2069 2510 com-

491 2556 817 2616 memorandi
836 2568 991 2611 causa
1019 2568 1125 2608 non
1144 2566 1261 2606 esse
1283 2549 1575 2605 institutam
1596 2546 1952 2603 locutionem?
1968 2547 2066 2599 Ad.

492 2650 793 2713 Videretur,
815 2646 1023 2702 nisime
1047 2650 1285 2699 moveret
1308 2639 1447 2712 quod
1476 2640 1603 2695 dum
1627 2653 1862 2705 oramus,
1888 2640 2069 2709 utique

491 2742 786 2813 loquimur;
813 2752 914 2794 nec
940 2746 1114 2791 tamen
1144 2734 1308 2788 Deum
1351 2738 1443 2785 aut
1475 2729 1655 2785 doceri
1684 2729 1880 2799 aliquid
1913 2744 1943 2784 a
1969 2746 2068 2784 no-

491 2837 599 2903 bis,
626 2842 717 2889 aut
752 2826 1158 2907 commemorari
1189 2824 1266 2879 fas
1293 2832 1375 2878 est
1412 2821 1653 2877 credere.
1693 2821 1824 2892 Aug.
1851 2820 2068 2877 Nescire

492 2935 544 2981 te
572 2924 801 2978 arbitror
836 2934 942 2974 non
979 2917 1048 2972 ob
1074 2915 1215 2970 aliud
1246 2913 1396 2969 nobis
1434 2919 1755 2983 praeceptum
1781 2926 1901 2967 esse
1928 2921 1985 2967 ut
2012 2913 2064 2967 in

490 3018 681 3072 clausis
705 3012 960 3070 cubiculis
978 3025 1188 3065 oremus
1211 3006 1418 3079 (Matth.
1437 3022 1514 3072 v1,
1533 3004 1612 3074 6),
1629 3018 1735 3075 quo
1756 3004 1969 3059 nomine
1989 3005 2066 3059 si-

489 3107 802 3180 gniﬁcantur
827 3102 1019 3160 mentis
1046 3098 1351 3172 penetralia,
1368 3096 1469 3152 nisi
1490 3095 1629 3166 quod
1652 3097 1809 3162 Deus,
1836 3104 1892 3151 ut
1914 3096 2067 3151 nobis

497 3200 630 3271 quod
649 3198 888 3268 cupimus
905 3200 1136 3265 prmstct,
1154 3188 1555 3246 commemorari
1575 3194 1667 3242 aut
1683 3186 1862 3242 doceri
1886 3194 2064 3241 nostra

494 3290 757 3345 locutione
770 3301 871 3341 non
892 3284 1099 3355 quaerit.
1115 3282 1211 3348 Qui
1224 3280 1364 3335 enim
1384 3278 1636 3348 loquitur,
1654 3292 1763 3331 sua:
1781 3275 2064 3330 voluntatis

487 3384 694 3453 signum
721 3378 860 3433 foras
884 3376 974 3430 dat
1001 3389 1096 3445 per
1115 3372 1445 3428 articulatum
1476 3384 1663 3424 sonum
1691 3385 1703 3421 ε
1733 3368 1873 3423 Deus
1886 3376 2062 3422 autem

490 3473 541 3528 in
569 3473 696 3542 ipsis
730 3468 997 3525 rationalis
1035 3466 1224 3520 animze
1254 3463 1472 3517 secretis
1491 3504 1504 3523 ,
1533 3461 1624 3530 qui
1656 3460 1814 3515 homo
1845 3462 2065 3515 interior

488 3572 735 3625 vocatur,
758 3569 810 3613 et
837 3554 1153 3628 qumrendus
1175 3562 1229 3607 et
1253 3550 1616 3621 deprccandus
1638 3558 1748 3615 est;
1780 3548 1895 3604 haec
1920 3550 2061 3606 enim

492 3671 583 3711 sua
606 3653 801 3722 templa
823 3665 941 3706 esse
957 3645 1138 3703 voluit.
1158 3646 1237 3700 An
1254 3643 1391 3715 apud
1412 3643 1719 3713 Apostolum
1741 3656 1843 3696 non
1867 3641 2061 3711 legisti,

495 3744 712 3800 Nescitis
739 3742 855 3813 quia
882 3738 1122 3809 templum
1151 3735 1243 3790 Dei
1273 3735 1387 3790 estis
1406 3775 1420 3799 ,
1450 3740 1494 3786 et
1522 3732 1725 3804 spiritus
1754 3731 1850 3784 Dei
1876 3731 2065 3785 habitat

488 3836 543 3889 in
564 3835 697 3889 vobis
726 3832 777 3904 (Ι
798 3830 915 3885 Cor.
938 3844 1015 3894 ιιι,
1037 3827 1124 3897 16)
1146 3842 1160 3891 ;
1183 3834 1255 3891 et,
1278 3823 1343 3877 In
1368 3823 1602 3876 interiore
1622 3822 1821 3875 homine
1840 3820 2067 3876 habitare

489 3919 999 3991 Christum?(Ephes.
1022 3933 1098 3983 ιιι,
1121 3914 1337 3986 16,17.)
1360 3913 1467 3968 Νεε
1483 3914 1534 3967 in
1555 3912 1807 3982 propheta
1829 3912 2067 3967 animad-

490 4012 716 4078 vertisti,
735 4010 897 4065 Dicite
922 4008 974 4062 in
1000 4006 1229 4061 cordibus
1255 4003 1448 4070 vestris,
1478 4011 1523 4057 et
1548 4004 1600 4056 in
1626 4000 1867 4056 cubilibus
1894 4003 2064 4058 vestris

488 4102 882 4175 compungimini
901 4115 920 4153 :
936 4096 1213 4167 sacriﬁcate
1235 4094 1540 4164 sacriﬁcium
1554 4093 1787 4164 justitiw,
1803 4101 1850 4147 et
1868 4103 2065 4163 sperate

487 4198 542 4251 in
556 4196 773 4250 Domino
784 4190 982 4261 ?(Psal.
998 4204 1070 4254 iV,
1084 4189 1138 4256 5,
1152 4186 1230 4259 6.)
1242 4186 1342 4242 Ubi
1361 4196 1512 4257 putas
1527 4184 1836 4241 sacriﬁcium
1849 4185 2063 4256 iustitia:

488 4284 774 4343 sacriﬁcari
792 4326 806 4350 ,
834 4282 934 4337 nisi
962 4282 1012 4336 in
1040 4279 1238 4350 templo
1266 4278 1479 4345 mentis,
1507 4284 1561 4332 et
1584 4277 1635 4331 in
1664 4275 1923 4332 cubilibus
1946 4292 2066 4332 eor-

487 4378 602 4433 dis?
615 4376 713 4432 Ubi
729 4384 903 4431 autem
921 4370 1319 4427 sacriﬁcandum
1339 4379 1437 4436 est,
1453 4369 1523 4423 ibi
1538 4368 2065 4438 etorandum.Quare

488 4486 597 4524 non
626 4483 757 4539 opus
785 4476 865 4522 est
891 4465 1156 4520 locutione
1177 4476 1297 4519 cum
1319 4475 1552 4525 oramus,
1571 4460 1622 4515 id
1650 4468 1732 4515 est
1753 4462 2063 4517 sonantibus

488 4560 685 4624 verbis,
700 4558 798 4613 nisi
820 4555 975 4623 forte,
992 4554 1128 4610 sicut
1152 4551 1456 4608 sacerdotes
1476 4551 1691 4616 faciunt,
1707 4551 2064 4621 signiﬁcanda;

487 4649 682 4708 mentis
706 4662 815 4703 sua:
838 4660 1026 4711 causa,
1050 4660 1153 4699 non
1186 4651 1244 4698 ut
1276 4643 1447 4710 Deus,
1474 4640 1567 4696 sed
1601 4648 1659 4695 ut
1687 4640 1928 4696 homines
1966 4656 2063 4695 au-

490 4742 659 4809 diant,
687 4749 743 4796 et
770 4736 1119 4795 consensione
1142 4732 1366 4805 quadam
1390 4747 1483 4801 per
1506 4731 2063 4786 commemorationem

488 4830 879 4904 suspendantur
917 4829 968 4882 in
1008 4827 1176 4882 Deum
1207 4842 1219 4877 :
1251 4840 1318 4878 an
1362 4833 1416 4878 tu
1449 4822 1591 4877 aliud
1627 4822 1934 4877 existimas?
1960 4822 2063 4877 Ad.

489 4923 718 4981 Omnino
742 4918 1022 4977 assentior.
1052 4915 1185 4987 Aug.
1203 4914 1315 4969 Non
1336 4922 1389 4969 te
1416 4928 1542 4983 ergo
1562 4923 1738 4967 movet
1754 4912 1894 4983 quod
1913 4928 2063 4967 sum-

486 5029 607 5073 mus
622 5011 865 5083 Magister
883 5023 1002 5065 cum
1022 5021 1175 5063 orare
1190 5004 1406 5059 doceret
1421 5002 1728 5072 discipulos,
1746 5003 1903 5057 verba
1922 5017 2067 5073 quze-

487 5107 611 5165 dnm
641 5102 820 5161 docuit
853 5100 1062 5174 (Matth.
1089 5113 1162 5165 v.1,
1184 5095 1241 5167 9)
1266 5113 1281 5163 ;
1308 5096 1358 5173 in
1398 5108 1502 5166 quo
1530 5094 1662 5148 nihil
1690 5092 1830 5148 aliud
1858 5093 2065 5149 videtur

487 5196 702 5261 fecisse,
726 5208 882 5265 quam
901 5190 1145 5248 docuisse
1166 5186 1429 5259 quomodo
1454 5186 1504 5240 in
1527 5184 1727 5240 orando
1748 5184 1889 5256 loqui
1910 5200 2068 5256 opor-

482 5287 656 5342 teret?
693 5284 793 5339 Ad.
820 5281 960 5338 Nihil
997 5295 1085 5335 me
1122 5277 1339 5335 omnino
1371 5276 1509 5331 istud
1538 5285 1716 5331 movet
1746 5293 1761 5331 :
1788 5290 1894 5331 non
1922 5276 2064 5331 enim

488 5376 674 5440 verba,
705 5374 798 5430 sed
818 5387 907 5427 res
931 5372 1073 5441 ipsas
1090 5384 1184 5425 eos
1204 5368 1378 5424 verbis
1399 5367 1595 5431 docuit,
1618 5366 1809 5437 quibus
1831 5376 1884 5422 et
1904 5368 2065 5437 seipsi

482 5464 1025 5528 icommonet‘acerent,
1054 5476 1083 5516 a
1109 5474 1233 5531 quo,
1255 5467 1307 5514 et
1326 5458 1451 5531 quid
1476 5466 1617 5515 esset
1642 5457 1918 5523 orandum,
1944 5473 2063 5512 cum

481 5557 540 5611 in
570 5556 956 5627 penetralibus,
984 5561 1042 5607 ut
1078 5551 1277 5607 dictum
1307 5559 1417 5619 est,
1440 5552 1632 5605 mentis
1660 5560 1888 5607 orarent.
1931 5553 2060 5626 Aug.

487 5647 652 5703 Recte
682 5645 928 5716 intelligis
953 5660 968 5697 :
997 5641 1152 5698 simul
1181 5641 1322 5697 enim
1351 5651 1401 5696 te
1429 5640 1587 5697 credo
1615 5642 2056 5711 animadvertere,

1625 250 1712 306 DE
1752 244 2114 314 MAGISTRO,
2155 246 2212 302 S.
2255 246 2618 304 AUGUSTINI

3630 246 3767 303 “93

2184 360 2389 416 etiamsi
2416 361 2689 431 quisquam
2716 359 3028 425 contendat,
3055 360 3297 431 quamvis
3324 361 3766 421 nullumcdamus

2181 465 2401 517 sonum,
2427 459 2603 505 tamen
2642 450 2764 521 quia
2792 450 2902 520 ipsa
2934 451 3095 505 verba
3134 451 3459 523 cogitamus,
3488 466 3589 508 nos
3620 455 3764 510 intus

2179 541 2315 611 apud
2354 542 2589 595 animum
2628 541 2800 612 loqui,
2826 541 2904 596 sic
2930 556 3140 611 quoque
3170 541 3434 597 locutione
3459 542 3591 597 nihil
3619 543 3764 599 aliud

2179 649 2338 705 agere
2366 650 2525 705 quam
2552 649 2915 701 commouere,
2947 649 3065 689 cum
3096 635 3349 689 memoria
3378 635 3465 690 cui
3487 635 3650 690 verba
3677 636 3764 690 in-

2182 728 2404 795 haerent,
2422 744 2485 784 ca
2502 727 2822 784 revolvenda
2843 726 2968 782 facit
2987 728 3168 783 venire
3189 727 3239 781 in
3257 738 3488 783 mentem
3510 743 3599 783 res
3619 728 3765 799 ipsas

2179 836 2402 892 quarum
2432 822 2576 890 signa
2603 828 2727 875 sunt
2750 819 2930 873 verba.
2954 818 3053 872 Ad.
3084 818 3324 888 Intelligo
3351 833 3414 873 ac
3434 833 3649 889 sequor.

2247 911 2472 967 CAPUT
2500 911 2563 968 ll.
2588 909 2943 964 —Verborum
2968 910 3279 980 signiﬁcatus
3307 910 3507 964 nonnisi
3530 910 3690 965 verbis

2658 1000 2719 1054 ab
2750 1000 2949 1053 homine
2975 1000 3271 1054 ostenditur.

2251 1091 2303 1145 5.
2344 1090 2475 1161 Aug.
2498 1088 2714 1144 Constat
2735 1104 2862 1160 ergo
2883 1089 3021 1143 inter
3040 1104 3139 1144 nos
3157 1089 3318 1144 verba
3336 1089 3483 1160 signa
3505 1103 3643 1145 esse.
3656 1089 3762 1144 Ad.

2178 1180 2416 1235 Constat.
2462 1181 2593 1251 Aug.
2626 1180 2803 1248 Quid?
2830 1180 3069 1251 signum,
3100 1180 3202 1235 nisi
3241 1180 3440 1251 aliquid
3475 1181 3760 1252 signiﬁcet,

2178 1281 2351 1343 potest
2375 1286 2493 1328 esse
2513 1273 2760 1341 signum?
2785 1271 2882 1326 Ad.
2906 1271 3021 1327 Non
3045 1279 3236 1342 potest.
3267 1271 3398 1343 Aug.
3426 1271 3567 1339 Quot
3598 1271 3763 1328 verba

2175 1373 2298 1418 sunt
2318 1364 2369 1418 in
2393 1363 2494 1418 hoc
2505 1378 2685 1429 versu,
2772 1371 2789 1391 ·’

2327 1456 2371 1505 Si
2395 1454 2510 1504 nihil
2535 1469 2601 1505 ex
2626 1462 2758 1505 tanta
2781 1456 2978 1518 Superis
2998 1453 3156 1517 placet
3176 1454 3301 1503 urbe
3322 1453 3568 1517 relinqui?

2960 1534 3165 1598 (ίεηθίά.
3193 1534 3275 1587 lib.
3298 1536 3346 1599 2,
3371 1549 3415 1586 υ.
3438 1536 3575 1600 659.)

2175 1621 2272 1674 Ad.
2318 1620 2472 1676 Octo.
2510 1622 2643 1692 Aug.
2683 1621 2816 1675 Octo
2854 1634 2982 1690 ergo
3028 1621 3173 1690 signa
3216 1628 3360 1674 sunt.
3391 1620 3491 1674 Ad.
3536 1619 3613 1674 Ita
3655 1628 3762 1676 est.

2176 1712 2304 1782 Aug.
2350 1710 2524 1767 Credo
2567 1720 2619 1766 te
2660 1710 2800 1765 hunc
2847 1724 3059 1765 versum
3099 1709 3414 1780 intelligere.
3469 1710 3568 1765 Ad.
3615 1709 3761 1765 Satis

2182 1803 2430 1857 arbitror.
2476 1803 2608 1874 Aug.
2663 1803 2756 1864 Dic
2804 1802 2933 1856 mihi
2980 1802 3106 1870 quid
3140 1803 3341 1872 singula
3387 1802 3548 1858 verba
3594 1802 3763 1872 signi-

2176 1894 2354 1949 ﬁcent.
2377 1894 2478 1947 Ad.
2504 1894 2671 1949 Video
2700 1893 2915 1964 quidem
2942 1893 3067 1964 quid
3097 1893 3378 1964 signiﬁcet,
3401 1894 3483 1959 si;
3512 1894 3605 1949 sed
3637 1895 3761 1948 nul-

2176 1988 2281 2040 lum
2306 1986 2451 2041 aliud
2469 1987 2705 2051 verbum,
2727 2001 2832 2057 quo
2860 1985 2913 2040 id
2940 1987 3133 2056 exponi
3151 1986 3337 2055 possit,
3362 1986 3591 2041 invenio.
3619 1986 3757 2058 Aug.

2173 2076 2372 2132 Saltem
2402 2076 2529 2131 illud
2560 2076 2787 2141 invenis,
2816 2075 3066 2146 quidquid
3088 2075 3413 2146 signiﬁcatur
3441 2076 3544 2131 hoc
3567 2077 3760 2146 verbo,

2176 2167 2387 2222 ubinam
2417 2168 2524 2223 sit?
2554 2167 2654 2221 Ad.
2684 2166 2903 2222 Videtur
2926 2166 3055 2221 mihi
3086 2167 3248 2236 quod,
3275 2167 3338 2231 si,
3367 2166 3761 2223 dubitationem

2172 2257 2472 2328 signiﬁcet:
2497 2257 2607 2327 jam
2634 2257 2915 2323 dubitatio,
2939 2257 3027 2311 ubi
3058 2256 3161 2311 nisi
3191 2258 3241 2311 in
3269 2258 3450 2313 animo
3471 2258 3590 2312 est?
3618 2258 3759 2330 Aug.

2172 2347 2394 2417 Accipio
2425 2348 2665 2412 interim;
2698 2361 3015 2417 persequere
3048 2356 3262 2402 caetera.
3288 2346 3389 2401 Ad.
3428 2346 3594 2416 Nihil,
3629 2348 3761 2418 quid

2171 2438 2316 2492 aliud
2338 2439 2617 2510 signiﬁcat,
2638 2439 2738 2493 nisi
2765 2438 2819 2493 id
2842 2437 2983 2508 quod
3009 2439 3255 2493 nonest?
3278 2438 3408 2510 Aug.
3431 2438 3628 2494 Verum
3651 2439 3762 2494 l'or-

2174 2541 2314 2588 tasse
2337 2531 2468 2586 dicis
2494 2548 2506 2583 :
2535 2530 2630 2586 sed
2651 2540 2863 2586 revocat
2883 2545 2968 2589 me
2988 2529 3055 2583 ab
3076 2530 3415 2585 assentiendo
3436 2531 3575 2601 quod
3597 2519 3761 2601 supe-

2170 2625 2277 2679 rius
2294 2624 2628 2689 concessisti,
2647 2639 2750 2678 non
2767 2639 2885 2679 esse
2902 2624 3107 2694 signum
3126 2624 3226 2678 nisi
3243 2624 3439 2694 aliquid
3454 2624 3755 2694 significet;

2170 2715 2308 2786 quod
2335 2724 2508 2769 autem
2541 2731 2645 2769 non
2673 2726 2782 2777 est,
2810 2715 2956 2769 nullo
2985 2716 3144 2770 modo
3168 2729 3287 2769 esse
3319 2714 3513 2784 aliquid
3557 2724 3755 2783 potest.

2169 2807 2342 2875 Quare
2362 2806 2653 2862 secundum
2676 2806 2890 2862 verbum
2910 2807 2961 2859 in
2986 2806 3086 2860 hoc
3107 2820 3265 2859 versu
3297 2820 3403 2860 non
3423 2815 3505 2861 est
3520 2807 3752 2875 signum,

2168 2899 2288 2968 quia
2316 2914 2420 2952 non
2443 2899 2703 2968 significat
2728 2897 2924 2967 aliquid
2945 2914 2960 2964 ;
2982 2907 3036 2953 et
3057 2895 3190 2951 falso
3212 2898 3350 2952 inter
3371 2912 3469 2952 nos
3490 2899 3753 2965 censtitit,

2168 2989 2307 3058 quod
2335 2990 2509 3043 omnia
2532 2989 2688 3043 verba
2716 2990 2864 3059 signa
2885 2988 3011 3055 sint,
3034 2995 3123 3042 aut
3146 3002 3304 3043 omne
3324 2988 3529 3057 signum
3554 2989 3757 3059 aliquid

2166 3079 2448 3150 signiﬁcet.
2480 3080 2578 3132 Ad.
2616 3079 2783 3135 Nimis
2813 3079 3029 3149 quidem
3070 3094 3256 3148 urges;
3286 3078 3380 3134 sed
3408 3079 3617 3149 quando
3644 3097 3755 3137 non

2169 3171 2423 3225 habemus
2442 3170 2563 3240 quid
2589 3171 2965 3241 significemus,
2984 3170 3201 3224 omnino
3226 3170 3388 3224 stulte
3411 3170 3629 3225 verbum
3651 3172 3757 3225 ali-

2165 3262 2303 3332 quod
2320 3263 2606 3332 promimus
2630 3278 2644 3315 :
2670 3272 2723 3316 tu
2743 3272 2917 3316 autem
2939 3276 3079 3316 nunc
3098 3276 3306 3316 mecum
3328 3260 3611 3331 loquendo,
3636 3277 3760 3317 cre-

2165 3353 2234 3408 do
2272 3352 2413 3423 quod
2450 3353 2653 3407 nullum
2682 3368 2871 3408 sonum
2900 3353 3093 3407 frustra
3130 3352 3359 3421 emittis,
3384 3352 3477 3407 sed
3504 3352 3755 3409 omnibus

2166 3461 2283 3515 qua:
2306 3460 2399 3500 ore
2421 3454 2511 3499 tuo
2536 3454 2837 3515 erumpunt,
2867 3446 3074 3515 signum
3103 3428 3349 3499 mihidas
3376 3455 3430 3499 ut
3456 3446 3750 3516 intelligam

2166 3536 2393 3606 aliquid;
2421 3546 2741 3607 quapropter
2762 3554 2865 3592 non
2895 3546 2947 3593 te
2966 3546 3177 3607 oportet
3205 3538 3337 3593 istas
3360 3537 3494 3594 duas
3516 3539 3757 3611 syllabas

2166 3628 2441 3683 enuntiare
2461 3628 2584 3682 dum
2610 3629 2860 3698 loqueris,
2880 3630 2921 3682 si
2953 3644 3045 3698 per
3072 3644 3163 3684 eas
3182 3644 3287 3684 non
3315 3630 3578 3700 signiﬁcas
3597 3630 3755 3699 quid-

2166 3734 2344 3789 quam.
2377 3717 2432 3773 Si
2460 3730 2636 3773 autcm
2661 3717 2808 3774 vides
2831 3720 3181 3774 necessariam
3208 3735 3301 3790 per
3321 3734 3413 3774 eas
3432 3720 3757 3775 enuntiatio-

2167 3825 2286 3863 nem
2315 3809 2447 3873 ﬁeri,
2477 3824 2678 3879 nosque
2705 3809 2886 3864 doceri
2916 3811 2996 3865 vel
3020 3811 3343 3865 commoneri
3377 3826 3498 3865 cum
3526 3813 3751 3869 auribus

2168 3898 2433 3964 insonant,
2464 3899 2612 3954 vides
2638 3901 2794 3953 etiam
2833 3901 3065 3968 profecto
3093 3900 3217 3968 quid
3250 3900 3404 3955 velim
3432 3900 3631 3966 dicere,
3654 3902 3753 3956 sed

2166 3989 2432 4059 explicare
2458 4004 2561 4043 non
2598 4005 2832 4059 possum.
2868 3991 2998 4059 Aug.
3027 3990 3159 4054 Quid
3187 3990 3343 4059 igitur
3372 3990 3637 4046 facimus?
3666 3992 3751 4047 An

2166 4078 2497 4134 affectionem
2524 4081 2684 4134 animi
2719 4080 2996 4150 quamdam
3023 4122 3037 4145 ,
3065 4096 3186 4133 cum
3212 4096 3323 4133 rem
3355 4096 3459 4135 non
3489 4081 3664 4149 videt,
3695 4091 3753 4136 et

2168 4180 2340 4227 tamen
2373 4188 2477 4228 non
2504 4189 2621 4228 esse
2660 4175 2887 4237 invenit,
2919 4184 3008 4227 aut
3046 4175 3311 4229 invenisse
3339 4190 3399 4230 se
3438 4185 3616 4245 putat,
3648 4177 3753 4231 hoc

2167 4262 2332 4317 verbo
2348 4264 2629 4333 signiﬁcari
2651 4264 2877 4318 dicimus
2900 4265 3104 4335 potius,
3124 4281 3279 4335 quam
3308 4282 3419 4320 rem
3443 4267 3608 4335 ipsam
3629 4284 3751 4337 quae

2168 4355 2303 4407 nulla
2332 4354 2451 4409 est?
2477 4354 2574 4408 Ad.
2602 4355 2741 4409 lstud
2766 4356 2934 4425 ipsum
2959 4364 3041 4410 est
3066 4356 3289 4411 fortasse
3315 4357 3454 4426 quod
3480 4360 3752 4427 explicare

2166 4446 2437 4500 moliebar.
2464 4445 2597 4516 Aug.
2624 4445 2976 4501 Transeamus
3005 4461 3133 4516 ergo
3163 4446 3314 4513 hinc,
3341 4463 3553 4517 quoquo
3587 4448 3751 4503 modo

2166 4553 2225 4593 se
2256 4538 2432 4601 habet,
2461 4554 2528 4592 ne
2556 4553 2641 4592 res
2666 4537 3042 4592 absurdissima
3070 4538 3221 4592 nobis
3245 4538 3467 4592 accidat.
3500 4539 3597 4592 Ad.
3615 4539 3749 4606 Qua:

2168 4629 2417 4684 uiridem?
2442 4630 2573 4698 Aug.
2599 4630 2652 4684 Si
2680 4630 2809 4684 nihil
2836 4645 2932 4683 nos
2960 4638 3155 4693 teneat,
3182 4638 3236 4684 et
3261 4646 3437 4684 moras
3461 4632 3745 4700 patiamur.

2168 4723 2268 4777 Ad.
2290 4722 2583 4777 Ridiculum
2610 4722 2930 4792 hocquidcm
2944 4732 3044 4788 est,
3071 4732 3123 4776 et
3136 4733 3307 4777 tamen
3328 4725 3503 4777 nescio
3517 4738 3742 4793 quomo-

2167 4814 2236 4868 do
2264 4813 2416 4867 video
2438 4828 2591 4881 posse
2604 4814 2935 4883 contingere;
2966 4816 3070 4868 imo
3088 4814 3240 4883 plane
3260 4815 3411 4867 video
3440 4815 3748 4884 conitigisse.

2236 4907 2289 4960 4.
2323 4906 2453 4975 Aug.
2470 4904 2577 4959 Suo
2604 4906 2721 4959 loco
2745 4921 2912 4974 genus
2936 4906 3036 4959 hoc
3053 4908 3430 4976 repugnantim,
3450 4906 3492 4959 si
3512 4907 3649 4959 Deus
3675 4907 3753 4960 si-

2168 5002 2323 5073 verit,
2344 5001 2546 5069 planius
2560 4999 2913 5068 intelligemus
2934 5014 3100 5053 :uuue
3116 4998 3178 5051 ad
3198 5000 3341 5053 illum
3362 5014 3571 5052 versum
3592 5007 3641 5051 te
3660 5013 3749 5052 rc-

2171 5092 2325 5159 fcr,et
2340 5106 2551 5152 conare,
2568 5100 2622 5143 ut
2636 5100 2800 5159 potes,
2816 5100 3005 5144 caetera
3019 5089 3131 5158 ejus
3148 5090 3303 5144 verba
3317 5090 3435 5159 quid
3452 5088 3749 5159 signiﬁcent

2170 5181 2420 5252 pandere.
2455 5181 2553 5232 Ad.
2581 5181 2753 5234 Tertia
2794 5180 3093 5249 praepositio
3120 5186 3233 5243 est,
3258 5195 3338 5241 ex,
3367 5193 3461 5248 pro
3500 5194 3599 5248 qua
3621 5220 3635 5243 ,
3660 5178 3746 5245 de,

2173 5287 2474 5344 possumus,
2503 5279 2558 5324 ut
2586 5271 2834 5334 arbitror,
2865 5270 3063 5323 dicere.
3095 5268 3225 5339 Aug.
3252 5267 3367 5322 Non
3390 5267 3437 5321 id
3464 5283 3665 5336 qua-ro,
3690 5276 3750 5321 ut

2170 5379 2266 5434 pro
2284 5378 2386 5417 una
2408 5377 2537 5416 voce
2558 5362 2827 5415 notissima
2846 5361 3001 5413 aliam
3022 5375 3204 5413 vocem
3224 5374 3374 5427 aeque
3392 5359 3748 5423 notissimam,

2170 5470 2289 5524 qua:
2326 5452 2467 5507 idem
2493 5451 2750 5522 signiﬁcet
2776 5450 2951 5515 dicas;
2985 5449 3030 5503 si
3066 5460 3237 5503 tamen
3271 5450 3406 5501 idem
3446 5448 3745 5516 signiﬁcat:

2133 5592 2141 5601 .
2172 5546 2263 5600 sed
2311 5544 2519 5600 interim
2551 5541 2902 5597 concedamus
2933 5540 3001 5593 ita
3032 5554 3171 5594 esse.
3202 5539 3357 5593 Certe
3393 5539 3435 5592 si
3464 5548 3615 5607 poeta
3647 5538 3750 5592 iste

2170 5656 2297 5708 non,
2325 5654 2386 5692 ea:
2410 5647 2549 5691 tanta
2576 5634 2713 5703 urbe,
2746 5633 2859 5700 sed,
2889 5632 2949 5686 dc
2974 5641 3134 5700 tanta,
3161 5632 3397 5693 dixissnt,
3423 5645 3747 5699 quaererem-
