4118 6370
350 275 486 333 H97

345 407 450 464 que
476 389 573 445 abs
597 393 648 443 te
674 380 827 455 quid,
848 380 929 449 de,
952 375 1305 450 signiﬁcaret;
1324 371 1547 434 diceres,
1575 384 1650 435 er,
1683 382 1800 421 cum
1824 366 1937 420 hare

346 459 455 540 duo
484 481 646 537 verba
671 484 851 531 essent
873 514 888 541 ,
918 471 971 527 id
996 479 1078 526 est
1113 469 1290 540 signa,
1319 479 1482 519 unum
1513 459 1745 531 aliquid,
1781 467 1836 512 ut
1884 467 1939 513 tu

348 584 525 646 putas,
552 566 899 641 signiﬁcantia
924 583 938 618 :
967 577 1064 633 ego
1101 569 1276 615 autem
1307 557 1533 626 idipsum
1554 595 1567 617 ,
1596 551 1776 607 nescio
1805 548 1931 620 quid

350 642 551 729 unum,
589 660 729 733 quod
764 658 849 714 his
885 656 1093 711 duobus
1129 648 1673 723 signissignilicatur,
1706 642 1932 713 inquiro.

349 758 450 814 Ad.
478 732 838 810 Mihividetur
861 746 1211 803 secretionem
1238 738 1522 811 quamdam
1545 735 1846 807 signiﬁcare
1871 732 1938 787 ab

349 864 412 904 ea
439 861 499 902 re
526 846 581 899 in
609 855 711 913 qua
738 834 911 895 fuerat
939 834 1156 906 aliquid,
1191 831 1330 904 quod
1358 847 1423 887 ex
1458 830 1544 884 illa
1581 842 1698 883 esse
1724 825 1936 890 dicitur,

350 943 465 996 sive
487 939 579 994 illa
603 949 710 991 non
749 938 995 998 maneat,
1026 937 1083 983 ut
1118 928 1170 982 in
1200 927 1303 982 hoc
1340 939 1520 988 versu,
1550 935 1656 976 non
1693 926 1941 974 manente

350 1035 504 1099 urbe,
527 1035 773 1104 poterant
797 1024 958 1095 aliqui
980 1038 1043 1078 ex
1064 1022 1149 1076 illa
1169 1035 1289 1076 esse
1303 1015 1518 1087 Trojaui
1540 1032 1553 1068 :
1573 1014 1686 1068 sive
1704 1017 1938 1076 maneat,

349 1130 488 1185 sicut
512 1144 577 1183 ex
602 1126 733 1188 urbe
756 1124 924 1179 Roma
946 1121 1172 1176 dicimus
1198 1130 1317 1171 esse
1341 1111 1696 1184 negotiatores
1722 1107 1774 1162 in
1795 1104 1940 1161 Afri-

349 1237 431 1277 ca.
464 1219 598 1291 Aug.
632 1217 697 1273 Ut
721 1213 1009 1271 concedam
1053 1210 1146 1265 tibi
1185 1208 1301 1263 lucc
1330 1206 1401 1260 ita
1429 1217 1577 1269 esse,
1602 1214 1701 1255 nec
1725 1210 1944 1253 enume—

348 1329 463 1369 rem
507 1286 665 1382 quam
694 1306 858 1363 multa
888 1303 1110 1358 fortasse
1139 1307 1333 1370 prazter
1358 1295 1496 1351 hanc
1534 1300 1675 1346 tuam
1705 1286 1941 1359 regulam

351 1404 718 1475 reperiantur;
746 1396 874 1453 illud
898 1402 1044 1451 certe
1069 1392 1161 1448 tibi
1191 1388 1465 1445 attendere
1509 1382 1663 1439 facile
1701 1389 1815 1448 est,
1844 1394 1941 1434 ex-

349 1474 591 1568 posuisse
619 1502 669 1549 te
692 1491 869 1549 verbis
887 1488 1065 1550 verba,
1086 1486 1135 1541 id
1161 1493 1244 1540 est
1265 1481 1428 1553 signis
1448 1478 1618 1549 signa,
1638 1474 1943 1544 eisdemque

352 1566 641 1643 notissimis
661 1583 936 1639 notissima
962 1598 977 1636 :
999 1593 1098 1650 ego
1118 1583 1294 1632 autem
1322 1574 1410 1629 illa
1436 1573 1546 1642 ipsa
1573 1582 1798 1641 quorum
1829 1566 1944 1621 haec

351 1682 497 1749 signa
525 1685 669 1744 sunt,
700 1674 859 1739 mihi,
893 1672 936 1728 si
968 1685 1173 1743 posses,
1196 1666 1388 1722 vellem
1420 1672 1478 1718 ut
1501 1659 1834 1717 ostenderes.

351 1748 577 1825 CAPUT
622 1766 711 1822 lll.
737 1796 807 1805 —
834 1763 912 1818 An
947 1778 1028 1817 res
1061 1760 1231 1830 aliqua
1262 1752 1535 1811 monstrari
1570 1750 1756 1819 absque
1798 1748 1943 1819 signo

1050 1850 1228 1922 possit.

422 1953 477 2008 5.
518 1951 617 2006 Ad.
644 1949 807 2005 Miror
835 1956 887 2002 te
930 1944 1171 2009 nescire,
1212 1941 1297 1997 vel
1338 1937 1515 2009 potius
1556 1933 1815 1990 simulare
1844 1946 1939 1987 nc-

352 2047 631 2112 scientem,
661 2039 1010 2111 responsione
1035 2050 1153 2093 mea
1182 2032 1295 2089 ﬁeri
1323 2029 1464 2102 quod
1490 2028 1572 2083 vis
1594 2024 1812 2081 omnino
1836 2038 1941 2078 non

354 2152 545 2208 posse;
567 2134 825 2206 siquidem
847 2130 1288 2192 sermocinamur,
1316 2124 1409 2179 ubi
1433 2137 1538 2177 non
1561 2134 1842 2191 possumus
1860 2133 1945 2173 rc-

354 2228 618 2300 spondere
644 2226 743 2282 nisi
774 2224 971 2280 verbis.
1013 2222 1091 2276 Tu
1130 2226 1309 2275 autem
1338 2230 1427 2273 res
1453 2214 1650 2287 quarris
1678 2226 1770 2267 eas
1792 2226 1942 2282 quae,

354 2319 625 2391 quodlibet
647 2317 788 2384 sint,
818 2315 980 2371 verba
1011 2320 1157 2368 certe
1183 2324 1288 2365 non
1319 2315 1474 2374 sunt,
1506 2319 1640 2376 quas
1678 2312 1854 2358 tamen
1877 2318 1945 2358 ex

356 2428 442 2467 me
465 2420 518 2466 tu
534 2425 744 2481 quoque
765 2407 942 2463 verbis
962 2401 1176 2475 quaeris.
1200 2401 1354 2457 Prior
1369 2398 1545 2468 itaque
1568 2405 1621 2451 tu
1636 2395 1755 2451 sine
1770 2394 1946 2450 verbis

355 2517 556 2572 quaere,
576 2510 634 2556 ut
648 2515 747 2571 ego
763 2497 955 2554 deinde
973 2497 1074 2551 ista
1092 2493 1394 2550 conditione
1406 2486 1789 2559 respondeam.
1811 2484 1942 2553 Aug.

356 2598 482 2652 Jure
510 2596 642 2667 agis,
674 2595 839 2649 fateor
869 2612 882 2647 :
914 2590 1007 2647 sed
1051 2590 1095 2645 si
1124 2600 1419 2660 qumrercm
1451 2584 1567 2639 ista:
1595 2589 1702 2637 tres
1730 2578 1947 2651 syllaba:

356 2692 481 2763 quid
511 2691 845 2763 signiﬁcent,
883 2702 1004 2743 cum
1034 2684 1262 2749 dicitur,
1303 2679 1516 2744 Paries,
1553 2688 1733 2731 nonne
1761 2684 1948 2743 posses

356 2787 520 2857 digito
541 2783 845 2848 ostendere,
870 2790 928 2835 ut
957 2793 1056 2850 ego
1086 2790 1301 2847 prorsus
1332 2788 1444 2828 rem
1474 2772 1644 2841 ipsam
1668 2767 1902 2823 viderem
1928 2803 1945 2831 ,

357 2876 512 2946 cujus
539 2876 747 2945 signum
789 2881 871 2927 est
916 2871 1017 2924 hoc
1059 2866 1388 2938 trisyllabum
1419 2862 1679 2926 verbum,
1721 2857 1947 2913 demon-

358 2975 561 3024 strante
589 2976 641 3023 te
664 3009 679 3034 ,
709 2965 850 3020 nulla
891 2973 1070 3017 tamen
1100 2959 1261 3014 verba
1306 2956 1595 3012 referente.
1628 2951 1726 3006 Ad.
1757 2951 1869 3005 Hoc
1895 2949 1947 3003 in

359 3060 490 3115 solis
511 3057 808 3113 nominibus
824 3053 1015 3124 quibus
1035 3064 1262 3120 corpora
1285 3046 1669 3117 significantur,
1689 3041 1733 3097 si
1754 3039 1945 3096 eadem

360 3166 583 3223 corpora
628 3148 911 3221 prmsentia
959 3147 1103 3212 sint,
1150 3142 1265 3197 ﬁeri
1309 3153 1468 3209 posse
1512 3135 1767 3192 concedo.
1812 3134 1946 3204 Aug.

361 3241 496 3299 Num
514 3242 751 3298 colorem
772 3252 967 3307 corpus
983 3235 1232 3299 dicimus,
1259 3247 1328 3285 an
1351 3245 1453 3285 non
1473 3227 1648 3299 potius
1664 3223 1949 3296 quamdam

361 3336 600 3403 corporis
616 3329 955 3402 qualitatem?
982 3326 1081 3381 Ad.
1112 3323 1186 3378 Ita
1213 3332 1315 3378 est.
1346 3322 1479 3391 Aug.
1506 3318 1615 3374 Cur
1639 3332 1765 3387 ergo
1788 3324 1843 3370 et
1865 3313 1952 3369 hic

362 3427 527 3496 digito
552 3421 901 3479 demonstrari
931 3418 1135 3489 potest?
1162 3416 1243 3470 An
1270 3413 1420 3467 addis
1446 3410 1763 3479 corporibus
1788 3406 1950 3463 etiam

362 3532 646 3586 corporum
682 3514 966 3584 qualitates
987 3553 1000 3575 ,
1030 3517 1089 3563 ut
1128 3504 1471 3562 nihilominus
1496 3502 1655 3556 etiam
1687 3500 1803 3555 istae
1828 3512 1950 3551 cum

363 3616 657 3678 prtescntes
683 3613 841 3670 sunt,
870 3600 1051 3657 doceri
1075 3600 1191 3655 sine
1227 3596 1404 3652 verbis
1433 3591 1677 3664 possint?
1710 3589 1808 3643 Ad.
1840 3588 1952 3658 Ego

364 3716 484 3755 cum
505 3714 728 3770 corpora
750 3698 1004 3761 dicerem,
1030 3693 1212 3747 omnia
1241 3686 1538 3759 corporalia
1568 3683 1786 3753 intelligi
1810 3682 1955 3736 vole-

366 3793 511 3859 bam,
536 3793 586 3846 id
605 3800 692 3848 est
708 3791 883 3845 omnia
904 3804 1021 3857 quae
1049 3787 1099 3841 in
1126 3782 1436 3854 corporibus
1457 3778 1780 3835 sentiuntur.
1816 3774 1951 3844 Aug.

366 3884 661 3938 Considera
684 3890 861 3936 tamen
881 3920 898 3946 ,
925 3888 1105 3933 utrum
1141 3876 1301 3931 etiam
1333 3873 1456 3926 hinc
1481 3870 1655 3939 aliqua
1687 3867 1782 3921 tibi
1806 3865 1953 3920 exci-

364 3978 558 4049 pienda
597 3976 721 4030 sint.
772 3973 872 4027 Ad.
918 3973 1057 4026 Bene
1097 3968 1354 4023 admones
1392 3983 1406 4018 :
1444 3978 1550 4018 non
1590 3960 1729 4016 enim
1776 3958 1954 4014 omnia

363 4048 661 4138 corporalia
682 4107 696 4130 ,
724 4064 816 4119 sed
848 4062 1026 4118 omnia
1056 4058 1281 4113 visibilia
1320 4056 1498 4110 dicere
1527 4049 1708 4106 debui.
1755 4048 1952 4103 Fateor

365 4162 507 4217 enim
538 4173 748 4223 sonum,
772 4155 1010 4217 odorem,
1046 4164 1312 4220 saporem,
1340 4144 1678 4216 gravitatem,
1700 4140 1953 4207 calorem,

365 4263 423 4310 et
449 4253 550 4307 alia
580 4267 697 4322 qua:
731 4249 797 4304 ad
832 4256 1057 4302 caateros
1098 4256 1285 4298 sensus
1324 4238 1619 4311 pertinent,
1652 4248 1956 4305 quanquam

368 4343 557 4400 sentiri
600 4342 716 4396 sine
754 4337 1070 4409 corporibus
1113 4339 1405 4403 nequeant,
1439 4337 1493 4384 et
1530 4335 1809 4398 propterea
1850 4324 1960 4380 sint

368 4433 698 4504 corporalia,
728 4445 832 4485 non
860 4438 1037 4483 tamen
1078 4423 1242 4496 digito
1273 4436 1433 4494 posse
1474 4416 1783 4474 monstrari.
1822 4415 1956 4486 Aug.

370 4524 719 4595 Nunquamne
735 4519 912 4575 vidisti
939 4528 995 4573 ut
1016 4516 1259 4572 homines
1284 4529 1404 4570 cum
1428 4510 1604 4567 surdis
1630 4518 1782 4580 gestu
1804 4507 1955 4578 quasi

370 4615 792 4672 sermocinemur
815 4652 829 4678 ,
870 4611 1075 4681 ipsique
1112 4606 1258 4663 surdi
1300 4622 1403 4661 non
1444 4604 1618 4659 minus
1652 4610 1803 4673 gestu
1829 4642 1842 4665 ,
1874 4599 1959 4655 vel

370 4715 630 4777 quaarant,
660 4705 744 4760 vel
768 4701 1157 4772 respondeant,
1198 4699 1281 4752 vel
1330 4697 1586 4759 doceant,
1620 4694 1701 4749 vel
1727 4692 1961 4747 indicent

371 4809 463 4854 aut
489 4798 664 4852 omnia
694 4810 813 4865 qua:
838 4793 1054 4856 volunt,
1082 4799 1176 4844 aut
1202 4797 1345 4843 certe
1374 4787 1636 4857 plurima?
1662 4784 1811 4852 Quod
1840 4799 1959 4839 cum

373 4888 427 4943 ﬁt
447 4930 462 4951 ,
495 4903 599 4943 non
629 4885 811 4955 utique
837 4884 951 4938 sola
977 4881 1204 4935 visibilia
1235 4879 1350 4933 sine
1380 4877 1557 4932 verbis
1586 4875 1957 4940 ostenduntur,

370 4980 462 5034 sed
491 4988 541 5034 et
569 4978 685 5033 soni
712 4985 765 5031 et
801 4988 1054 5044 sapores,
1086 4979 1140 5025 et
1170 4979 1362 5025 caetera
1404 4967 1529 5037 hnju
1563 4966 1725 5020 modi.
1752 4965 1882 5020 Nam
1909 4974 1963 5020 et

373 5071 658 5125 histriones
682 5076 819 5123 tutas
840 5066 891 5119 in
918 5065 1139 5119 theatris
1163 5060 1370 5115 fabulas
1392 5059 1509 5113 sine
1526 5058 1701 5112 verbis
1718 5056 1963 5111 saltando

372 5163 684 5232 plerumque
699 5156 943 5228 aperiunt
960 5162 1016 5210 et
1035 5159 1327 5223 exponunt.
1351 5148 1451 5203 Ad.
1476 5147 1615 5202 Nihil
1634 5146 1803 5201 habeo
1820 5144 1963 5216 quod

371 5252 755 5315 contradicam,
782 5249 884 5303 nisi
914 5246 1056 5319 quod
1086 5244 1240 5311 illud,
1271 5260 1334 5298 ex
1353 5283 1367 5307 ,
1398 5256 1503 5296 non
1535 5240 1695 5295 modo
1718 5254 1837 5309 ego,
1869 5238 1962 5294 sed

374 5360 473 5400 nec
502 5345 616 5414 ipse
641 5341 855 5414 quidem
890 5340 1110 5394 saltator
1150 5336 1338 5391 histrio
1370 5334 1460 5389 tibi
1487 5333 1603 5388 sine
1631 5331 1812 5387 verbis
1839 5330 1962 5401 quid

374 5435 641 5505 significet
668 5442 848 5503 posset
883 5428 1183 5485 ostendere.
1872 5465 1881 5474 .

446 5525 501 5581 6.
544 5527 676 5596 Aug.
711 5523 906 5580 Verum
950 5522 1175 5574 fortasse
1220 5517 1353 5572 dicis
1386 5533 1398 5569 :
1431 5514 1523 5570 sed
1557 5515 1814 5583 fingamus
1843 5527 1963 5566 cum

376 5634 570 5689 posse;
604 5633 729 5680 non,
760 5626 820 5671 ut
859 5614 1108 5675 arbitror,
1139 5609 1368 5673 dubitas,
1402 5606 1642 5677 quisquis
1672 5606 1759 5660 ille
1791 5608 1987 5660 motus

376 5728 458 5767 eo:
475 5712 618 5783 poris
651 5711 835 5775 fuerit,
870 5723 974 5779 quo
1006 5705 1133 5761 mihi
1178 5720 1291 5759 rem
1322 5719 1439 5774 qnze
1481 5702 1580 5757 hoc
1609 5700 1775 5755 verbo
1805 5698 1967 5769 signi-

1757 250 1957 307 LIBER
2004 246 2197 305 UNUS.

3479 245 3616 304 H98

2043 364 2263 443 ficatur,
2295 361 2661 417 demonstrare
2692 360 2989 428 conabitur,
3036 375 3143 414 non
3186 360 3352 430 ipsam
3397 375 3511 415 rem
3543 362 3625 415 fu¢

2042 466 2215 513 turam
2235 471 2373 523 esse,
2394 455 2487 511 sed
2509 455 2737 526 signum.
2763 454 2937 522 Quare
2961 453 3045 507 hic
3065 468 3272 523 quoque
3288 468 3391 507 non
3409 452 3621 523 quidem

2042 551 2206 606 verbo
2231 549 2450 604 verbum
2474 589 2489 615 ,
2522 547 2615 603 sed
2654 554 2829 601 tamen
2861 546 3016 616 signo
3041 546 3247 616 signum
3281 545 3622 602 nihilominus

2044 640 2333 707 indicabit;
2368 648 2424 693 ttt
2448 638 2624 695 ethoc
2648 637 3092 710 monosyllabum,
3126 652 3207 701 ex,
3237 645 3291 689 et
3315 635 3401 690 ille
3421 644 3622 705 gestus,

2043 747 2201 786 unam
2221 747 2333 787 rem
2352 729 2631 801 quamdam
2650 730 2965 801 signiﬁcent,
2985 743 3142 798 quam
3167 727 3296 782 mihi
3313 742 3410 798 ego
3432 728 3626 785 vellem

2044 842 2147 881 non
2163 823 2508 897 significando
2524 822 2831 879 monstrari.
2849 822 2945 876 Ad.
2963 821 3060 891 Qui
3076 819 3396 892 potestquod
3410 820 3625 891 quzeris,

2043 932 2140 972 oro
2183 919 2271 974 te?
2313 918 2445 988 Aug.
2485 915 2761 984 Quomodo
2801 914 2977 985 paries
3018 913 3208 985 potuit.
3255 912 3354 967 Ad.
3398 911 3476 967 Ne
3516 911 3631 981 ipse

2044 1009 2254 1078 quidem
2275 1050 2289 1075 ,
2322 1016 2578 1078 quantum
2622 1007 2757 1061 ratio
2792 1005 3139 1077 progrediens
3178 1004 3386 1074 docuit,
3416 1002 3630 1059 ostendi

2045 1099 2161 1155 sine
2176 1099 2327 1169 signo
2345 1107 2538 1170 potest.
2564 1098 2698 1154 Nam
2725 1107 2778 1154 et
2807 1097 3027 1153 intentio
3050 1097 3197 1169 digiti
3220 1112 3325 1152 non
3346 1105 3430 1152 est
3449 1098 3632 1168 utique

2046 1190 2240 1259 paries,
2265 1190 2360 1245 sed
2386 1191 2593 1261 signum
2611 1190 2768 1245 datur
2786 1205 2880 1261 per
2898 1188 3041 1260 quod
3063 1189 3238 1259 paries
3260 1188 3426 1259 possit
3440 1187 3628 1244 videri.

2046 1281 2185 1337 Nihil
2213 1282 2389 1353 itaque
2404 1282 2561 1338 video
2588 1281 2730 1353 quod
2752 1282 2868 1337 sine
2893 1281 3058 1352 signis
3076 1281 3282 1337 ostendi
3301 1291 3474 1352 queat.
3494 1281 3628 1353 Aug.

2045 1373 2206 1442 Quid,
2231 1373 2275 1428 si
2303 1388 2368 1429 ex
2400 1382 2451 1429 te
2471 1387 2767 1444 qumrerem
2792 1371 2920 1445 quid
2948 1373 3017 1428 sit
3043 1372 3335 1439 ambulare,
3355 1387 3633 1443 surgeres-

2047 1484 2150 1540 que
2178 1478 2231 1524 et
2257 1468 2308 1523 id
2337 1469 2560 1540 ageres?
2591 1462 2770 1525 nonne
2810 1485 2871 1525 re
2910 1470 3023 1540 ipsa
3062 1469 3237 1539 potius
3274 1483 3431 1539 quam
3456 1467 3634 1523 verbis

2046 1562 2113 1617 ad
2143 1577 2229 1617 me
2254 1561 2573 1629 docendum,
2615 1572 2707 1617 aut
2745 1561 2868 1616 ullis
2896 1561 3015 1616 aliis
3050 1560 3214 1632 signis
3244 1559 3502 1615 utereris?
3532 1559 3632 1613 Ad.

2049 1651 2241 1707 Fateor
2264 1651 2333 1706 ita
2358 1665 2498 1716 esse,
2525 1659 2580 1707 et
2604 1650 2768 1723 pudet
2793 1665 2879 1707 me
2909 1666 3021 1706 rem
3050 1658 3155 1706 tam
3183 1648 3235 1704 in
3267 1657 3514 1721 promptu
3540 1663 3636 1720 po-

2046 1743 2203 1799 sitam
2230 1757 2337 1799 non
2367 1741 2564 1799 vidisse
2599 1759 2612 1797 :
2644 1757 2711 1797 ex
2753 1757 2857 1812 qua
2900 1741 3059 1797 etiam
3101 1739 3229 1795 mihi
3269 1740 3430 1795 millia
3457 1754 3637 1796 rerum

2043 1836 2154 1907 jam
2197 1844 2516 1901 occurrunt,
2548 1850 2669 1906 qua:
2712 1835 2844 1905 ipsm
2884 1848 2979 1904 per
3017 1848 3075 1889 se
3111 1832 3353 1901 valeant,
3386 1847 3493 1891 non
3542 1847 3637 1903 per

2049 1929 2196 1999 signa
2226 1928 2531 1994 monstrari,
2562 1935 2619 1983 ut
2649 1926 2829 1994 edere,
2866 1925 3067 1989 bibere,
3098 1923 3305 1990 sedere,
3340 1932 3503 1991 stare,
3531 1924 3640 1978 cla-

2050 2036 2195 2076 mare
2217 2062 2233 2088 ,
2266 2028 2319 2075 et
2348 2018 2750 2077 innumerabilia
2778 2026 2990 2074 czetera.
3038 2016 3170 2089 Aug.
3213 2016 3360 2086 Age,
3393 2031 3531 2071 nunc
3553 2014 3639 2070 dic

2049 2111 2200 2174 mihi,
2228 2112 2273 2167 si
2301 2112 2519 2167 omnino
2549 2109 2793 2166 nesciens
2818 2109 2976 2180 hujus
3004 2107 3154 2164 verbi
3180 2107 3309 2175 vim,
3336 2105 3435 2161 abs
3460 2118 3512 2161 te
3528 2121 3641 2161 am—

2050 2203 2264 2258 bulante
2303 2217 2597 2274 quaererem
2636 2201 2761 2273 quid
2804 2201 2874 2256 sit
2909 2200 3217 2267 ambulare,
3251 2197 3521 2269 quomodo
3551 2213 3641 2253 me

2049 2294 2311 2351 doceres?
2341 2294 2440 2348 Ad.
2474 2294 2705 2364 ldipsum
2744 2307 2957 2365 agerem
2994 2291 3266 2363 aliquanto
3294 2290 3553 2354 celerius,
3584 2298 3643 2345 ut

2050 2399 2170 2459 post
2207 2389 2679 2461 interrogationem
2717 2396 2858 2442 tuam
2899 2387 3071 2459 aliqua
3109 2386 3343 2440 novitate
3382 2384 3641 2439 admoue—

2050 2482 2218 2547 ret-is;
2244 2489 2298 2536 et
2314 2490 2488 2535 tamen
2511 2479 2643 2534 nihil
2664 2477 2805 2533 aliud
2828 2478 2997 2544 ﬁeret,
3021 2492 3176 2548 quam
3198 2476 3247 2536 id
3266 2475 3404 2548 quod
3422 2474 3644 2530 deberet

2052 2572 2283 2627 ostendi.
2318 2572 2451 2643 Aug.
2482 2571 2669 2627 Scisne
2706 2570 2849 2625 aliud
2877 2585 2998 2625 esse
3040 2568 3313 2625 ambulare
3338 2610 3353 2634 ,
3394 2567 3535 2623 aliud
3569 2567 3645 2622 fc-

2051 2665 2290 2721 stinare?
2315 2664 2446 2719 Nam
2476 2674 2530 2719 et
2557 2664 2645 2735 qui
2676 2664 2910 2719 ambulat
2930 2652 3082 2729 ,lnon
3113 2662 3288 2717 slatim
3320 2660 3562 2728 festinat;
3590 2670 3645 2716 et

2052 2758 2139 2827 qui
2170 2755 2414 2824 festinat,
2443 2772 2550 2811 non
2575 2756 2829 2810 continuo
2853 2754 3090 2809 ambulat
3118 2771 3131 2809 :
3161 2754 3386 2809 dicimus
3414 2753 3556 2809 enim
3581 2761 3637 2808 et

2058 2848 2111 2904 in
2141 2849 2425 2907 scribendo
2453 2857 2507 2904 et
2535 2849 2585 2903 in
2618 2848 2843 2919 legendo
2864 2889 2879 2914 ,
2910 2846 3133 2917 aliisque
3173 2846 3646 2902 innumerabillius

2054 2941 2217 2997 rebus
2248 2940 2662 2996 festinationem.
2709 2938 2882 3005 Quare
2925 2954 3045 2993 cum
3078 2937 3203 2992 illud
3235 2937 3375 3008 quod
3414 2936 3644 3007 agebas,

2052 3033 2281 3089 celerius
2307 3048 2495 3104 ageres
2533 3040 2652 3103 post
2679 3030 3147 3102 interrogationem
3179 3045 3374 3097 meam,
3403 3038 3648 3099 putarem

2053 3126 2326 3181 ambulare
2366 3124 2498 3178 nihil
2536 3138 2656 3181 esse
2697 3122 2839 3177 aliud
2881 3138 3041 3193 quam
3086 3121 3379 3177 festinare:
3413 3120 3463 3175 id
3502 3121 3647 3176 enim

2055 3218 2178 3272 novi
2215 3216 2532 3283 addideras;
2565 3224 2619 3271 et
2656 3217 2725 3271 ob
2763 3214 2865 3270 hoc
2909 3214 3141 3270 fallerer.
3177 3213 3277 3267 Ad.
3312 3213 3505 3270 Fateor
3535 3230 3648 3269 rem

2057 3324 2161 3365 non
2186 3324 2341 3380 posse
2363 3324 2460 3363 nos
2479 3316 2780 3363 monstrare
2806 3306 2923 3362 sine
2952 3306 3124 3376 signo,
3154 3306 3197 3361 si
3224 3322 3345 3361 cum
3375 3306 3425 3361 id
3443 3306 3650 3377 agimus

2059 3402 2495 3470 interrogemur:
2536 3401 2581 3456 si
2625 3401 2766 3456 enim
2816 3399 2947 3454 nihil
2986 3398 3274 3467 addamus,
3317 3400 3521 3469 putabit
3559 3400 3650 3469 qui

2057 3501 2243 3563 rogat,
2279 3492 2417 3548 nolle
2462 3508 2558 3547 nos
2596 3491 2912 3558 ostendere,
2943 3499 3352 3561 contemptoque
3381 3505 3472 3556 se,
3507 3491 3556 3544 in
3585 3506 3652 3545 eo

2057 3584 2197 3654 quod
2225 3582 2510 3652 agebamus
2539 3596 2902 3653 perseverare.
2932 3580 3034 3636 Sed
3072 3582 3116 3634 si
3142 3580 3208 3635 de
3236 3580 3318 3636 his
3358 3590 3505 3651 roget
3534 3597 3652 3650 qua:

2057 3689 2215 3742 agere
2243 3688 2554 3744 possumus,
2596 3687 2695 3727 nec
2726 3688 2791 3728 eo
2834 3682 3010 3727 tamen
3043 3682 3279 3741 tempore
3310 3686 3416 3742 quo
3446 3674 3652 3742 agimus

2061 3774 2232 3835 roget,
2258 3780 2538 3834 possumus
2564 3772 2685 3834 post
2711 3765 2827 3834 ejus
2851 3764 3318 3833 interrogationem
3348 3763 3396 3817 id
3421 3763 3647 3835 agendo,

2060 3875 2117 3913 re
2146 3858 2255 3928 ipsa
2284 3859 2457 3929 potius
2484 3874 2639 3928 quam
2681 3857 2831 3928 signo
2869 3857 3236 3912 demonstrare
3281 3856 3419 3927 quod
3450 3864 3602 3925 rogat
3632 3873 3647 3909 :

2062 3951 2161 4004 nisi
2201 3952 2334 4004 forte
2377 3949 2680 4019 loquentem
2731 3964 2816 4003 me
2862 3945 3153 4018 interroget
3195 3947 3319 4017 quid
3364 3947 3434 4001 sit
3473 3946 3652 4018 loqui;

2060 4042 2313 4113 quidquid
2338 4042 2477 4098 enim
2505 4042 2710 4108 dixero,
2737 4050 2792 4095 ut
2812 4056 2933 4110 eum
2959 4040 3203 4108 doceam,
3230 4040 3413 4111 loquar
3435 4055 3656 4097 necesse

2060 4146 2143 4190 est
2173 4152 2185 4187 :
2219 4150 2284 4190 ex
2315 4150 2420 4204 quo
2452 4142 2663 4189 secutus
2690 4132 2913 4200 docebo,
2947 4132 3117 4187 donec
3146 4132 3192 4187 ei
3225 4132 3437 4202 planum
3467 4131 3656 4186 faciam

2064 4230 2204 4300 quod
2229 4230 2360 4293 vult,
2391 4246 2495 4284 non
2522 4228 2780 4284 recedens
2805 4244 2833 4282 a
2859 4242 2916 4284 re
2942 4228 3052 4297 ipsa
3075 4242 3233 4297 quam
3256 4225 3355 4281 sibi
3379 4225 3543 4280 voluit
3563 4224 3656 4280 de-

2063 4322 2383 4388 monstrari,
2414 4336 2513 4375 nec
2541 4321 2689 4391 signa
2726 4333 2979 4390 qumrens
3006 4317 3200 4389 quibus
3228 4332 3345 4372 eam
3372 4316 3655 4373 ostendam

2064 4424 2257 4484 praeter
2284 4414 2472 4483 ipsam.

2204 4504 2430 4562 CAPUT
2473 4504 2562 4559 IV.
2589 4535 2661 4545 —-
2688 4503 2768 4558 An
2795 4504 2943 4575 signa
2970 4503 3127 4575 signis
3159 4513 3514 4560 monstrentur.

2136 4598 2190 4652 7.
2233 4598 2372 4668 Aug.
2413 4595 2735 4652 Acutissime
2780 4595 2998 4650 omnino
3048 4613 3063 4650 :
3108 4611 3273 4665 quare
3316 4596 3435 4650 vide
3482 4606 3659 4649 utrum

2063 4687 2346 4744 conveniat
2369 4686 2479 4758 jam
2518 4687 2660 4742 inter
2701 4700 2803 4741 nos
2846 4701 2907 4741 ea
2958 4700 3117 4757 posse
3157 4687 3512 4742 demonstrari
3543 4686 3662 4740 sine

2064 4780 2260 4852 signis,
2292 4796 2412 4852 qum.
2439 4788 2531 4834 aut
2573 4795 2680 4835 non
2722 4777 2930 4850 agimus
2977 4794 3096 4833 cum
3146 4779 3566 4848 interrogantur,
3608 4786 3664 4831 et

2068 4883 2241 4929 tamen
2271 4872 2448 4927 statim
2486 4886 2650 4942 agere
2690 4885 3006 4941 possumus,
3046 4876 3140 4923 aut
3177 4870 3288 4938 ipsa
3332 4869 3481 4939 signa
3524 4868 3660 4923 forte

2065 4967 2290 5037 agimus.
2323 4965 2452 5021 Cum
2482 4966 2623 5020 enim
2655 4964 2949 5035 loquimur,
2984 4963 3133 5033 signa
3177 4960 3401 5019 facimus
3422 5002 3436 5026 ,
3463 4960 3529 5014 de
3556 4976 3662 5030 quo

2067 5058 2263 5112 dictum
2295 5066 2377 5113 est
2406 5055 2726 5126 signiﬁcare.
2758 5054 2860 5110 Ad.
2893 5053 3173 5108 Convenit.
3204 5053 3337 5124 Aug.
3369 5052 3503 5108 Cum
3534 5068 3664 5122 ergo

2067 5147 2133 5202 de
2169 5147 2483 5218 quibusdam
2520 5146 2685 5217 signis
2723 5146 3007 5216 quarritur,
3038 5154 3264 5215 possunt
3308 5144 3473 5215 signis
3513 5143 3665 5214 signa

2069 5238 2353 5293 monstrari
2382 5254 2395 5290 :
2428 5252 2548 5292 cum
2571 5244 2749 5290 autem
2780 5235 2847 5290 de
2875 5234 3036 5290 rebus
3061 5250 3179 5304 qua:
3204 5235 3352 5305 signa
3378 5249 3487 5288 non
3515 5243 3658 5299 sunt,

2068 5338 2160 5383 aut
2180 5343 2274 5383 eas
2296 5326 2502 5397 agendo
2529 5335 2651 5396 post
2682 5325 3074 5396 inquisitionem
3104 5326 3148 5380 si
3176 5325 3260 5396 agi
3291 5335 3543 5396 possunt,
3574 5333 3665 5380 aut

2069 5423 2217 5492 signa
2242 5421 2416 5476 dando
2444 5436 2538 5490 per
2563 5436 2683 5491 qua:
2709 5419 3066 5474 animadverti
3086 5430 3303 5489 queant.
3332 5418 3431 5473 Ad.
3462 5418 3535 5471 lla
3559 5426 3660 5471 est.

2068 5514 2200 5585 Aug.
2236 5515 2291 5568 ln
2325 5515 2423 5568 hac
2457 5513 2615 5584 igitur
2660 5513 2922 5584 tripartita
2953 5512 3326 5568 distributione
3360 5513 3506 5583 prius
3534 5509 3665 5565 illud

2071 5606 2495 5672 Consideremus,
2527 5605 2570 5658 si
2604 5605 2796 5675 placet,
2825 5603 2965 5674 quod
2993 5603 3157 5675 signis
3182 5604 3330 5673 signa
3356 5610 3661 5658 monstrau-

2075 5712 2161 5756 tur
2192 5720 2205 5755 :
2235 5717 2357 5757 num
2384 5703 2522 5756 enim
2550 5702 2659 5757 sola
2688 5700 2846 5757 verba
2875 5706 2997 5755 sunt
3022 5698 3206 5769 signa?
3237 5698 3333 5753 Ad.
3368 5698 3500 5753 Non.
3527 5695 3659 5768 Aug.
