4118 6370
506 269 646 330 “99

507 387 726 445 Videtur
746 397 871 455 ergo
890 381 1021 437 mihi
1041 377 1305 452 loquendo
1332 389 1427 432 nos
1453 384 1543 430 aut
1564 376 1722 431 verba
1744 377 1855 446 ipsa
1877 376 2088 447 signare

502 483 701 548 verbis,
731 488 820 533 aut
849 478 950 531 alia
978 477 1124 546 signa
1149 517 1163 540 ,
1192 475 1335 528 velut
1362 479 1567 541 gestum
1599 484 1720 523 cum
1749 469 1973 523 dicimus
1998 478 2090 523 aut

508 571 770 630 litteram:
814 585 934 624 nam
973 568 1054 621 his
1091 566 1295 620 duobus
1331 561 1506 616 verbis
1536 576 1654 631 qua:
1683 561 2084 631 signiﬁcantur,

508 665 847 724 nihilominus
863 662 1009 732 signa
1035 668 1157 715 sunt
1186 675 1199 712 :
1223 664 1312 711 aut
1334 654 1532 725 aliquid
1554 653 1694 709 aliud
1717 653 1857 724 quod
1879 654 2086 723 signum

502 774 609 813 non
639 758 728 823 sit,
757 756 899 809 velut
925 768 1046 807 cum
1075 750 1316 812 dicimus,
1354 747 1543 816 Lapis;
1575 745 1676 801 hoc
1700 746 1844 800 enim
1868 746 2087 801 verbum

502 852 710 921 signum
738 856 835 910 est,
868 860 987 899 nam
1009 840 1272 913 signiﬁcat
1295 838 1516 909 aliquid,
1550 837 1641 893 sed
1671 837 1720 892 id
1751 837 1891 908 quod
1921 853 1987 892 eo
2017 838 2087 891 si-

500 941 814 1015 gniﬁcatur,
861 951 965 990 non
1012 932 1262 988 continuo
1310 930 1517 999 signum
1561 938 1644 984 est
1676 946 1689 981 :
1719 928 1859 999 quod
1908 936 2085 1029 tamen

502 1050 690 1106 genus,
711 1030 761 1085 id
784 1036 865 1083 est
886 1041 1007 1081 cum
1037 1024 1213 1078 verbis
1238 1037 1299 1077 ea
1327 1036 1445 1091 quze
1471 1019 1619 1090 signa
1644 1027 1894 1073 non‘sunt
1919 1019 2084 1087 signi-

503 1126 747 1187 ficantur,
771 1135 875 1174 non
904 1115 1134 1187 pertinet
1157 1112 1223 1167 ad
1249 1111 1387 1166 hanc
1412 1119 1614 1179 partem
1641 1124 1798 1179 quam
1821 1108 2086 1162 discutere

496 1211 889 1285 proposuimus.
951 1205 1291 1276 Suscepimus
1341 1203 1483 1257 enim
1535 1201 1874 1256 considerare
1921 1199 2079 1271 illud,

498 1304 638 1367 quod
666 1301 828 1371 signis
869 1300 1014 1369 signa
1054 1302 1450 1360 monstrantur,
1488 1300 1542 1347 et
1569 1301 1746 1362 partes
1777 1291 1829 1345 in
1859 1306 1922 1346 eo
1951 1291 2085 1345 duas

497 1395 875 1466 comperimus,
904 1406 1023 1445 cum
1049 1398 1140 1444 aut
1167 1388 1351 1443 eadem
1384 1395 1473 1440 aut
1500 1384 1598 1439 alia
1628 1385 1774 1454 signa
1803 1386 1968 1455 signis
1989 1384 2085 1438 do-

497 1502 681 1543 cemus
706 1484 786 1539 vel
811 1478 1290 1538 commemoramus
1320 1494 1333 1530 :
1362 1492 1428 1531 an
1457 1491 1562 1531 non
1591 1476 1680 1530 tibi
1704 1475 1951 1530 videtur?
1980 1475 2080 1530 Ad.

497 1577 832 1634 Manifestum
864 1582 964 1628 est.

568 1669 622 1723 8.
664 1667 796 1738 Aug.
839 1665 932 1719 Dic
958 1678 1084 1733 ergo
1114 1662 1261 1731 signa
1301 1675 1418 1730 quze
1449 1659 1607 1714 verba
1638 1665 1791 1722 sunt,
1826 1656 1893 1710 ad
1924 1671 2081 1727 quem

497 1776 711 1816 sensum
733 1758 1049 1830 pertineant.
1074 1751 1172 1807 Ad.
1194 1752 1273 1807 Ad
1290 1751 1550 1805 auditum.
1575 1752 1703 1821 Aug.
1727 1748 1861 1815 Quid
1881 1749 2083 1818 gestus?

495 1852 597 1907 Ad.
630 1849 710 1905 Ad
748 1849 941 1903 visum.
977 1845 1107 1915 Aug.
1138 1842 1274 1910 Quid
1300 1884 1314 1906 ,
1346 1858 1467 1896 cum
1511 1842 1671 1895 verba
1710 1841 1903 1908 scripta
1932 1839 2080 1893 inve-

499 1944 709 1999 nimus?
762 1956 888 1995 num
935 1938 1094 1994 verba
1140 1951 1244 1990 non
1298 1943 1453 1999 sunt,
1504 1948 1570 1986 an
1612 1932 1759 2001 signa
1800 1930 2080 1985 verborum

495 2039 673 2092 verius
720 2031 1113 2104 intelliguntur?
1167 2040 1223 2084 ut
1265 2028 1484 2085 verbum
1529 2028 1595 2081 sit
1640 2026 1780 2096 quod
1824 2041 1944 2080 cum
1985 2025 2084 2078 ali-

496 2143 603 2200 quo
655 2126 949 2199 signiﬁcatu
996 2122 1272 2177 articulata
1318 2135 1448 2175 voce
1494 2117 1791 2188 profertur;
1840 2132 1943 2170 vox
1990 2131 2085 2169 au-

495 2232 602 2277 tem
646 2220 791 2275 nullo
837 2218 940 2272 alio
981 2230 1139 2271 sensu
1186 2229 1346 2285 quam
1392 2212 1574 2267 auditu
1618 2210 1814 2281 percipi
1859 2216 2078 2278 potest:

496 2310 567 2367 ita
598 2312 654 2365 ﬁt
697 2318 753 2364 ut
780 2324 900 2364 cum
948 2306 1198 2363 scribitur
1224 2304 1443 2358 verbum
1465 2344 1481 2370 ,
1513 2302 1720 2371 signum
1753 2301 1841 2354 liat
1871 2300 2039 2355 oculis
2063 2342 2078 2367 ,

493 2417 602 2473 quo
629 2401 754 2459 illud
796 2399 938 2471 quod
966 2398 1031 2453 ad
1058 2412 1214 2452 aures
1247 2396 1508 2465 pertinet,
1541 2392 1719 2447 veniat
1746 2393 1797 2447 in
1825 2403 2077 2446 mentem.

496 2493 596 2548 Ad.
630 2491 857 2547 Omnino
894 2488 1176 2544 aSsentior.
1221 2485 1354 2554 Aug.
1396 2484 1452 2538 Id
1501 2497 1710 2553 quoque
1756 2493 1808 2538 te
1852 2482 2083 2537 arbitror

495 2584 740 2641 assentiri
760 2626 774 2649 ,
809 2598 929 2636 cum
968 2580 1191 2641 dicimus
1212 2620 1227 2643 ,
1268 2578 1502 2641 Nomen,
1534 2576 1832 2645 signiﬁcare
1862 2590 1959 2629 nos
1988 2575 2084 2627 ali-

493 2678 639 2751 quid.
670 2677 768 2732 Ad.
802 2676 999 2731 Verum
1029 2682 1130 2729 est.
1162 2672 1293 2741 Aug.
1322 2669 1456 2738 Quid
1487 2668 1734 2723 tandem?
1763 2667 1864 2720 Ad.
1892 2667 1946 2721 Id
1977 2667 2081 2722 sci-

496 2772 621 2826 licet
647 2768 787 2839 quod
813 2764 1043 2836 quidque
1070 2762 1384 2832 appellatur,
1413 2759 1556 2812 velut
1583 2757 1864 2820 Romulus,
1892 2759 2078 2823 Roma,

496 2864 687 2925 virtus,
712 2859 922 2923 ﬁuvins,
941 2865 994 2911 et
1016 2852 1419 2909 innumerabilia
1440 2859 1651 2905 uetera.
1674 2850 1803 2920 Aug.
1824 2848 1958 2903 Num
1981 2850 2080 2903 ista

497 2960 725 3023 quatuor
740 2950 950 3004 nomina
974 2948 1142 3001 nullas
1155 2960 1240 3000 res
1256 2943 1553 3014 signiﬁcant
1572 2942 1596 2995 ?
1609 2941 1709 2996 Ad.
1726 2939 1836 2994 Imo
1856 2941 2078 3010 aliquas.

502 3045 636 3113 Aug.
669 3041 804 3096 Num
834 3038 963 3093 nihil
991 3038 1152 3091 distat
1194 3036 1333 3090 inter
1376 3033 1489 3087 haec
1520 3032 1763 3099 nomina,
1791 3040 1846 3087 et
1875 3046 1966 3086 eas
1995 3046 2082 3086 res

498 3152 617 3206 qua:
643 3135 724 3189 his
751 3130 1156 3204 signiﬁcantur?
1184 3128 1282 3182 Ad.
1314 3128 1426 3181 Imo
1455 3125 1760 3195 plurimum.
1794 3125 1925 3196 Aug.
1958 3124 2081 3179 Vel-

496 3228 604 3284 lem
644 3227 739 3281 abs
778 3236 826 3281 te
866 3224 1085 3289 audire,
1126 3222 1375 3293 quidnam
1417 3219 1467 3273 id
1499 3220 1586 3273 sit.
1634 3218 1734 3273 Ad.
1770 3219 1881 3273 Iloc
1913 3219 1995 3275 vel
2031 3219 2082 3274 in

495 3320 701 3392 primis,
726 3318 864 3390 quod
886 3319 998 3372 hcce
1026 3317 1174 3388 signa
1202 3322 1344 3378 sunt,
1372 3313 1461 3367 illa
1490 3327 1595 3366 non
1622 3321 1766 3367 sunt.
1799 3312 1929 3383 Aug.
1962 3312 2085 3367 Pla-

495 3422 649 3469 cetne
678 3412 1004 3483 appellemus
1048 3406 1410 3478 signiﬁeabilia
1449 3418 1511 3458 ea
1551 3418 1671 3474 quae
1708 3403 1873 3474 signis
1916 3404 2083 3472 signi-

500 3504 643 3558 ficari
677 3510 897 3573 possunt
922 3508 977 3555 et
1019 3499 1165 3569 signa
1211 3512 1316 3551 non
1345 3504 1502 3561 sunt,
1532 3494 1670 3549 sicut
1696 3510 1756 3550 ea
1778 3510 1897 3565 qua:
1916 3495 2083 3549 videri

497 3603 740 3667 possunt,
766 3592 992 3647 visibilia
1016 3590 1371 3654 nominamus,
1395 3594 1452 3641 ut
1471 3586 1537 3641 de
1559 3585 1643 3641 his
1666 3585 1917 3656 deincops
1939 3601 2082 3640 com-

497 3685 710 3741 modius
732 3681 1094 3739 disseramus?
1122 3681 1220 3734 Ad.
1254 3679 1431 3734 Placet
1460 3694 1607 3733 vero.
1634 3677 1769 3750 Aug.
1798 3677 1969 3745 Quid?
1996 3678 2082 3732 illa

495 3785 724 3848 quatuor
752 3777 898 3845 signa
929 3789 1047 3844 qua:
1087 3772 1241 3842 paulo
1279 3780 1402 3825 ante
1438 3771 1822 3840 pronuntiasti,
1868 3770 2083 3825 nullane

495 3869 600 3923 alio
616 3867 766 3937 signo
786 3864 1184 3935 signiﬁcantur?
1202 3860 1304 3915 Ad.
1330 3861 1489 3915 Miror
1508 3861 1650 3931 quod
1668 3861 1777 3930 jam
1800 3861 1931 3914 mihi
1948 3861 2086 3914 exei-

496 3960 641 4014 disse
664 3956 957 4019 arbitraris,
988 3953 1127 4025 quod
1153 3968 1214 4007 ea
1245 3968 1363 4021 qua:
1392 3952 1696 4006 scribuntur
1716 3993 1730 4017 ,
1758 3966 1939 4005 eorum
1966 3968 2084 4022 qua:

497 4064 629 4105 voce
657 4047 1027 4119 proferuntur,
1058 4045 1328 4115 signorum
1371 4044 1517 4113 signa
1549 4057 1668 4098 esse
1704 4044 2080 4113 comperimus.

498 4143 633 4213 Aug.
657 4142 750 4195 Dic
776 4141 913 4195 inter
934 4140 1032 4193 ista
1061 4136 1186 4207 quid
1211 4135 1409 4191 distet?
1435 4135 1536 4190 Ad.
1563 4136 1713 4202 Quod
1747 4136 1833 4191 illa
1860 4136 2085 4192 visibilia

497 4242 657 4299 sunt,
699 4232 812 4287 hazc
847 4230 1115 4285 audibilia.
1163 4227 1272 4283 Cur
1315 4228 1457 4282 enim
1500 4237 1555 4283 et
1597 4228 1699 4283 hoc
1742 4244 1939 4284 nomen
1979 4245 2083 4283 non

500 4323 783 4389 admittas,
812 4322 857 4376 si
899 4320 1208 4375 admisimus
1237 4318 1644 4389 signiﬁcabilia‘l
1684 4320 1814 4391 Aug.
1855 4321 2084 4375 Prorsus

500 4413 745 4480 admitto,
769 4420 823 4467 et
842 4421 1047 4483 gratum
1074 4410 1265 4464 habeo.
1296 4409 1401 4465 Sed
1428 4425 1612 4466 rursus
1632 4427 1834 4481 quaero,
1859 4422 2086 4482 quatuar

501 4506 619 4561 haec
634 4506 781 4577 signa
801 4505 1013 4559 nullone
1033 4504 1137 4558 alio
1158 4504 1308 4575 signo
1327 4502 1543 4557 audibili
1564 4504 1848 4574 signiﬁcari
1867 4515 2082 4575 queant,

496 4606 558 4652 ut
585 4597 808 4652 visibilia
840 4596 1145 4653 recordatus
1172 4595 1273 4651 es?
1300 4595 1401 4649 Ad.
1432 4595 1545 4652 Hoc
1572 4612 1780 4667 quoque
1818 4601 2085 4654 recentius

497 4688 697 4743 dictum
714 4685 987 4742 recordor.
1012 4685 1140 4740 Nam
1165 4700 1360 4741 nomen
1383 4685 1762 4755 responderam
1785 4688 2085 4758 significare

499 4777 720 4850 aliquid,
743 4787 797 4834 et
817 4778 940 4832 huic
960 4776 1332 4848 signiﬁcationi
1353 4784 1580 4846 quatuor
1601 4777 1701 4831 ista
1721 4778 2080 4846 subjeceram;

499 4878 557 4926 et
585 4870 711 4924 illud
740 4879 916 4925 autem
944 4878 997 4923 et
1036 4868 1181 4934 hare,
1219 4868 1263 4923 si
1294 4867 1505 4937 quidem
1536 4882 1667 4923 voce
1707 4869 2048 4938 proferuntur
2069 4912 2082 4935 ,

501 4963 751 5019 audibilia
773 4978 893 5019 esse
911 4956 1197 5034 cognosco.
1219 4962 1351 5033 Aug.
1382 4962 1517 5029 Quid
1545 4978 1672 5033 ergo
1696 4964 1834 5018 inter
1854 4963 2085 5019 audibile

504 5056 715 5129 signum
739 5064 793 5111 et
812 5054 1061 5110 audibilia
1082 5054 1395 5125 signiﬁcata,
1424 5070 1541 5124 qure
1563 5068 1748 5109 rursus
1769 5054 1913 5124 signa
1936 5063 2080 5121 sunt,

501 5148 873 5204 interestiAd.
895 5147 1037 5203 Inter
1053 5148 1180 5203 illud
1197 5148 1409 5219 quidem
1431 5146 1570 5218 quod
1590 5146 1833 5213 dicimus,
1854 5146 2080 5213 Nomen,

501 5250 555 5295 et
581 5242 698 5297 haec
725 5249 952 5313 quatuor
993 5256 1112 5311 quae
1154 5239 1527 5310 signiﬁcationi
1571 5238 1688 5309 ejus
1722 5239 2081 5309 subjecimus,

500 5333 607 5389 hoc
630 5332 829 5388 distare
856 5330 1042 5398 video,
1074 5331 1215 5401 quod
1252 5330 1378 5385 illud
1409 5328 1639 5386 audibile
1667 5330 1873 5401 signum
1903 5340 1983 5385 est
2013 5329 2087 5384 si-

502 5440 732 5496 gnorum
759 5425 1068 5479 audibilium
1094 5440 1109 5478 :
1132 5423 1248 5479 haec
1267 5438 1397 5478 vero
1425 5423 1671 5478 audibilia
1702 5423 1912 5493 quidem
1936 5414 2085 5494 signa

500 5525 627 5569 sunt
652 5555 667 5581 ,
701 5531 805 5568 non
835 5525 1012 5570 tamen
1044 5514 1316 5586 signorum
1338 5557 1354 5579 ,
1387 5514 1480 5569 sed
1528 5531 1706 5569 rerum
1736 5518 1926 5586 partim
1956 5516 2087 5570 visi-

496 5607 687 5663 bilium
714 5648 729 5673 ,
771 5608 908 5663 sicut
950 5618 1031 5662 est
1072 5607 1329 5663 Romulus
1353 5650 1368 5674 ,
1398 5608 1563 5663 Roma
1585 5649 1603 5670 .
1638 5607 1866 5662 ﬁuviusi
1896 5609 2085 5679 partim

500 5701 932 5774 Intelligibilium,
960 5702 1096 5759 sicut
1114 5712 1196 5758 est
1219 5702 1388 5757 virtus

1631 261 1719 317 DE
1758 212 2121 330 MAGISTRO,
2164 261 2219 317 S.
2266 261 2629 320 AUGUSTINI

3646 270 3788 332 5100

2265 378 2317 433 9.
2358 379 2489 450 Aug.
2531 380 2748 450 Accipio
2776 388 2829 438 et
2876 382 3043 453 probo
3072 401 3085 440 :
3113 384 3205 441 sed
3250 386 3423 444 scisne
3452 391 3630 446 omnia
3660 407 3783 463 quae

2194 484 2324 526 voce
2359 471 2634 527 articulata
2678 488 2797 527 cum
2843 475 3020 545 aliquo
3061 477 3353 547 signiﬁcatu
3398 480 3781 551 proferuntur,

2193 563 2352 617 verba
2372 564 2659 634 appellari?
2674 564 2772 617 Ad.
2799 565 2939 620 Scio.
2964 566 3095 639 Aug.
3122 569 3259 640 Ergo
3276 582 3327 626 et
3343 588 3538 627 nomen
3557 575 3785 631 verbum

2176 664 2293 720 .est,
2321 657 2744 727 quandoquidem
2772 660 2822 713 id
2852 659 3090 715 videmus
3117 678 3237 717 eum
3265 665 3444 736 aliquo
3474 666 3781 737 signiﬁcatu

2191 748 2466 801 articulata
2496 764 2623 803 voce
2649 749 2905 819 proferri;
2938 760 2988 806 et
3016 768 3135 806 cum
3161 755 3383 811 dicimus
3405 757 3661 813 disertum
3686 760 3787 812 ho-

2192 838 2386 892 minem
2406 839 2556 895 benis
2571 842 2747 896 verbis
2768 843 2863 906 uti,
2885 844 3041 897 etiam
3066 846 3368 901 nominibus
3390 850 3572 919 utique
3590 851 3780 915 utitur;

2190 938 2242 981 et
2273 943 2390 982 cum
2434 930 2545 984 seni
2577 930 2793 985 domino
2835 933 2971 1001 apud
3001 933 3310 991 Terentium
3341 952 3525 991 servus
3555 941 3735 994 retulit
3761 980 3781 1007 ,

2189 1015 2333 1070 Bona
2354 1020 2498 1073 verba
2527 1037 2695 1089 quwso
2726 1022 2744 1093 (
2768 1021 2834 1075 In
2864 1024 3077 1085 Andria,
3106 1036 3206 1078 act.
3243 1027 3294 1093 I,
3323 1044 3459 1081 scen.
3489 1028 3542 1095 2,
3573 1045 3620 1082 υ.
3647 1031 3719 1085 55
3735 1034 3781 1101 ),

2192 1109 2353 1162 multa
2379 1110 2466 1163 ille
2493 1113 2651 1164 etiam
2686 1114 2900 1166 nomina
2928 1114 3154 1169 dixerat.
3185 1116 3283 1170 Ad.
3315 1121 3612 1175 Assentior.
3642 1122 3783 1192 Aug.

2190 1200 2449 1255 Conicedis
2481 1204 2636 1271 igitur
2667 1206 2729 1257 iis
2756 1205 2961 1260 duabus
2990 1208 3209 1277 syllabis
3236 1225 3368 1279 quas
3394 1210 3621 1276 edimus,
3654 1227 3786 1267 cum

2189 1290 2411 1344 dicimus
2431 1336 2443 1355 ,
2483 1294 2711 1348 Verbum
2734 1339 2747 1361 ,
2778 1311 2972 1351 nomen
3017 1314 3229 1368 quoque
3273 1301 3598 1370 signiﬁcari,
3631 1312 3687 1358 et
3710 1305 3785 1359 ob

2190 1381 2292 1437 hoc
2320 1383 2445 1437 illud
2477 1385 2629 1454 hujus
2671 1388 2876 1455 signum
2907 1404 3045 1443 esse.
3078 1389 3177 1443 Ad.
3207 1392 3475 1447 Concedo.
3501 1394 3634 1466 Aug.
3666 1396 3786 1451 Hoc

2188 1490 2398 1545 quoque
2441 1479 2767 1546 restioudeas
2810 1481 2987 1535 velim.
3040 1481 3171 1536 Cum
3206 1484 3426 1538 verbum
3471 1487 3680 1556 signum
3710 1489 3786 1543 sit

2189 1568 2439 1632 nominis,
2471 1578 2523 1622 et
2553 1585 2745 1623 nomen
2775 1571 2981 1641 signum
3013 1575 3081 1627 sit
3107 1574 3340 1629 fluminis
3359 1618 3374 1640 ,
3403 1585 3459 1631 et
3482 1576 3682 1634 ﬁumen
3703 1581 3785 1634 si-

2187 1675 2345 1728 gnum
2373 1660 2439 1713 sit
2464 1662 2538 1715 rei
2566 1663 2808 1732 quaejam
2835 1666 3000 1719 videri
3030 1676 3228 1736 potest,
3261 1680 3317 1722 ut
3344 1669 3481 1724 inter
3504 1670 3641 1725 hanc
3662 1687 3783 1727 rem

2188 1759 2242 1804 et
2281 1736 2473 1805 ﬁumen
2496 1794 2510 1818 ,
2544 1752 2595 1807 id
2636 1763 2719 1808 est
2765 1755 2970 1825 signum
3002 1757 3149 1827 ejus,
3181 1768 3235 1812 et
3275 1758 3414 1814 inter
3441 1760 3542 1815 hoc
3568 1762 3785 1831 signum

2190 1850 2246 1896 et
2280 1858 2469 1897 nomen
2502 1846 2641 1914 quod
2689 1848 2843 1917 hujus
2882 1850 3015 1919 signi
3063 1850 3271 1920 signum
3318 1839 3401 1907 est
3439 1853 3623 1908 dixisti
3650 1855 3783 1925 quid

2189 1930 2430 1997 intersit;
2469 1936 2595 2004 quid
2644 1938 2905 1994 interesse
2952 1941 3225 1996 arbitraris
3267 1943 3407 1998 inter
3443 1944 3657 2015 signum
3686 1961 3785 2002 no-

2187 2024 2368 2088 minis,
2398 2027 2537 2095 quod
2566 2031 2783 2085 verbum
2815 2048 2933 2086 esse
2962 2035 3323 2103 comperimus
3342 2079 3355 2099 ,
3384 2046 3440 2092 et
3482 2038 3657 2107 ipsum
3683 2055 3784 2095 no-

2188 2130 2311 2170 men
2333 2120 2484 2186 cujus
2506 2121 2715 2189 signum
2742 2124 2859 2177 est?
2885 2124 2984 2177 Ad.
3009 2125 3121 2180 Hoc
3141 2126 3338 2183 distare
3362 2128 3620 2201 intelligo,
3636 2132 3785 2201 quod

2187 2221 2247 2261 ea
2262 2222 2380 2277 quae
2397 2210 2763 2279 signiﬁcantur
2783 2216 3017 2283 nomine,
3038 2219 3197 2271 etiam
3214 2220 3377 2274 verbo
3394 2221 3780 2289 signiﬁcantur;

2190 2307 2247 2352 ut
2270 2300 2412 2354 enim
2445 2318 2635 2357 nomen
2664 2314 2744 2360 est
2760 2307 3001 2375 verbum,
3033 2310 3105 2363 ita
3135 2319 3186 2364 et
3212 2309 3405 2365 ﬁumen
3423 2313 3643 2368 verbum
3664 2322 3781 2369 est:

2189 2407 2307 2462 qua:
2348 2404 2523 2449 autem
2558 2398 2723 2452 verbo
2761 2400 3156 2469 signiﬁcantur,
3199 2420 3303 2459 non
3348 2406 3528 2460 omnia
3571 2408 3785 2478 signiﬁ-

2188 2493 2379 2539 cantur
2404 2489 2716 2544 etnomine.
2766 2490 2896 2545 Nam
2938 2502 2991 2546 et
3036 2494 3193 2558 illud,
3235 2496 3299 2562 si,
3346 2497 3485 2566 quod
3524 2498 3578 2551 in
3607 2498 3785 2570 capite

2188 2575 2349 2634 habet
2372 2581 2469 2634 abs
2500 2591 2549 2635 te
2579 2584 2882 2652 prepositus
2911 2600 3097 2640 versus
3119 2629 3132 2651 ,
3172 2596 3226 2641 et
3266 2586 3401 2654 hoc,
3441 2605 3536 2655 ex,
3576 2589 3643 2644 de
3672 2605 3785 2661 quo

2182 2669 2291 2740 jam
2331 2672 2421 2727 diu
2463 2685 2678 2744 agentes
2720 2677 2769 2730 in
2819 2678 2931 2732 hare
2974 2678 3108 2733 duce
3152 2681 3359 2735 ratione
3404 2682 3781 2752 pervenimus,

2187 2763 2349 2818 verba
2381 2774 2501 2817 sunt
2521 2807 2534 2829 ,
2569 2782 2666 2820 nec
2697 2777 2870 2821 tamen
2900 2770 3142 2835 nomina;
3175 2781 3228 2824 et
3266 2773 3391 2826 talia
3433 2774 3599 2827 multa
3628 2774 3783 2831 inve-

2189 2856 2423 2910 niuntur.
2455 2858 2811 2925 Quamobrem
2844 2877 2963 2915 cum
2994 2864 3173 2917 omnia
3203 2865 3418 2919 nomina
3447 2866 3606 2922 verba
3632 2868 3777 2934 sint,

2191 2963 2296 3001 non
2335 2960 2512 3003 autem
2556 2953 2729 3004 omnia
2763 2954 2921 3007 verba
2968 2955 3178 3008 nomina
3220 2956 3359 3020 sint,
3402 2958 3618 3028 planum
3656 2974 3784 3015 esse

2188 3039 2417 3092 arbitror
2458 3041 2581 3110 quid
2622 3043 2757 3096 inter
2789 3045 3005 3098 verbum
3049 3046 3208 3100 distet
3243 3055 3297 3101 et
3337 3062 3562 3115 nomen,
3606 3050 3658 3104 id
3697 3058 3785 3105 est

2189 3130 2329 3183 inter
2358 3132 2563 3199 signum
2602 3134 2735 3202 signi
2777 3135 2892 3203 ejus
2940 3136 3079 3204 quod
3122 3138 3264 3191 nulla
3301 3138 3404 3193 alia
3432 3141 3579 3211 signa
3608 3142 3782 3212 signi-

2191 3220 2333 3285 ﬁcat,
2363 3233 2415 3274 et
2443 3222 2647 3291 signum
2677 3226 2813 3294 signi
2838 3226 2951 3295 ejus
2978 3228 3116 3296 quod
3146 3244 3326 3284 rursus
3366 3232 3465 3286 alia
3493 3233 3779 3304 signiﬁcat.

2188 3312 2320 3383 Aug.
2365 3312 2695 3369 Concedisne
2743 3332 2952 3372 omnem
2998 3334 3193 3389 equum
3237 3324 3431 3377 animal
3477 3340 3631 3390 esse,
3679 3341 3783 3382 nec

2191 3415 2367 3462 tamen
2399 3426 2555 3461 omne
2596 3413 2784 3465 animal
2821 3429 3013 3483 equum
3058 3418 3215 3470 esse?
3264 3418 3363 3471 Ad.
3409 3419 3783 3487 Quisdubita—

2188 3502 2357 3554 νισι-ἰιῖ
2386 3502 2520 3573 Aug.
2566 3503 2674 3556 lIoc
2712 3521 2837 3574 ergo
2874 3508 3009 3561 inter
3050 3524 3246 3563 nomen
3279 3520 3331 3564 et
3362 3514 3601 3578 verbum,
3633 3514 3781 3584 quod

2191 3590 2326 3645 inter
2349 3608 2540 3662 equum
2573 3605 2625 3648 et
2664 3597 2859 3650 animal
2902 3599 3141 3655 interest.
3186 3601 3297 3657 Nisi
3335 3601 3474 3659 forte
3498 3605 3565 3661 ab
3592 3621 3782 3663 asserto

2190 3682 2369 3735 tiendo
2397 3684 2443 3735 id
2475 3692 2525 3738 te
2556 3696 2794 3750 revocat,
2828 3689 2967 3757 quod
2994 3690 3217 3745 dicimus
3256 3702 3309 3747 et
3334 3695 3439 3748 alio
3465 3696 3624 3752 modo
3652 3713 3780 3753 ver-

2190 3771 2348 3834 bum,
2391 3790 2495 3840 quo
2526 3777 2888 3844 signiﬁcantur
2930 3796 2990 3834 ea
3036 3798 3153 3850 qua:
3194 3799 3290 3853 per
3330 3794 3566 3854 tempora
3606 3787 3779 3845 dedi.

2192 3872 2403 3928 nantur,
2436 3876 2488 3917 ut
2514 3868 2687 3918 scribo
2714 3870 2934 3937 scripsi,
2971 3871 3087 3940 lego
3119 3874 3250 3943 legi,
3282 3890 3399 3944 quae
3435 3876 3779 3935 manifestum

2189 3963 2267 4006 est
2294 3970 2396 4007 non
2425 3970 2541 4008 esse
2567 3959 2797 4011 nomina.
2832 3960 2928 4013 Ad.
2965 3962 3145 4015 Dixisti
3168 3966 3383 4019 unniino
3403 3967 3545 4037 quod
3572 3984 3657 4024 me
3677 3970 3784 4025 du-

2190 4044 2361 4100 bitare
2401 4048 2642 4102 faciebat.
2688 4052 2819 4121 Aug.
2860 4052 2935 4107 Ne
2982 4063 3032 4108 te
3078 4056 3217 4110 istud
3264 4071 3493 4114 moveat.
3545 4062 3780 4120 Dicimus

2189 4138 2330 4192 enim
2362 4150 2413 4193 ct
2438 4143 2584 4209 signa
2619 4144 2987 4200 universaliter
3016 4149 3191 4201 omnia
3220 4165 3338 4218 qua:
3364 4152 3782 4221 signiticantaii-

2190 4230 2345 4298 quid,
2375 4233 2460 4285 ubi
2488 4234 2645 4286 etiam
2679 4236 2837 4289 verba
2874 4252 2992 4290 esse
3035 4239 3352 4293 invenimus.
3386 4241 3618 4298 Dicimus
3647 4245 3779 4301 item

2191 4320 2338 4388 signa
2369 4324 2613 4378 militaria
2636 4368 2649 4391 ,
2680 4342 2797 4395 qua:
2829 4327 2936 4395 jam
2970 4330 3183 4398 proprie
3218 4332 3366 4401 signa
3397 4335 3777 4404 nominantur,

2189 4427 2293 4482 quo
2323 4415 2480 4467 verba
2522 4431 2625 4469 non
2666 4420 2950 4485 pertinent.
2996 4419 3063 4473 Et
3092 4430 3269 4475 tatnen
3309 4426 3352 4477 si
3386 4425 3479 4479 tibi
3508 4426 3775 4496 dicerem,

2192 4514 2248 4559 ut
2263 4508 2437 4560 omnis
2457 4522 2625 4576 equus
2645 4510 2860 4576 animal,
2891 4528 2993 4565 non
3016 4524 3192 4568 autem
3217 4531 3375 4571 omne
3395 4520 3586 4574 animal
3603 4534 3778 4592 aluus

2190 4608 2290 4661 est,
2311 4599 2379 4652 ita
2402 4616 2559 4655 omne
2578 4602 2793 4656 verbum
2813 4605 3041 4674 signum,
3073 4624 3175 4661 non
3192 4620 3368 4664 autem
3386 4627 3545 4669 omne
3559 4615 3776 4685 signum

2189 4693 2407 4747 verbum
2428 4704 2527 4755 est,
2551 4696 2702 4761 nihil,
2728 4705 2784 4751 ut
2810 4701 3017 4767 opinor,
3041 4700 3337 4757 dubitares.
3362 4704 3460 4757 Ad.
3482 4705 3599 4761 Jam
3619 4709 3778 4763 intelo

2192 4782 2324 4851 ligo,
2357 4792 2410 4835 et
2456 4799 2673 4852 prorsus
2717 4790 3012 4855 assentior,
3044 4791 3143 4845 hoc
3187 4794 3447 4851 interesse
3491 4796 3631 4853 inter
3658 4803 3779 4854 uni-

2191 4876 2394 4930 verSale
2422 4876 2549 4932 illud
2580 4879 2796 4933 verbum
2833 4891 2886 4935 et
2925 4897 3118 4938 nomen
3137 4926 3151 4950 ,
3182 4886 3321 4955 quod
3344 4888 3482 4943 inter
3501 4889 3700 4946 animal
3722 4902 3779 4947 et

2190 4982 2404 5038 equum.

2262 5059 2347 5113 10.
2380 5058 2721 5130 Aug.Scisne
2741 5064 2922 5130 etiam,
2952 5080 3072 5119 eum
3100 5066 3346 5130 dicimus,
3378 5071 3603 5134 Animal,
3632 5075 3778 5130 aliud

2190 5163 2307 5203 esse
2330 5147 2431 5203 hoc
2460 5151 2786 5222 trisyllabum
2816 5170 3031 5221 nomen,
3060 5157 3200 5226 quod
3224 5174 3352 5213 voce
3382 5163 3643 5229 prolatum
3670 5175 3775 5232 est,

2191 5243 2331 5297 aliud
2364 5243 2415 5296 id
2451 5245 2591 5312 quod
2623 5245 2989 5315 significatur?
3017 5249 3116 5301 Ad.
3154 5250 3271 5304 Jam
3313 5251 3413 5305 hoc
3439 5269 3596 5322 supra
3641 5270 3778 5309 con-

2191 5336 2327 5391 cessi
2358 5335 2425 5390 de
2453 5337 2701 5391 omnibus
2726 5339 2892 5409 signis
2913 5349 2967 5394 et
2995 5342 3448 5410 signiﬁcabilibus.
3478 5346 3610 5415 Aug.
3644 5347 3779 5401 Num

2193 5427 2367 5481 omnia
2400 5427 2548 5496 signa
2566 5429 2655 5482 tibi
2680 5429 2923 5484 videntur
2948 5431 3088 5485 aliud
3120 5434 3419 5503 signiﬁcare
3446 5451 3605 5506 quam
3633 5451 3781 5503 sunt,
3819 5430 3853 5495 ί.

2194 5519 2331 5573 sicut
2379 5518 2478 5573 hoc
2518 5520 2867 5591 trisyllabum,
2900 5537 3019 5576 cum
3046 5522 3292 5589 dicimus,
3344 5526 3578 5593 Animal,
3635 5529 3784 5584 nullo
3843 5522 3848 5557 ³

2196 5608 2355 5663 modo
2386 5608 2525 5663 idem
2559 5610 2818 5680 signiﬁcat
2837 5612 2974 5682 quod
2998 5621 3079 5667 est
3105 5614 3320 5684 ipsum?
3349 5617 3447 5669 Ad.
3474 5616 3589 5671 Non
3614 5634 3785 5676 sane:
3810 5606 3827 5673 ἓ

2199 5718 2319 5757 nam
2351 5718 2468 5758 cum
2497 5705 2741 5775 dicimus,
2774 5701 3013 5777 Signum,
3047 5722 3151 5762 non
3178 5708 3350 5763 solum
3392 5709 3543 5782 signa
3586 5721 3789 5769 cratera
3817 5713 3827 5722 '
