4118 6370
351 382 484 443 ΙΞΜ

351 509 704 572 quaecumque
748 500 892 561 sunt,
946 490 1041 549 sed
1079 490 1238 548 etiam
1262 486 1497 560 seipsum
1532 480 1828 559 signiﬁcat;
1860 494 1943 540 est

351 592 497 647 enim
524 587 765 653 verbum,
798 596 852 641 et
878 586 1057 655 utique
1072 582 1250 638 omnia
1272 580 1433 637 verba
1462 581 1610 651 signa
1640 586 1779 634 sunt.
1806 578 1937 647 Aug.

350 680 525 748 Quid?
558 680 609 733 in
642 679 743 733 hoc
765 676 1026 748 disyllabo
1048 690 1168 730 cum
1196 673 1442 735 dicimus,
1479 670 1731 735 Verbum,
1764 684 1941 723 nonne

358 771 463 825 tale
485 769 683 840 aliquid
712 767 1000 837 contingit?
1027 765 1160 820 Nam
1190 765 1233 818 si
1263 780 1419 819 omne
1450 762 1590 833 quod
1614 777 1733 816 cum
1765 762 1940 832 aliquo

350 862 649 932 signiﬁcatu
681 860 960 914 articulata
991 873 1121 913 voce
1147 858 1435 927 profertur,
1461 856 1560 910 hoc
1580 854 1838 925 disyllabo
1868 853 1940 908 si-

348 955 651 1025 gnificatur,
679 953 837 1007 etiam
872 953 1041 1021 ipsum
1074 951 1173 1003 hoc
1187 965 1383 1019 genere
1407 948 1709 1002 includitur.
1741 946 1837 999 Ad.
1864 944 1937 999 lta

348 1057 453 1102 est.
488 1048 617 1117 Aug.
667 1044 838 1111 Quid?
869 1058 1062 1097 nomen
1102 1056 1278 1096 nonne
1318 1040 1559 1094 similiter
1585 1037 1781 1091 habet?
1808 1036 1939 1090 Nam

350 1148 405 1193 et
429 1139 664 1197 omnium
710 1150 963 1207 generum
994 1134 1203 1187 nomina
1231 1132 1509 1202 signiﬁcat,
1542 1138 1595 1184 et
1625 1130 1795 1199 ipsum
1837 1143 1936 1183 no-

351 1246 476 1286 men
505 1229 719 1300 generis
740 1228 912 1284 neutri
931 1242 1123 1281 nomen
1155 1235 1254 1280 est.
1286 1226 1389 1291 An,
1415 1224 1458 1279 si
1480 1240 1545 1279 ex
1579 1233 1937 1293 tequtererem

348 1340 471 1395 qua:
508 1338 631 1392 pars
682 1320 937 1375 orationis
968 1334 1184 1382 nomen,
1228 1331 1412 1387 posses
1442 1315 1570 1369 mihi
1614 1314 1939 1384 respondere

348 1422 519 1481 recte,
545 1414 665 1477 nisi,
698 1410 926 1488 nomen?
957 1410 1055 1463 Ad.
1083 1408 1281 1463 Verum
1310 1406 1462 1462 dicis.
1488 1406 1618 1477 Aug.
1650 1404 1785 1461 Sunt
1810 1420 1937 1476 ergo

347 1506 496 1575 signa
524 1520 642 1575 qurc
664 1504 801 1557 inter
825 1503 925 1556 alia
957 1516 1078 1571 quae
1119 1500 1439 1570 signiﬁcant,
1474 1506 1527 1552 et
1561 1498 1736 1567 seipsa
1772 1497 1937 1567 signi-

348 1598 529 1653 ﬁcent.
554 1596 652 1650 Ad.
687 1596 837 1651 Sunt.
868 1596 1003 1664 Aug.
1034 1593 1169 1647 Num
1194 1592 1297 1646 tale
1327 1590 1420 1645 tibi
1445 1589 1654 1645 videtur
1676 1589 1779 1643 hoc
1801 1604 1937 1659 qua-

347 1690 696 1761 drisyllabum
744 1689 976 1758 signum,
1021 1702 1142 1741 cum
1172 1684 1423 1751 dicimus,
1454 1681 1805 1753 Conjunctio?
1833 1681 1932 1735 Ad.

352 1782 513 1837 Nullo
526 1780 683 1834 modo
704 1798 715 1832 :
738 1795 859 1833 nam
881 1794 943 1833 ea
969 1794 1087 1848 qua:
1110 1774 1391 1848 signiﬁcat,
1417 1790 1525 1831 non
1541 1783 1663 1830 sunt
1684 1773 1931 1840 nomina;

366 1888 451 1928 ioc
476 1883 653 1927 autem
675 1887 868 1926 nomen
892 1880 993 1924 est.
1680 1918 1706 1939 η

739 1962 963 2018 CAPUT
995 1962 1055 2016 V.
1081 1991 1154 2001 —
1183 1960 1346 2032 Signa
1370 1968 1563 2012 mutua.

420 2059 507 2113 ll.
539 2059 669 2129 Aug.
718 2057 860 2112 Bene
887 2055 1157 2111 attendisti
1191 2073 1204 2109 :
1233 2069 1373 2108 nunc
1411 2052 1538 2107 illud
1582 2051 1723 2118 vide,
1755 2059 1933 2105 utrum

347 2152 682 2207 inveniantur
741 2151 889 2220 signa
938 2164 1057 2219 qua:
1108 2163 1167 2203 se
1219 2148 1450 2202 invicem
1505 2146 1821 2216 signiﬁcent,
1877 2154 1935 2200 ut

347 2241 793 2314 quemadmodum
825 2240 927 2295 hoc
952 2239 1019 2293 ab
1049 2240 1160 2305 illo,
1192 2238 1268 2293 sic
1290 2238 1418 2292 illud
1443 2238 1511 2292 ab
1538 2236 1640 2291 hoc
1665 2236 1933 2307 signiﬁce-

354 2343 439 2389 tur
471 2352 484 2387 :
518 2349 623 2387 non
650 2332 792 2387 enim
822 2332 892 2386 ita
931 2339 1055 2385 sunt
1083 2331 1221 2385 inter
1250 2344 1309 2384 se
1339 2329 1441 2384 hoc
1461 2327 1931 2399 quadrisyllabum,

346 2442 468 2481 cum
491 2425 735 2491 dicimus,
762 2424 1100 2493 Conjunctio,
1132 2432 1187 2477 et
1215 2422 1302 2476 illa
1343 2435 1461 2491 qua:
1486 2422 1554 2475 ab
1584 2420 1687 2475 hoc
1724 2420 1930 2491 signiﬁ-

347 2526 555 2583 cantur,
577 2532 698 2571 cum
725 2514 1062 2580 dicimus,Si,
1084 2513 1190 2579 vel,
1214 2528 1358 2580 nam,
1378 2526 1625 2581 namque,
1646 2511 1764 2575 nisi,
1786 2525 1931 2580 ergo,

350 2610 623 2681 quoniam,
649 2618 703 2662 et
731 2606 952 2672 similia;
977 2621 1097 2660 nam
1138 2605 1251 2659 haec
1280 2604 1368 2658 illo
1414 2619 1519 2658 uno
1552 2603 1934 2673 signiﬁcantur,

348 2702 498 2757 nullo
549 2710 725 2755 autem
774 2699 962 2753 horum
1007 2713 1170 2753 unum
1213 2696 1341 2752 illud
1380 2696 1830 2769 quadrisyllabum
1868 2697 1935 2750 si-

348 2793 649 2864 gniﬁcatur.
707 2791 804 2844 Ad.
849 2791 1052 2857 Video,
1099 2798 1154 2845 et
1220 2804 1465 2859 quamam
1514 2790 1661 2859 signa
1721 2790 1829 2843 sint
1875 2802 1936 2844 se

349 2885 576 2940 invicem
598 2884 972 2953 signiﬁcantia,
1005 2882 1163 2951 cupio
1189 2895 1531 2950 cognoscere.
1551 2880 1683 2949 Aug.
1704 2880 1781 2933 Tu
1809 2895 1937 2949 ergo

352 2977 550 3041 nescis,
574 2992 693 3030 cum
741 2977 988 3042 dicimus,
1024 2974 1229 3029 Nomen
1258 2982 1313 3028 et
1352 2974 1594 3039 verbum,
1627 2974 1734 3029 duo
1775 2975 1937 3029 verba

352 3083 452 3123 nos
478 3066 695 3122 dicere?
721 3066 820 3119 Ad.
852 3066 995 3122 Scio.
1024 3065 1155 3135 Aug.
1204 3063 1380 3131 Quid?
1422 3064 1549 3118 illud
1590 3065 1786 3129 nescis,
1815 3080 1936 3120 cum

351 3160 599 3223 dicimus,
626 3158 828 3214 Nomen
858 3168 915 3214 et
951 3159 1192 3223 verbum,
1220 3157 1325 3212 duo
1351 3158 1565 3211 nomina
1598 3172 1695 3212 nos
1718 3158 1938 3214 dicere?

352 3250 453 3305 Ad.
478 3250 535 3305 ld
553 3266 763 3321 quoque
776 3250 909 3305 seio.
931 3249 1061 3319 Aug.
1079 3248 1195 3304 Scis
1218 3249 1377 3318 igitur
1404 3258 1509 3302 tam
1534 3264 1729 3303 nomen
1750 3248 1932 3315 verbo,

350 3358 513 3413 quam
556 3344 714 3398 etiam
749 3343 969 3397 verbum
1014 3342 1228 3395 nomine
1268 3340 1573 3410 signiﬁcari.
1605 3340 1703 3393 Ad.
1735 3341 1940 3397 Assen-

352 3437 475 3491 tior.
516 3436 648 3506 Aug.
682 3435 907 3490 Potesne
943 3434 1149 3500 dicere,
1194 3441 1415 3503 excepto
1452 3447 1517 3488 eo
1552 3433 1691 3502 quod
1730 3432 1939 3488 diverse

353 3529 657 3583 scribuntur
703 3536 759 3583 et
800 3535 1025 3592 sonant,
1074 3526 1200 3596 quid
1240 3526 1382 3581 inter
1417 3541 1477 3581 se
1520 3526 1802 3581 differant?
1836 3527 1938 3581 Ad.

356 3619 578 3675 Possum
615 3619 870 3685 fortasse;
903 3635 1026 3674 nam
1057 3618 1107 3673 id
1133 3634 1253 3673 esse
1280 3618 1436 3674 video
1465 3619 1606 3689 quod
1635 3621 1791 3689 paulo
1817 3630 1942 3677 ante

354 3710 484 3766 dixi.
519 3712 688 3766 Verba
714 3712 853 3765 enim
886 3727 1005 3765 cum
1035 3710 1283 3776 dicimus,
1316 3726 1475 3769 omne
1496 3712 1637 3783 quod
1665 3714 1941 3769 articulata

354 3814 486 3855 voce
512 3816 631 3854 cum
665 3801 842 3869 aliquo
880 3800 1176 3869 signiﬁcatu
1220 3802 1501 3871 profertur,
1547 3804 1937 3875 signiﬁcamus;

354 3891 497 3945 unde
522 3907 682 3945 omne
708 3907 936 3956 nomen,
968 3901 1022 3947 et
1048 3893 1221 3961 ipsum
1251 3908 1370 3948 cum
1409 3894 1665 3961 dicimus,
1697 3897 1900 3953 Nomen
1921 3939 1938 3965 ,

353 3982 579 4036 verbum
612 3992 693 4035 est
720 3999 732 4034 :
757 3992 810 4036 at
838 4000 942 4036 non
972 3998 1131 4039 omne
1157 3986 1375 4039 verbum
1408 4002 1603 4041 nomen
1623 3996 1724 4056 est,
1752 4005 1942 4060 quam-

354 4071 436 4127 vis
458 4087 651 4126 nomen
682 4072 771 4137 sit,
804 4087 923 4125 cum
949 4072 1193 4137 dicimus,
1223 4074 1477 4129 Verbum.

426 4165 515 4219 12.
535 4165 663 4235 Aug.
681 4164 837 4230 Quid,
860 4165 1195 4234 siquisquam
1220 4165 1309 4218 tibi
1330 4165 1561 4222 afﬁrmet
1581 4176 1633 4222 et
1648 4169 1853 4238 probet,
1880 4179 1937 4226 ut

351 4270 513 4313 omne
526 4270 720 4310 nomen
735 4255 951 4309 verbum
966 4263 1066 4319 est,
1082 4256 1151 4309 ita
1165 4270 1323 4310 omne
1336 4257 1556 4311 verbum
1576 4274 1768 4314 nomen
1788 4264 1941 4317 esse?

360 4347 633 4417 poterisne
651 4347 889 4402 invenire
906 4348 1030 4417 quid
1043 4347 1260 4411 distent,
1279 4357 1473 4419 praeter
1491 4350 1759 4407 diversum
1784 4355 1834 4408 in
1859 4354 1944 4407 Iit-

353 4439 481 4492 teris
493 4439 709 4494 sonum?
722 4438 819 4491 Ad.
837 4438 954 4492 Non
970 4446 1178 4508 potero,
1194 4454 1293 4494 nec
1304 4441 1523 4496 omnino
1534 4441 1732 4498 distare
1744 4444 1942 4514 aliquid

354 4538 501 4598 puto.
530 4530 661 4601 Aug.
681 4530 839 4598 Quid,
859 4530 902 4583 si
930 4530 1107 4584 omnia
1133 4530 1348 4600 quidem
1375 4546 1492 4602 quae
1515 4548 1644 4588 voce
1661 4535 1940 4591 articulata

350 4639 474 4680 cum
503 4624 678 4693 aliquo
704 4622 999 4693 signiﬁcatu
1043 4623 1404 4693 proferuntur,
1432 4635 1487 4681 et
1524 4627 1687 4682 verba
1728 4637 1852 4683 sunt
1886 4638 1943 4684 et

352 4716 601 4775 nomina:
631 4716 727 4774 Sed
763 4726 940 4771 tamen
980 4715 1081 4769 alia
1111 4715 1179 4770 de
1220 4731 1379 4772 causa
1419 4718 1603 4785 verba,
1635 4729 1691 4775 et
1730 4720 1834 4775 alia
1873 4722 1941 4777 de

353 4822 511 4863 causa
542 4808 754 4862 nomina
790 4807 949 4862 sunt?
981 4807 1181 4862 nihilne
1221 4808 1439 4864 distabit
1490 4811 1628 4867 inter
1656 4828 1851 4869 nomen
1884 4824 1941 4871 et

353 4898 609 4953 verbum?
638 4898 737 4952 Ad.
782 4897 1059 4966 Quomodo
1086 4899 1225 4953 istud
1263 4900 1333 4953 sit
1375 4916 1483 4955 non
1513 4902 1768 4973 intelligo.
1801 4906 1936 4977 Aug.

352 4988 479 5055 Hoc,
496 4990 682 5049 saltem
712 4991 977 5061 intelligis,
1002 4994 1185 5045 'omne
1227 4992 1523 5048 coloratum
1553 4996 1761 5053 visibile
1789 5014 1933 5067 esse,

352 5082 409 5126 et
437 5088 596 5127 omne
629 5072 833 5128 visibile
865 5074 1179 5138 coloratum,
1218 5077 1459 5145 quamvis
1498 5078 1613 5133 haec
1641 5080 1748 5135 duo
1778 5084 1940 5138 verba

357 5162 606 5218 distincte
634 5163 1041 5234 diﬁ’erentcrque
1062 5166 1377 5235 significent.
1398 5168 1496 5221 Ad.
1522 5168 1778 5241 Intelligo.
1804 5174 1937 5244 Aug.

360 5254 498 5323 Quid
515 5256 558 5310 si
589 5270 717 5324 ergo
746 5257 817 5309 ita
840 5266 895 5311 et
917 5270 1077 5310 omne
1099 5256 1320 5311 verbum
1348 5274 1565 5327 nomen,
1584 5269 1637 5315 et
1662 5277 1821 5318 omne
1853 5278 1940 5318 uo-

351 5363 477 5402 men
508 5347 727 5401 verbum
757 5354 860 5412 est,
888 5346 1131 5415 quamvis
1158 5346 1273 5402 hinc
1299 5349 1410 5418 ipsa
1439 5349 1543 5404 dno
1572 5352 1809 5419 nomina,
1856 5355 1939 5409 vel

351 5439 461 5493 duo
485 5440 667 5504 verba,
695 5438 745 5492 id
788 5448 869 5493 est
906 5453 1098 5493 nomen
1124 5447 1180 5493 ct
1209 5440 1452 5508 verbum,
1472 5441 1807 5498 differentem
1838 5444 1937 5498 ha-

352 5530 517 5585 beant
559 5530 1038 5601 signiﬁcationem?
1062 5528 1162 5583 Ad.
1192 5530 1309 5585 Jam
1338 5531 1494 5586 video
1523 5549 1680 5601 posse
1718 5534 1768 5587 id
1800 5536 1939 5589 acci-

351 5623 482 5679 dere
515 5642 528 5677 :
553 5623 648 5680 sed
674 5621 939 5693 quomodo
964 5622 1017 5675 id
1042 5622 1266 5689 accidat,
1298 5634 1547 5695 exspecto
1575 5634 1631 5679 ut
1658 5627 1929 5682 ostendas.

351 5717 483 5788 Aug.
510 5716 680 5772 Omne
699 5715 839 5787 quod
859 5730 980 5771 eum
1005 5715 1182 5787 aliquo
1192 5717 1489 5787 signiﬁcatu
1509 5720 1781 5775 articulate
1810 5736 1938 5777 voce

352 5804 670 5879 prorumpit,
702 5807 1102 5879 animadvertis,
1136 5818 1190 5864 ut
1215 5810 1425 5882 opinor,
1455 5820 1508 5869 et
1534 5827 1717 5869 aurem
1751 5814 1934 5877 verbe-

1753 368 1955 429 LIBER
1990 366 2192 429 UNUS.

3497 383 3636 441 HO!

2048 499 2190 552 rare,
2214 493 2271 541 ut
2299 485 2514 553 sentiri;
2538 493 2591 542 et
2612 488 2883 544 memoria:
2899 489 3160 557 mandari,
3185 501 3243 547 ut
3270 494 3420 551 nosci
3440 499 3629 565 possit.

2048 575 2147 632 Ad.
2206 576 2603 635 Animadverto.
2660 580 2791 653 Aug.
2834 581 2949 637 Duo
2988 597 3114 654 ergo
3142 584 3384 655 quaedam
3424 591 3632 643 contin-

2046 677 2204 737 gunt,
2232 685 2353 724 eum
2385 671 2581 741 aliquid
2614 673 2704 727 tali
2734 688 2864 729 voce
2906 673 3244 744 proferimus.
3288 677 3388 730 Ad.
3422 675 3494 732 lta
3525 690 3627 736 est.

2048 760 2176 833 Aug.
2209 762 2366 831 Quid,
2400 766 2445 819 si
2482 765 2670 820 horum
2696 767 2921 822 duorum
2952 784 3016 824 ex
3056 786 3161 823 uno
3199 771 3459 841 appellata
3502 785 3628 829 sunt

2046 854 2226 922 verba,
2255 871 2318 910 ex
2346 857 2515 911 altero
2544 858 2791 925 nomina;
2824 861 2982 915 verba
3014 862 3255 917 sciliccta
3279 863 3628 932 verberando,

2046 949 2257 1002 nomina
2286 965 2411 1005 vero
2433 967 2460 1004 a
2482 952 2771 1017 nosccudo,
2808 953 3004 1008 utillud
3032 956 3261 1024 primum
3290 955 3357 1009 ab
3387 957 3624 1023 auribus,

2045 1038 2147 1093 hoc
2164 1050 2337 1095 autem
2370 1042 2658 1097 secundum
2690 1044 2757 1098 ab
2785 1045 2964 1099 animo
2989 1047 3164 1100 vocari
3192 1049 3486 1102 meruerit?

2118 1131 2203 1184 15.
2231 1131 2330 1185 Ad.
2361 1133 2686 1200 Concedam,
2719 1150 2842 1191 cum
2872 1137 3170 1191 ostenderis
3189 1139 3455 1209 quomodo
3481 1149 3631 1195 recte

2044 1223 2312 1291 possimus
2357 1226 2536 1281 omnia
2584 1214 2741 1282 verba
2788 1230 3001 1283 nomina
3032 1229 3229 1286 dicere.
3268 1231 3399 1302 Aug.
3450 1232 3627 1288 Facile

2044 1322 2127 1367 cst
2152 1331 2163 1366 :
2194 1328 2315 1368 nam
2340 1316 2500 1371 credo
2528 1326 2578 1373 te
2607 1320 2878 1388 accepisse
2922 1335 2984 1375 ac
3010 1329 3190 1375 tenere
3220 1337 3510 1391 pronomen
3540 1323 3625 1378 di—

2044 1414 2209 1471 ctum,
2237 1407 2376 1476 quod
2406 1424 2499 1478 pro
2527 1410 2642 1480 ipso
2672 1413 2887 1467 nomine
2907 1414 3101 1479 valeat,
3126 1430 3240 1470 rem
3276 1424 3450 1472 tamen
3480 1426 3627 1473 notet

2042 1500 2217 1555 minus
2245 1501 2397 1571 plena
2419 1504 2804 1574 signiﬁcatione
2830 1524 2987 1578 quam
3016 1511 3399 1579 nomen.Nam,
3427 1524 3486 1568 ut
3511 1514 3628 1585 opi-

2043 1607 2160 1658 nor,
2195 1592 2434 1649 deﬁnivit
2476 1595 2565 1649 ille
2611 1597 2704 1663 ita,
2740 1614 2900 1668 quem
2926 1603 3273 1670 grammatico
3300 1602 3574 1658 reddidisti
3608 1622 3623 1657 :

2042 1686 2342 1742 Pronomen
2368 1697 2449 1743 est
2474 1704 2595 1758 pars
2619 1691 2894 1760 orationis,
2924 1708 3044 1763 quae
3074 1709 3168 1763 pro
3195 1694 3311 1765 ipso
3341 1696 3509 1765 posita
3529 1710 3627 1751 no-

2041 1780 2204 1845 mine,
2257 1780 2435 1835 minus
2479 1781 2690 1853 quidem
2740 1783 2915 1853 plene,
2948 1784 3085 1840 idem
3128 1795 3304 1842 tamen
3343 1786 3623 1857 signiﬁcat.

2041 1868 2142 1923 Ad.
2166 1870 2439 1925 Recordor
2460 1879 2515 1925 et
2543 1872 2728 1942 probo.
2767 1873 2899 1945 Aug.
2933 1874 3091 1930 Vides
3133 1876 3290 1946 igitur
3333 1863 3625 1933 secundum

2040 1962 2179 2018 hanc
2233 1963 2594 2020 deﬁnitionem
2633 1966 2789 2020 nullis
2835 1966 2935 2021 nisi
2974 1968 3278 2023 nominibus
3316 1969 3535 2031 servire,
3568 1979 3625 2024 et

2040 2069 2138 2124 pro
2168 2054 2252 2108 his
2290 2055 2418 2109 solis
2447 2057 2570 2126 poni
2607 2071 2760 2126 posse
2788 2058 3122 2127 pronomina,
3162 2058 3309 2112 velut
3347 2073 3468 2112 cum
3498 2058 3628 2113 dici-

2039 2162 2182 2213 mus,
2211 2147 2305 2202 llic
2326 2149 2428 2215 vir,
2468 2149 2580 2219 ipse
2604 2165 2719 2217 rex,
2753 2149 2939 2205 eadem
2968 2150 3178 2215 mulier,
3202 2149 3305 2205 hoc
3328 2165 3540 2217 aurum,
3566 2150 3630 2205 il-

2040 2236 2129 2292 lud
2160 2247 2437 2308 argentum
2469 2257 2482 2293 :
2511 2240 2615 2305 hic,
2648 2240 2781 2310 ipse,
2813 2241 3020 2307 eadem,
3051 2241 3169 2306 hoc,
3198 2241 3328 2296 illud
3356 2244 3628 2313 pronomi-

2041 2344 2107 2383 na
2128 2344 2276 2395 esse;
2309 2332 2408 2398 vir,
2437 2347 2553 2399 rex,
2576 2333 2787 2399 mulier,
2812 2349 3020 2397 aurum,
3057 2342 3353 2402 argentum,
3386 2334 3623 2395 nomina.

2040 2419 2232 2489 quibus
2258 2420 2462 2491 plenius
2489 2438 2647 2492 quam
2679 2423 2785 2477 illis
2814 2422 3216 2493 pronominibus
3246 2438 3332 2479 res
3358 2423 3624 2495 signiﬁca-

2042 2518 2109 2565 ta:
2138 2520 2280 2565 sunt.
2302 2511 2396 2565 Ad.
2434 2512 2599 2568 Video
2635 2523 2688 2568 et
2714 2514 2997 2570 assentior.
3028 2513 3159 2585 Aug.
3194 2513 3274 2567 Tu
3315 2529 3444 2585 ergo
3485 2530 3627 2569 nunc

2040 2602 2173 2657 mihi
2204 2618 2396 2673 paucas
2424 2606 2827 2673 conjunctiones
2848 2605 3111 2676 quaslibet
3139 2605 3375 2660 enuntia.
3406 2606 3505 2659 Ad.
3534 2606 3622 2674 Et,

2042 2710 2166 2765 que,
2190 2705 2263 2763 at,
2309 2704 2487 2767 atque.
2524 2697 2655 2768 Aug.
2690 2697 2813 2752 llrec
2856 2697 3035 2751 omnia
3060 2712 3181 2768 qua:
3220 2696 3420 2765 dixisti,
3449 2714 3628 2753 nonne

2044 2788 2138 2843 tibi
2159 2787 2403 2843 videntur
2426 2804 2545 2844 esse
2572 2788 2819 2843 nomina?
2843 2788 2945 2841 Ad.
2967 2788 3081 2843 Non
3104 2788 3342 2843 omnino.
3363 2788 3497 2859 Aug.
3518 2788 3629 2858 Ego

2042 2880 2233 2935 saltem
2272 2880 2364 2935 tibi
2404 2888 2550 2935 recte
2591 2880 2801 2935 locutus
2827 2879 3030 2946 videor,
3071 2894 3192 2935 cum
3222 2879 3476 2942 dicerem,
3506 2879 3629 2934 llaec

2042 2973 2219 3028 omnia
2248 2990 2365 3043 qua:
2391 2973 2608 3028 dixisti?
2640 2973 2739 3027 Ad.
2766 2973 2931 3029 Recte
2962 2988 3214 3043 prorsus;
3246 2981 3301 3029 et
3332 2972 3442 3043 jam
3471 2972 3629 3027 intel-

2043 3066 2149 3137 ligo
2177 3081 2335 3137 quam
2380 3066 2693 3121 mirabiliter
2736 3065 3036 3121 ostenderis
3078 3081 3164 3120 me
3207 3065 3421 3120 nomina
3462 3080 3629 3120 enun-

2044 3158 2206 3213 tiasse
2238 3174 2250 3211 :
2284 3172 2387 3211 non
2428 3157 2571 3212 enim
2601 3158 2757 3212 aliter
2796 3157 2973 3213 dehis
3018 3167 3162 3212 recte
3196 3156 3300 3212 dici
3348 3159 3628 3228 potuisset,

2044 3251 2168 3306 Haec
2205 3250 2404 3305 omnia.
2437 3249 2543 3305 Sed
2587 3250 2727 3305 enim
2774 3265 2965 3316 vereor
3007 3248 3201 3314 adhuc,
3226 3265 3293 3303 ne
3343 3257 3624 3320 propterea

2043 3343 2175 3398 mihi
2211 3351 2353 3398 recte
2384 3343 2589 3397 locutus
2634 3340 2882 3406 videaris,
2915 3340 3055 3412 quod
3101 3339 3198 3394 has
3237 3350 3463 3410 quatuor
3495 3356 3629 3396 con-

2039 3435 2343 3506 iunctiones
2372 3434 2531 3489 etiam
2554 3434 2712 3488 verba
2738 3448 2858 3488 esse
2890 3447 2994 3487 non
3026 3446 3198 3502 nego;
3223 3440 3279 3485 ut
3306 3431 3427 3486 ideo
3450 3431 3517 3486 de
3544 3430 3630 3486 his

2045 3534 2192 3581 recte
2216 3524 2323 3579 diei
2354 3526 2608 3594 potuerit,
2643 3524 2768 3578 llzec
2794 3523 2993 3590 omnia,
3030 3522 3279 3593 quoniam
3316 3532 3463 3576 recte
3491 3521 3629 3576 dici-

2046 3627 2151 3685 tur,
2181 3618 2306 3673 llzec
2328 3617 2484 3673 verba
2507 3617 2704 3670 omnia.
2731 3616 2787 3670 Si
2814 3626 2989 3669 autem
3019 3631 3049 3669 a
3079 3630 3165 3669 me
3181 3628 3391 3684 quzeras
3420 3630 3537 3683 qua:
3562 3615 3632 3668 sit

2045 3725 2168 3782 pars
2188 3710 2466 3775 orationis,
2517 3707 2719 3772 Verba;
2752 3707 2885 3761 nihil
2910 3705 3053 3761 aliud
3083 3704 3418 3774 respondebo
3444 3720 3628 3775 quam,

2045 3801 2271 3856 Nomen.
2304 3800 2478 3869 Quare
2521 3799 2645 3854 huic
2681 3800 2882 3853 nomini
2924 3796 3154 3852 fortasse
3201 3811 3494 3866 pronomen
3536 3794 3631 3849 ad-

2042 3894 2285 3965 junctum
2311 3900 2412 3958 est,
2446 3901 2503 3945 ut
2530 3892 2615 3947 illa
2642 3900 2785 3947 recta
2814 3898 2956 3946 esset
2983 3890 3177 3944 locutio
3198 3897 3305 3942 tua.

2119 3989 2207 4041 Η.
2235 3985 2369 4057 Aug.
2393 3986 2561 4040 Acute
2589 3984 2803 4055 quidem
2826 3982 3039 4047 falleris,
3058 3980 3150 4036 sed
3177 3989 3232 4035 ut
3258 3979 3366 4034 falli
3392 3978 3629 4046 desinas,

2047 4078 2252 4133 acutius
2288 4076 2502 4132 attende
2536 4074 2679 4146 quod
2723 4074 2918 4138 dicam,
2956 4073 2999 4128 si
3028 4081 3203 4127 tamen
3246 4071 3299 4127 id
3343 4072 3543 4135 dicere,
3571 4082 3632 4126 ut

2046 4170 2191 4235 volo,
2221 4169 2440 4224 valuere
2475 4187 2486 4222 :
2518 4183 2639 4222 nam
2658 4167 2832 4221 verbis
2854 4166 2921 4220 de
2951 4165 3124 4220 verbis
3145 4180 3303 4234 agere
3328 4172 3435 4218 tam
3464 4164 3632 4234 impli-

2047 4269 2221 4316 catum
2250 4269 2350 4326 est,
2384 4276 2541 4330 quam
2560 4260 2751 4329 digitos
2774 4258 2949 4329 digitis
2972 4258 3205 4313 inserere
3222 4265 3278 4312 et
3302 4256 3628 4321 confricare;

2048 4350 2138 4404 ubi
2168 4351 2252 4403 vix
2274 4349 2617 4419 dignoscitur,
2642 4350 2742 4403 nisi
2767 4349 2834 4403 ab
2855 4364 2919 4403 eo
2946 4349 3063 4418 ipso
3087 4348 3175 4418 qui
3198 4347 3249 4401 id
3270 4347 3399 4417 agit,
3431 4347 3519 4416 qui
3548 4346 3628 4401 di-

2046 4440 2140 4509 giti
2172 4439 2430 4508 pruriant,
2463 4447 2517 4493 ct
2541 4439 2628 4508 qui
2664 4439 2982 4492 auxilientur
3009 4437 3385 4506 prurientibus.
3418 4436 3517 4490 Ad.
3548 4436 3629 4493 Eu

2047 4539 2161 4586 toto
2188 4531 2366 4585 animo
2398 4524 2605 4597 adsum,
2634 4545 2757 4585 nam
2778 4530 2879 4584 ista
2900 4530 3015 4585 haec
3040 4529 3329 4585 similitudo
3350 4546 3435 4586 me
3460 4531 3630 4586 inten-

2048 4623 2308 4678 tissimum
2339 4621 2481 4677 fecit.
2502 4622 2634 4691 Aug.
2657 4620 2827 4676 Verba
2856 4630 3002 4677 certe
3022 4636 3178 4685 sono,
3207 4630 3261 4676 et
3286 4621 3476 4676 litteris
3502 4637 3627 4677 con-

2047 4726 2208 4773 stant.
2236 4716 2335 4770 Ad.
2360 4716 2435 4771 lta
2460 4724 2561 4772 est.
2591 4715 2721 4787 Aug.
2756 4715 2897 4786 Ergo
2924 4724 2981 4770 ut
3007 4730 3068 4771 ea
3091 4716 3422 4785 potissimum
3446 4727 3633 4769 aucto-

2046 4810 2203 4866 ritate
2250 4817 2485 4873 utamur,
2532 4823 2651 4878 quze
2693 4807 2846 4864 nobis
2892 4807 3203 4862 charissima
3247 4812 3349 4868 est,
3392 4820 3513 4860 cum
3556 4805 3625 4861 ai:

2046 4900 2240 4956 Paulus
2262 4900 2556 4969 apostolus,
2579 4898 2698 4953 Nor.
2729 4908 2836 4953 erat
2862 4900 2915 4952 in
2931 4896 3129 4953 Christo
3156 4896 3245 4950 Est
3268 4905 3313 4949 et
3336 4893 3458 4949 Non
3476 4896 3515 4961 ¹,
3540 4895 3627 4948 sed

2047 4993 2141 5047 Est
2167 4994 2219 5047 in
2245 4991 2335 5045 illo
2364 5000 2467 5045 erat
2509 4990 2573 5060 (ll
2598 4990 2717 5047 Cor.
2744 5007 2784 5057 ι,
2824 4988 2935 5062 19),
2966 5004 3071 5043 non
3103 4988 3311 5057 opinor,
3340 4986 3628 5058 putandum

2047 5093 2128 5139 est
2150 5094 2257 5138 tres
2286 5082 2413 5137 istas
2434 5082 2657 5145 litteras,
2686 5096 2816 5150 quas
2846 5079 3183 5135 enuntiamus
3212 5093 3334 5133 cum
3374 5077 3630 5142 dicimus,

2047 5184 2136 5240 est,
2171 5175 2330 5229 fuisse
2357 5175 2410 5228 in
2435 5172 2648 5229 Christo
2668 5214 2683 5240 ,
2713 5173 2805 5228 sed
2840 5171 2966 5226 illud
2998 5172 3169 5241 potius
3198 5170 3339 5242 quod
3381 5171 3497 5225 istis
3538 5171 3629 5225 tri-

2045 5266 2145 5321 bus
2163 5266 2348 5319 litteris
2368 5266 2714 5335 signiﬁcatur.
2742 5264 2840 5318 Ad.
2870 5264 3067 5320 Verum
3087 5263 3240 5319 dicis.
3264 5262 3398 5334 Aug.
3426 5262 3627 5317 Intelli-

2045 5356 2127 5427 gis
2144 5356 2305 5426 igitur
2324 5372 2447 5411 eum
2468 5356 2556 5425 qui
2574 5356 2667 5421 ait,
2683 5354 2775 5409 Est
2802 5356 2855 5409 in
2874 5356 2962 5409 illo
2982 5364 3111 5421 erat,
3125 5355 3253 5408 nihil
3272 5354 3413 5407 aliud
3430 5354 3630 5408 dixisse

2045 5463 2226 5518 quam,
2260 5447 2355 5501 Est
2382 5448 2679 5516 appellatur
2703 5447 2843 5517 quod
2881 5448 2934 5501 in
2966 5447 3057 5502 illo
3098 5455 3213 5502 erat
3242 5464 3256 5500 :
3298 5455 3544 5517 tanquam
3585 5446 3630 5500 si

2046 5539 2287 5605 dixisset,
2320 5537 2499 5594 Virtus
2530 5540 2583 5594 in
2627 5540 2717 5594 illo
2746 5548 2886 5606 erat;
2920 5556 3025 5593 non
3055 5540 3233 5609 utique
3259 5538 3398 5592 aliud
3429 5538 3628 5592 dixisse

2046 5632 2396 5700 acciperetur,
2432 5632 2553 5699 nisi,
2585 5633 2751 5686 virtus
2778 5632 3070 5701 appellatur
3094 5629 3233 5699 quod
3262 5631 3312 5683 in
3350 5630 3440 5682 illo
3465 5636 3583 5683 erat
3612 5645 3630 5683 :

2046 5739 2113 5779 ne
2138 5723 2270 5778 duas
2291 5723 2418 5778 istas
2448 5723 2679 5794 syllabas
2704 5738 2834 5794 quas
2850 5722 3209 5788 enuntiamus,
3241 5736 3361 5776 cum
3380 5719 3639 5789 dicitnvsg

2119 5816 2136 5848 ⁸
2164 5820 2265 5870 Νειὶ
2285 5826 2363 5870 καὶ
2390 5823 2461 5871 οὗ.
