4118 6370
462 381 601 437 1205

465 495 664 561 Virtus,
692 502 745 550 et
774 508 876 548 non
908 492 1039 548 illud
1066 491 1207 564 quod
1236 490 1316 546 his
1341 488 1548 545 duabus
1586 488 1802 560 syllabis
1840 487 2042 559 signiti-

465 593 639 653 catur,
670 584 722 640 in
754 584 843 639 illo
867 584 1030 640 fuisse
1058 584 1455 638 arbitraremur.
1480 580 1580 634 Ad.
1613 580 1851 650 lntelligo
1874 595 1937 634 ac
1960 593 2043 633 se-

466 691 626 746 quor.
658 676 790 748 Aug.
823 675 997 745 Quid?
1031 674 1159 730 illud
1202 688 1378 729 nonne
1424 672 1673 743 intelligis
1704 671 1863 727 etiam
1912 670 2042 724 nihil

460 770 723 823 interesse
754 778 928 823 utrum
955 767 1183 838 quisque
1211 765 1373 834 dicat,
1403 764 1586 820 Virtus
1611 765 1927 835 appellatur,
1950 778 2039 829 an,

462 861 640 917 Virtus
663 860 1006 917 nominatur?
1035 860 1137 913 Ad.
1157 858 1490 914 Manifestum
1509 867 1610 913 est.
1642 856 1773 928 Aug.
1809 856 1948 926 Ergo
1970 856 2041 911 ita

455 951 794 1008 manifestum
826 960 929 1018 est,
960 950 1089 1005 nihil
1126 951 1381 1006 interesse
1410 958 1584 1002 utrum
1616 946 1734 1018 quis
1762 945 1921 1013 dicat,
1948 946 2043 1001 Est

461 1042 777 1114 appellatur,
812 1058 897 1107 an,
938 1042 1032 1096 Est
1069 1041 1373 1096 nominatur
1403 1038 1542 1110 quod
1579 1040 1629 1092 in
1659 1038 1748 1091 illo
1775 1045 1907 1092 erat.
1939 1036 2037 1091 Ad.

453 1136 626 1192 Video
656 1144 709 1193 et
749 1135 837 1191 hic
864 1136 996 1192 nihil
1042 1135 1260 1189 distare.
1292 1133 1425 1205 Aug.
1460 1132 1645 1187 Jamne
1689 1131 1851 1185 etiam
1892 1128 2040 1183 vides

451 1229 582 1300 quid
612 1229 771 1284 velim
799 1228 1117 1283 ostendere?
1146 1226 1245 1281 Ad.
1275 1225 1521 1280 Nondum
1558 1238 1706 1278 sane.
1740 1222 1866 1293 Aug.
1894 1221 2039 1275 itane

450 1328 510 1376 tu
537 1336 642 1376 non
667 1321 816 1376 vides
854 1336 1047 1375 nomen
1086 1335 1205 1375 esse
1235 1318 1286 1373 id
1334 1332 1441 1389 quo
1468 1331 1554 1372 res
1591 1316 1761 1384 aliqua
1790 1313 2034 1368 nomina-

448 1413 571 1469 tur?
619 1414 718 1468 Ad.
762 1413 873 1469 lloc
912 1414 1067 1484 plane
1095 1413 1226 1467 nihil
1267 1412 1463 1467 certius
1503 1410 1675 1465 video.
1706 1408 1836 1479 Aug.
1875 1407 2036 1462 Vides

450 1518 600 1575 ergo,
633 1505 728 1559 Est
757 1520 950 1560 nomen
974 1520 1109 1567 esse,
1130 1504 1390 1574 siquidem
1421 1500 1547 1556 illud
1561 1499 1697 1571 quod
1711 1509 1825 1555 erat
1848 1499 1900 1552 in
1920 1498 2033 1563 illo,

450 1593 552 1649 Est
589 1597 913 1651 nominatur.
952 1595 1050 1649 Ad.
1080 1595 1288 1667 Negare
1315 1610 1420 1649 non
1454 1608 1690 1662 possum.
1723 1591 1860 1663 Aug.’
1883 1590 1951 1644 At
1992 1589 2036 1644 si

451 1701 517 1741 ex
549 1696 600 1743 te
628 1704 920 1758 quaererem
950 1704 1067 1759 quze
1089 1689 1158 1743 sit
1187 1702 1308 1758 pars
1335 1685 1609 1748 orationis,
1644 1684 1771 1747 Est;
1796 1698 1901 1737 non
1920 1682 2036 1751 opi-

450 1794 554 1833 nor
579 1794 794 1845 nomen,
823 1781 916 1836 sed
959 1780 1178 1835 verbum
1211 1795 1331 1835 esse
1370 1779 1600 1844 diceres,
1634 1791 1755 1831 cum
1803 1774 1855 1829 id
1901 1775 2037 1829 ratio

450 1870 613 1925 etiam
642 1887 835 1926 nomen
855 1886 973 1926 esse
997 1871 1255 1926 docuerit.
1285 1869 1385 1924 Ad.
1417 1868 1492 1923 ita
1513 1876 1594 1923 est
1628 1881 1845 1937 prorsus
1872 1872 1929 1919 ut
1956 1864 2039 1918 di-

448 1962 548 2016 cis.
570 1961 703 2033 Aug.
727 1962 863 2021 Num
887 1962 1061 2018 adhuc
1089 1962 1297 2017 dubitas
1322 1961 1455 2014 alias
1483 1973 1691 2030 quoque
1715 1966 1890 2027 partes
1919 1970 2038 2010 ora-

450 2051 612 2106 tionis
653 2053 841 2107 eodem
886 2053 1067 2121 modo,
1116 2068 1221 2124 quo
1262 2051 1765 2115 demonstravimus,
1821 2049 2036 2103 nomina

449 2144 616 2199 esse?
642 2145 738 2198 Ad.
766 2144 883 2201 Non
904 2146 1107 2211 dubito,
1132 2144 1559 2217 quandoquidem
1591 2143 1762 2199 fateor
1790 2158 1850 2198 ea
1869 2141 2035 2213 signi-

447 2236 839 2307 ﬁcarealiquid.
859 2237 912 2292 Si
930 2246 1110 2293 autem
1140 2251 1230 2293 res
1254 2236 1382 2308 ipsa:
1397 2251 1528 2307 quas
1554 2235 1881 2306 significant,
1910 2231 2035 2304 quid

447 2327 671 2397 singula:
704 2328 1064 2399 appellentur,
1115 2327 1165 2383 id
1195 2336 1278 2384 est
1306 2328 1665 2391 nominentur,
1704 2328 2032 2396 interroges;

445 2416 771 2487 respondere
802 2434 908 2474 non
944 2432 1191 2489 possum,
1223 2418 1325 2474 nisi
1354 2433 1444 2474 eas
1469 2417 1611 2489 ipsas
1641 2428 1817 2488 partes
1841 2417 2037 2471 oratio-

447 2508 550 2575 nis,
582 2524 713 2579 quas
737 2512 951 2566 nomina
976 2528 1081 2566 non
1113 2526 1386 2577 vocamus,
1411 2509 1526 2577 sed,
1556 2518 1613 2564 ut
1635 2524 1820 2575 cerno,
1843 2522 2035 2563 vocare

447 2600 835 2656 convincimur.

520 2692 608 2747 15.
638 2694 769 2765 Aug.
814 2692 1025 2749 Nihilne
1056 2702 1107 2749 te
1135 2701 1331 2759 movet,
1364 2708 1432 2749 ne
1458 2693 1575 2763 quis
1601 2693 1793 2748 existat
1819 2692 1908 2763 qui
1934 2707 2034 2747 no-

444 2791 613 2839 stram
654 2785 807 2839 istam
852 2785 1113 2840 rationem
1152 2784 1432 2840 labelactet
1477 2784 1733 2847 dicendo,
1776 2784 2034 2854 Apostolo

445 2890 554 2928 non
599 2875 902 2940 verborum,
933 2875 1028 2932 sed
1058 2892 1234 2931 rerum
1262 2878 1626 2932 auctoritatem
1654 2891 1771 2932 esse
1801 2875 2033 2930 tribuen-

445 2964 604 3029 dam;
652 2967 997 3036 quamobrem
1038 2968 1436 3024 fundamentum
1480 2968 1838 3039 persuasionis
1876 2968 2032 3038 hujus

445 3069 555 3109 non
613 3064 718 3111 tam
763 3071 883 3113 esse
929 3058 1140 3113 ﬁrmum
1189 3075 1345 3130 quam
1384 3070 1630 3131 putamus
1667 3078 1680 3114 :
1723 3060 1841 3115 ﬁeri
1889 3060 2031 3116 enim

442 3158 605 3214 posse
633 3154 688 3201 ut
716 3146 930 3214 Paulus,
954 3164 1255 3220 quanquam
1280 3150 1471 3205 vixerit
1497 3151 1915 3221 praeceperitque
1941 3166 2029 3206 re-

443 3236 682 3292 ctissime
712 3239 750 3305 ',
803 3239 982 3295 minus
1026 3248 1202 3296 tamen
1240 3248 1386 3298 recte
1410 3242 1619 3297 locutus
1651 3242 1739 3307 sit,
1782 3257 1903 3296 cum
1932 3243 2025 3309 ait,

440 3326 536 3382 Est
574 3328 626 3383 in
667 3328 760 3385 illo
787 3339 928 3398 erat;
980 3333 1273 3401 prmscrtim
1300 3348 1421 3387 cum
1461 3347 1521 3388 se
1572 3334 1684 3402 ipse
1727 3334 2028 3403 imperitum

442 3432 698 3475 sermone
726 3419 999 3477 fateatur?
1024 3421 1098 3497 (ll
1127 3421 1246 3479 Cor.
1267 3439 1346 3488 χι,
1379 3421 1477 3496 6.)
1498 3440 1602 3494 quo
1631 3424 1842 3479 tandem
1870 3424 2029 3479 modo

438 3508 603 3564 istum
629 3509 976 3568 refellendum
1017 3514 1336 3570 arbitraris?
1366 3515 1464 3569 Ad.
1504 3516 1644 3570 Nihil
1675 3516 1846 3571 habeo
1886 3517 2028 3589 quod

439 3603 826 3672 eontradicam,
862 3614 919 3661 et
947 3615 997 3661 te
1025 3622 1121 3661 oro
1146 3615 1203 3662 ut
1239 3607 1467 3679 aliquem
1508 3608 1576 3663 de
1620 3608 1725 3663 illis
1766 3610 2023 3679 reperias,

440 3692 633 3763 quibus
661 3695 942 3751 verborum
968 3696 1152 3751 notitia
1176 3712 1380 3752 summa
1410 3699 1736 3766 conceditur,
1765 3701 1917 3770 cujus
1934 3716 2028 3755 au-

440 3785 687 3841 ctoritate
715 3786 893 3856 potius
935 3786 993 3842 id
1024 3787 1171 3857 quod
1208 3788 1357 3858 cupis
1401 3788 1623 3844 efﬁcias.
1673 3791 1803 3861 Aug.
1854 3790 2027 3846 Minus

440 3879 585 3934 enim
613 3879 705 3935 tibi
729 3880 938 3935 videtur
962 3880 1148 3937 idonea
1173 3922 1186 3947 ,
1219 3882 1437 3937 remotis
1465 3884 1885 3949 auctoritatibus,
1913 3884 2027 3953 ipsa

440 3970 603 4040 ratio,
625 3987 729 4042 qua
756 3971 1151 4028 demonstratur
1170 3973 1415 4027 omnibus
1435 3974 1673 4044 partibus
1693 3975 1946 4030 orationis
1962 3976 2026 4030 si-

438 4064 675 4134 gniﬁcari
693 4063 983 4135 aliquid,et
998 4078 1064 4119 ex
1092 4078 1157 4119 eo
1172 4064 1463 4134 appellari;
1488 4065 1531 4120 si
1550 4077 1723 4120 autem
1746 4067 2020 4136 appellari,

441 4163 499 4210 et
522 4155 815 4221 nominari;
839 4157 881 4210 si
910 4156 1196 4221 nominari,
1236 4157 1450 4212 nomine
1490 4158 1670 4227 utique
1712 4157 1975 4212 nominari
2006 4177 2019 4213 :

438 4245 585 4315 quod
614 4246 667 4300 in
692 4246 917 4302 diversis
938 4246 1131 4318 linguis
1157 4247 1405 4302 facillime
1421 4247 1706 4318 jndicatur.
1734 4248 1863 4317 Quis
1880 4250 2023 4304 enim

438 4352 549 4393 non
578 4337 774 4403 videat,
800 4338 849 4393 si
873 4352 1087 4409 quaeras
1105 4338 1230 4410 quid
1259 4340 1428 4396 Graeci
1455 4342 1730 4396 nominent
1757 4342 1896 4412 quod
1925 4358 2024 4397 nos

438 4428 798 4495 nominamus,
833 4429 1336 4502 Quis,respondcri,
1368 4432 1610 4502 rtrquid
1652 4432 1821 4487 Graeci
1845 4432 2021 4487 nomi-

436 4526 568 4577 nent
607 4519 749 4590 quod
774 4534 873 4577 nos
900 4522 1258 4589 nominamus,
1298 4521 1452 4587 Volo,
1492 4521 1824 4591 reSponderi,
1855 4532 1971 4578 θέλω
2000 4541 2016 4556 ο

439 4611 568 4683 quid
601 4612 771 4669 Graeci
818 4614 1095 4669 nominent
1139 4613 1281 4685 quod
1330 4629 1428 4669 nos
1468 4614 1823 4679 nominamus,
1855 4614 2021 4682 Bene,

438 4704 773 4775 reSponderi,
823 4714 1008 4768 καλῶς’
1059 4706 1191 4777 quid.
1215 4704 1387 4761 Graeci
1427 4705 1705 4761 nominent
1746 4705 1887 4775 quod
1924 4720 2020 4761 nos

438 4796 799 4860 nominamus,
838 4795 1125 4866 Scriptum,
1175 4795 1508 4867 responderi,
1558 4805 1612 4851 τὸ
1648 4805 1969 4865 γεγραμμένον
2001 4811 2013 4823 ·

434 4886 563 4956 quid
601 4885 771 4942 Gra‘ci
798 4887 1071 4942 nominent
1097 4886 1239 4957 quod
1268 4900 1366 4941 nos
1406 4886 1743 4941 nominamus
1764 4929 1779 4952 ,
1815 4887 1906 4954 Et,
1928 4902 2018 4942 re-

435 4976 715 5047 sponderi,
735 4981 816 5031 και
841 4995 854 5009 ·
886 4977 1013 5048 quid
1034 4977 1205 5033 Graeci
1232 4978 1507 5032 nominent
1533 4977 1674 5047 quod
1718 4992 1817 5032 nos
1843 4979 2015 5031 nomi-

435 5083 652 5137 namus,
683 5068 767 5124 Ab
791 5111 804 5134 ,
841 5068 1173 5139 responderi,
1200 5071 1295 5123 ἀπὸ
1330 5086 1345 5100 ο
1376 5067 1501 5138 quid
1541 5068 1711 5123 Graeci
1744 5068 2021 5123 nominent

430 5159 574 5231 quod
594 5174 690 5215 nos
703 5161 1058 5227 nominamus,
1081 5160 1214 5224 Heu,
1235 5158 1568 5229 responderi,
1592 5168 1665 5212 οῗ·
1692 5170 1851 5229 atque
1868 5159 1917 5212 in
1938 5158 2019 5213 his

433 5251 684 5307 omnibus
704 5252 942 5322 partibus
967 5251 1243 5317 orationis,
1268 5265 1400 5321 quas
1427 5264 1567 5304 nunc
1583 5251 1912 5315 enumeravi,
1942 5265 2021 5305 re-

431 5350 520 5398 cte
546 5342 692 5413 loqui
721 5357 841 5398 eum
856 5342 945 5414 qui
965 5342 1042 5397 sic
1059 5340 1563 5412 interrogetzquod,
1580 5342 1905 5396 nisinomina
1931 5357 2018 5397 es-

433 5435 707 5502 sent,lieri
734 5450 838 5490 non
858 5435 1070 5506 posset?
1086 5435 1193 5490 llac
1211 5449 1337 5504 ergo
1360 5435 1561 5490 ratione
1580 5434 1797 5488 Paulum
1816 5444 2020 5503 aposto-

430 5527 548 5583 lum
570 5535 715 5582 recte
735 5528 965 5583 locutum
983 5542 1121 5593 esse,
1139 5542 1259 5583 cum
1276 5527 1495 5583 remotis
1512 5527 1746 5580 omnium
1768 5526 2020 5596 eioquen-
2068 5565 2077 5569 -

434 5618 573 5674 tium
613 5619 1014 5683 auctoritatibus
1033 5619 1274 5674 obtinere
1312 5618 1606 5688 possimus;
1636 5617 1761 5687 quid
1790 5632 1923 5688 opus
1937 5625 2021 5672 est

444 5724 688 5782 quaerere
734 5709 885 5780 cujus
918 5724 1146 5781 persona
1191 5708 1453 5764 sententia
1496 5716 1675 5763 nostra
1734 5708 2018 5764 l'ulciatur?

471 5825 516 5915 ιι
550 5830 658 5877 κει.
682 5825 886 5890 habent,
923 5821 1106 5879 dixerit
1136 5819 1508 5887 prwceperitque
1519 5818 1796 5874 rectissime.

1576 375 1664 430 DE
1704 372 2069 441 MAGISTRO,
2109 372 2167 428 S.
2205 373 2570 433 AUGUSTINI

3602 382 3626 436 1
3635 381 3740 439 ειη

2228 490 2315 547 16.
2349 489 2455 546 Sed
2485 507 2554 547 ne
2591 493 2707 563 quis
2738 490 2938 546 tardior
2980 501 3071 548 aut
3108 493 3466 565 impudentior
3494 497 3739 553 nondum

2151 581 2324 651 cedat,
2353 592 2682 655 asseratque,
2712 584 2812 639 nisi
2843 583 2944 638 illis
2965 586 3291 655 auctoribus,
3320 588 3515 657 quibus
3538 589 3739 644 verbo-

2150 688 2267 728 rum
2298 675 2443 746 leges
2468 690 2731 731 consensu
2772 676 3009 731 omnium
3038 677 3359 746 tribuuntur,
3406 680 3550 735 nullo
3574 680 3742 735 modo

2149 778 2268 821 esse
2297 781 2601 832 cessurum;
2632 767 2758 838 quid
2785 768 2837 823 in
2875 768 3036 822 latina
3062 769 3238 840 lingua
3265 771 3611 826 excellentius
3646 770 3741 824 Ci-

2148 869 2343 912 cerone
2390 858 2613 914 inveniri
2664 859 2873 929 potest?
2920 860 2987 915 At
3040 859 3125 916 hic
3161 863 3214 916 in
3247 863 3354 917 suis
3394 863 3740 919 nobilissimis

2147 950 2478 1005 orationibus
2516 968 2648 1021 quas
2680 952 2930 1008 Verrinas
2976 963 3188 1020 vocant,
3220 954 3435 1019 Coram,
3469 954 3738 1025 pratposio

2149 1040 2367 1109 tionem,
2398 1042 2511 1099 sive
2528 1044 2618 1099 illo
2638 1045 2758 1100 loco
2774 1044 3081 1101 adverbium
3101 1047 3189 1114 sit,
3215 1063 3407 1102 nomen
3430 1049 3737 1118 appellavit.

2150 1134 2524 1192 Verumtamen
2545 1127 2671 1208 quia
2699 1139 2812 1193 fieri
2846 1148 3020 1208 potest
3044 1148 3102 1193 ut
3127 1155 3226 1210 ego
3253 1141 3398 1194 illum
3425 1141 3599 1195 locum
3632 1142 3739 1195 mi-

2145 1241 2245 1281 nus
2272 1226 2408 1283 bene
2438 1228 2750 1299 intelligam,
2792 1240 3201 1301 exponaturque
3220 1231 3353 1286 alias
3387 1231 3560 1297 aliter,
3588 1232 3672 1285 vel
3704 1247 3735 1285 a

2145 1333 2232 1373 me
2259 1319 2343 1373 vel
2371 1320 2439 1373 ab
2466 1320 2603 1386 alio;
2649 1329 2730 1375 est
2768 1321 2835 1375 ad
2864 1321 3005 1392 quod
3050 1321 3364 1391 responderi
3405 1336 3563 1393 posse
3603 1322 3737 1377 nihil

2144 1417 2293 1479 puto.
2328 1409 2566 1465 Tradunt
2591 1411 2732 1466 enim
2775 1412 3089 1467 nobilissimi
3118 1412 3532 1482 disputationum
3561 1413 3737 1483 magi-

2145 1501 2263 1569 stri,
2297 1502 2511 1557 nomine
2555 1510 2608 1557 et
2664 1503 2827 1558 verbo
2857 1503 3065 1574 plenam
3096 1512 3343 1558 constare
3378 1503 3697 1558 sententiam
3718 1544 3734 1567 ,

2144 1606 2263 1661 quae
2306 1593 2561 1649 allirmari
2610 1596 2895 1666 negarique
2947 1596 3114 1666 possit
3152 1595 3336 1665 :quod
3378 1611 3546 1667 genus
3590 1596 3733 1650 idem

2143 1682 2345 1739 Tullius
2394 1685 2624 1755 quodam
2673 1687 2790 1741 loco
2835 1687 3236 1757 pronuntiatum
3285 1696 3439 1741 vocat
3474 1706 3486 1741 :
3519 1697 3571 1742 et
3609 1702 3732 1741 cum

2145 1775 2295 1830 verbi
2324 1778 2478 1832 tertia
2520 1793 2744 1847 persona
2771 1786 2873 1844 est,
2903 1779 3286 1833 nominativum
3311 1795 3430 1833 cum
3459 1796 3522 1835 ea
3547 1793 3731 1834 casum

2144 1868 2374 1923 nominis
2410 1868 2559 1922 aiunt
2605 1884 2723 1924 esse
2764 1878 3050 1940 oportere;
3082 1878 3136 1924 et
3156 1878 3301 1925 recte
3350 1871 3498 1924 aiunt
3543 1871 3733 1941 :qnod

2142 1972 2351 2012 mecum
2373 1958 2416 2012 si
2443 1958 2767 2023 consideres,
2796 1959 2945 2014 velut
2959 1975 3077 2014 cum
3098 1960 3344 2025 dicimus,
3364 1960 3535 2015 Homo
3556 1961 3729 2026 sedet,

2143 2046 2326 2116 Equus
2351 2049 2537 2113 currit,
2567 2050 2810 2120 agnoscis
2833 2090 2849 2116 ,
2877 2058 2936 2105 ut
2963 2051 3181 2119 opinor,
3210 2050 3315 2104 duo
3344 2064 3461 2104 esse
3490 2065 3730 2120 pronun-

2143 2140 2288 2193 tiata.
2338 2139 2438 2195 Ad.
2484 2141 2748 2211 Agnosco.
2781 2143 2912 2212 Aug.
2945 2142 3131 2197 Cernis
3167 2142 3221 2195 in
3264 2142 3484 2212 singulis
3523 2143 3731 2212 singula

2142 2246 2262 2288 esse
2287 2233 2523 2301 nomina,
2547 2234 2600 2288 in
2628 2249 2732 2289 uno
2754 2235 2935 2301 homo,
2967 2235 3020 2289 in
3048 2236 3217 2289 altero
3244 2250 3449 2305 equus;
3482 2247 3535 2289 et
3564 2236 3728 2289 verba

2142 2324 2370 2395 singula,
2424 2326 2477 2380 in
2522 2342 2627 2381 uno
2656 2326 2827 2394 sedet,
2875 2327 2927 2381 in
2957 2327 3126 2382 altero
3168 2326 3367 2381 currit?
3398 2325 3496 2379 Ad.
3529 2327 3730 2381 Cerno.

2140 2415 2275 2488 Aug.
2306 2417 2446 2488 Ergo
2475 2417 2519 2473 si
2546 2418 2799 2483 dicerem,
2827 2418 2978 2474 sedet
3018 2425 3246 2486 tantum,
3274 2427 3367 2472 aut
3406 2418 3573 2473 currit
3609 2426 3730 2471 tan-

2142 2516 2274 2573 tum,
2304 2511 2448 2565 recte
2474 2526 2504 2565 a
2532 2526 2619 2567 me
2651 2526 2942 2581 qumreres,
2969 2512 3089 2582 quis
3111 2512 3197 2566 vel
3227 2510 3350 2581 quid
3369 2506 3389 2576 ;'
3406 2520 3465 2565 ut
3501 2525 3731 2579 respon-

2139 2598 2343 2668 derem,
2390 2602 2581 2672 llomo,
2628 2605 2711 2659 vel
2747 2621 2938 2676 equus,
2978 2604 3062 2661 vel
3101 2604 3316 2670 animal,
3345 2604 3428 2659 vel
3456 2604 3732 2674 quodlibet

2138 2692 2301 2761 aliud,
2331 2710 2436 2764 quo
2468 2695 2639 2765 possit
2659 2711 2854 2751 nomen
2876 2694 3140 2752 redditum
3166 2696 3330 2750 verbo
3360 2695 3579 2763 implere
3601 2711 3731 2765 pro-

2138 2785 2457 2852 nuntiatum,
2507 2786 2556 2841 id
2580 2798 2660 2843 est
2689 2788 2831 2842 illam
2878 2786 3194 2842 sententiam
3222 2803 3341 2857 quae
3367 2786 3619 2840 afﬁrmari
3654 2796 3709 2840 et

2138 2876 2317 2943 negari
2349 2885 2542 2946 polest.
2573 2876 2673 2931 Ad.
2709 2876 2967 2948 intelligo.
3000 2876 3130 2948 Aug.
3168 2875 3398 2931 Attende
3422 2885 3635 2941 ca‘tera,
3667 2884 3724 2930 et

2137 2962 2277 3034 ﬁnge
2314 2980 2412 3021 nos
2448 2966 2629 3022 videre
2660 2967 2857 3038 aliquid
2900 2968 3132 3038 longius,
3169 2971 3503 3021 ctlncertum
3527 2966 3727 3021 habere

2138 3064 2316 3111 utrum
2360 3059 2560 3113 animal
2588 3060 2657 3114 sit
2695 3075 2761 3114 an
2801 3074 3010 3127 saxum,
3038 3059 3125 3116 vel
3166 3059 3289 3130 quid
3316 3059 3479 3123 aliud,
3532 3076 3729 3128 meque

2138 3146 2230 3201 tibi
2256 3148 2453 3217 dicere,
2476 3150 2605 3218 Quia
2628 3151 2789 3205 homo
2812 3161 2914 3215 est,
2941 3150 3136 3205 animal
3173 3159 3255 3205 est
3279 3168 3293 3217 ;
3323 3166 3498 3205 nonne
3523 3160 3727 3205 temere

2135 3236 2404 3293 dicerem?
2427 3240 2525 3293 Ad.
2554 3241 2779 3296 Temere
2804 3242 3023 3296 omnino
3047 3259 3060 3295 :
3084 3242 3303 3297 sednon
3336 3252 3538 3296 temere
3567 3242 3725 3311 plane

2135 3329 2365 3397 diceres,
2396 3331 2452 3387 Si
2496 3331 2657 3387 homo
2686 3342 2789 3399 est,
2831 3334 3028 3387 animal
3068 3343 3170 3388 est.
3202 3333 3332 3404 Aug.
3378 3333 3540 3388 Recte
3566 3334 3721 3389 dicis.

2134 3419 2318 3492 itaque
2347 3423 2399 3477 in
2424 3423 2691 3479 locutione
2717 3433 2804 3479 tua
2826 3426 3167 3495 placetmihi,
3194 3426 3281 3489 Si;
3312 3426 3487 3495 placet
3513 3434 3567 3479 et
3589 3426 3719 3479 tibi:

2134 3512 2344 3583 utrique
2369 3521 2543 3568 autem
2594 3524 2836 3570 nostrum
2868 3516 2922 3570 in
2957 3531 3075 3571 mea
3116 3516 3383 3586 diSpIicet,
3425 3515 3578 3583 Quia.
3612 3516 3711 3569 Ad.

2135 3604 2434 3658 Assentior.
2458 3606 2588 3675 Aug.
2625 3605 2756 3662 Vide
2792 3600 2902 3676 jam
2935 3616 3111 3661 utrum
3153 3607 3268 3661 ista:
3293 3606 3411 3661 dum
3440 3606 3722 3660 sententia:

2133 3693 2289 3763 plena
2344 3697 2682 3764 pronuntiata
2725 3696 2832 3751 sint
2877 3714 2890 3749 :
2934 3697 3112 3752 Placet
3141 3696 3206 3760 si,
3246 3696 3512 3767 displicet,
3570 3698 3717 3767 quia.

2132 3785 2233 3839 Ad.
2259 3786 2418 3841 Plena
2448 3788 2685 3844 omnino.
2717 3789 2849 3860 Aug.
2873 3790 3005 3860 Age,
3034 3804 3173 3844 nunc
3194 3789 3280 3843 dic
3317 3788 3445 3842 mihi
3471 3804 3590 3858 qua:
3645 3788 3715 3843 ibi

2132 3876 2240 3930 sint
2276 3877 2458 3944 verba,
2486 3894 2606 3948 quae
2646 3880 2882 3935 nomina.
2931 3880 3030 3932 Ad.
3068 3879 3240 3934 Verba
3290 3880 3360 3935 ibi
3391 3881 3545 3933 video
3573 3895 3715 3947 esse,

2131 3969 2324 4039 placet,
2353 3979 2437 4037 et,
2465 3971 2708 4041 diSplicet
2736 3990 2749 4026 :
2778 3973 2993 4028 nomina
3026 3987 3157 4027 vero
3195 3972 3320 4042 quid
3364 3972 3501 4037 aliud
3532 3988 3715 4041 quam,

2131 4060 2198 4129 si,
2223 4070 2295 4130 et,
2328 4063 2485 4134 quia?
2519 4066 2650 4136 Aug.
2683 4066 2790 4120 llas
2816 4080 2942 4136 ergo
2965 4065 3100 4120 duas
3127 4064 3526 4135 conjunctiones
3554 4066 3716 4119 etiam

2131 4158 2347 4210 nomina
2386 4172 2506 4213 esse
2548 4159 2676 4213 satis
2703 4159 2981 4229 probatum
3016 4167 3118 4214 est.
3162 4158 3262 4212 Ad.
3308 4158 3531 4212 Prorsus
3560 4157 3714 4212 satis.

2135 4248 2263 4318 Aug.
2291 4249 2518 4306 Potesne
2540 4251 2652 4321 ipse
2673 4266 2767 4321 per
2788 4262 2838 4305 te
2865 4252 2916 4305 in
2937 4252 3061 4308 aliis
3081 4252 3315 4323 partibus
3336 4251 3591 4306 orationis
3613 4250 3717 4307 hoc

2130 4339 2269 4395 idem
2296 4342 2365 4396 ad
2382 4343 2622 4397 eamdem
2656 4344 2891 4414 regulam
2914 4343 3146 4398 docere?
3167 4344 3266 4396 Ad.
3292 4343 3531 4397 Possum.

2304 4434 2530 4491 CAPUT
2572 4435 2657 4490 Vl.
2701 4467 2773 4476 —
2820 4437 2983 4507 Signa
3029 4437 3108 4490 sui
3142 4435 3495 4506 signiﬁcativa.

2210 4530 2301 4584 17.
2323 4527 2455 4600 Aug.
2486 4529 2842 4584 Transeamus
2878 4543 3006 4599 ergo
3031 4529 3173 4595 hinc,
3216 4536 3271 4582 et
3301 4529 3411 4597 jam
3455 4528 3541 4581 dic
3581 4527 3713 4582 mihi

2128 4632 2304 4678 utrum
2331 4621 2469 4676 sicut
2505 4620 2682 4674 omnia
2723 4621 2884 4675 verba
2928 4621 3163 4685 nomina,
3193 4629 3246 4673 et
3273 4619 3451 4675 omnia
3497 4619 3712 4671 nomina

2127 4714 2289 4769 verba
2328 4725 2448 4767 esse
2497 4711 2888 4780 comperimus,
2937 4711 3007 4765 ita
3054 4710 3145 4764 tibi
3184 4718 3238 4765 et
3279 4710 3455 4763 omnia
3499 4709 3721 4762 nomina

2126 4804 2383 4860 vocabula
2403 4845 2418 4870 ,
2441 4810 2495 4857 et
2517 4803 2693 4857 omnia
2718 4802 2971 4857 vocabula
3004 4802 3215 4856 nomina
3253 4816 3372 4856 esse
3409 4800 3712 4855 videantur.

2127 4897 2226 4951 Ad.
2253 4896 2415 4951 Plane
2441 4894 2579 4949 inter
2606 4893 2722 4949 hmc
2750 4893 2877 4963 quid
2904 4893 3065 4949 distet
3084 4902 3279 4965 praeter
3302 4894 3568 4947 diversum
3598 4892 3714 4962 syl-

2127 4989 2364 5043 labarum
2393 5002 2581 5041 sonum
2616 5002 2721 5040 non
2750 4985 2924 5039 video.
2953 4968 3093 5054 Aug.‘
3114 4984 3222 5039 Nec
3247 5000 3346 5054 ego
3384 4983 3594 5037 interim
3629 4998 3716 5035 re-

2127 5079 2278 5142 sisto,
2321 5093 2621 5148 quanquam
2652 5091 2754 5130 non
2785 5074 2962 5131 desint
3000 5075 3089 5145 qui
3119 5077 3277 5129 etiam
3326 5073 3715 5144 signiﬁcatione

2128 5173 2226 5227 ista
2248 5170 2577 5235 discernunt,
2607 5184 2833 5237 quorum
2856 5168 3172 5223 sententiam
3195 5166 3354 5220 modo
3370 5165 3715 5221 considerare

2127 5280 2231 5318 non
2263 5279 2394 5332 opus
2423 5270 2523 5317 est.
2571 5260 2674 5317 Sed
2708 5269 2855 5315 certe
2893 5259 3272 5314 animadvertis
3299 5259 3363 5313 ad
3391 5274 3454 5313 ca
3492 5258 3601 5327 jam
3633 5259 3712 5312 si-

2127 5371 2227 5427 gna
2256 5371 2353 5409 nos
2375 5354 2707 5425 pervenisse,
2734 5368 2854 5422 qua:
2884 5368 2941 5408 se
2963 5353 3190 5408 invicem
3221 5351 3539 5421 signiﬁcent,
3566 5352 3712 5405 nulla

2128 5456 2319 5517 przeter
2348 5460 2536 5500 sonum
2568 5444 2837 5509 distantia,
2862 5452 2917 5499 et
2942 5459 3057 5514 quae
3080 5444 3250 5512 seipsa
3277 5442 3711 5511 signiﬁcentcum

2127 5537 2333 5592 cmtcris
2360 5535 2607 5589 omnibus
2631 5535 2873 5604 partibus
2892 5533 3166 5588 orationis.
3188 5532 3288 5585 Ad.
3313 5531 3428 5585 Non
3452 5529 3710 5598 intelligo.

2127 5629 2261 5699 Aug.
2290 5626 2406 5682 Non
2432 5641 2559 5697 ergo
2603 5626 2854 5696 intelligis
2880 5636 2931 5680 et
2958 5640 3151 5681 nomen
3177 5623 3436 5679 vocabulo
3469 5631 3523 5677 et
3549 5637 3714 5676 voca-

2127 5719 2308 5773 bulum
2336 5718 2551 5771 nomine
2590 5717 2905 5787 signiﬁcari;
2929 5725 2981 5771 et
3006 5716 3077 5771 ita
3104 5726 3161 5770 ut
3187 5724 3380 5786 praeter
3402 5729 3593 5769 sonum
3620 5712 3710 5766 lito

2130 5822 2363 5869 terarum
2405 5809 2538 5867 nihil
2566 5811 2794 5881 intersit,
2823 5819 3080 5883 quantum
3114 5808 3180 5866 ad
3223 5807 3473 5881 generale
3511 5819 3711 5865 nomen
