2059 3185
180 203 249 232 1205

180 260 293 295 pertinet
310 267 316 285 :
333 264 392 285 nam
403 260 428 284 et
441 254 556 291 speciale
569 261 664 281 nomen
677 252 799 283 dicimus,
812 250 882 285 quod
897 252 964 276 inter

179 310 241 334 octo
255 309 343 340 partes
353 303 479 331 orationis
492 303 525 329 ita
538 305 588 333 est,
602 304 630 326 ut
639 299 705 326 alias
719 302 819 333 septem
835 304 887 322 non
902 303 965 322 cun-

180 352 273 379 tineat.
292 350 342 377 Ad.
362 349 488 383 intelligo.
504 348 568 382 Aug.
592 347 626 373 At
649 345 699 372 hoc
712 349 753 371 est
775 342 844 378 quod
859 341 923 374 dixi,
937 348 966 368 se

180 397 295 424 invicem
307 394 458 429 signiﬁcare
472 391 628 419 vocabulum
642 395 669 417 et
681 397 787 417 nomen.

217 442 260 468 18.
278 439 327 466 Ad.
340 439 440 470 Teneo,
452 436 499 464 scd
513 444 602 471 qumro
616 434 677 469 quid
686 433 794 465 dixeris,
809 432 874 460 Cum
887 432 964 458 etiam

180 487 267 521 scipsa
285 483 435 519 signiﬁcant
455 475 593 509 cum'aliis
613 480 730 515 partibus
743 478 877 505 orationis;
899 476 964 510 Aug.

180 531 274 559 Nonne
282 530 403 564 superior
415 529 482 556 ratio
494 528 582 555 docuit
593 534 651 559 nos,
664 534 755 552 omnes
769 528 856 560 partes
867 523 965 550 oratio-

181 577 233 609 nis,
248 580 275 603 et
296 575 401 602 nomina
418 581 495 608 posse
513 572 564 600 dici
578 576 604 599 et
626 571 762 602 vocabula,
779 569 803 596 id
817 574 856 596 cst
869 573 895 596 et
918 575 967 594 no-

181 622 254 649 mine
267 626 294 648 et
312 620 441 647 vocabulo
454 620 531 654 poSsc
545 617 704 652 signiﬁcari?
716 617 764 643 Ad.
788 615 824 642 lta
837 620 886 642 est.
900 614 966 650 Aug.

181 668 265 702 Quid?
281 668 366 703 ipsum
380 674 487 699 nomen,
504 665 530 692 id
547 669 588 692 est
600 672 695 692 sonum
710 663 788 690 istum
801 662 903 690 duabus
915 661 969 696 syl-

182 713 249 741 labis
268 719 433 747 expressum,
458 711 479 738 si
500 718 530 738 ex
555 714 581 737 te
609 717 727 744 qumram
750 707 812 742 quid
839 706 966 741 appelles,

181 766 269 787 nonne
288 761 361 785 recte
384 757 447 783 mihi
471 755 642 790 respondebis
654 775 661 787 ,
677 753 795 780 Nomen?
810 752 859 778 Ad.
875 752 967 779 Recte.

181 805 248 840 Aug.
263 803 330 830 Num
352 803 387 830 ita
404 810 433 830 se
445 802 572 837 significat
588 801 639 827 huc
653 801 754 835 signum
774 799 843 834 quod
857 802 969 833 quatuor

181 849 289 885 syllabis
310 848 478 876 enuntiamus
497 855 558 874 eum
582 846 692 873 dicimus
703 865 709 877 ,
724 843 900 879 Conjunctio?
915 843 968 870 lloc

181 894 252 921 enim
267 901 361 921 nomen
385 893 453 920 inter
471 893 513 919 illa
528 900 586 927 qua:
600 891 740 926 signiﬁcat,
759 889 892 917 numerari
915 896 968 915 non

182 943 279 974 potest.
298 938 347 965 Ad.
369 938 450 965 Recte
464 937 573 972 accipio.
599 937 665 972 Aug.
681 936 708 963 ld
723 940 763 963 est
778 935 847 970 quod
869 934 968 962 dictum

181 989 223 1012 est
239 991 335 1011 nomen
350 985 465 1018 seipsum
478 982 624 1017 signiﬁcare
638 990 700 1010 cum
720 981 778 1008 aliis
796 989 854 1016 qua:
866 980 968 1014 signiti-

181 1032 243 1063 cat;
255 1031 323 1064 quod
338 1029 417 1056 etiam
432 1028 466 1056 de
479 1028 607 1055 vocabulo
620 1028 680 1054 licet
696 1035 742 1061 per
755 1027 867 1061 tcipsum
889 1025 968 1053 intel—

182 1075 258 1109 ligas.
279 1074 329 1101 Ad.
344 1073 400 1101 Jam
417 1073 491 1100 facile
506 1078 545 1100 est
560 1081 566 1099 :
583 1073 628 1099 sed
650 1072 712 1099 illud
736 1072 799 1099 mihi
815 1079 884 1098 nttnc
898 1070 969 1097 venit

181 1120 208 1147 in
228 1123 354 1151 mentem,
375 1126 471 1146 nomen
487 1123 512 1145 et
527 1118 686 1153 generaliter
698 1122 724 1144 et
737 1117 887 1152 specialiter
900 1116 966 1148 dici;

182 1165 336 1192 vocabulum
355 1168 442 1191 autem
462 1164 529 1191 inter
544 1168 602 1190 octo
616 1167 703 1197 partes
716 1163 843 1189 orationis
859 1170 910 1188 non
924 1169 968 1188 ac—

181 1210 233 1246 cipi
249 1220 255 1238 :
272 1218 352 1245 quare
366 1210 415 1237 hoc
427 1217 531 1245 quoque
546 1209 614 1236 inter
624 1216 652 1236 se
667 1213 763 1243 praeter
777 1208 910 1235 diversum
923 1215 969 1234 so-

182 1263 246 1282 num
260 1255 367 1282 differre
379 1256 503 1282 arbitror.
520 1254 585 1289 Aug.
600 1254 684 1287 Quid?
699 1261 794 1280 nomen
809 1258 834 1280 et
845 1256 916 1286 δίομα
929 1252 969 1279 di-

181 1304 253 1329 stare
267 1301 334 1328 inter
344 1308 372 1328 se
386 1301 484 1336 aliquid
508 1305 584 1335 putas
600 1305 697 1335 prteter
708 1307 813 1332 sonum,
825 1306 878 1334 quo
889 1299 968 1326 etiam

181 1347 277 1382 lingua:
288 1347 471 1374 discernuntur
484 1347 563 1374 latina
576 1352 654 1381 atque
666 1353 751 1381 graeca
762 1346 773 1372 ?
786 1346 835 1372 Ad.
849 1345 896 1372 llic
905 1353 969 1372 vero

181 1393 246 1420 nihil
261 1393 330 1420 aliud
346 1392 473 1427 intelligo.
490 1392 554 1427 Aug.
571 1392 729 1419 Perventum
751 1395 793 1418 est
807 1398 870 1426 ergo
889 1390 922 1417 ad
938 1398 968 1418 ea

181 1439 254 1474 signa
273 1447 330 1474 qua:
345 1443 372 1465 et
386 1438 473 1472 seipsa
486 1437 653 1472 signiﬁcent,
669 1441 695 1464 et
708 1436 776 1463 aliud
790 1436 822 1464 ab
835 1436 886 1463 alio
901 1436 969 1462 invi-

181 1493 239 1513 cem
252 1485 424 1520 signiﬁcetur,
438 1490 465 1512 et
478 1483 603 1519 quidquid
616 1483 649 1510 ab
664 1491 716 1509 uno
739 1483 789 1513 hoe
804 1487 829 1510 et
849 1482 881 1508 ab
901 1482 967 1512 alio:

181 1534 209 1558 ct
229 1530 294 1558 nihil
308 1534 404 1565 pra-ter
427 1537 520 1556 sonum
543 1529 611 1556 inter
632 1536 661 1556 se
676 1528 799 1556 differant
815 1535 821 1556 :
836 1536 896 1555 nam
919 1527 969 1554 hoc

182 1581 303 1610 quartum
318 1575 396 1603 modo
410 1575 574 1607 invenimus;
587 1575 635 1601 tria
647 1574 716 1601 enirn
727 1575 874 1609 superiora,
899 1578 925 1601 ct
935 1573 968 1601 de

182 1622 289 1649 nomine
297 1626 323 1650 et
333 1622 412 1649 verbo
425 1621 615 1655 intelliguntur.
626 1619 674 1648 Διί.
681 1619 794 1647 Omnino
802 1625 968 1654 perventum.

181 1692 184 1700 ,
217 1667 328 1695 CAPUT
342 1667 397 1694 VII.
408 1681 444 1686 ——
459 1666 582 1701 Epilogus
602 1665 793 1700 pramedenlium
811 1666 932 1700 capitum.

218 1712 262 1740 i9.
277 1713 342 1748 Aug.
359 1712 418 1739 Jam
433 1719 491 1746 quze
504 1710 706 1742 sermocinando
719 1710 908 1744 invenerimus,
923 1718 969 1738 vc-

184 1758 230 1784 lim
256 1765 406 1785 reccnsoas.
431 1757 479 1783 Ad.
498 1756 603 1783 Faciam
626 1760 752 1790 quantum
774 1763 890 1790 possum.
904 1756 969 1783 Nam

185 1804 271 1838 primo
279 1803 397 1830 omnium
405 1802 531 1829 recordor
542 1801 692 1834 aliquandiu
701 1809 749 1828 nos
758 1802 884 1836 qumsisse
892 1809 970 1836 quant

183 1848 218 1875 ob
230 1856 335 1875 causam
345 1848 492 1883 loquamur,
506 1848 691 1881 inventumque
705 1854 763 1874 esse
775 1846 886 1874 docendi
899 1855 971 1874 com-

185 1895 380 1923 mcmorandive
404 1895 486 1929 gratia
514 1902 562 1921 nos
582 1894 664 1929 loqui,
689 1893 901 1928 quandoquidem
922 1900 971 1920 nec

184 1948 244 1970 cum
260 1942 462 1976 interrogamus,
481 1941 551 1968 aliud
566 1941 668 1975 agimus
679 1947 758 1974 quam
772 1944 800 1966 ut
814 1939 858 1967 ille
873 1940 916 1974 qui
928 1939 970 1966 itt-

184 1991 333 2021 terrogatur
345 1986 429 2013 discat
440 1986 502 2020 quid
512 1986 621 2012 velimus
629 1985 737 2017 audire;
753 1990 779 2012 et
790 1984 816 2011 in
829 1984 969 2017 cantando,

183 2032 254 2067 quod
268 2031 449 2058 delectationis
463 2038 542 2058 causa
557 2030 642 2057 facere
652 2029 782 2063 videmur,
797 2037 848 2056 non
863 2029 897 2056 sit
912 2037 971 2063 pro.

185 2077 270 2112 prium
292 2076 447 2109 locutionis;
472 2075 498 2102 in
522 2075 621 2102 orando
640 2075 694 2102 Deo
706 2095 714 2108 ,
731 2082 808 2109 quem
823 2074 913 2101 doceri
927 2079 973 2102 aut

184 2122 386 2150 connnemorari
399 2122 549 2150 existimare
563 2129 614 2148 non
629 2128 777 2155 possumus,
792 2119 818 2147 id
834 2120 912 2147 verba
928 2129 973 2147 va-

185 2171 267 2203 leant,
292 2174 321 2197 ut
342 2169 382 2196 vel
406 2177 454 2196 nos
476 2169 547 2203 ipsos
568 2166 844 2200 eommonef‘aeiamus,
865 2166 906 2194 vel
928 2167 972 2194 alii

185 2220 403 2243 commoueantur
414 2214 591 2242 doceanturve
603 2222 650 2249 per
663 2221 722 2240 nos.
740 2212 840 2239 Deinde
850 2220 909 2239 cum
930 2220 973 2239 sa—

187 2264 220 2288 tis
233 2263 394 2289 constitisset
409 2260 489 2288 verba
503 2260 567 2287 nihil
578 2259 647 2286 aliud
662 2267 723 2286 esse
745 2266 823 2294 quam
837 2258 925 2294 signa;
941 2266 972 2286 ea

186 2314 249 2333 vero
261 2315 318 2341 quae
325 2315 376 2333 non
387 2306 484 2342 aliquid
496 2306 653 2342 signiﬁcent,
666 2306 738 2341 signa
747 2313 806 2333 esse
819 2313 871 2332 non
882 2313 971 2340 posse,

186 2352 343 2387 proposuisti
359 2360 475 2384 versum,
489 2352 563 2385 cujus
573 2352 652 2379 verba
666 2351 767 2385 singula
785 2350 848 2385 quid
868 2350 971 2385 signiﬁ-

186 2401 287 2429 carent,
300 2403 411 2423 conarer
422 2396 560 2423 ostendere
575 2405 581 2422 :
599 2396 620 2423 is
631 2400 718 2422 autem
733 2400 790 2422 erat
804 2405 810 2422 ε

279 2442 300 2465 si
309 2440 367 2465 nihil
384 2447 415 2465 ex
427 2444 490 2466 tanta
501 2441 597 2471 Superis
612 2440 690 2471 placet
701 2441 762 2465 urbe
774 2440 887 2472 relinqui.

185 2483 267 2519 Cujus
279 2482 423 2510 secundum
436 2482 544 2509 verbum
557 2482 677 2516 quamvis
696 2483 860 2509 notissimum
875 2487 900 2510 et
912 2490 970 2509 ma-

185 2529 403 2560 nifestissimum,
420 2527 482 2562 quid
509 2531 597 2554 tamen
618 2527 786 2562 signiﬁcaret,
815 2535 866 2554 non
892 2535 971 2562 repe-

186 2575 327 2602 riebamus.
345 2573 462 2608 Cumque
482 2573 544 2600 mihi
559 2572 691 2599 videretur
705 2580 756 2598 non
771 2572 866 2599 frustra
881 2580 930 2599 nos
943 2572 968 2599 id

185 2621 212 2648 in
226 2618 357 2655 loquendo
369 2619 546 2652 interponere,
561 2617 607 2644 scd
626 2617 696 2651 quod
711 2625 742 2644 eo
763 2617 861 2651 aliquid
882 2617 973 2644 docea-

186 2673 246 2693 mus
258 2664 423 2696 audientem,
441 2663 523 2696 ipsam
535 2662 630 2689 mentis
641 2662 819 2694 affectionem,
840 2669 900 2688 cum
916 2669 972 2689 rem

186 2718 265 2745 quam
277 2709 381 2745 qumrit,
397 2716 450 2735 non
462 2715 520 2735 esse
534 2708 643 2740 invenit,
654 2707 695 2734 vel
704 2706 836 2734 invenisse
845 2715 874 2735 se
886 2712 971 2742 putat,

184 2757 237 2784 hoc
257 2756 339 2783 verbo
359 2755 470 2782 fortasse
484 2753 614 2787 indicari;
630 2753 788 2787 respondisti
801 2757 829 2780 tu
847 2753 951 2788 quidem
964 2773 970 2785 ,

186 2801 233 2829 sed
260 2805 348 2828 tamen
368 2800 458 2827 nescio
483 2806 561 2834 quam
586 2797 792 2834 profunditatem
818 2799 972 2833 qtnrstionis

183 2847 244 2881 joco
257 2846 367 2878 evitans,
384 2846 409 2872 in
423 2844 492 2872 aliud
509 2848 613 2879 tempus
626 2843 806 2875 illustrandam
825 2843 948 2870 distulisti
963 2852 970 2871 :

184 2899 233 2920 nec
247 2900 290 2921 me
303 2892 384 2920 debiti
398 2899 502 2927 quoque
514 2892 550 2919 tui
563 2891 671 2919 oblitum
688 2895 774 2926 putes.
786 2890 849 2918 inde
862 2890 968 2917 tertium

866 192 966 222 LIBER
985 191 1086 221 UNUS.

1738 194 1807 225 ηοσ

1019 248 1046 275 in
1061 254 1139 276 versu
1151 246 1260 275 verbum
1278 254 1338 275 cum
1353 251 1501 284 satagerem
1524 256 1656 284 exponere
1666 270 1673 283 ,
1689 251 1802 286 urgebar

1018 292 1066 319 abs
1080 297 1116 326 te,
1131 296 1160 320 ut
1173 300 1227 320 non
1246 293 1355 321 verbum
1367 293 1438 321 aliud
1450 293 1520 329 quod
1542 294 1613 321 idem
1632 295 1742 330 valeret,
1757 297 1805 325 scd

1018 344 1076 365 rem
1089 338 1172 373 ipsam
1185 338 1273 374 potius
1282 346 1341 373 qua:
1353 347 1401 374 per
1414 339 1494 367 verba
1507 339 1699 375 significaretur
1716 346 1807 369 osten-

1018 381 1120 410 derem.
1143 382 1262 418 Cumque
1281 383 1308 411 id
1330 384 1570 413 sermocinantibus
1583 385 1659 413 nobis
1677 386 1734 414 fieri
1753 395 1806 415 non

1019 435 1098 463 posse
1110 429 1245 463 dixissem,
1259 435 1366 458 ventum
1377 431 1458 458 estad
1471 439 1501 459 ea
1514 439 1572 466 qua:
1586 432 1809 467 interrogantibus

1019 473 1101 509 digito
1123 479 1315 503 monstrantur.
1340 476 1401 504 Htcc
1420 484 1470 512 ego
1484 478 1631 512 corpomlia
1645 485 1705 506 esse
1718 479 1808 507 omnia

1019 519 1177 553 arbitrabar,
1188 521 1235 548 sed
1248 521 1397 549 invenimus
1418 522 1474 549 sola
1490 523 1613 550 visibilia.
1626 523 1695 552 Hinc
1714 524 1805 552 nescio

1019 565 1152 600 quomodo
1172 566 1206 593 ad
1225 566 1319 594 surdos
1347 571 1376 595 et
1402 566 1544 595 histriones
1568 567 1738 602 devenimus,
1761 569 1807 604 qui

1020 618 1074 638 non
1093 619 1153 647 qua:
1170 612 1226 639 sola
1240 612 1322 640 videri
1337 617 1458 648 possunt,
1480 612 1527 641 sed
1541 613 1623 640 multa
1639 619 1808 649 przetereaac

1020 663 1102 692 prope
1116 658 1204 685 omnia
1216 666 1274 693 qua:
1296 658 1429 694 loquimur
1440 680 1447 693 ,
1463 664 1538 694 gestu
1555 659 1613 687 sine
1625 667 1689 688 voce
1704 659 1807 695 signiﬁ-

1020 706 1099 735 cant;
1115 702 1222 731 eosdem
1244 708 1331 731 tamen
1348 709 1439 740 gestus
1451 704 1524 740 signa
1539 712 1599 733 esse
1618 705 1806 740 comperimus.

1020 747 1087 775 Tum
1107 756 1198 776 rursus
1212 756 1333 784 qurercrc
1356 750 1502 786 coepimus,
1518 751 1650 786 quomodo
1672 759 1715 779 res
1736 751 1808 787 ipsas

1020 800 1080 829 qua:
1093 794 1176 829 signis
1197 794 1378 830 signiﬁcantur
1387 816 1394 829 ,
1409 796 1466 823 sine
1485 796 1547 824 ullis
1559 796 1644 832 signis
1657 797 1807 825 valeremus

1019 838 1169 872 ostendere,
1189 847 1250 867 cum
1264 844 1291 867 et
1303 840 1347 868 ille
1360 841 1456 875 paries,
1471 847 1498 870 et
1522 843 1605 876 color,
1617 847 1644 871 et
1652 851 1730 871 omne
1742 843 1808 871 visi-

1020 885 1084 918 bile,
1098 885 1168 921 quod
1179 886 1327 915 intentione
1339 887 1414 922 digiti
1432 888 1589 921 ostenditur,
1603 888 1681 924 signo
1692 889 1807 924 quodam

1019 932 1223 960 convinceretur
1233 932 1347 960 ostendi.
1359 933 1406 960 llic
1413 940 1462 968 ego
1468 941 1560 961 errans
1570 941 1630 961 cum
1637 934 1749 961 inveniri
1756 934 1808 963 tale

1019 977 1086 1004 nihil
1096 985 1174 1012 posse
1187 977 1323 1011 dixissem,
1333 978 1437 1006 tandem
1446 979 1515 1006 inter
1522 986 1572 1007 nos
1577 980 1704 1013 constitit,
1712 987 1741 1007 ea
1749 987 1811 1014 pos-

1019 1030 1050 1051 se
1061 1022 1238 1051 demonstrari
1248 1023 1306 1051 sine
1325 1023 1411 1059 signo,
1426 1032 1484 1059 qua:
1496 1031 1556 1051 cum
1567 1032 1581 1051 a
1596 1024 1672 1052 nobis
1685 1032 1810 1059 qnmrun—

1020 1072 1073 1101 tur,
1082 1076 1134 1096 non
1142 1069 1255 1104 agimus,
1265 1073 1292 1096 et
1302 1073 1361 1104 post
1370 1069 1565 1104 inquisitionem
1572 1077 1651 1105 agere
1657 1077 1808 1105 possumus;

1019 1113 1180 1141 locutionem
1194 1119 1281 1142 tamen
1288 1122 1320 1142 ex
1333 1122 1365 1142 eo
1377 1122 1429 1142 non
1438 1122 1496 1142 esse
1510 1122 1609 1150 genere
1622 1124 1628 1142 :
1641 1115 1771 1151 siquidem
1782 1119 1810 1143 et

1020 1159 1159 1195 loquentes
1170 1167 1230 1188 cum
1238 1160 1432 1196 interrogamur
1444 1160 1505 1195 quid
1515 1160 1548 1187 sit
1560 1160 1666 1190 locutio.
1675 1160 1750 1188 istam
1762 1168 1809 1196 per

1019 1205 1133 1240 seipsam
1146 1204 1327 1233 demonstrare
1339 1204 1415 1233 facile
1424 1213 1482 1233 esse
1497 1206 1560 1233 satis
1573 1206 1702 1241 apparuit.

1054 1250 1099 1278 20.
1120 1250 1160 1278 Ex
1175 1258 1227 1286 quo
1240 1251 1367 1278 admoniti
1381 1258 1473 1279 sunms
1485 1251 1620 1286 antsignis
1635 1251 1708 1286 signa
1730 1258 1807 1278 mon-

1019 1296 1097 1324 strari
1107 1317 1115 1329 ,
1135 1301 1180 1324 aut
1193 1296 1275 1332 signis
1295 1296 1346 1323 alia
1358 1305 1417 1332 qum
1429 1297 1503 1332 signa
1517 1304 1568 1324 non
1583 1302 1658 1330 sunt,
1671 1301 1717 1324 aut
1729 1297 1807 1324 ctiam

1017 1342 1078 1370 sine
1090 1342 1165 1377 signo
1177 1349 1221 1369 res
1238 1349 1305 1377 quas
1318 1349 1396 1378 agere
1412 1346 1473 1377 post
1492 1342 1724 1377 interrogationem
1745 1350 1808 1377 pos-

1020 1395 1112 1416 sumus
1125 1397 1131 1415 :
1144 1387 1290 1423 horumque
1304 1388 1381 1415 trium
1397 1388 1511 1423 primum
1522 1387 1674 1423 diligentius
1685 1388 1808 1416 conside-

1020 1433 1131 1461 randum
1150 1432 1396 1469 discutiendumque
1414 1433 1589 1468 suscepimus.
1612 1432 1668 1467 Qua
1690 1433 1809 1468 disputa-

1021 1478 1092 1506 tione
1104 1478 1265 1505 deelaratttm
1280 1482 1321 1505 est
1331 1499 1339 1512 ,
1355 1477 1449 1513 partim
1464 1485 1523 1505 esse
1536 1478 1610 1513 signa
1620 1498 1627 1510 ,
1648 1485 1707 1512 qum
1725 1477 1758 1505 ab
1777 1477 1809 1504 iis

1020 1522 1103 1558 signis
1119 1530 1178 1557 qua:
1190 1522 1384 1558 significarent,
1398 1522 1539 1557 significari
1552 1522 1666 1549 vicissim
1680 1529 1732 1549 non
1746 1529 1809 1556 pos-

1020 1573 1096 1602 sent,
1111 1572 1140 1595 ut
1160 1572 1201 1596 cst
1223 1567 1274 1595 hoc
1296 1567 1520 1603 quadrisyllabum
1544 1575 1620 1601 cum,
1636 1567 1807 1603 Conjunctio,

1020 1614 1255 1649 dicimuszpartim
1271 1622 1329 1649 qua:
1349 1618 1474 1649 possent,
1491 1618 1519 1640 ut
1539 1621 1600 1641 cum
1618 1613 1747 1646 dicimus,
1769 1613 1811 1640 Si-

1020 1667 1100 1695 gnum
1111 1680 1118 1692 ,
1132 1660 1210 1687 etiam
1225 1659 1335 1687 verbum
1349 1659 1544 1694 significamus;
1561 1663 1587 1686 et
1599 1666 1659 1685 cum
1681 1658 1810 1691 dicimus,

1021 1704 1153 1737 Verbum,
1174 1705 1254 1732 etiam
1267 1705 1370 1740 signum
1381 1703 1576 1739 signiﬁcamus;
1591 1711 1651 1730 nam
1665 1703 1769 1738 signum
1784 1707 1812 1730 et

1021 1749 1130 1777 verbum
1140 1770 1148 1782 ,
1164 1753 1191 1776 et
1201 1749 1254 1777 duo
1266 1749 1351 1784 signa,
1368 1752 1394 1776 et
1406 1748 1459 1776 duo
1473 1748 1553 1775 verba
1566 1752 1636 1775 sunt.
1653 1748 1681 1775 In
1696 1747 1746 1775 hoc
1764 1755 1811 1775 au-

1021 1800 1074 1823 tem
1087 1803 1199 1830 genere,
1213 1802 1265 1830 quo
1280 1794 1392 1822 invicem
1413 1801 1441 1822 se
1455 1794 1529 1829 signa
1549 1793 1714 1829 signiﬁcant,
1734 1800 1810 1829 qure-

1021 1841 1081 1869 dam
1104 1848 1157 1868 non
1176 1845 1296 1873 tantum,
1318 1840 1438 1876 qutedam
1461 1844 1579 1872 tantum,
1603 1840 1723 1876 quaedam
1745 1843 1812 1870 vero

1021 1886 1100 1914 etiam
1115 1886 1184 1914 idem
1197 1886 1285 1913 valere
1296 1890 1471 1913 monstratum
1486 1891 1536 1914 est.
1549 1885 1653 1913 Etenim
1666 1884 1717 1913 hoc
1728 1884 1812 1921 disyl-

1022 1931 1126 1965 labum,
1141 1931 1211 1966 quod
1225 1935 1302 1958 sonat
1321 1937 1382 1958 cum
1404 1930 1533 1964 dicimus,
1555 1930 1679 1965 Signum,
1702 1937 1811 1966 prorsus

1021 1976 1109 2004 omnia
1124 1976 1219 2012 quibus
1229 1975 1344 2011 quidque
1359 1975 1521 2010 signiﬁcatur
1534 1975 1665 2011 signiﬁcat
1677 1984 1684 2002 :
1698 1983 1752 2002 non
1764 1982 1812 2002 au-

1022 2025 1075 2049 tem
1088 2021 1206 2049 omnium
1219 2021 1354 2056 signorum
1367 2021 1470 2056 signum
1484 2025 1525 2048 est
1538 2027 1599 2048 eum
1611 2020 1732 2053 dicimus,
1744 2019 1812 2048 Ver-

1022 2067 1101 2099 bum,
1124 2066 1171 2094 sed
1187 2072 1287 2094 tantum
1302 2074 1393 2095 eorum
1407 2074 1466 2102 quae
1487 2066 1624 2094 articulata
1641 2060 1709 2094 voce
1724 2066 1813 2101 profe-

1023 2117 1125 2140 runtur.
1143 2111 1220 2140 Unde
1241 2112 1410 2140 manifestum
1434 2116 1490 2144 est,
1513 2112 1633 2147 quamvis
1654 2116 1681 2139 ct
1700 2111 1812 2139 verbum

1022 2158 1112 2193 signo,
1127 2162 1155 2185 et
1175 2158 1279 2193 signum
1299 2157 1381 2185 verbo
1392 2177 1400 2191 ,
1416 2157 1441 2184 id
1457 2160 1497 2185 est
1511 2161 1538 2184 et
1556 2157 1615 2184 dua:
1630 2157 1687 2185 ista:
1701 2156 1814 2193 syllabae

1023 2202 1094 2237 illis,
1109 2207 1137 2230 et
1150 2203 1204 2230 illa:
1225 2203 1283 2229 istis
1304 2202 1501 2237 significentur,
1517 2202 1576 2237 plus
1599 2206 1687 2229 tamen
1709 2203 1813 2238 signum

1023 2249 1111 2277 valere
1125 2256 1204 2283 quam
1217 2249 1326 2276 verbum
1337 2268 1344 2281 ,
1359 2249 1436 2284 plura
1458 2248 1560 2276 scilicet
1576 2248 1626 2275 illis
1644 2248 1746 2276 duabus
1760 2249 1814 2284 syl-

1024 2295 1105 2329 labis,
1120 2302 1200 2330 quam
1213 2294 1271 2322 istis
1289 2294 1507 2329 significantibus.
1527 2292 1703 2322 Tantumdem
1725 2301 1813 2322 autem

1024 2341 1095 2369 valet
1107 2341 1233 2376 generale
1250 2340 1377 2374 verbum,
1401 2346 1428 2368 et
1446 2341 1569 2376 generale
1591 2349 1698 2369 nomen.
1720 2341 1815 2368 Docuit

1024 2388 1095 2416 enim
1107 2387 1176 2415 ratio
1188 2394 1281 2415 omnes
1294 2392 1383 2422 partes
1393 2387 1520 2415 orationis
1530 2388 1609 2416 etiam
1621 2387 1728 2415 nomina
1741 2394 1811 2419 esse,

1023 2434 1094 2469 quod
1108 2439 1134 2461 et
1147 2433 1303 2469 pronomina
1317 2433 1360 2461 his
1374 2432 1435 2461 addi
1457 2438 1582 2468 possunt,
1598 2438 1625 2461 et
1647 2434 1679 2461 de
1692 2433 1815 2460 omnibus

1024 2479 1076 2508 dici
1089 2483 1175 2514 potest
1187 2479 1256 2514 quod
1268 2479 1366 2514 aliquid
1386 2479 1537 2512 nominent,
1551 2483 1578 2506 et
1589 2479 1661 2505 nulla
1675 2487 1765 2506 earum
1781 2479 1816 2505 sit

1024 2533 1082 2560 qua:
1092 2533 1145 2553 non
1157 2525 1238 2553 verbo
1249 2525 1373 2559 adjuncto
1385 2526 1584 2560 pronuntiatum
1596 2525 1678 2560 possit
1691 2525 1815 2559 implere.»

1025 2571 1077 2599 Sed
1096 2578 1156 2599 cum
1178 2571 1340 2598 tantumdem
1359 2571 1465 2598 valeant
1483 2578 1580 2598 nomen
1593 2575 1620 2598 et
1633 2571 1758 2604 verbum,
1783 2578 1819 2598 eo-

1024 2617 1095 2651 quod
1107 2617 1195 2644 omnia
1210 2624 1268 2651 qum
1280 2617 1359 2644 verba
1374 2621 1450 2648 sunt,
1466 2617 1520 2643 sint
1534 2617 1613 2644 etiam
1627 2618 1748 2648 nomina;
1762 2625 1814 2644 non

1025 2666 1115 2689 tamen
1136 2662 1206 2689 idem
1227 2663 1323 2689 valent.
1341 2662 1399 2688 Alia
1419 2662 1516 2697 quippe
1529 2662 1561 2689 de
1575 2670 1653 2689 causa
1667 2662 1764 2694 verba,
1788 2667 1816 2690 et

1024 2706 1075 2734 alia
1090 2706 1196 2734 nomina
1211 2707 1369 2741 nuncupari,
1384 2707 1451 2733 satis
1471 2707 1642 2741 probabiliter
1654 2707 1815 2741 disputatum

1024 2756 1076 2780 est.
1090 2751 1225 2786 Siquidem
1238 2752 1350 2779 alterum
1363 2751 1456 2778 horum
1468 2752 1500 2778 ad
1510 2752 1581 2779 auris
1591 2752 1813 2783 verberationem,

1024 2798 1138 2825 alterunt
1151 2796 1183 2824 ad
1195 2797 1276 2824 animi
1296 2797 1575 2825 commemorationetn
1595 2795 1736 2824 notandam
1756 2805 1828 2825 esse-

1025 2847 1205 2878 compcrtum,
1219 2842 1262 2870 vel
1274 2851 1305 2870 ex
1328 2842 1378 2871 hoc
1391 2842 1500 2877 intelligi
1517 2847 1619 2877 potest,
1642 2843 1713 2878 quod
1728 2843 1754 2870 in
1775 2843 1817 2870 Ioc

1024 2889 1130 2926 quendo
1143 2889 1290 2917 rectissime
1301 2889 1424 2922 dicimus,
1435 2888 1510 2922 Quod
1523 2893 1564 2916 est
1575 2887 1637 2916 huic
1651 2889 1811 2923 reLnomen,
