4118 6370
148 5262 245 5297 (ὁ

452 380 590 439 m7

453 513 569 554 rem
615 497 889 558 memoriae
927 502 1182 560 mandare
1206 505 1517 576 cupientes;
1563 505 1714 575 Quod
1743 516 1825 563 est
1863 517 2038 562 autem

454 589 580 646 huic
610 590 688 646 rei
715 592 966 662 verbum,
999 595 1176 653 dicere
1202 612 1309 653 non
1334 598 1586 654 solemus.
1618 599 1748 668 Quae
1779 616 1908 655 vero
1938 616 2041 657 non

450 681 629 737 solum
651 686 1002 755 tantumdem,
1026 688 1120 743 sed
1140 688 1297 744 etiam
1320 688 1459 745 idem
1481 691 1697 746 omnino
1721 690 2035 763 signiﬁcent,

455 783 513 830 et
536 775 678 830 inter
698 793 814 846 qua:
828 778 959 833 nihil
973 780 1476 849 prmterlitterarum
1502 782 1661 837 distet
1686 799 1874 838 sonum
1897 825 1910 847 ,
1940 800 2039 839 no-

449 868 577 924 men
615 877 669 926 et
697 876 843 936 bona
873 871 1187 927 invenimus.
1219 872 1350 929 lllud
1368 890 1495 930 sane
1517 876 1641 929 mihi
1664 876 1902 946 elapsum
1926 885 2040 931 erat

443 969 508 1013 Alt
537 959 639 1014 hoc
666 976 890 1032 genere,
932 964 983 1017 in
1010 980 1114 1033 quo
1142 964 1366 1019 invicem
1392 980 1451 1021 se
1481 966 1806 1034 significant,
1840 968 2039 1022 nullum

449 1064 553 1105 nos
582 1052 787 1120 signum
819 1054 1173 1124 comperisse,
1214 1056 1353 1126 quod
1393 1072 1497 1110 non
1531 1058 1667 1111 inter
1693 1067 1885 1113 caetera
1921 1076 2038 1129 qua:

453 1142 756 1213 signiﬁcat,
806 1160 864 1199 se
901 1162 1112 1218 quoque
1138 1147 1416 1218 signiﬁcet.
1450 1148 1575 1203 Hice
1604 1158 1855 1218 quantum
1892 1151 2037 1221 potui

448 1236 759 1292 recordatus
790 1253 928 1293 sum.
961 1239 1037 1294 Tu
1062 1239 1174 1311 jam
1203 1241 1428 1308 videris,
1458 1259 1613 1312 quem
1641 1243 1770 1298 nihil
1814 1255 1940 1314 puto
1983 1245 2035 1299 in

447 1324 552 1382 hoc
579 1342 824 1385 sermone
855 1330 955 1385 nisi
975 1330 1234 1387 scientem
1262 1342 1571 1403 certumque
1591 1333 1787 1390 dixisse
1812 1377 1827 1402 ,
1856 1344 2032 1389 utrum

446 1418 547 1474 ista
573 1420 708 1475 bene
737 1421 1084 1491 ordinateque
1113 1423 1443 1493 digesserim.
1584 1456 1613 1469 ο-

444 1509 673 1568 CAPUT
704 1511 836 1566 Vlll.
864 1544 935 1554 —-
971 1514 1090 1569 Non
1116 1518 1305 1587 frustra
1333 1515 1439 1569 Iure
1466 1515 1732 1586 disputari.
1774 1514 1905 1570 Item
1965 1516 2037 1571 si-

517 1607 632 1679 gnis
670 1606 858 1663 auditis
892 1609 1121 1663 animum
1142 1648 1156 1673 ,
1197 1615 1253 1660 ut
1279 1607 1603 1678 interroganti
1632 1606 1993 1678 respondeatur
2014 1647 2031 1671 ,

517 1699 587 1753 ad
614 1717 693 1753 res
718 1701 1028 1772 signiﬁcatus
1052 1716 1156 1755 esse
1198 1698 1537 1772 referendum.

515 1790 609 1845 21.
643 1790 776 1862 Aug.
825 1791 965 1847 Satis
1010 1800 1064 1847 tu
1110 1790 1324 1862 quidem
1364 1790 1674 1844 memoriter
1700 1788 1883 1843 omnia
1908 1806 2035 1861 qua:

443 1880 638 1937 vellem
666 1881 969 1949 recoluisti;
1001 1889 1081 1945 et,
1117 1889 1172 1936 ut
1197 1881 1289 1936 tibi
1318 1881 1515 1947 fatear,
1549 1881 1714 1935 multo
1740 1881 2035 1937 evidentius

441 1973 576 2029 mihi
607 1988 747 2028 nunc
774 1973 1020 2029 videntur
1049 1974 1148 2029 ista
1191 1973 1467 2039 distincta,
1497 1989 1655 2043 quam
1699 1987 1819 2028 cum
1854 1990 1916 2030 ea
1947 1975 2029 2030 in-

442 2066 702 2137 quirendo
723 2081 784 2120 ac
800 2065 1110 2121 disserendo
1133 2065 1200 2121 de
1224 2064 1404 2121 nescio
1424 2064 1614 2134 quibus
1634 2065 1853 2121 latebris
1874 2064 2032 2122 ambo

439 2172 774 2213 eruerenius.
810 2156 914 2213 Sed
935 2172 1165 2228 quonam
1204 2158 1362 2213 tantis
1385 2157 1693 2228 ambagibus
1716 2168 1887 2214 tecum
1913 2175 2033 2230 per-

437 2250 626 2306 venire
650 2252 869 2316 moliar,
910 2252 1123 2307 difﬁcile
1160 2251 1301 2307 dictu
1334 2260 1415 2307 est
1460 2251 1563 2306 hoc
1600 2253 1739 2307 Ioco.
1782 2252 1861 2307 Tu
1887 2253 2031 2309 enim

438 2341 666 2397 fortasse
692 2351 783 2398 aut
810 2342 993 2399 ludere
1023 2358 1141 2410 nos,
1167 2352 1221 2399 et
1249 2359 1278 2398 a
1300 2343 1451 2398 seriis
1476 2343 1635 2398 rebus
1661 2359 1884 2400 avocare
1910 2346 2026 2400 ani-

435 2450 585 2489 mum
607 2478 621 2503 ,
647 2435 797 2506 quasi
818 2435 1130 2506 quibusdam
1159 2436 1448 2505 puerilibus
1476 2435 1872 2506 qiimstiunculis
1893 2479 1907 2503 ,
1939 2453 2027 2492 ar-

433 2524 681 2594 bitraris,
712 2537 803 2581 aut
832 2542 1048 2598 parvam
1088 2527 1169 2582 vel
1196 2527 1522 2582 mediocrem
1552 2526 1783 2597 aliquam
1824 2528 2025 2583 utilita-

434 2626 547 2674 tem
592 2619 900 2689 requirere;
948 2627 1039 2674 aut
1080 2619 1125 2673 si
1173 2634 1422 2689 magnum
1466 2617 1716 2689 quiddam
1764 2619 2027 2689 parturire

434 2712 594 2767 istam
636 2712 1049 2783 diSputationcm
1076 2712 1399 2782 suspicaris,
1425 2711 1751 2783 jamjamque
1796 2712 1847 2767 id
1887 2713 2027 2768 scire

434 2802 553 2857 sive
582 2802 771 2858 saltem
811 2802 995 2857 audire
1023 2802 1316 2858 desideras.
1350 2803 1461 2874 Ego
1497 2812 1674 2858 autem
1699 2803 1888 2859 credas
1931 2820 2025 2859 ve-

432 2890 531 2950 lim
551 2937 565 2959 ,
596 2910 768 2965 neque
802 2910 888 2950 me
918 2896 1039 2949 vilia
1068 2894 1269 2951 ludicra
1298 2895 1403 2951 hoc
1428 2895 1718 2952 instituisse
1743 2912 2020 2965 sermone,

434 2986 679 3055 quamvis
710 2984 936 3042 fortasse
975 2986 1250 3049 ludamus,
1298 2987 1457 3057 idque
1483 2988 1653 3056 ipsum
1698 2998 1872 3043 tamen
1916 3005 2021 3044 non

432 3080 628 3149 puerili
659 3093 825 3134 sensu.
844 3080 1213 3137 :estimandum
1242 3081 1343 3147 sit;
1376 3097 1547 3153 neque
1586 3098 1746 3153 parva
1772 3084 1912 3138 bona
1939 3085 2023 3139 vel

432 3170 723 3227 mediocria
769 3172 1025 3243 cogitare.
1071 3173 1140 3228 Et
1182 3181 1359 3229 tamen
1402 3174 1447 3229 si
1491 3174 1662 3230 dicam
1712 3176 1873 3232 vitam
1903 3191 2024 3233 esse

436 3263 722 3334 quamdam
774 3265 1025 3332 beatam,
1065 3265 1414 3336 eamdemque
1456 3269 1869 3338 sempiternam,
1916 3286 2022 3340 quo

431 3368 531 3409 nos
563 3354 670 3411 Deo
698 3353 869 3419 duce,
895 3354 945 3410 id
973 3364 1055 3411 est
1083 3357 1196 3427 ipsa
1219 3358 1440 3413 veritate
1458 3399 1473 3425 ,
1516 3359 1767 3429 gradibus
1806 3360 2020 3430 quibus-

431 3444 555 3500 dam
583 3444 797 3500 inﬁrmo
815 3448 1020 3517 gressui
1046 3455 1230 3503 nostro
1254 3449 1670 3505 accommodatis
1695 3450 1910 3521 perduci
1929 3468 2021 3505 cu-

428 3538 613 3609 piam;
665 3554 855 3594 vereor
898 3555 966 3595 ne
1007 3540 1259 3596 ridiculus
1288 3541 1504 3608 videar,
1553 3542 1645 3613 qui
1688 3558 1794 3599 non
1838 3560 2019 3600 rerum

428 3628 669 3698 ipsarum
699 3645 815 3700 qua:
841 3630 1245 3700 signiﬁcantur,
1268 3632 1367 3687 sed
1388 3634 1815 3690 consideratione
1841 3636 2019 3707 signo-

430 3736 550 3789 rum
582 3729 781 3776 tantam
824 3722 961 3776 viam
1007 3722 1210 3794 ingredi
1252 3725 1525 3796 cmperim.
1560 3726 1720 3782 Dabis
1749 3727 1906 3798 igitur
1933 3744 2019 3784 ve-

430 3812 610 3881 niam,
665 3814 709 3869 si
761 3814 999 3883 prznludo
1044 3824 1216 3871 tecum
1262 3832 1369 3871 non
1420 3817 1633 3872 ludendi
1672 3820 1872 3889 gratia,
1925 3820 2019 3875 sed

428 3904 717 3961 exercendi
734 3905 873 3962 vires
893 3916 946 3961 et
965 3908 1159 3962 mentis
1184 3907 1373 3970 aciem,
1388 3908 1578 3978 quibus
1600 3911 1829 3980 regionis
1856 3911 2015 3977 illius,

431 3994 522 4051 ubi
550 3996 705 4052 beata
727 3995 831 4050 vita
861 4005 945 4052 est
963 4038 977 4063 ,
1007 3997 1236 4053 calorem
1263 4013 1325 4052 ac
1352 3998 1523 4054 lucem
1568 4014 1671 4053 non
1717 4000 1875 4055 modo
1902 4016 2020 4056 sus-

428 4088 634 4159 tinere,
677 4105 862 4145 verum
900 4089 1061 4145 etiam
1087 4104 1269 4145 amare
1297 4091 1580 4160 possimus.
1612 4092 1711 4145 Ad.
1740 4092 1907 4163 Perge
1929 4110 2018 4165 po-

428 4181 537 4236 tius
562 4191 620 4237 ut
645 4182 854 4253 cepisti
880 4200 897 4237 :
924 4196 1045 4236 nam
1086 4196 1355 4250 nunquam
1380 4196 1478 4253 ego
1502 4184 1889 4239 contemnenda
1916 4200 2015 4254 pu-

428 4279 540 4327 tem
570 4289 689 4343 quae
718 4281 775 4328 tu
804 4274 1030 4330 dicenda
1056 4273 1140 4330 vel
1161 4272 1364 4345 agenda
1390 4276 1679 4343 putaveris.

498 4364 592 4420 22.
623 4364 757 4436 Aug.
806 4365 951 4436 Age,
976 4365 1087 4437 jam
1129 4380 1257 4436 ergo
1284 4365 1429 4420 illam
1468 4374 1670 4437 partem
1708 4368 2015 4424 considere-

427 4470 551 4513 mus
572 4498 589 4525 ,
620 4471 741 4511 cum
772 4456 937 4527 signis
970 4472 1076 4512 non
1105 4457 1206 4512 alia
1237 4455 1385 4529 signa
1412 4457 1803 4529 significantur,
1832 4459 1924 4514 sed
1952 4475 2015 4514 ea

424 4561 550 4619 qua:
599 4546 964 4619 signiﬁcabilia
1012 4562 1282 4604 vocamus.
1341 4548 1412 4604 Et
1460 4549 1688 4619 primum
1747 4550 1833 4605 dic
1884 4550 2015 4605 mihi

432 4647 605 4695 utrum
634 4638 827 4709 homo,
860 4637 1020 4693 homo
1048 4639 1135 4693 sit.
1169 4639 1266 4692 Ad.
1297 4638 1447 4694 Nunc
1489 4655 1617 4696 vero
1645 4656 1713 4695 an
1745 4641 1895 4696 ludas
1923 4656 2015 4696 ne-

425 4729 559 4787 scio.
591 4729 725 4802 Aug.
771 4728 908 4798 Quid
951 4728 1063 4783 ita?
1103 4729 1201 4783 Ad.
1247 4728 1379 4796 Quia
1426 4731 1769 4801 qumrcndum
1811 4746 1881 4787 ex
1927 4746 2016 4787 me

425 4836 653 4891 censes,
680 4829 856 4877 utrum
890 4820 1052 4876 homo
1077 4820 1219 4875 aliud
1249 4820 1316 4875 sit
1348 4836 1508 4891 quam
1536 4822 1715 4877 homo.
1760 4822 1891 4895 Aug.
1938 4823 2014 4878 Ita

423 4913 588 4970 credo
617 4921 666 4968 te
691 4912 838 4968 illudi
863 4911 1198 4967 arhitrareris
1217 4954 1230 4977 ,
1258 4911 1301 4966 si
1323 4912 1481 4966 etiam
1512 4928 1803 4982 qurcrcrem
1834 4922 2012 4969 utrum

424 5006 598 5075 prima
642 5003 795 5072 hujus
820 5003 1050 5057 nominis
1077 5002 1280 5075 syllaba
1307 5002 1448 5057 aliud
1473 4990 1544 5057 sit
1576 5018 1731 5073 quam
1754 5044 1769 5069 ,
1807 5003 1876 5059 ho
1898 5046 1913 5071 ,
1961 5012 2015 5059 et

425 5095 572 5151 aliud
618 5093 848 5149 secunda
887 5108 1078 5164 quam,
1110 5109 1217 5148 mo.
1248 5093 1348 5147 Ad.
1386 5093 1459 5148 Ita
1501 5093 1738 5148 omnino.
1782 5096 1913 5167 Aug.
1946 5096 2014 5152 At.

423 5186 543 5243 istae
568 5185 687 5241 duae
717 5184 934 5257 syllabae
961 5183 1274 5254 conjunctis,
1296 5183 1455 5239 homo
1496 5192 1577 5239 est
1610 5184 1623 5237 ἑ
1651 5200 1717 5239 an
1758 5186 2013 5256 negabis?

423 5276 526 5331 Ad.
558 5274 689 5345 Quis
717 5274 910 5344 neget?
936 5273 1069 5344 Aug.
1102 5272 1295 5340 Qumro
1324 5287 1450 5343 ergo
1470 5313 1484 5337 ,
1516 5290 1641 5328 num
1670 5283 1723 5332 tu
1752 5275 1870 5330 dua:
1898 5278 2013 5332 ista:

422 5370 640 5441 syllaba:
680 5369 979 5440 conjuncta:
1020 5369 1114 5423 sis.
1160 5368 1258 5421 Ad.
1303 5367 1460 5422 Nullo
1502 5367 1692 5423 modo:
1717 5369 1809 5424 scd
1857 5369 2013 5427 video

425 5476 533 5531 quo
559 5461 763 5517 tendas.
803 5461 936 5532 Aug.
967 5461 1137 5516 Dicito
1164 5475 1291 5531 ergo
1313 5501 1333 5527 ,
1358 5475 1424 5515 ne
1453 5476 1539 5516 me
1567 5464 2013 5521 contumeliosum

428 5560 605 5624 putes.
636 5553 738 5608 Ad.
769 5552 1020 5609 Concludi
1052 5552 1325 5607 existimas
1366 5552 1506 5622 quod
1536 5551 1695 5609 homo
1733 5570 1839 5609 non
1888 5556 2009 5612 sim.

427 5643 563 5717 Aug.
590 5643 757 5713 Quid,
790 5654 845 5700 tu
871 5662 976 5701 non
1006 5645 1149 5702 idem
1177 5645 1453 5702 existimas
1472 5688 1487 5713 ,
1517 5648 1607 5716 qui
1637 5649 1821 5703 omnia
1853 5664 2013 5719 supe-

426 5737 569 5794 riora
593 5754 659 5794 ex
688 5739 880 5812 quibus
908 5740 1011 5797 hoc
1033 5738 1337 5796 confectum
1364 5747 1480 5805 est,
1496 5752 1636 5796 'vera
1662 5756 1783 5797 esse
1823 5756 2016 5799 conce-

428 5829 671 5895 dis?Ad.
716 5833 835 5893 Non
869 5833 962 5892 tibi
999 5848 1099 5907 ego
1140 5832 1313 5890 dicam
1352 5832 1482 5904 quid
1530 5833 1862 5905 existimem,
1911 5835 2012 5894 nisi
2058 5907 2079 5911 _,

1585 389 1675 446 DE
1714 387 2079 457 MAGISTRO,
2121 387 2179 446 S.
2220 392 2587 454 AUGUSTINI

3588 418 3732 479 ηδε

2155 508 2300 578 prius
2328 511 2424 567 abs
2467 522 2518 570 te
2551 515 2803 588 audiero,
2851 536 2971 577 cum
3012 540 3279 596 qumreres
3318 540 3493 589 utrum
3536 535 3736 607 homo,

2148 599 2315 701 homo
2338 604 2426 672 sit,
2453 604 2521 661 de
2546 606 2749 664 duabus
2772 610 2886 667 istis
2911 614 3147 686 syllabis,
3175 636 3243 676 an
3265 623 3331 679 de
3353 641 3410 680 re
3440 626 3551 698 ipsa
3574 599 3736 701 quani

2147 692 2471 765 signiﬁcant,
2522 715 2609 755 me
2656 701 3101 775 interrogaveris?
3128 710 3259 784 Aug.
3301 715 3384 770 'l‘u
3426 692 3606 788 potius
3649 739 3738 780 re-

2144 787 2349 857 sponde
2365 805 2429 844 ex
2450 806 2551 861 qua
2576 802 2722 861 parte
2738 799 3008 866 acceperis
3030 787 3494 875 interrogationem
3518 829 3691 870 meam
3712 834 3730 871 :

2146 896 2269 935 nam
2309 882 2354 937 si
2384 893 2465 938 est
2493 886 2734 956 ambigua
2756 930 2771 956 ,
2806 892 2949 961 prius
2980 893 3081 949 hoc
3105 911 3294 954 cavere
3322 901 3584 972 debuisti,
3632 924 3733 964 ne-

2144 974 2404 1065 que-mihi
2432 980 2754 1046 respondere
2782 992 3061 1054 antequam
3105 1000 3281 1044 certus
3313 993 3469 1050 ﬁeres
3497 1013 3733 1065 quonam

2144 1056 2303 1111 modo
2341 1062 2657 1143 rogaverim.
2699 1064 2798 1145 Ad.
2846 1068 2983 1134 Quid
3010 1072 3150 1127 enim
3183 1090 3275 1130 me
3298 1056 3578 1147 impediret
3617 1082 3734 1140 haec

2143 1150 2493 1253 ambiguitas,
2546 1172 2664 1211 cum
2714 1175 2813 1229 ego
2863 1162 2929 1216 ad
2982 1174 3266 1253 utrumque
3331 1176 3729 1244 responderim;

2144 1240 2304 1338 homo
2330 1244 2472 1338 enim
2514 1262 2733 1316 prorsus
2759 1250 2920 1308 homo
2944 1264 3025 1308 est
3050 1273 3064 1309 :
3098 1240 3221 1313 nam
3250 1240 3445 1317 etiskc
3475 1263 3593 1320 dua:
3620 1240 3736 1338 syl;

2142 1322 2278 1416 labze
2303 1326 2429 1381 nihil
2470 1330 2610 1385 aliud
2649 1344 2768 1388 sunt
2797 1351 2957 1405 quam
2986 1339 3101 1394 ista:
3131 1342 3250 1397 dua:
3297 1346 3546 1416 syllabae;
3580 1322 3733 1406 etdid

2141 1415 2282 1508 quod
2311 1416 2642 1508 signiﬁcant,
2672 1424 2803 1479 nihil
2829 1426 2974 1483 aliud
3016 1438 3127 1496 est,
3158 1415 3399 1503 quamid
3442 1439 3583 1508 quod
3626 1451 3731 1496 est.

2140 1504 2274 1578 Aug.
2317 1507 2460 1565 Scite
2488 1510 2591 1567 hoc
2618 1515 2831 1584 quidem
2856 1536 2869 1572 :
2899 1520 2992 1575 sed
3019 1536 3115 1577 cur
3140 1522 3244 1579 hoc
3274 1504 3619 1597 solum—quod
3642 1532 3731 1588 di-

2140 1607 2283 1654 ctum
2313 1611 2394 1657 est
2420 1602 2607 1671 homo,
2637 1623 2743 1663 non
2769 1610 2928 1666 etiam
2954 1624 3148 1671 cetera
3176 1634 3296 1688 qua:
3322 1620 3478 1675 locuti
3505 1638 3727 1691 sumus,

2140 1690 2206 1745 ad
2257 1702 2541 1766 utrumque
2582 1701 2998 1770 accepisti?Ad.
3052 1706 3205 1764 Unde
3251 1712 3393 1772 enim
3440 1690 3736 1772 convincor

2139 1784 2279 1878 quod
2328 1796 2383 1842 et
2427 1799 2617 1846 cmtcra
2667 1808 2773 1848 non
2816 1795 2895 1851 sic
2942 1802 3284 1871 acceperim?
3329 1805 3460 1878 Aug.
3508 1806 3579 1863 Ut
3625 1810 3730 1864 alia

2138 1877 2408 1947 omittam,
2441 1896 2559 1936 eam
2593 1882 2761 1954 ipsam
2788 1887 3011 1956 primam
3049 1894 3377 1963 rogationem
3420 1913 3592 1953 meam
3615 1942 3629 1965 ,
3677 1902 3729 1956 si

2138 1976 2301 2061 totam
2328 1986 2394 2027 ex
2432 1988 2493 2028 ea
2532 1985 2682 2046 parte
2733 1981 3059 2050 accepisses,
3096 2000 3200 2055 qua
3244 1988 3459 2058 syllaba:
3497 2003 3728 2061 sonant,

2137 2060 2267 2115 nihil
2293 2062 2422 2117 mihi
2452 2068 2849 2137 rcspondisses;
2879 2086 3088 2141 possem
3119 2077 3210 2131 tibi
3237 2080 3376 2133 enim
3405 2080 3568 2136 videri
3597 2083 3731 2139 nihil

2136 2152 2299 2208 etiam
2327 2155 2715 2229 interrogasse:
2745 2178 2886 2219 nunc
2910 2181 3039 2221 vero
3068 2182 3188 2222 cum
3218 2170 3314 2225 tria
3338 2172 3501 2227 verba
3530 2189 3733 2230 sonue-

2134 2244 2236 2299 rim
2256 2289 2272 2314 ,
2304 2263 2529 2318 quorum
2557 2267 2719 2308 unum
2750 2254 2804 2309 in
2845 2256 3019 2312 medio
3052 2261 3273 2330 repetivi
3315 2263 3499 2319 dicens
3546 2278 3728 2322 utrum

2135 2334 2323 2404 homo,
2370 2339 2531 2395 homo
2568 2344 2666 2410 sit,
2702 2346 2930 2414 primum
2960 2356 3016 2403 et
3044 2350 3284 2406 ultimum
3330 2356 3583 2423 verbum,
3619 2373 3730 2414 non

2134 2430 2421 2485 secundum
2442 2432 2551 2502 ipsa
2581 2436 2727 2506 signa
2749 2479 2765 2505 ,
2794 2438 2891 2493 sed
2913 2441 3203 2496 secundum
3225 2459 3285 2498 ea
3313 2460 3429 2515 qua:
3453 2447 3536 2503 his
3558 2449 3728 2520 signi-

2133 2519 2360 2576 ﬁcantur
2386 2532 2436 2579 te
2464 2527 2764 2596 accepisse,
2803 2530 2885 2584 vel
2927 2530 3027 2586 hoc
3065 2533 3181 2587 solo
3219 2538 3559 2592 manifestum
3605 2519 3726 2606 est,

2132 2613 2274 2683 quod
2305 2616 2480 2670 statim
2509 2628 2686 2673 certus
2714 2635 2777 2675 ac
2806 2622 2974 2677 ﬁdens
2998 2625 3258 2694 rogationi
3286 2628 3724 2697 respmidcndum

2133 2706 2351 2774 putasti.
2376 2705 2477 2761 Ad.
2510 2707 2707 2764 Verum
2739 2710 2892 2766 dicis.
2936 2715 3069 2785 Aug.
3109 2716 3215 2771 Cur
3255 2733 3382 2789 ergo
3428 2720 3478 2774 id
3523 2731 3726 2777 tantum

2131 2797 2272 2865 quod
2289 2797 2340 2851 in
2357 2798 2531 2853 medio
2545 2802 2776 2869 positum
2803 2814 2973 2870 est,et
2992 2807 3283 2863 secundum
3305 2809 3355 2864 id
3386 2812 3524 2881 quod
3545 2822 3725 2881 sonat,

2131 2896 2185 2942 et
2210 2888 2500 2945 secundum
2540 2891 2591 2946 id
2630 2893 2771 2963 quod
2812 2895 3106 2967 significat,
3151 2907 3205 2954 te
3239 2901 3481 2971 accipere
3526 2904 3727 2960 libuit?

2130 2981 2230 3035 Ad.
2271 2980 2411 3039 Ecce
2444 2983 2553 3053 jam
2597 2994 2764 3041 totum
2795 3003 2859 3043 ex
2890 3004 2952 3044 ea
2994 2998 3196 3045 tantum
3236 3002 3385 3063 parte
3426 3010 3525 3065 qua
3554 2997 3724 3067 signi-

2132 3072 2318 3128 ﬁcatur
2359 3075 2561 3145 accipio
2587 3096 2601 3132 :
2626 3078 2890 3134 assentior
2914 3081 3055 3135 enim
3088 3081 3217 3147 tibi,
3247 3086 3591 3140 sermocinari
3620 3104 3723 3142 nos

2129 3164 2349 3219 omnino
2388 3181 2494 3220 non
2536 3181 2725 3235 posse,
2765 3168 2866 3223 nisi
2897 3170 3095 3225 auditis
3138 3171 3315 3227 verbis
3344 3174 3409 3228 ad
3434 3191 3495 3230 ea
3524 3175 3727 3232 feratur

2128 3254 2363 3318 animus,
2389 3271 2612 3325 quorum
2639 3258 2739 3313 ista
2765 3269 2888 3314 sunt
2913 3260 3081 3331 signa.
3114 3260 3289 3330 Quare
3304 3266 3526 3321 ostende
3555 3283 3725 3337 nunc,

2126 3345 2393 3415 quomodo
2433 3347 2533 3401 ista
2586 3349 2991 3407 ratiocinatione
3038 3351 3294 3423 deceptus
3333 3356 3469 3423 sim,
3506 3373 3607 3429 qua
3636 3374 3727 3414 me

2141 3434 2411 3490 hominem
2468 3451 2573 3491 non
2626 3454 2746 3495 esse
2785 3442 3137 3498 concluditur.
3189 3443 3322 3517 Aug.
3376 3445 3487 3502 lnio
3533 3448 3725 3505 eadem

2126 3541 2312 3581 rursus
2354 3526 2724 3600 interrogabo,
2752 3540 2809 3586 ut
2838 3532 2952 3604 ipse
2997 3534 3236 3591 invenias
3288 3536 3376 3594 ubi
3415 3538 3595 3610 lapsus
3621 3541 3719 3597 sis.

2124 3614 2225 3669 Ad.
2256 3617 2397 3672 Bene
2418 3616 2569 3673 facis.

2194 3706 2283 3762 23.
2316 3708 2447 3779 Aug.
2476 3708 2609 3763 lllud
2647 3725 2775 3781 ergo
2803 3713 2945 3783 quod
2989 3715 3161 3785 primo
3199 3718 3511 3788 quaesieram
3533 3761 3546 3784 ,
3587 3721 3721 3791 quia

2118 3799 2232 3871 jam
2276 3800 2495 3867 dedisti,
2527 3819 2636 3858 non
2684 3820 2939 3875 quaeram.
2987 3807 3121 3865 Vide
3168 3809 3331 3881 igitur
3377 3811 3717 3884 diligentius,

2123 3901 2301 3948 utrum
2333 3894 2554 3965 syllaba,
2583 3895 2671 3961 ho,
2692 3897 2821 3952 nihil
2841 3899 2980 3954 aliud
3008 3901 3278 3972 sitquam,
3309 3902 3405 3969 ho;
3430 3914 3482 3958 et
3506 3915 3709 3971 utrum,

2122 4003 2244 4054 mo,
2275 3988 2404 4043 nihil
2429 3988 2571 4044 aliud
2596 3991 2664 4045 sit
2693 4006 2871 4063 quam,
2900 4008 3010 4048 mo.
3046 3994 3147 4047 Ad.
3177 3994 3275 4051 Hic
3316 4011 3537 4063 prorsus
3577 3997 3714 4051 nihil

2122 4063 2264 4134 aliud
2292 4080 2466 4135 video.
2484 4080 2618 4153 Aug.
2649 4082 2780 4137 Vide
2799 4083 2959 4139 etiam
2984 4101 3113 4140 num
3134 4085 3247 4140 istis
3264 4085 3468 4141 duabus
3487 4087 3712 4156 junctis,

2122 4173 2306 4242 homo,
2336 4174 2445 4228 ﬁat.
2476 4174 2576 4229 Ad.
2604 4176 2946 4249 Nequaquam
2972 4178 3076 4234 hoc
3100 4180 3454 4236 concesserim
3477 4200 3488 4235 :
3511 4182 3714 4251 placuit

2122 4266 2296 4333 enim,
2332 4275 2385 4322 et
2409 4276 2554 4323 recte
2586 4270 2811 4340 placuit,
2848 4270 3000 4341 signo
3031 4271 3155 4326 dato
3182 4271 3233 4326 id
3261 4271 3401 4343 quod
3443 4274 3713 4341 signiﬁca~

2122 4370 2209 4416 tur
2234 4359 2509 4415 attendere
2528 4402 2541 4426 ,
2568 4370 2623 4416 et
2648 4377 2713 4417 ex
2740 4362 2857 4432 ejus
2885 4364 3308 4419 consideratione
3331 4365 3413 4419 vel
3443 4365 3590 4428 dare,
3625 4366 3710 4419 vel

2124 4468 2321 4525 negare
2360 4452 2501 4523 quod
2533 4453 2742 4507 dicitur.
2770 4454 2876 4508 Illa:
2904 4464 3080 4509 autem
3102 4458 3389 4526 separatim
3416 4459 3707 4513 enuntiata:

2122 4543 2369 4614 syllabae,
2411 4543 2531 4614 quia
2559 4543 2674 4598 sine
2701 4544 2805 4598 ulla
2834 4544 3219 4615 signiﬁcatione
3249 4560 3572 4613 sonuerunt,
3606 4549 3712 4605 huc

2121 4647 2214 4688 eas
2254 4647 2373 4688 esse
2413 4634 2554 4703 quod
2601 4650 2830 4689 sonuere
2872 4650 3183 4692 concessum
3221 4646 3320 4692 est.
3359 4640 3491 4709 Aug.
3529 4639 3708 4695 Placet

2120 4726 2312 4796 igitur,
2365 4725 2683 4797 ﬁrmumque
2721 4727 2899 4781 animo
2939 4738 3091 4783 tencs
3134 4743 3238 4783 non
3278 4731 3709 4800 respondendum

2120 4834 2241 4875 esse
2270 4819 2804 4891 interrogationibus,
2845 4821 2949 4875 nisi
2977 4836 3039 4875 ex
3078 4821 3140 4876 iis
3172 4822 3331 4877 rebus
3374 4841 3491 4892 qua:
3531 4826 3709 4879 verbis

2123 4910 2506 4983 signiﬁcantur.
2552 4911 2651 4965 Ad.
2702 4911 2817 4966 Non
2868 4912 3105 4984 intelligo
3150 4930 3245 4970 cur
3307 4915 3610 4985 displiceat,
3658 4918 3709 4972 si

2120 5003 2279 5060 modo
2308 5003 2468 5059 verba
2499 5002 2623 5058 sint.
2650 5003 2783 5076 Aug.
2822 5003 3023 5058 Vellem
3055 5006 3191 5060 scire
3216 5007 3481 5076 quomodo
3511 5008 3583 5061 illi
3616 5025 3705 5062 re-

2119 5095 2366 5162 sisteres,
2398 5094 2464 5149 de
2505 5110 2611 5166 quo
2632 5094 2874 5164 jocantes
2913 5095 3146 5151 solemus
3188 5097 3407 5164 audire,
3454 5100 3594 5169 quod
3638 5117 3708 5157 ex

2120 5189 2235 5259 ejus
2254 5204 2348 5245 ore
2373 5203 2624 5260 cumquo
2640 5188 2971 5259 disputabat,
2995 5190 3205 5245 leonem
3233 5192 3557 5262 processisse
3577 5209 3710 5249 con-

2119 5282 2356 5338 cluserit.
2386 5281 2520 5337 Cum
2550 5282 2693 5337 enim
2734 5282 3046 5351 qutrsisset,
3085 5293 3258 5338 utrum
3287 5300 3348 5339 ea
3379 5302 3496 5352 qua:
3523 5287 3707 5356 loque-

2121 5389 2329 5440 remur,
2378 5383 2561 5428 nostro
2590 5388 2686 5428 ore
2719 5373 3106 5442 procederent,
3141 5386 3299 5446 atque
3330 5376 3414 5430 ille
3464 5394 3567 5430 non
3612 5394 3709 5446 po-

2121 5465 2311 5520 tuisset
2335 5480 2564 5534 negare;
2605 5465 2743 5534 quod
2790 5464 2942 5520 facile
2987 5465 3109 5531 fuit,
3155 5467 3260 5538 egit
3295 5482 3419 5521 cum
3460 5466 3707 5535 homine,

2120 5564 2179 5609 ut
2195 5555 2247 5611 in
2266 5556 2530 5626 loquendo
2552 5556 2760 5611 leonem
2781 5557 3082 5611 nominaret
3112 5575 3125 5611 :
3157 5556 3259 5612 hoc
3279 5559 3364 5611 ubi
3388 5558 3581 5613 factum
3601 5571 3706 5626 est,

2119 5647 2342 5703 ridicule
2372 5649 2627 5705 insultare
2644 5651 2804 5720 erepit
2830 5658 2884 5703 et
2908 5665 3170 5719 premere,
3197 5661 3253 5705 ut
3276 5651 3524 5722 quoniam
3556 5652 3711 5722 quid-

2121 5740 2246 5811 quid
2284 5742 2577 5812 loquimur,
2610 5727 2712 5797 ore‘
2751 5750 2935 5797 nostro
2976 5742 3125 5797 exire
3165 5743 3445 5799 confessus
3478 5752 3624 5802 erat.
3655 5755 3712 5801 et

2121 5836 2331 5895 leonem
2362 5850 2421 5894 se
2444 5835 2678 5893 locutum
2704 5848 2823 5893 esse
2849 5832 3102 5905 nequibat
3122 5834 3383 5905 abnuere,
3416 5833 3577 5891 homo
3602 5850 3711 5890 non
