4118 6370
354 343 494 404 1209

353 466 526 523 malus
576 470 683 518 tam
727 460 1012 519 immanem
1056 457 1282 517 bestiam
1332 457 1601 516 videretur
1644 460 1934 516 vomuisse.

352 559 452 614 Ad.
477 556 691 612 Minime
720 570 846 610 vero
876 562 991 610 erat
1017 552 1241 608 arduum
1275 567 1471 607 scurra:
1498 552 1620 607 huic
1648 552 1935 619 resistere;

352 670 459 709 non
497 652 640 708 enim
666 647 1014 704 concederem
1042 659 1135 700 ore
1163 652 1345 699 nostro
1374 644 1522 699 exire
1562 641 1935 714 quodcumque

350 746 635 815 loquimur.
666 741 798 796 Nam
837 755 957 810 quae
993 737 1291 808 loquimur,
1318 751 1380 791 ea
1406 734 1796 805 signiﬁcamus;
1830 750 1934 788 non

350 848 528 893 autem
556 851 674 906 quae
704 849 789 889 res
814 831 1139 903 signiﬁcatur
1162 872 1176 896 ,
1205 828 1299 885 sed
1338 829 1544 899 signum
1585 843 1690 899 quo
1729 827 1934 898 signiﬁ-

349 941 504 986 catur
525 928 787 998 loquentis
816 940 908 979 ore
936 923 1207 994 procedit,
1248 922 1349 977 nisi
1379 938 1499 977 cum
1543 922 1655 991 ipsa
1684 922 1831 993 signa
1863 923 1934 976 si-

348 1024 718 1096 gniﬁcantur:
769 1018 909 1090 quod
958 1032 1125 1089 genus
1186 1017 1341 1088 paulo
1392 1025 1514 1070 ante
1571 1016 1929 1071 tractavimus.

420 1119 510 1172 24.
540 1117 670 1187 Aug.
700 1115 843 1168 Bene
873 1124 926 1167 tu
953 1113 1164 1183 quidem
1192 1110 1292 1166 hoc
1314 1110 1472 1165 modo
1497 1110 1751 1164 adversus
1782 1108 1931 1163 illum

349 1225 497 1266 esses
540 1218 791 1279 paratus:
822 1212 1187 1261 verumtamen
1217 1202 1345 1257 mihi
1383 1201 1508 1272 quid
1554 1200 1930 1268 respondebis,

349 1311 523 1358 utrum
567 1300 726 1354 homo
763 1313 953 1353 nomen
996 1297 1065 1350 sit
1100 1293 1434 1364 requirenti?
1463 1290 1561 1346 Ad.
1614 1291 1785 1359 Quid,
1830 1291 1933 1347 nisi

347 1407 468 1448 esse
493 1390 718 1447 nomen?
744 1388 875 1460 Aug.
919 1386 1093 1455 Quid?
1118 1400 1239 1440 eum
1266 1393 1316 1439 te
1344 1384 1525 1448 video,
1571 1399 1696 1438 num
1739 1397 1931 1437 nomen

347 1485 541 1540 video?
567 1484 665 1537 Ad.
703 1482 839 1537 Non.
867 1481 998 1552 Aug.
1027 1478 1189 1535 Visne
1216 1478 1371 1549 igitur
1396 1476 1565 1531 dicam
1591 1475 1731 1548 quod
1759 1476 1936 1545 sequi-

345 1576 468 1630 tur?
497 1575 598 1629 Ad.
626 1574 701 1628 Ne
729 1587 941 1642 quaeso;
974 1586 1094 1625 nam
1127 1569 1254 1624 mibi
1283 1569 1396 1641 ipse
1422 1569 1704 1633 renuntio,
1732 1582 1817 1621 me
1840 1567 1932 1621 lio—

345 1670 545 1725 minem
574 1683 679 1722 non
708 1681 826 1721 esse
845 1705 859 1726 .
891 1663 980 1733 qui
1008 1678 1202 1718 nomen
1228 1676 1348 1716 esse
1373 1658 1765 1730 responderim,
1809 1672 1931 1713 cum

346 1760 509 1815 homo
538 1769 714 1814 utrum
756 1772 950 1811 nomen
980 1764 1123 1810 esset
1149 1753 1465 1823 iuquireres.
1495 1751 1611 1807 Jam
1640 1750 1782 1806 enim
1816 1750 1930 1819 pla-

346 1861 564 1919 cuerat,
592 1867 655 1906 ex
704 1864 764 1905 ca
796 1864 854 1903 re
897 1863 1016 1918 qua:
1051 1847 1474 1916 signiﬁcaretur,
1523 1854 1614 1898 aut
1652 1843 1929 1911 assentiri,

347 1951 441 1998 aut
483 1956 676 2011 negare
702 1939 843 2010 quod
873 1938 1084 1993 dicitur.
1112 1936 1246 2008 Aug.
1292 1937 1363 1991 At
1408 1936 1538 1990 mihi
1588 1934 1796 1989 videtur
1824 1950 1930 1988 non

265 2045 279 2055 ’
346 2042 401 2089 te
435 2032 625 2088 frustra
654 2031 707 2086 in
729 2030 866 2085 hanc
890 2029 1293 2100 responsionem
1320 2026 1615 2092 decidisse;
1644 2040 1766 2080 nam
1795 2025 1930 2095 vigi-

345 2126 563 2181 lantiam
588 2134 731 2179 tuam
758 2124 1023 2179 mentibus
1050 2121 1245 2177 nostris
1275 2121 1439 2175 indita
1461 2120 1574 2190 ipsa
1601 2120 1686 2175 lex
1710 2118 1930 2174 rationis

346 2218 506 2274 evicit
534 2235 547 2270 :
580 2232 701 2271 nam
729 2216 773 2271 si
800 2230 1094 2286 qumrerem
1138 2212 1265 2284 quid
1301 2220 1446 2268 esset
1480 2212 1669 2276 homo,
1710 2226 1930 2281 reSpon-

346 2310 503 2366 deres
549 2310 809 2376 fortasse,
853 2307 1097 2371 Animal;
1147 2306 1191 2360 si
1240 2313 1417 2360 autem
1470 2319 1765 2375 quaarerem
1810 2319 1931 2373 quae

344 2416 471 2471 pars
497 2401 751 2455 orationis
789 2409 932 2454 esset
962 2398 1151 2461 homo,
1184 2398 1329 2453 nullo
1358 2396 1518 2451 modo
1561 2411 1745 2465 posses
1787 2406 1932 2452 recte

344 2493 670 2563 respondere
700 2491 799 2546 nisi
819 2531 834 2554 ,
878 2490 1080 2545 Nomen
1111 2507 1125 2543 :
1158 2489 1501 2559 quamobrem
1532 2503 1654 2542 cum
1683 2488 1843 2543 homo
1876 2497 1931 2543 et

345 2604 542 2644 nomen
565 2629 580 2656 ,
611 2595 665 2642 et
684 2586 878 2641 animal
909 2601 1028 2641 esse
1055 2584 1376 2649 inveniatur,
1405 2583 1531 2638 illud
1557 2583 1753 2638 dicitur
1775 2598 1837 2637 ex
1866 2598 1929 2638 ea

346 2688 498 2749 parte
527 2694 627 2748 qua
661 2678 868 2748 signum
894 2685 1010 2741 est,
1045 2675 1147 2730 hoc
1171 2691 1236 2730 ex
1265 2683 1412 2744 parte
1441 2674 1516 2729 rei
1545 2690 1702 2745 quam
1726 2674 1931 2744 signiﬁ-

347 2780 454 2827 cat.
482 2772 583 2839 Qui
611 2787 737 2841 ergo
761 2771 952 2841 quaerit
977 2779 1151 2823 utrum
1184 2769 1343 2823 homo
1370 2783 1562 2823 nomen
1593 2767 1695 2833 sit,
1729 2767 1855 2821 nihil
1882 2767 1931 2821 ei

346 2864 489 2921 aliud
513 2882 670 2936 quam
697 2880 815 2919 esse
845 2863 1195 2935 respondeam
1220 2878 1232 2914 :
1256 2861 1386 2915 satis
1410 2860 1555 2915 enim
1580 2860 1844 2931 signiﬁcat
1865 2875 1932 2915 ex

346 2971 411 3013 ea
442 2966 588 3026 parte
625 2971 684 3011 se
726 2956 861 3010 velle
898 2954 1082 3008 audire
1103 2994 1116 3017 ,
1148 2968 1251 3023 qua
1289 2952 1496 3021 signum
1524 2960 1625 3006 est.
1653 2951 1708 3006 Si
1755 2960 1932 3007 autem

348 3049 538 3119 quaerit
568 3057 743 3103 utrum
769 3046 964 3101 animal
1004 3046 1102 3111 sit,
1139 3044 1305 3098 multo
1345 3043 1629 3113 proclivius
1662 3059 1929 3098 annuam:

349 3142 598 3212 quoniam
625 3146 878 3196 sLtacens
906 3150 959 3195 et
987 3154 1185 3194 nomen
1225 3146 1280 3194 et
1314 3138 1545 3203 animal,
1576 3146 1779 3192 tantum
1808 3139 1935 3208 quid

349 3239 493 3286 esset
532 3231 691 3284 homo
719 3231 1032 3297 requireret,
1065 3229 1253 3297 placita
1286 3228 1374 3282 illa
1395 3228 1643 3297 loquendi
1661 3229 1837 3298 regula
1868 3229 1935 3283 ad

348 3322 403 3378 id
426 3324 565 3394 quod
591 3323 795 3378 duabus
817 3322 1034 3393 syllabis
1054 3321 1406 3390 signiﬁcatur,
1433 3322 1641 3378 animus
1663 3334 1933 3389 curreret;

349 3429 522 3485 neque
540 3415 826 3484 quidquam
856 3412 1387 3483 respondereturnisi
1407 3414 1600 3467 animal
1622 3456 1637 3481 ,
1663 3414 1744 3469 vel
1775 3414 1935 3469 etiam

350 3518 463 3565 tota
486 3509 728 3565 deﬁnitio
757 3508 1052 3572 diceretur,
1086 3505 1140 3561 id
1166 3515 1248 3561 est
1269 3506 1465 3561 animal
1496 3507 1753 3561 rationale
1790 3523 1938 3562 mor-

350 3600 458 3656 tale
496 3619 511 3656 :
555 3616 629 3655 an
691 3600 784 3655 tibi
826 3616 931 3655 non
979 3598 1222 3653 videtur?
1267 3599 1367 3652 Ad.
1420 3599 1641 3653 Prorsus
1690 3599 1933 3654 videtur:

352 3689 448 3745 sed
475 3706 595 3746 cum
623 3705 740 3745 esse
766 3704 959 3744 nomen
1002 3689 1421 3744 concesserimus
1438 3730 1453 3754 ,
1503 3689 1772 3758 quomodo
1796 3690 1936 3744 illam

355 3781 754 3836 conclusionem
782 3781 938 3834 nimis
967 3780 1403 3834 contumeliosam
1454 3779 1800 3844 evitabimus,
1832 3796 1936 3850 qua

349 3887 449 3927 nos
487 3873 729 3926 homines
786 3887 888 3925 non
947 3885 1068 3924 esse
1106 3871 1421 3925 conﬁcitur?
1470 3870 1601 3942 Aug.
1653 3871 1938 3938 Quomodo

348 3972 537 4035 putas,
581 3964 683 4019 nisi
725 3963 966 4018 docendo
1011 3979 1114 4016 non
1173 3980 1238 4017 ex
1288 3979 1350 4018 ea
1399 3973 1547 4033 parte
1588 3966 1806 4032 illatam,
1834 3982 1940 4037 qua

349 4056 697 4126 interroganti
768 4055 1237 4112 assentiebamur?
1289 4057 1395 4110 Aut
1459 4057 1505 4110 si
1553 4072 1618 4112 ex
1672 4074 1732 4113 ea
1789 4067 1940 4129 parte

350 4148 496 4203 illam
523 4163 581 4203 se
604 4148 797 4202 fatetur
815 4146 1011 4201 inferre
1031 4186 1043 4208 ,
1078 4146 1224 4199 nullo
1250 4146 1408 4201 modo
1449 4155 1531 4201 est
1566 4146 1937 4204 formidanda:

352 4239 481 4309 quid
510 4239 652 4293 enim
680 4247 913 4293 metuam
950 4237 1248 4303 hominem,
1282 4237 1332 4291 id
1363 4246 1445 4293 est
1471 4247 1581 4293 tres
1617 4240 1746 4294 istas
1774 4241 1941 4311 sylla-

349 4328 446 4384 bas
479 4344 580 4383 non
629 4344 748 4384 esse
776 4344 862 4384 me
896 4326 1170 4382 conﬁteri?
1202 4326 1302 4380 Ad.
1335 4327 1470 4382 Nihil
1500 4337 1582 4383 est
1605 4331 1803 4383 verius.
1836 4331 1943 4385 Cur

350 4434 480 4490 ergo
502 4420 736 4474 animum
765 4418 1017 4486 offendit,
1047 4433 1168 4474 cum
1198 4419 1414 4487 dicitur,
1442 4419 1555 4474 Non
1585 4435 1645 4475 es
1664 4421 1823 4492 igitur
1846 4421 1945 4477 ho-

350 4524 470 4575 mo;
503 4526 623 4565 eum
656 4511 947 4566 secundum
985 4510 1073 4566 illa
1116 4526 1393 4580 concessa,
1436 4512 1569 4567 nihil
1612 4512 1790 4567 verius
1835 4513 1939 4569 dici

352 4601 625 4674 potuerit?
656 4602 788 4672 Aug.
828 4601 960 4668 Quia
998 4618 1103 4657 non
1147 4616 1363 4672 possum
1409 4618 1515 4659 non
1562 4613 1749 4674 putare
1785 4604 1851 4658 ad
1889 4604 1940 4658 id

355 4692 754 4747 conclusionem
795 4694 1005 4755 referri,
1050 4695 1193 4765 quod
1233 4696 1318 4751 his
1364 4696 1571 4752 duabus
1614 4697 1832 4769 syllabis
1871 4698 1942 4752 si-

355 4781 665 4851 gniﬁcatur,
693 4784 852 4838 simul
876 4794 1034 4853 atque
1061 4786 1159 4839 ista
1187 4788 1348 4841 verba
1374 4790 1648 4846 sonuerint
1666 4832 1682 4857 ,
1709 4806 1770 4845 ea
1800 4791 1943 4846 scili-

352 4882 441 4929 cet
466 4875 683 4945 regula,
716 4891 834 4945 quae
865 4877 1175 4931 naturaliter
1213 4879 1499 4947 plurimum
1536 4883 1711 4947 valet,
1753 4890 1814 4936 ut
1848 4898 1945 4936 au-

354 4965 481 5020 ditis
518 4966 683 5036 signis
721 4966 789 5020 ad
820 4982 908 5022 res
954 4966 1276 5038 signiﬁcatas
1317 4968 1519 5026 feratur
1562 4972 1805 5028 intentio.
1836 4973 1937 5029 Ad.

357 5056 578 5127 Accipio
602 5058 743 5127 quod
773 5057 925 5113 dicis.

354 5149 578 5206 CAPUT
612 5150 704 5205 IX.
729 5181 798 5192 ——
818 5150 897 5205 An
922 5168 1000 5206 res
1028 5168 1236 5223 quaeque
1259 5194 1274 5219 ,
1304 5155 1382 5209 uel
1402 5158 1509 5227 ejus
1536 5158 1752 5228 cognitio
1782 5158 1943 5230 pluris

707 5242 940 5297 habenda
966 5244 1030 5296 sit
1054 5260 1203 5310 quam
1238 5246 1397 5312 ipsius
1420 5264 1586 5318 signa.

422 5330 515 5388 25.
542 5331 676 5404 Aug.
706 5332 822 5388 Iam
856 5349 984 5405 ergo
1008 5334 1274 5405 intelligas
1301 5340 1439 5403 volo,
1473 5355 1559 5393 res
1586 5356 1706 5409 quae
1742 5342 1943 5411 signiﬁ—

353 5430 566 5490 cantur,
599 5424 768 5493 pluris
810 5441 967 5495 quam
996 5426 1143 5496 signa
1170 5443 1290 5483 esse
1326 5431 1648 5498 pendendas.
1676 5434 1942 5506 Quidquid

352 5512 496 5567 enim
528 5524 742 5584 propter
767 5514 908 5570 aliud
938 5524 1045 5580 est,
1078 5517 1235 5573 vilius
1280 5518 1350 5573 sit
1393 5535 1615 5578 necesse
1659 5535 1739 5579 est
1782 5543 1941 5596 quam

352 5599 408 5659 id
434 5613 652 5673 propter
687 5606 827 5675 quod
868 5616 983 5672 est;
1014 5608 1115 5662 nisi
1147 5617 1200 5662 tu
1226 5609 1370 5665 aliud
1397 5612 1692 5668 existimas.
1721 5616 1820 5670 Ad.
1845 5617 1941 5672 Vi-

353 5690 510 5749 detur
531 5694 659 5750 mibi
686 5711 789 5752 non
818 5706 1020 5753 temere
1059 5698 1146 5753 hic
1188 5713 1310 5755 esse
1355 5703 1789 5760 assentiendum:
1819 5723 1939 5763 nam

353 5796 477 5841 cum
505 5785 729 5843 dicimus
746 5828 761 5856 ,
790 5786 1046 5857 Coenum,
1068 5788 1225 5861 longe
1250 5790 1353 5848 hoc
1381 5808 1575 5851 nomen
1602 5795 1833 5855 arbitror
1861 5798 1938 5855 rei

1810 334 2012 393 LIBER
2052 334 2252 396 UNI18.

3498 352 3638 416 1210

2045 471 2205 527 quam
2247 456 2510 530 signiﬁcat
2551 459 2885 519 antecellere.
2915 462 3066 531 Quod
3093 465 3235 522 enim
3277 482 3377 524 nos
3413 468 3636 528 offendit

2046 547 2343 615 audientes,
2371 567 2476 606 non
2506 552 2572 607 ad
2617 553 2783 623 ipsius
2821 555 2966 611 verbi
3003 556 3225 625 pertinet
3270 574 3496 629 sonum;
3525 578 3638 619 cm-

2044 654 2168 694 num
2196 642 2335 698 enim
2367 658 2584 711 nomen,
2612 653 2811 700 mutata
2843 662 2945 701 una
2981 647 3154 704 littera
3181 650 3377 706 cmlum
3402 663 3516 720 est;
3541 654 3627 709 in-

2045 737 2125 786 ter
2155 732 2239 787 illa
2272 750 2400 790 vero
2425 752 2544 804 qua:
2573 735 2656 790 his
2700 737 3003 795 nominibus
3047 741 3431 812 signiﬁcantur,
3464 760 3606 815 quan

2045 832 2154 879 tum
2199 826 2358 881 distet
2406 828 2664 884 videmus.
2709 829 3064 897 Quamobrem
3122 848 3457 904 nequaquam
3510 836 3657 892 huiC’

2040 918 2191 988 signo
2222 920 2526 987 tribuerim,
2554 921 2695 992 quod
2735 924 2786 976 in
2824 936 2884 976 re
2912 940 3068 994 quam
3094 924 3354 995 significat
3380 925 3628 990 odimus;

2040 1020 2093 1064 et
2135 1022 2410 1081 propterea
2460 1013 2561 1068 hoc
2604 1014 2678 1069 illi
2715 1014 2838 1085 jure
2867 1025 3174 1086 antepono:
3208 1016 3459 1072 libentius
3486 1019 3631 1075 enim
3708 1054 3709 1063 ι

2041 1099 2143 1153 hoc
2170 1102 2416 1157 audimus
2438 1145 2451 1168 ,
2480 1120 2638 1173 quam
2666 1106 2775 1162 ullo
2798 1121 2957 1162 sensu
2984 1107 3112 1160 illud
3137 1108 3464 1178 attingimus.
3493 1110 3629 1180 Aug.

2041 1194 2447 1264 Vigilantissime
2474 1199 2713 1255 omnino.
2747 1199 2927 1271 Itaque
2968 1200 3154 1254 falsum
3186 1211 3266 1256 est
3286 1243 3300 1266 ,
3327 1216 3516 1256 omnes
3542 1217 3630 1257 res

2039 1286 2201 1355 pluris
2230 1304 2386 1357 quam
2416 1305 2597 1345 earum
2629 1292 2775 1362 signa
2806 1271 2928 1348 es'sc
2968 1292 3294 1362 pendendas.
3328 1294 3426 1346 Ad.
3453 1291 3527 1348 Ila
3553 1293 3630 1347 vi-

2038 1377 2214 1434 detur.
2248 1381 2379 1452 Aug.
2410 1383 2503 1437 Dic
2528 1399 2656 1454 ergo
2683 1385 2810 1439 mihi
2840 1386 2966 1456 quid
2994 1386 3269 1442 arbitreris
3294 1370 3389 1441 eos
3416 1396 3630 1443 secutos

2037 1485 2187 1535 esse,
2209 1472 2297 1541 qui
2327 1473 2448 1527 buic
2478 1474 2554 1530 rei
2579 1483 2684 1529 tam
2715 1474 2873 1532 ftedce
2898 1486 3058 1547 atque
3082 1478 3401 1548 asperuabili
3429 1492 3627 1536 nomen

2038 1562 2370 1631 indiderunt;
2404 1566 2486 1620 vel
2517 1579 2692 1622 utrum
2718 1584 2812 1625 eos
2839 1571 3052 1640 probes,
3083 1586 3151 1625 an
3179 1572 3467 1641 improbas.
3508 1570 3613 1626 Ad.

2037 1654 2152 1726 Ego
2202 1672 2327 1713 vero
2369 1657 2489 1712 illos
2535 1674 2635 1715 nec
2679 1661 2927 1731 probare,
2952 1677 3052 1717 nec
3091 1663 3390 1733 improbare
3430 1662 3624 1729 audeo,

2037 1766 2137 1806 nec
2155 1751 2279 1821 quid
2303 1752 2496 1807 fuerint
2519 1754 2686 1809 secuti
2709 1756 2839 1811 scio.
2866 1756 2991 1827 Aug.
3017 1756 3244 1813 Potesne
3269 1759 3457 1813 saltem
3487 1758 3628 1814 scire

2035 1843 2162 1912 quid
2195 1854 2249 1898 tu
2277 1846 2519 1915 sequaris
2538 1888 2553 1912 ,
2577 1862 2697 1902 cum
2726 1846 2829 1903 hoc
2851 1864 3043 1903 nomen
3072 1849 3352 1905 enuntias?
3376 1849 3473 1903 Ad.
3514 1850 3628 1906 Hoc

2037 1934 2191 2002 plane
2214 1950 2429 2005 possum
2454 1955 2469 1990 :
2494 1952 2615 1993 nam
2643 1938 2944 2009 signiﬁcare
2968 1940 3112 2005 volo,
3141 1949 3199 1994 ut
3222 1957 3343 1996 eum
3373 1957 3495 1996 cum
3520 1957 3630 2010 quo

2035 2026 2243 2099 loquor,
2272 2029 2491 2085 doceam
2520 2031 2603 2085 vel
2627 2032 2941 2089 admoneam
2974 2033 3042 2089 de
3072 2049 3129 2089 re
3170 2034 3287 2099 illa,
3327 2033 3468 2103 quod
3500 2049 3625 2087 eum

2035 2116 2214 2173 doceri
2258 2120 2341 2173 vel
2385 2121 2660 2177 admoneri
2706 2132 2952 2192 oportere
2995 2122 3245 2179 arbitror.
3292 2124 3422 2194 Aug.
3448 2122 3629 2191 Quid?

2034 2208 2208 2278 ipsum
2237 2209 2428 2267 docere
2455 2222 2548 2267 aut
2575 2213 2893 2277 admonere,
2934 2214 3047 2268 sive
3085 2215 3265 2270 doceri
3304 2224 3396 2269 aut
3435 2214 3627 2271 admo-

2035 2299 2180 2365 neri,
2224 2301 2364 2370 quod
2421 2302 2502 2357 vel
2557 2312 2612 2357 tu
2662 2304 2883 2359 exhibes
2938 2304 3218 2359 commode
3271 2320 3369 2375 per
3399 2305 3499 2361 hoc
3526 2321 3625 2360 no-

2036 2406 2156 2446 men
2178 2433 2193 2459 ,
2224 2393 2307 2447 vel
2332 2393 2614 2450 exhibetur
2643 2395 2772 2460 tibi;
2800 2411 2976 2451 nonne
3022 2397 3235 2451 cliarius
3261 2413 3417 2467 quam
3450 2398 3624 2467 ipsum

2034 2500 2230 2540 nomen
2255 2484 2553 2542 babendum
2580 2490 2693 2542 est?
2719 2487 2817 2541 Ad.
2845 2487 3094 2545 Concedo
3123 2491 3288 2560 ipsam
3318 2492 3620 2559 scientiam,

2036 2591 2155 2644 quae
2183 2591 2277 2644 per
2306 2576 2407 2631 hoc
2434 2579 2644 2648 signum
2684 2580 2890 2644 evenit,
2923 2580 3096 2635 cidem
3126 2581 3277 2650 signo
3315 2595 3434 2637 esse
3469 2591 3623 2637 ante-

2035 2669 2366 2736 ponendam;
2391 2668 2484 2722 sed
2514 2684 2616 2723 non
2646 2670 2764 2724 ideo
2793 2671 2952 2725 etiam
2988 2687 3100 2726 rem
3133 2672 3300 2742 ipsam
3332 2682 3478 2743 puto.

2105 2757 2196 2813 26.
2229 2758 2353 2830 Aug.
2388 2760 2442 2814 In
2472 2760 2558 2814 illa
2587 2761 2744 2832 igitur
2776 2762 3039 2817 sententia
3067 2772 3279 2831 nostra,
3320 2781 3624 2837 quanquam

2036 2851 2105 2906 sit
2148 2852 2336 2907 falsum
2356 2894 2370 2917 ,
2415 2868 2502 2908 res
2541 2868 2728 2909 omnes
2755 2855 2921 2921 signis
2946 2855 3055 2909 suis
3084 2858 3317 2926 praeponi
3346 2869 3622 2929 oportere;

2037 2958 2142 2997 non
2176 2954 2348 2999 tamen
2382 2945 2570 3000 falsum
2602 2955 2715 3010 est,
2747 2962 2906 3002 omne
2935 2947 3078 3018 quod
3106 2958 3321 3019 propter
3346 2952 3484 3006 aliud
3511 2961 3623 3020 est,

2038 3034 2193 3090 vilius
2219 3050 2338 3091 esse
2367 3052 2526 3107 quam
2552 3038 2600 3092 id
2634 3051 2849 3109 propter
2877 3039 3018 3109 quod
3044 3051 3146 3096 est.
3171 3041 3411 3112 Cognitio
3431 3044 3628 3114 quippe

2038 3128 2197 3192 caeni,
2228 3138 2447 3197 propter
2469 3145 2625 3198 quam
2658 3130 2759 3185 hoc
2781 3147 2971 3186 nomen
3003 3142 3085 3187 est
3112 3134 3429 3197 institutum,
3460 3136 3628 3206 pluris

2040 3217 2281 3272 habenda
2311 3226 2395 3274 est
2425 3219 2540 3289 ipso
2568 3220 2803 3286 nomine,
2830 3221 2971 3291 quod
2998 3222 3173 3278 eidem
3216 3239 3371 3279 emno
3416 3241 3627 3295 praepo-

2042 3310 2271 3364 nendum
2313 3326 2432 3365 esse
2471 3314 2852 3382 comperimus.
2892 3313 3007 3369 Non
3056 3315 3196 3370 enim
3235 3316 3305 3371 ob
3345 3316 3488 3371 aliud
3529 3318 3629 3374 ista

2040 3404 2276 3474 cognitio
2299 3404 2471 3473 signo,
2502 3405 2569 3458 de
2598 3421 2703 3475 quo
2729 3406 2954 3475 agimus,
2980 3407 3208 3461 antelata
3233 3416 3316 3462 est
3334 3448 3349 3472 ,
3378 3409 3479 3463 nisi
3499 3409 3625 3479 quia

2040 3496 2171 3553 illud
2212 3504 2427 3566 propter
2471 3496 2608 3551 hanc
2626 3537 2642 3563 ,
2670 3514 2774 3551 non
2819 3497 2932 3552 lucc
2957 3506 3173 3567 propter
3200 3498 3325 3554 illud
3352 3516 3471 3554 esse
3494 3515 3628 3556 eon-

2042 3588 2290 3642 vincitur.
2332 3588 2464 3641 Nam
2497 3590 2566 3642 ita
2605 3604 2728 3644 cum
2775 3590 2987 3659 quidam
3031 3600 3267 3657 voratur,
3296 3594 3629 3664 ventrisque,

2042 3689 2101 3735 ut
2124 3681 2191 3736 ab
2219 3682 2473 3750 Apostolo
2500 3682 2712 3744 dicitur,
2737 3684 2909 3736 cultor
2939 3682 3114 3755 (Rom.
3140 3699 3253 3749 xw,
3284 3685 3398 3755 IS),
3426 3684 3629 3739 diceret

2045 3773 2164 3829 ideo
2209 3788 2267 3828 se
2310 3774 2510 3839 vivere,
2539 3782 2598 3827 ut
2622 3783 2967 3840 vesceretur;
2998 3791 3103 3830 nou
3131 3776 3245 3829 tulit
3270 3777 3357 3845 qui
3386 3776 3634 3832 audiebat

2044 3866 2176 3937 frugi
2202 3866 2381 3931 homo,
2412 3874 2484 3931 et,
2515 3865 2733 3932 Quanto,
2765 3865 2961 3936 inquit.
2991 3867 3170 3920 melius
3213 3867 3325 3920 ideo
3364 3868 3630 3921 vescereris

2043 3971 2097 4015 ut
2123 3962 2347 4015 uiueres?
2374 3960 2516 4031 quod
2548 3961 2731 4031 utique
2757 3976 2820 4016 ex
2849 3962 3037 4017 eadem
3070 3962 3166 4017 ista
3209 3964 3386 4033 regula
3424 3964 3635 4019 locutus

2044 4061 2128 4107 est
2153 4054 2193 4107 ί.
2234 4052 2366 4107 Nam
2413 4068 2586 4123 neque
2627 4054 2728 4108 alia
2765 4053 2833 4109 de
2874 4070 3032 4109 causa
3074 4055 3162 4111 ille
3204 4056 3497 4125 displicuit,
3530 4057 3634 4113 nisi

2044 4143 2182 4214 quod
2210 4144 2368 4198 vitam
2401 4159 2550 4199 suam
2583 4153 2689 4198 tam
2724 4145 3164 4215 parvipenderet,
3194 4157 3250 4200 ut
3275 4163 3391 4202 eam
3417 4148 3637 4205 duceret

2043 4235 2269 4303 gutturis
2293 4236 2565 4305 voluptate
2594 4237 2857 4302 viliorem,
2882 4237 3109 4293 dicendo
3134 4253 3192 4295 se
3220 4250 3432 4309 prepter
3452 4241 3635 4312 epulas

2048 4327 2261 4381 vivere:
2289 4343 2462 4397 neque
2488 4327 2573 4383 hic
2598 4330 2668 4383 ob
2694 4329 2833 4383 aliud
2874 4330 2995 4399 jure
3034 4330 3300 4396 laudatur,
3349 4332 3448 4386 nisi
3486 4333 3632 4403 quod

2045 4417 2097 4471 in
2128 4419 2192 4471 iis
2218 4418 2427 4474 duobus
2452 4422 2578 4489 quid
2608 4430 2821 4489 propter
2858 4421 2983 4490 quid
3010 4421 3197 4487 ﬁeret,
3242 4421 3344 4477 hoc
3384 4433 3467 4478 est
3507 4424 3635 4496 quid

2045 4507 2132 4562 cui
2160 4508 2458 4578 subjectum
2506 4518 2653 4565 esset
2693 4510 3335 4581 intelligens,cibandum
3380 4516 3551 4583 potius
3578 4524 3637 4571 ut

2046 4600 2316 4665 vivamus,
2348 4617 2509 4671 quam
2542 4602 2822 4657 vivendum
2853 4613 2913 4659 ut
2937 4604 3195 4671 cibemur,
3225 4606 3520 4662 admonuit.
3548 4608 3636 4663 Si-

2046 4694 2244 4749 militer
2270 4703 2325 4748 et
2349 4703 2402 4748 tu
2430 4693 2677 4762 fortasse,
2706 4705 2760 4751 et
2788 4697 3008 4765 quilibet
3035 4697 3309 4754 hominum
3333 4716 3437 4755 non
3462 4699 3635 4770 impe-

2045 4787 2146 4840 rite
2193 4801 2281 4840 res
2326 4787 2709 4841 :estimantium
2730 4829 2745 4853 ,
2770 4787 2967 4844 dicenti
2993 4791 3221 4862 cuipiam
3249 4790 3456 4860 loquaci
3485 4806 3635 4844 ama-

2047 4878 2252 4948 torique
2284 4879 2585 4945 verborum,
2618 4879 2743 4935 Ideo
2764 4880 2933 4936 doceo
2961 4890 3021 4936 ut
3050 4883 3254 4952 loquar,
3286 4882 3637 4951 respondere-

2046 4969 2135 5035 tis,
2163 4969 2351 5034 llomo,
2380 4985 2477 5024 cur
2500 4985 2606 5024 non
2650 4972 2820 5039 potius
2863 4972 2985 5026 ideo
3030 4972 3260 5040 loqueris
3309 4980 3364 5026 ut
3404 4971 3645 5026 doceas?

2044 5059 2195 5126 Quod
2223 5061 2268 5115 si
2298 5060 2413 5116 lucc
2452 5078 2577 5116 vera
2621 5071 2778 5125 sunt,
2808 5062 2960 5115 sicuti
3000 5077 3120 5116 esse
3159 5063 3457 5132 cognoscis,
3487 5063 3635 5118 vides

2047 5153 2283 5222 profecto
2306 5164 2504 5224 quanto
2524 5155 2684 5208 verba
2714 5155 2934 5208 minoris
2964 5153 3205 5209 habenda
3232 5156 3336 5208 sint
3354 5198 3367 5219 ,
3394 5171 3550 5225 quam
3581 5156 3633 5210 id

2048 5254 2264 5314 propter
2284 5244 2424 5313 quod
2447 5245 2645 5299 utimur
2672 5245 2882 5307 verbis;
2914 5260 3034 5300 cum
3064 5246 3176 5314 ipse
3202 5260 3327 5300 usus
3354 5245 3633 5301 verborum

2041 5336 2150 5407 jam
2178 5337 2249 5397 sit
2283 5337 2458 5392 verbis
2483 5339 2885 5407 anteponendus
2908 5358 2921 5393 :
2948 5341 3107 5395 verba
3129 5341 3269 5395 enim
3295 5352 3420 5395 sunt
3449 5349 3504 5395 ut
3549 5342 3631 5398 his

2047 5440 2292 5496 utamur;
2324 5431 2525 5485 utimur
2551 5440 2726 5486 autem
2765 5431 2851 5486 his
2880 5433 2944 5487 ad
2976 5433 3294 5488 docendum.
3324 5434 3531 5501 Quanto
3551 5442 3636 5490 est

2046 5538 2173 5594 ergo
2194 5523 2387 5578 melius
2402 5523 2595 5579 docere
2620 5542 2778 5595 quam
2802 5527 2964 5596 loqui,
2996 5536 3141 5582 tanto
3158 5526 3344 5582 melior
3364 5535 3449 5581 est
3472 5541 3634 5596 quam

2046 5614 2243 5680 verba,
2298 5614 2518 5670 locutio.
2570 5615 2733 5671 Multo
2777 5633 2904 5688 ergo
2952 5618 3139 5674 melior
3185 5617 3431 5672 doctrina
3474 5633 3634 5687 quam

2112 5747 2133 5820 *7
2164 5753 2229 5820 tta
2250 5753 2440 5820 sissnt
2458 5749 2505 5797 in
2520 5750 2655 5820 edd,
2672 5756 2727 5802 ut
2748 5752 3179 5820 tuendamque
3201 5758 3359 5804 tamen
3380 5765 3443 5804 ex
3463 5749 3639 5805 eadem

2048 5805 2217 5873 regula
2249 5808 2431 5861 lowtus
2460 5818 2546 5862 est.
