4118 6370
522 315 651 371 1211

516 430 692 483 verba.
728 428 832 485 Sed
860 429 1015 499 cupio
1050 429 1231 487 audire
1277 430 1401 502 quid
1451 429 1584 486 forte
1626 432 2091 489 contradicendum

516 531 686 591 putes.

581 615 672 668 9.7.
724 614 821 668 Ad.
848 615 1144 670 .Assentior
1183 616 1394 683 quidem
1434 617 1705 674 meliorem
1741 635 1899 690 quam
1931 622 2089 677 verba

511 720 631 760 esse
658 706 984 772 doctrinam;
1017 707 1110 763 sed
1150 715 1323 762 utrum
1363 709 1617 765 adversus
1657 711 1810 766 istam
1853 714 2088 782 regulam

510 813 613 868 qua
643 798 856 861 dicitur,
880 796 1048 854 Omne
1090 799 1230 869 quod
1278 811 1495 871 propter
1537 802 1682 857 aliud
1725 814 1838 870 est,
1870 804 2087 860 inferius

510 904 631 944 esse
652 905 806 959 quam
835 888 885 943 id
914 899 1129 960 prepter
1157 891 1297 961 quod
1325 901 1435 960 est,
1460 893 1590 949 nihil
1633 895 1702 949 sit
1741 896 1881 965 quod
1926 896 2083 967 objiei

509 984 709 1052 possit,
741 983 946 1054 ignoro.
978 985 1107 1054 Aug.
1148 985 1290 1040 Alias
1332 985 1434 1041 hoc
1474 989 1821 1057 opportunius
1862 989 2087 1059 diligen-

507 1074 719 1144 tiusque
749 1075 1089 1130 tractabimus
1114 1095 1126 1129 :
1155 1091 1295 1131 nunc
1323 1076 1448 1132 illud
1473 1078 1612 1147 quod
1641 1080 1890 1135 concedis
1909 1124 1922 1146 ,
1956 1083 2084 1137 satis

504 1165 679 1221 estad
713 1166 763 1220 id
791 1166 929 1238 quod
959 1169 1223 1224 conﬁcere
1264 1170 1469 1225 studeo.
1500 1171 1601 1225 Das
1643 1172 1783 1226 enim
1822 1173 2081 1243 cognitio-

503 1270 626 1310 nem
653 1271 828 1313 rerum
858 1272 1012 1327 quam
1040 1258 1185 1328 signa
1206 1274 1381 1314 rerum
1404 1275 1521 1315 esse
1542 1260 1858 1318 chariorem.
1884 1262 2081 1329 Quam-

499 1345 685 1401 obrem
732 1349 969 1418 cognitio
1005 1365 1181 1404 rerum
1222 1366 1340 1421 qua:
1377 1351 1757 1421 signiﬁcantur,
1793 1354 2079 1424 cognitioni

499 1437 769 1506 signorum
809 1439 1149 1495 antefercnda
1181 1452 1261 1496 est
1288 1460 1300 1496 :
1330 1457 1395 1496 an
1437 1442 1528 1498 tibi
1573 1459 1677 1498 non
1706 1445 1948 1500 videtur?
1976 1446 2071 1500 Ad.

497 1527 635 1584 Num
661 1546 759 1601 ego
782 1530 1133 1601 cognitionem
1164 1550 1341 1588 rermn
1370 1536 1668 1605 cognitione
1695 1537 1984 1607 signorum,
2015 1554 2079 1595 ac

498 1636 602 1677 non
629 1622 794 1693 signis
821 1625 949 1694 ipsis
980 1627 1396 1695 praestantiorem
1441 1644 1560 1685 esse
1600 1631 1877 1686 concessi?
1914 1648 2077 1701 quare

495 1727 687 1768 vereor
713 1722 771 1769 ut
800 1714 886 1770 hic
913 1715 1005 1770 tibi
1036 1717 1314 1771 assentiar.
1337 1717 1473 1785 Quid
1518 1719 1562 1773 si
1605 1720 1744 1774 enim
1784 1729 1839 1774 ut
1864 1736 2073 1777 ccenum

494 1819 690 1860 nomen
731 1806 919 1860 melius
956 1815 1038 1860 est
1067 1823 1126 1861 ea
1158 1823 1217 1863 re
1240 1824 1398 1877 quam
1426 1809 1715 1878 signiﬁcat;
1749 1810 1817 1864 ita
1842 1821 1893 1865 et
1921 1811 2075 1881 hujus

493 1893 726 1949 nominis
753 1896 985 1965 cognitio
1009 1897 1293 1967 cognitioni
1319 1913 1530 1968 quoque
1560 1900 1698 1954 illius
1725 1901 1799 1955 rei
1821 1910 1898 1956 est
1919 1912 2072 1957 ante-

491 1985 759 2053 ponenda,
790 1986 1033 2056 quamvis
1062 2003 1123 2042 ea
1150 1990 1449 2058 cognitione
1478 1990 1544 2043 sit
1575 1991 1743 2058 ipsum
1775 2007 1966 2047 nomen
1994 1992 2075 2046 in-

492 2075 693 2130 ferius?
718 2076 955 2143 Quatuor
981 2077 1175 2147 quippe
1203 2087 1327 2131 sunt
1352 2096 1366 2133 :
1389 2094 1604 2145 nomen,
1632 2088 1685 2133 et
1713 2096 1819 2147 res,
1840 2082 2072 2151 cognitio

490 2166 750 2232 nominis,
777 2175 832 2222 et
854 2168 1083 2236 cognitio
1111 2168 1206 2222 rei.
1232 2168 1377 2223 Sicut
1407 2184 1531 2239 ergo
1558 2170 1784 2239 primum
1813 2172 2066 2235 secundo,

487 2287 585 2327 cur
613 2287 717 2326 non
744 2280 798 2327 et
821 2262 1037 2327 tertium
1062 2272 1249 2341 quarto
1277 2264 1594 2324 antecellat?
1624 2264 1727 2325 Sed
1758 2278 1814 2324 ut
1843 2283 1945 2325 non
1972 2282 2067 2324 an-

488 2364 729 2429 tecellat,
756 2379 882 2419 num
924 2365 1081 2419 etiam
1109 2363 1492 2434 subjiciendum
1522 2364 1640 2418 est?

554 2455 644 2511 28.
678 2456 806 2527 Aug.
851 2456 983 2512 Mire
1025 2457 1241 2511 omnino
1281 2466 1333 2510 te
1376 2455 1529 2511 video
1571 2464 1624 2511 ct
1668 2456 1900 2510 tenuisse
1943 2454 2067 2525 quid

484 2548 836 2613 concesseris,
868 2557 921 2603 et
940 2548 1231 2618 explicassc
1251 2547 1376 2618 quid
1406 2547 1656 2603 senseris.
1696 2546 1832 2612 Sed,
1870 2555 1928 2600 nt
1952 2547 2068 2616 opi-

486 2654 616 2705 nor,
651 2641 934 2711 intelligis,
971 2641 1072 2695 hoc
1108 2641 1435 2712 trisyllabum
1468 2656 1688 2706 nomen,
1728 2641 1867 2710 quod
1914 2649 2069 2695 sonat

487 2746 608 2785 cum
658 2731 919 2800 dicimus,
958 2732 1192 2799 Vitium,
1238 2734 1427 2787 melius
1468 2749 1587 2788 esse
1627 2750 1784 2803 quam
1829 2733 1880 2787 id
1926 2733 2067 2803 quod

485 2821 782 2892 signiﬁcat;
835 2840 955 2877 eum
1010 2823 1173 2893 ipsius
1220 2825 1449 2893 cognitio
1503 2825 1731 2879 nominis
1773 2825 1941 2879 multo
1998 2825 2067 2879 sit

490 2912 713 2967 inferior
753 2914 1056 2984 cognitione
1107 2914 1375 2969 vitiorum.
1430 2914 1578 2969 Licet
1632 2915 1807 2984 itaque
1860 2916 2063 2969 consti-

489 3014 607 3058 tuas
647 3005 807 3058 etiam
856 3004 954 3058 ista
1001 3014 1229 3075 quatuor
1272 3015 1431 3076 atque
1485 3005 1825 3072 consideres,
1870 3021 2064 3060 nomen

486 3104 542 3149 et
566 3109 699 3159 rem,
721 3095 1074 3165 cognitionem
1102 3096 1330 3152 nominis
1358 3105 1412 3152 et
1438 3096 1790 3167 cognitionem
1819 3098 1930 3163 rei;
1960 3098 2067 3167 pri-

484 3199 632 3238 mum
671 3184 1043 3255 secundojure
1079 3187 1457 3257 prmponimns.
1500 3187 1610 3242 lloc
1650 3188 1790 3242 enim
1837 3188 2063 3257 positum

486 3289 682 3329 nomen
720 3275 771 3329 in
811 3276 1080 3342 carmine,
1106 3292 1225 3332 enm
1261 3278 1334 3331 ait
1361 3278 1605 3342 Persius,
1639 3278 1744 3333 Sed
1780 3287 1945 3349 stupet
1984 3279 2066 3333 Iu'c

484 3366 605 3419 uitio
632 3365 846 3437 (Satyra
870 3368 925 3433 ὅ,
947 3383 995 3420 υ.
1022 3367 1138 3438 52),
1183 3384 1286 3422 non
1318 3368 1475 3423 modo
1515 3369 1644 3423 nihil
1687 3370 1797 3424 vitii
1844 3370 1969 3425 fecit
2010 3371 2062 3425 in

484 3471 642 3510 versu
666 3499 680 3521 ,
712 3456 805 3511 sed
830 3458 1066 3511 nonnihil
1093 3459 1252 3513 etiam
1282 3469 1500 3514 ornatus
1526 3460 1671 3515 dedit
1697 3479 1709 3513 :
1738 3477 1856 3515 eum
1888 3471 2065 3517 tamen

483 3562 571 3604 res
595 3549 707 3619 ipsa
735 3566 853 3621 qua:
882 3551 1207 3621 signiﬁcatur
1237 3551 1340 3607 hoc
1378 3553 1621 3619 nomine,
1652 3554 1703 3607 in
1732 3570 2065 3623 quocumque

485 3641 656 3706 inest,
698 3651 852 3712 cogat
891 3657 1011 3698 esse
1055 3643 1323 3698 vitiosum.
1373 3644 1441 3697 At
1484 3659 1587 3699 non
1636 3644 1705 3698 ita
1753 3653 1808 3700 et
1852 3646 2063 3700 tertium

485 3741 697 3803 quarto,
727 3734 820 3789 sed
862 3745 1106 3804 quartum
1140 3734 1293 3789 tertio
1317 3734 1559 3788 videmus
1588 3734 1867 3789 excellere.
1898 3736 2065 3804 Hujus

485 3827 627 3882 enim
659 3827 890 3896 cognitio
931 3827 1159 3880 nominis
1193 3825 1311 3879 vilis
1339 3836 1422 3881 est
1452 3841 1559 3895 pra:
1587 3826 1887 3896 cognitione
1913 3827 2065 3881 vitio-

483 3933 622 3972 rum.
654 3917 752 3970 Ad.
784 3917 1025 3971 Etiamne
1050 3930 1171 3971 cum
1199 3916 1293 3971 ista
1319 3915 1549 3985 cognitio
1578 3916 1880 3970 miseriores
1907 3915 2061 3983 facit,

483 4022 673 4064 censes
700 4024 821 4063 esse
851 4006 1271 4077 praeferendam?
1296 4005 1426 4060 Nam
1476 4006 1613 4061 idem
1657 4007 1871 4061 Persius
1897 4009 2065 4062 omni-

490 4101 592 4155 bus
621 4101 793 4169 pmnis
810 4140 823 4163 ,
843 4112 974 4167 quas
999 4106 1340 4167 tyrannorum
1370 4094 1461 4151 vel
1481 4096 1768 4151 crudelitas
1795 4098 2065 4167 excogita-

484 4192 562 4245 vit
604 4191 688 4246 vel
730 4190 991 4259 cupiditas
1035 4188 1247 4259 pendit,
1280 4188 1416 4243 hanc
1441 4203 1601 4242 unam
1638 4189 1937 4258 anteponit,
1962 4204 2063 4258 qua

484 4283 787 4337 cruciantur
811 4281 1054 4335 homines
1079 4280 1166 4350 qni
1197 4280 1320 4335 vitia
1351 4295 1469 4351 qua:
1493 4280 1659 4334 vitare
1684 4294 1789 4334 non
1819 4290 2060 4350 possunt,

486 4382 749 4443 coguntur
772 4384 1079 4441 agnoscere.
1108 4370 1239 4441 Aug.
1270 4370 1427 4425 Potes
1459 4369 1559 4426 hoc
1587 4370 1746 4425 modo
1774 4372 2062 4441 cognitioni

483 4464 646 4535 hujus
684 4462 914 4519 nominis
962 4463 1129 4533 ipsam
1160 4478 1370 4532 quoque
1416 4462 1673 4517 virtutum
1708 4464 2061 4533 cognitionem

483 4570 679 4626 negare
700 4554 1110 4624 praeferendam:
1130 4555 1250 4624 quia
1272 4555 1519 4609 virtutem
1539 4553 1719 4610 videre
1740 4571 1837 4610 nec
1857 4565 2058 4622 tenere,

481 4646 802 4715 supplicium
828 4653 1079 4715 est:quo
1123 4645 1265 4700 idem
1313 4645 1401 4700 ille
1448 4646 1708 4715 satyricus
1757 4647 1962 4718 tyranni
2006 4656 2063 4701 ut

431 4770 443 4782 α
484 4738 774 4806 puniantur
815 4736 1015 4806 Optavit
1062 4734 1243 4806 (Ibid.,
1275 4753 1323 4789 υ.
1357 4737 1564 4809 35-58).
1594 4738 1691 4791 Ad.
1740 4732 1885 4792 Deus
1926 4738 2062 4793 hanc

482 4837 686 4887 avertat
717 4828 1003 4884 amentiam
1032 4828 1174 4898 :jam
1204 4827 1347 4883 enim
1373 4828 1608 4898 intelligo
1648 4844 1751 4883 non
1792 4828 1932 4897 ipsas
1970 4843 2062 4883 co-

480 4920 749 4991 gnitiones
781 4960 797 4987 ,
840 4920 1028 4990 quibus
1071 4919 1305 4973 animum
1353 4919 1540 4974 imbuit
1583 4921 1780 4989 optima
1822 4920 2059 4973 omnium

483 5013 759 5084 disciplina
777 5054 792 5077 ,
822 5027 941 5067 esse
968 5011 1291 5082 culpandus;
1324 5012 1418 5066 sed
1445 5026 1538 5067 eos
1563 5013 1798 5067 omnium
1828 5014 2062 5068 miserri-

481 5119 600 5159 mos
621 5103 955 5174 judicandos,
983 5103 1119 5158 sicut
1156 5111 1210 5157 et
1244 5102 1483 5158 Persium
1518 5103 1783 5173 judieasse
1808 5104 2057 5170 arbitror,

480 5196 573 5267 qui
618 5196 708 5250 tali
754 5195 943 5251 morbo
981 5194 1153 5250 affecti
1197 5202 1355 5262 sunt,
1387 5194 1471 5249 cui
1497 5210 1596 5250 nec
1622 5202 1764 5250 tanta
1799 5195 2061 5250 medicina

482 5287 778 5344 subveniat.
812 5288 944 5357 Aug.
973 5287 1113 5342 Bene
1144 5286 1394 5357 intelligis
1418 5306 1432 5342 :
1454 5286 1548 5343 sed
1576 5302 1788 5357 quoque
1816 5286 1975 5341 modo
2001 5302 2061 5343 se

481 5377 675 5434 habeat
692 5378 941 5432 Persiana
967 5378 1251 5445 sententia,
1268 5378 1393 5448 quid
1408 5377 1474 5432 ad
1497 5379 1630 5433 nos?
1653 5376 1769 5433 Non
1797 5377 1936 5432 enim
1963 5378 2063 5433 h0-

480 5483 600 5526 rum
617 5468 915 5523 auctoritati
931 5468 1156 5537 subjecti
1176 5483 1359 5524 sumus
1379 5468 1431 5522 in
1453 5469 1644 5523 talibus
1663 5468 1841 5523 rebus.
1862 5467 2062 5523 Deinde

492 5559 667 5629 siqua
692 5560 923 5629 cognitio
950 5560 1235 5628 cognitioni
1264 5558 1591 5630 prmfercnda
1619 5560 1706 5625 sit,
1739 5576 1843 5613 non
1871 5558 1957 5613 hic
1981 5559 2058 5611 fa-

486 5651 587 5708 cile
628 5660 710 5706 est
752 5651 1034 5721 explicare.
1079 5650 1219 5706 Satis
1259 5650 1428 5705 habeo
1474 5650 1613 5722 quod
1650 5652 1892 5705 eﬁectum
1937 5658 2054 5717 est,

479 5744 837 5817 cognitionem
867 5759 1041 5799 °ernm
1070 5760 1187 5816 qua:
1217 5742 1597 5815 signiﬁcantur,
1623 5743 1720 5799 etsi
1751 5760 1852 5799 non
1880 5747 2057 5814 cogni~

1648 312 1733 367 DE
1773 306 2120 367 MAGISTRO
2182 308 2242 365 S.
2282 315 2643 382 AUGUSTINI

3643 325 3785 384 1212

2203 433 2344 542 tione
2389 440 2689 542 signorum,
2731 450 2857 523 ipsis
2904 465 3079 515 tamen
3121 464 3286 535 signis
3331 484 3450 526 esse
3493 484 3779 542 potiorem.

2200 526 2374 632 Quare
2394 533 2502 603 jam
2534 537 2663 595 illud
2703 546 2870 616 magis
2904 551 3178 623 magisque
3215 526 3590 630 discutiamus,
3617 568 3779 636 quale

2197 632 2265 724 sit
2284 638 2449 693 genus
2474 644 2649 686 rerum
2669 651 2800 705 quas
2817 638 2931 695 sine
2950 643 3115 713 signis
3134 652 3415 706 monstrari
3444 670 3598 724 posse
3621 632 3776 713 dice-

2198 711 2384 770 bamus
2406 734 2499 788 per
2518 722 2739 794 seipsas,
2767 738 2824 783 ut
2846 730 3006 801 loqui,
3030 737 3321 808 ambulare,
3347 711 3551 809 sedere,
3567 746 3770 816 jacere,

2194 809 2679 904 atquehujusmodi
2709 829 2918 875 cmtera.
2960 823 3060 878 Ad.
3100 826 3215 882 Jam
3242 833 3420 887 recolo
3443 809 3766 904 quid'dieas.

2192 895 2420 954 CAPUT
2457 901 2714 997 X:-An
2754 912 2984 980 quantum
3020 915 3190 972 doceri
3227 922 3335 976 sine
3369 895 3526 994 signis
3562 941 3767 997 queunt.

2492 995 2594 1051 Res
2623 1015 2721 1053 non
2746 1002 3008 1059 discuntur
3035 1024 3125 1078 per
3156 1010 3269 1080 ipsa
3292 1014 3458 1069 verba.

2260 1081 2348 1137 29.
2380 1084 2510 1157 Aug.
2543 1087 2800 1149 Omnianc
2847 1095 2942 1150 tibi
2985 1098 3249 1169 videntur,
3295 1120 3413 1175 qua:
3458 1108 3766 1182 interrogati

2189 1185 2312 1225 mox
2339 1189 2495 1245 agere
2526 1194 2824 1252 possumus,
2854 1186 2970 1242 sine
2998 1189 3148 1260 signo
3167 1206 3322 1261 posse
3342 1201 3671 1255 monstrari?
3696 1218 3764 1259 an

2187 1261 2385 1333 aliquid
2412 1269 2655 1339 excipis?
2681 1272 2782 1328 Ad.
2820 1277 2931 1347 Ego
2958 1294 3085 1335 vero
3113 1285 3271 1336 etiam
3301 1295 3458 1356 atque
3486 1290 3644 1345 etiam
3674 1308 3764 1363 ge-

2186 1370 2286 1411 nus
2318 1357 2419 1414 hoc
2448 1368 2613 1417 totum
2639 1368 3002 1436 considerans,
3027 1374 3158 1429 nihil
3184 1376 3356 1433 adhuc
3385 1381 3597 1438 invenio
3620 1357 3761 1454 quod

2184 1450 2299 1504 sine
2325 1452 2477 1524 signo
2509 1458 2681 1513 valeat
2704 1460 2918 1529 doceri,
2950 1466 3048 1520 nisi
3081 1465 3216 1524 forte
3252 1471 3602 1541 locutionem,
3635 1450 3688 1532 et
3718 1493 3763 1534 ει

2183 1540 2317 1597 forte
2340 1543 2566 1613 idipsum
2592 1552 2847 1621 quispiam
2873 1566 3092 1624 quaerat,
3117 1560 3242 1629 quid
3265 1563 3333 1616 sit
3355 1564 3565 1621 docere.
3588 1540 3765 1625 iVideo

2182 1632 2324 1686 enim
2352 1649 2494 1702 cum,
2518 1639 2768 1710 quidquid
2798 1654 2917 1713 post
2942 1647 3054 1716 ejus
3088 1649 3552 1723 interrogationem
3585 1657 3761 1716 fecero

2182 1732 2238 1776 ut
2265 1724 2452 1791 discat,
2470 1729 2537 1783 ab
2558 1746 2620 1784 ea
2643 1733 2753 1801 ipsa
2779 1752 2837 1790 re
2866 1752 2970 1791 non
2998 1740 3205 1797 discere
3227 1760 3386 1814 quam
3414 1748 3513 1802 sibi
3539 1749 3764 1805 demon-

2179 1814 2336 1867 strari
2376 1819 2519 1886 cupit
2543 1836 2558 1874 :
2585 1838 2704 1877 nam
2750 1825 2793 1880 si
2842 1842 2927 1882 me
2968 1841 3262 1888 cessantem
3284 1876 3299 1902 ,
3327 1845 3385 1890 ut
3410 1837 3609 1894 dictum
3640 1850 3757 1909 est,

2179 1902 2261 1957 vel
2289 1904 2429 1960 aliud
2456 1922 2703 1978 agentem
2747 1926 2895 1984 roget
2932 1920 3188 1990 quispiam
3216 1924 3341 1993 quid
3368 1925 3437 1980 sit
3463 1902 3758 1997 anibnlare,
3810 1956 3829 1967 ε

2177 2003 2231 2048 et
2251 2009 2349 2064 ego
2375 2000 2553 2054 statim
2575 2004 2917 2071 ambulando,
2942 2023 3062 2063 eum
3086 2012 3223 2081 quod
3245 2017 3447 2084 rogavit
3471 2018 3585 2073 sine
3608 2020 3760 2089 signo

2176 2099 2340 2139 coner
2378 2087 2608 2158 docere;
2641 2093 2782 2149 unde
2809 2097 3007 2153 cavebo
3048 2116 3115 2154 ne
3144 2101 3194 2155 id
3222 2111 3423 2158 tantum
3463 2116 3611 2175 putet
3638 2087 3760 2163 esse

2175 2177 2471 2247 ambulare,
2499 2192 2751 2252 quantum
2781 2202 2880 2257 ego
2903 2190 3241 2248 ambulavero
3257 2195 3280 2248 ?
3299 2196 3439 2265 quod
3463 2197 3507 2252 si
3536 2208 3760 2268 putave—

2174 2266 2277 2330 rit,
2319 2268 2652 2343 decipletur:
2680 2278 2917 2348 quisquis
2962 2281 3103 2335 enim
3151 2284 3270 2353 plus
3312 2266 3550 2343 minusve
3594 2306 3756 2359 quam

2174 2376 2274 2433 ego
2302 2365 2684 2432 ambulaverit,
2717 2366 2855 2422 inme
2895 2370 2982 2425 ille
3018 2373 3317 2429 ambulasse
3345 2392 3453 2430 non
3477 2378 3759 2434 arbitrabi-

2176 2462 2281 2507 tur.
2315 2455 2382 2509 Et
2405 2458 2545 2526 quod
2575 2459 2646 2513 de
2674 2458 2773 2514 hoc
2806 2476 2910 2516 uno
2936 2463 3095 2519 verbo
3122 2464 3257 2531 dixi,
3288 2469 3475 2523 transit
3503 2470 3554 2524 in
3574 2474 3755 2526 omnia

2172 2559 2290 2614 qua:
2316 2547 2431 2602 sine
2456 2549 2606 2618 signo
2632 2553 2915 2606 monstrari
2949 2568 3531 2630 posseconsenseram,
3559 2573 3758 2631 praeter

2171 2638 2277 2694 duo
2309 2640 2395 2694 illa
2425 2657 2543 2711 quae
2568 2644 2897 2711 excepimus.

2242 2730 2329 2784 50.
2368 2730 2499 2802 Aug.
2539 2733 2758 2802 Accipio
2781 2735 2992 2803 quidem
3022 2737 3159 2793 istud
3191 2756 3206 2793 :
3232 2739 3328 2795 sed
3352 2756 3527 2796 nonne
3552 2743 3644 2799 tibi
3666 2745 3752 2798 vi-

2170 2821 2325 2877 detur
2343 2824 2486 2878 aliud
2504 2840 2623 2880 esse
2646 2826 2812 2896 loqui,
2830 2827 2970 2882 aliud
2989 2828 3214 2886 docere?
3235 2833 3334 2886 Ad.
3355 2834 3570 2889 Videtur
3590 2852 3751 2892 sane:

2170 2930 2290 2968 nam
2317 2915 2363 2969 si
2383 2925 2523 2971 esset
2548 2917 2710 2985 idem,
2734 2934 2837 2973 non
2856 2919 3072 2978 doceret
3091 2926 3366 2995 quisquam
3384 2928 3483 2982 nisi
3506 2929 3750 2999 loquens;

2170 3021 2290 3060 cum
2318 3020 2445 3061 vero
2467 3015 2523 3063 et
2546 3002 2667 3063 aliis
2697 3009 2884 3079 signis,
2918 3022 3110 3081 prmter
3136 3017 3296 3071 verba
3316 3060 3330 3082 ,
3364 3020 3527 3074 multa
3558 3020 3754 3078 docea-

2170 3113 2308 3163 mus,
2336 3099 2455 3170 quis
2477 3099 2543 3155 de
2569 3101 2668 3155 ista
2694 3102 2994 3159 differentia
3018 3106 3380 3165 dubitaverit?
3404 3114 3535 3183 Aug.
3573 3114 3752 3181 Quid?

2168 3187 2361 3243 docere
2383 3198 2437 3244 et
2464 3189 2785 3259 signiﬁcare,
2822 3193 3024 3251 nihilne
3053 3197 3312 3255 interest?
3336 3215 3402 3256 an
3430 3203 3625 3273 aliquid
3646 3204 3753 3259 dif-

2169 3278 2380 3334 ferunt?
2407 3281 2505 3334 Ad.
2536 3281 2679 3337 Idem
2716 3292 2846 3354 puto
2883 3300 3022 3342 esse.
3054 3289 3187 3361 Aug.
3210 3291 3392 3349 Nonne
3416 3304 3559 3351 recte
3581 3296 3711 3351 dicit
3731 3339 3749 3363 ,

2168 3370 2257 3440 qui
2287 3370 2413 3426 dicit
2442 3372 2561 3427 ideo
2588 3388 2686 3428 nos
2710 3376 3010 3446 signiﬁcare
3031 3388 3089 3433 ut
3114 3381 3434 3438 doceamus?
3455 3385 3555 3438 Ad.
3585 3386 3753 3443 Recte

2169 3476 2404 3531 prorsus.
2434 3463 2567 3535 Aug.
2597 3464 2754 3532 Quid,
2795 3467 2838 3520 si
2880 3468 3023 3522 dicat
3045 3471 3179 3525 alius
3208 3472 3328 3528 ideo
3355 3490 3452 3528 nos
3470 3474 3660 3531 docere
3689 3487 3751 3531 ut

2167 3552 2562 3621 signiﬁcemus?
2592 3571 2770 3611 nonne
2805 3557 2961 3614 facile
2988 3561 3261 3629 superiore
3288 3564 3546 3620 sententia
3587 3568 3751 3623 refel-

2169 3642 2349 3698 letur?
2375 3644 2473 3699 Ad.
2511 3646 2586 3700 Ita
2628 3657 2728 3702 est.
2766 3649 2900 3722 Aug.
2940 3652 2994 3707 Si
3024 3668 3150 3723 ergo
3184 3655 3538 3723 signiﬁcamus
3563 3668 3621 3713 ut
3646 3660 3750 3714 do-

2168 3748 2401 3802 eeamus,
2434 3753 2539 3792 non
2568 3738 2821 3797 docemus
2846 3751 2906 3798 ut
2933 3744 3321 3815 signiﬁcemus;
3362 3749 3504 3804 aliud
3534 3759 3617 3806 est
3648 3752 3749 3807 do-

2169 3841 2311 3893 cere,
2340 3828 2479 3883 aliud
2522 3830 2838 3899 signiﬁcare.
2885 3834 2985 3889 Ad.
3029 3835 3219 3891 Verum
3263 3839 3425 3905 dicis,
3466 3858 3565 3898 nec
3600 3854 3747 3900 recte

2169 3915 2308 3970 idem
2338 3932 2456 3973 esse
2483 3930 2762 3991 utrumque
2786 3925 3051 3992 respondi.
3071 3925 3201 3997 Aug.
3217 3928 3364 3985 Nune
3385 3931 3506 3986 illud
3517 3941 3750 4004 respon-

2169 4006 2237 4060 de
2262 4048 2277 4073 ,
2310 4017 2486 4063 utrum
2517 4011 2604 4079 qui
2635 4011 2792 4067 docet
2819 4013 2942 4083 quid
2974 4016 3043 4069 sit
3068 4015 3281 4083 docere,
3312 4021 3655 4091 signiﬁcando
3693 4027 3748 4081 id

2169 4105 2307 4166 agat,
2328 4112 2394 4151 an
2435 4100 2607 4154 aliter.
2637 4100 2737 4155 Ad.
2765 4101 2879 4157 Non
2909 4103 3063 4159 video
3087 4107 3354 4175 quomodo
3376 4111 3528 4167 aliter
3556 4115 3746 4182 possit.

2168 4187 2302 4258 Aug.
2326 4188 2540 4244 Falsum
2568 4192 2825 4261 estigitur
2842 4194 2983 4263 quod
3009 4196 3166 4265 paulo
3188 4207 3312 4254 ante
3338 4198 3533 4267 dixisti,
3560 4203 3751 4260 doceri

2168 4293 2281 4333 rem
2324 4294 2481 4349 posse
2526 4282 2639 4336 sine
2678 4281 2862 4353 signis,
2894 4299 3015 4340 cum
3045 4290 3301 4357 quteritur
3325 4292 3450 4362 quid
3475 4294 3545 4347 sit
3571 4295 3749 4364 ipsum

2166 4368 2391 4435 docere;
2420 4370 2630 4439 quando
2674 4388 2742 4427 ne
2780 4373 2880 4429 hoc
2917 4375 3130 4445 quidem
3161 4379 3404 4436 videmus
3430 4385 3546 4438 sine
3574 4386 3747 4455 signi-

2168 4458 2412 4515 ﬁcatione
2440 4462 2520 4531 agi
2548 4476 2720 4531 posse,
2751 4479 2871 4519 cum
2901 4466 3043 4521 aliud
3087 4482 3207 4525 esse
3252 4470 3569 4542 signiﬁcare,
3598 4476 3745 4531 aliud

2165 4552 2357 4608 docere
2380 4556 2724 4610 concesseris.
2757 4555 2812 4612 Si
2841 4559 2981 4613 enim
3007 4559 3214 4616 diversa
3242 4572 3385 4629 sunt,
3412 4565 3549 4619 sicut
3574 4581 3744 4637 appa-

2166 4655 2280 4711 ret,
2311 4661 2482 4715 neque
2512 4647 2611 4702 hoc
2638 4649 2737 4704 nisi
2771 4666 2863 4719 per
2900 4650 3033 4706 illud
3056 4653 3350 4709 ostenditur
3370 4695 3387 4723 ,
3425 4672 3531 4712 non
3560 4674 3659 4730 per
3686 4676 3749 4716 se

2164 4738 2348 4807 utique
2383 4740 2697 4807 ostenditur,
2710 4742 2849 4797 sicut
2887 4743 2980 4799 tibi
3009 4745 3180 4801 visum
3222 4757 3355 4803 erat.
3386 4749 3744 4816 Quamobrem

2166 4830 2482 4887 nihiladbuc
2499 4832 2770 4889 inventum
2786 4837 3045 4907 cst,quod
3076 4842 3357 4895 monstrari
3386 4858 3481 4912 per
3506 4844 3741 4913 seipsum

2164 4934 2321 4995 queat
2340 4934 2534 4994 prtetcr
2554 4926 2893 4996 locutionem,
2919 4945 3037 5000 quae
3062 4931 3201 4987 inter
3224 4933 3326 4987 alia
3353 4949 3411 4989 se
3435 4949 3646 5005 quoque
3674 4938 3743 4992 si-

2165 5013 2378 5084 gniﬁcat
2428 5033 2442 5069 :
2486 5030 2603 5085 qum
2642 5025 2815 5072 tamen
2857 5034 2979 5073 cum
3020 5020 3177 5075 etiam
3227 5022 3341 5090 ipsa
3380 5023 3585 5093 signum
3638 5027 3743 5091 sit,

2166 5105 2398 5161 nondum
2426 5121 2642 5176 prorsus
2666 5117 2845 5163 exstat
2876 5109 3016 5179 quod
3049 5111 3165 5167 sine
3192 5113 3356 5183 signis
3381 5114 3560 5171 doceri
3589 5132 3747 5185 posse

2164 5196 2422 5253 videatur.
2449 5198 2548 5251 Ad.
2578 5198 2717 5254 Nihil
2744 5200 2913 5256 habeo
2936 5218 3032 5257 cur
3062 5219 3167 5259 non
3192 5208 3471 5262 assentiar.

2236 5289 2324 5344 51.
2355 5288 2489 5360 Aug.
2518 5289 2830 5345 Confectum
2868 5300 2952 5347 est
2989 5293 3147 5363 igitur
3181 5305 3237 5350 et
3279 5297 3409 5352 nihil
3442 5298 3556 5353 sine
3580 5299 3745 5368 signis

2164 5380 2365 5446 doceri,
2395 5389 2451 5436 et
2476 5380 2830 5451 cognitionem
2861 5384 3026 5453 ipsam
3054 5387 3217 5457 signis
3244 5390 3435 5458 quibus
3461 5392 3741 5460 cognosci-

2166 5485 2307 5537 mus,
2334 5470 2633 5526 chariorem
2673 5474 2826 5529 nobis
2862 5489 2981 5530 esse
3014 5486 3265 5545 oportere
3309 5497 3324 5533 :
3365 5482 3604 5549 quamvis
3640 5497 3747 5535 non

2165 5564 2342 5617 omnia
2369 5578 2489 5632 quae
2529 5563 2891 5634 signiﬁcantur
2932 5567 3136 5636 possint
3173 5568 3338 5637 signis
3364 5570 3473 5624 suis
3498 5585 3618 5625 esse
3646 5587 3747 5642 po-

2168 5653 2319 5709 tiora.
2356 5653 2454 5706 Ad.
2496 5654 2570 5708 Ita
2611 5654 2838 5710 videtur.
2882 5655 3007 5726 Aug.
3044 5656 3253 5723 Quanto
3289 5658 3498 5713 tandem
3526 5662 3747 5714 circuitu

2168 5764 2252 5804 res
2285 5746 2485 5804 tantilla
2516 5757 2725 5815 peracta
2753 5746 2839 5815 sit,
2874 5748 3247 5815 meministine,
3275 5750 3493 5820 quaeso?
3520 5750 3652 5804 Nam
3684 5768 3746 5805 ex
