4118 6370
406 347 545 408 ιω

400 481 508 538 quo
535 465 673 521 inter
699 478 797 522 nos
823 463 983 521 Verba
1007 464 1321 536 jaculamur,
1349 466 1489 537 quod
1510 475 1615 522 tam
1636 464 1726 521 diu
1746 465 1984 528 fecimus,

401 559 520 614 lucc
547 558 646 613 tria
687 567 745 611 ut
769 557 1134 613 invenirentur
1161 556 1457 612 laboratum
1488 565 1571 612 est
1599 573 1612 610 :
1645 567 1822 610 utrum
1857 554 1986 610 nihil

396 652 515 708 sine
543 651 706 722 signis
733 651 902 721 possit
924 650 1103 707 doceri
1123 667 1138 718 ;
1159 660 1213 706 et
1233 660 1406 706 utrum
1437 649 1544 706 sint
1571 649 1811 722 quaedam
1837 650 1986 720 signa

393 746 558 802 rebus
587 762 718 817 quas
747 745 1049 816 signiﬁcant
1089 744 1453 816 praeferenda;
1499 755 1551 801 et
1591 753 1765 800 utrum
1793 745 1985 800 melior

391 853 552 910 quam
579 838 727 908 signa
755 838 824 892 sit
848 853 1026 894 rerum
1055 838 1166 908 ipsa
1194 838 1445 908 cognitio.
1476 836 1582 892 Sed
1609 845 1853 908 quartum
1877 843 1979 903 est,

391 931 533 1002 quod
580 930 813 986 breviter
851 931 946 985 abs
978 939 1028 986 te
1057 929 1249 986 vellem
1279 944 1602 1000 cognoscere
1622 971 1638 997 ,
1677 938 1978 983 utrumnam

389 1024 490 1078 ista
536 1023 750 1078 inventa
791 1023 868 1077 sic
907 1030 1092 1092 putes,
1135 1033 1192 1076 ut
1214 1021 1324 1092 jam
1355 1021 1422 1077 de
1466 1022 1548 1076 his
1581 1020 1822 1076 dubitare
1869 1035 1975 1075 non

387 1115 583 1186 possis.
623 1113 723 1168 Ad.
769 1113 969 1169 Vellem
1009 1113 1220 1184 quidem
1261 1117 1422 1168 tantis
1470 1112 1778 1183 ambagibus
1819 1120 1976 1180 atque

383 1206 711 1262 anfractibus
741 1214 883 1262 esset
909 1205 973 1260 ad
1001 1215 1143 1260 certa
1177 1214 1521 1276 perventum;
1553 1203 1648 1259 sed
1677 1211 1730 1258 et
1759 1203 1855 1258 ista
1883 1217 1973 1258 ro-

383 1299 529 1368 gatio
559 1306 647 1352 tua
679 1297 858 1352 nescio
887 1295 1152 1366 quomodo
1182 1311 1268 1352 me
1310 1295 1576 1362 sollicitat,
1609 1304 1662 1350 et
1687 1294 1756 1349 ab
1783 1309 1971 1349 assen-

380 1389 534 1444 sione
561 1387 813 1444 deterret.
859 1387 1068 1443 Videris
1115 1387 1258 1443 enim
1305 1386 1434 1441 mihi
1483 1402 1588 1441 non
1628 1385 1744 1441 htee
1776 1385 1842 1441 de
1884 1401 1970 1441 me

380 1479 549 1534 fuisse
572 1479 914 1550 quaesiturus,
945 1479 1045 1533 nisi
1075 1478 1300 1534 haberes
1339 1477 1480 1549 quod
1525 1478 1917 1534 contradiceres
1949 1495 1965 1534 :

379 1579 436 1626 et
458 1570 574 1642 ipsa
601 1585 780 1625 rerum
811 1570 1100 1640 implicatio
1126 1568 1291 1625 totum
1319 1585 1405 1624 me
1427 1571 1708 1640 inSpiccre,
1731 1584 1794 1625 ae
1815 1585 1963 1625 secu-

376 1677 498 1717 rum
519 1661 845 1732 respondere
871 1676 976 1716 non
1001 1662 1161 1726 sinit,
1191 1671 1465 1717 verentem
1488 1677 1556 1716 ne
1575 1661 1700 1733 quid
1729 1661 1782 1716 in
1809 1662 1966 1718 tantis

375 1751 666 1808 involucris
716 1753 913 1821 lateat,
961 1754 1106 1823 quod
1147 1753 1291 1809 acies
1333 1754 1528 1809 mentis
1561 1769 1696 1809 meae
1738 1755 1964 1810 lustrare

375 1859 483 1899 non
511 1843 699 1914 possit.
742 1843 872 1916 Aug.
905 1845 1294 1900 Dubitationem
1325 1854 1467 1900 tuam
1498 1860 1602 1901 non
1634 1846 1827 1902 invitus
1869 1861 1962 1902 ac-

379 1939 553 2010 cipio;
594 1939 855 2010 signiﬁcat
891 1941 1032 1995 enim
1061 1940 1295 1994 animum
1324 1940 1541 1995 minime
1571 1941 1908 1995 temerarium
1943 1957 1959 1997 :

372 2045 495 2098 qua:
517 2029 758 2085 custodia
786 2030 1180 2101 tranquillitatis
1205 2037 1290 2085 est
1317 2031 1565 2084 maxima.
1597 2030 1728 2085 Nam
1745 2030 1956 2086 difﬁcil-

370 2121 562 2177 limum
589 2122 806 2178 omnino
833 2132 913 2178 est
939 2138 1043 2178 non
1071 2123 1390 2195 perturbari,
1414 2139 1534 2178 cum
1561 2138 1622 2180 ea
1642 2140 1761 2194 quae
1793 2139 1956 2194 prona

367 2223 423 2270 et
445 2214 682 2285 procliva
711 2213 1094 2284 approbatione
1127 2214 1438 2269 tenebamus
1465 2215 1748 2269 contrariis
1769 2213 1955 2284 dispu-

368 2305 656 2362 tationibus
678 2307 1080 2373 labefactantnr,
1112 2316 1167 2362 et
1200 2307 1349 2377 quasi
1379 2316 1760 2378 extorquentur
1781 2324 1811 2363 e
1835 2325 1952 2364 ma-

365 2399 544 2456 nibus.
571 2400 766 2468 Quare,
784 2409 843 2456 ut
861 2417 1068 2472 :rquum
1095 2409 1177 2455 est
1201 2400 1337 2455 bene
1359 2400 1709 2455 consideratis
1729 2415 1952 2470 perspe-

366 2495 572 2568 ctisque
611 2495 904 2550 rationibus
938 2493 1150 2559 cedere,
1194 2493 1266 2548 ita
1308 2492 1573 2563 incognita
1599 2509 1695 2562 pro
1725 2494 1950 2564 cognitis

365 2586 566 2644 habere
609 2586 990 2657 periculosum.
1036 2585 1206 2641 Metus
1245 2594 1329 2641 est
1374 2585 1520 2639 enim
1562 2600 1630 2639 ne
1656 2599 1776 2638 cum
1807 2599 1950 2656 smpe

361 2665 688 2736 subruuntur
715 2695 834 2750 qua:
879 2678 1183 2734 ﬁrmissime
1221 2685 1421 2734 statura
1445 2685 1499 2732 et
1529 2692 1778 2732 mansura
1808 2693 1946 2746 pra:-

360 2774 642 2840 sumitnus,
664 2773 719 2829 in
745 2781 946 2828 tantum
974 2772 1151 2827 odium
1179 2771 1263 2827 vel
1293 2771 1537 2825 timorem
1564 2770 1784 2824 rationis
1811 2769 1944 2824 inei-

357 2863 572 2931 damus,
618 2873 677 2919 ut
718 2881 787 2919 ne
834 2863 931 2934 ipsi
981 2863 1193 2934 quidem
1235 2862 1530 2933 perspicua:
1566 2861 1773 2916 veritati
1815 2860 1945 2916 ﬁdes

357 2955 601 3011 habenda
628 2955 884 3010 videatur.
1689 3020 1694 3024 ᾗ

429 3045 518 3100 52.
563 3046 668 3102 Sed
711 3062 829 3117 age,
883 3061 1026 3101 nunc
1061 3044 1357 3115 expeditius
1385 3052 1733 3100 retractemus
1764 3053 1940 3100 utrum

356 3143 504 3191 recte
526 3136 622 3191 ista
649 3135 934 3190 dubitanda
966 3136 1252 3206 putaveris.
1290 3135 1420 3190 Nam
1447 3151 1628 3205 quacro
1651 3135 1748 3189 abs
1777 3146 1854 3199 te,
1895 3137 1940 3190 si

355 3227 631 3297 quisquam
671 3228 884 3298 ignarus
909 3227 1237 3297 deceptionis
1263 3227 1458 3292 avium,
1489 3242 1606 3296 qua:
1642 3227 1859 3281 calamis
1888 3236 1942 3282 et

358 3317 505 3372 visco
533 3316 840 3384 aﬁ‘ectatur,
872 3319 1080 3373 obviam
1117 3319 1267 3372 fieret
1292 3318 1503 3387 aucupi,
1535 3317 1696 3372 armis
1725 3318 1937 3387 quidem

354 3408 465 3463 suis
495 3410 772 3476 instructo,
802 3425 906 3463 non
936 3417 1111 3464 tamen
1133 3409 1436 3478 aucupanti,
1460 3408 1554 3464 sed
1593 3409 1694 3464 iter
1721 3411 1894 3478 agenti
1921 3430 1935 3474 ί

353 3515 461 3570 quo
482 3501 595 3555 viso
624 3509 887 3570 premeret
902 3500 1144 3570 gradum,
1163 3515 1470 3570 secumque,
1493 3509 1550 3555 ut
1572 3499 1646 3566 ﬁt,
1668 3499 1938 3555 admirans

353 3592 610 3662 cogitaret
637 3601 690 3646 et
715 3600 977 3662 quaereret
1001 3591 1252 3662 quidnam
1282 3591 1383 3646 sibi
1413 3591 1644 3646 hominis
1665 3591 1754 3646 ille
1776 3592 1938 3647 vellet

353 3691 608 3747 ornatus;
649 3695 845 3752 auceps
881 3691 1056 3737 autem
1081 3697 1201 3737 cum
1227 3681 1277 3735 in
1305 3697 1364 3736 se
1393 3681 1598 3736 videret
1634 3689 1891 3735 attentum
1917 3723 1931 3748 ,

350 3771 648 3828 ostentandi
678 3787 736 3827 se
757 3769 930 3827 studio
955 3787 1152 3826 cannas
1179 3770 1471 3840 expediret,
1499 3777 1552 3825 et
1579 3785 1742 3841 prope
1765 3772 1936 3825 anim-

349 3861 632 3916 adversam
662 3860 890 3930 aliquam
919 3861 1181 3915 aviculam
1221 3861 1391 3915 fistula
1428 3869 1482 3915 et
1525 3861 1776 3930 accipitre
1803 3861 1932 3930 ﬁge-

349 3960 454 4017 ret,
486 3951 758 4021 subigeret
782 3952 798 3982 ¹
830 3961 884 4006 et
912 3960 1164 4021 caperet;
1195 3966 1372 4006 nonne
1402 3951 1547 4006 illum
1578 3961 1930 4021 spectatorem

349 4054 505 4096 suum
533 4042 750 4096 doceret
783 4041 930 4096 nullo
954 4041 1269 4111 signiﬁcatu,
1300 4041 1393 4096 sed
1432 4057 1491 4096 re
1519 4044 1652 4112 ipsa,
1678 4043 1821 4113 quod
1846 4044 1933 4103 illc

348 4132 487 4187 scire
511 4132 794 4202 cupiebat?
833 4131 933 4185 Ad.
962 4132 1139 4186 Metuo
1167 4148 1235 4186 ne
1259 4131 1384 4202 quid
1415 4133 1501 4186 hic
1526 4133 1627 4187 tale
1647 4133 1745 4196 sit,
1776 4135 1932 4203 quale

347 4223 416 4279 de
441 4223 532 4277 illo
557 4221 788 4294 dixi,qui
810 4221 1138 4292 quaeritquid
1169 4223 1238 4277 sit
1260 4222 1553 4276 ambulare.
1578 4222 1761 4294 Neque
1787 4225 1929 4278 enim

347 4313 524 4382 video,
547 4324 602 4370 et
635 4312 721 4369 hic
752 4322 919 4368 totum
949 4313 1076 4368 illud
1101 4313 1382 4383 aucupium
1407 4328 1527 4369 esse
1557 4323 1925 4369 monstratum.

347 4409 480 4480 Aug.
520 4407 699 4464 Facile
731 4418 813 4463 est
851 4407 952 4462 hac
988 4422 1112 4462 cura
1153 4415 1446 4471 teexuere;
1495 4407 1634 4462 addo
1676 4408 1838 4474 enim,
1884 4410 1928 4464 si

347 4497 436 4554 ille
455 4499 525 4554 ita
551 4498 849 4569 intelligens
877 4505 1048 4565 esset,
1078 4505 1136 4552 ut
1173 4512 1240 4554 ex
1262 4497 1362 4552 hoc
1389 4497 1531 4568 quod
1567 4498 1718 4564 vidit,
1761 4507 1926 4554 totum

346 4588 475 4644 illud
493 4605 659 4662 genus
674 4590 803 4646 artis
819 4599 1133 4660 agnosceret
1156 4607 1169 4644 :
1192 4589 1322 4645 satis
1345 4598 1426 4646 est
1445 4605 1673 4661 namque
1697 4590 1764 4646 ad
1793 4607 1924 4656 rem,

343 4688 400 4736 et
441 4679 512 4736 de
561 4681 876 4752 quibusdam
928 4681 1090 4736 rebus
1136 4681 1344 4735 tametsi
1387 4696 1492 4736 non
1543 4682 1821 4746 omnibus,
1873 4691 1929 4737 et

344 4772 601 4843 quosdam
643 4772 886 4828 homines
920 4771 1097 4826 doceri
1145 4787 1302 4842 posse
1326 4773 1441 4829 sine
1467 4775 1638 4846 signo.
1678 4775 1778 4829 Ad.
1814 4775 1927 4832 Hoc

342 4864 503 4920 etiam
531 4880 630 4935 ego
655 4880 870 4934 possum
895 4864 969 4918 illi
999 4864 1230 4930 addere;
1262 4865 1308 4920 si
1333 4866 1475 4920 enim
1505 4868 1572 4922 sit
1605 4869 1741 4924 bene
1766 4869 1925 4925 intel-

344 4954 534 5024 ligens,
563 4955 740 5024 paucis
767 4954 1008 5024 passibus
1031 4955 1390 5010 ambulatione
1415 4967 1724 5023 monstrata,
1757 4967 1924 5016 totum

343 5044 472 5115 quid
496 5044 565 5098 sit
585 5044 859 5098 ambulare
883 5054 1186 5114 cognoscet.
1200 5045 1332 5117 Aug.
1349 5045 1534 5101 Facias
1554 5063 1649 5117 per
1669 5065 1753 5104 me
1779 5051 1921 5118 licet,

342 5151 443 5192 nec
473 5143 673 5189 tantum
700 5133 830 5188 nihil
873 5135 1099 5203 resisto,
1144 5152 1327 5192 verum
1357 5137 1515 5192 etiam
1554 5139 1704 5195 faveo
1733 5159 1746 5194 :
1776 5142 1924 5199 vides

340 5225 485 5281 enim
507 5225 576 5281 ab
604 5233 828 5296 utroque
855 5234 1094 5280 nostrum
1112 5226 1163 5282 id
1180 5227 1339 5293 efﬁci,
1358 5234 1417 5283 ut
1441 5229 1683 5298 quaedam
1709 5231 1922 5300 quidam

341 5317 523 5373 doceri
563 5317 679 5372 sine
716 5317 880 5388 signis
921 5326 1138 5389 queant,
1179 5318 1479 5390 falsumque
1513 5320 1641 5375 illud
1681 5322 1750 5376 sit
1782 5323 1922 5391 quod

339 5407 498 5466 nobis
522 5409 680 5478 paulo
706 5417 828 5464 ante
852 5409 1129 5465 videbatur
1149 5451 1166 5478 ,
1214 5410 1347 5465 nihil
1390 5425 1510 5467 esse
1537 5413 1752 5470 omnino
1780 5416 1921 5485 quod

340 5501 458 5556 sine
484 5500 648 5571 signis
676 5501 843 5571 possit
865 5501 1092 5558 ostendi.
1116 5501 1234 5558 .lam
1261 5503 1401 5557 enim
1424 5519 1491 5558 ex
1520 5503 1603 5559 his
1625 5520 1730 5560 non
1757 5523 1920 5562 unum

340 5590 540 5661 aliquid
581 5600 672 5646 aut
703 5591 962 5662 alterum,
991 5592 1086 5649 sed
1122 5592 1288 5649 millia
1316 5608 1498 5650 rerum
1529 5595 1709 5650 animo
1729 5609 1918 5651 occur-

340 5690 486 5752 runt,
530 5697 650 5757 quae
695 5684 841 5742 nullo
881 5683 1036 5758 signo
1059 5683 1184 5744 dato
1209 5699 1306 5758 per
1331 5685 1507 5759 seipsa
1536 5695 1916 5758 monstrentur.

1826 348 2022 406 LIBER
2064 347 2266 408 UNUS.

3543 361 3682 420 12H

2097 462 2233 529 Quid
2254 461 2396 518 enim
2415 463 2737 531 dubitemus,
2767 481 2864 521 oro
2885 467 2975 524 te?
3001 467 3132 524 Nam
3155 478 3211 524 ut
3229 468 3504 527 hominum
3525 475 3679 530 omit.

2097 563 2201 609 tam
2233 557 2634 613 innumerabilia
2665 561 2966 630 spectacula
2988 563 3038 618 in
3063 563 3309 618 omnibus
3325 565 3544 621 theatris
3563 568 3679 624 sine

2091 645 2244 715 signo
2269 647 2399 717 ipsis
2421 649 2583 704 rebus
2607 649 3008 719 exhihentium;
3045 653 3213 710 solem
3251 663 3398 718 certe
3421 655 3576 712 istum
3599 659 3679 714 lu-

2089 751 2312 809 cemqne
2356 739 2470 795 lucc
2499 741 2676 796 omnia
2706 741 3111 812 perfnndcntem
3146 752 3303 815 atque
3328 747 3673 817 vesticntem,

2088 828 2268 886 lunam
2297 840 2350 886 et
2377 841 2571 888 caetera
2615 833 2810 902 sidera,
2858 843 3026 892 terras
3065 844 3120 891 et
3148 838 3334 904 maria,
3363 853 3588 910 quaeque
3619 839 3674 897 in

2086 918 2170 975 his
2194 923 2652 980 innumerabiliter
2669 912 2978 996 gignuntur,
3011 943 3188 984 nonne
3207 945 3302 999 per
3320 931 3493 1001 seipsa
3521 933 3672 988 exhi-

2082 1013 2173 1069 bet
2201 1023 2360 1085 atque
2384 1017 2615 1072 ostendit
2646 1018 2785 1074 Deus
2811 1026 2865 1074 et
2892 1030 3080 1074 natura
3106 1020 3479 1076 cernentibus?

2152 1106 2238 1162 55.
2267 1107 2421 1175 Quod
2443 1108 2489 1163 si
2515 1108 2817 1180 diligent-ius
2836 1111 3257 1178 consideremus,
3282 1111 3509 1168 fortasse
3529 1114 3663 1170 nihil

2080 1196 2340 1267 invenies,
2375 1201 2517 1272 quod
2559 1218 2658 1274 per
2700 1218 2795 1259 sua
2837 1205 2986 1275 signa
3037 1205 3290 1261 discatur.
3340 1206 3472 1260 Cum
3521 1209 3664 1263 enim

2077 1292 2205 1346 mihi
2243 1293 2450 1364 signum
2480 1294 2655 1360 datur,
2696 1297 2740 1351 si
2781 1299 3107 1353 nescientem
3148 1313 3235 1354 me
3272 1299 3471 1354 invenit
3512 1300 3664 1370 cujus

2077 1382 2157 1436 rei
2187 1382 2394 1455 signum
2422 1385 2510 1453 sit,
2533 1386 2727 1443 docere
2752 1404 2838 1443 me
2867 1388 2997 1443 nihil
3024 1397 3198 1459 potest
3229 1407 3242 1444 :
3274 1391 3318 1446 si
3347 1407 3476 1446 vero
3492 1393 3664 1447 scien-

2075 1484 2204 1543 tem,
2235 1476 2360 1546 quid
2392 1477 2540 1534 disco
2587 1495 2682 1550 per
2721 1481 2966 1551 signum?
3010 1481 3126 1537 Non
3177 1483 3317 1538 enim
3366 1483 3497 1538 mihi
3546 1501 3659 1541 rem

2071 1583 2232 1637 quam
2261 1570 2522 1640 signiﬁcat
2559 1573 2793 1628 ostendit
2821 1573 3040 1628 verbum
3072 1590 3193 1632 cum
3231 1575 3370 1645 lego,
3415 1575 3480 1629 Et
3512 1593 3659 1631 sara-

2069 1659 2219 1714 bullw
2246 1662 2263 1692 ί
2294 1677 2465 1716 eorum
2493 1679 2594 1717 non
2631 1675 2746 1718 sunt
2779 1665 3054 1720 immutata:
3078 1665 3239 1736 (Dan.
3272 1667 3482 1740 111,94).
3523 1668 3656 1724 Nam

2068 1754 2112 1807 si
2139 1753 2379 1824 quaedam
2402 1756 2631 1826 capitum
2667 1757 2894 1826 tegmina
2917 1759 3402 1828 nuncupanturhoc
3419 1761 3653 1826 nomine,

2068 1859 2192 1898 num
2251 1860 2350 1915 ego
2403 1845 2503 1901 hoc
2552 1846 2752 1914 audito,
2801 1857 2891 1901 aut
2936 1848 3058 1918 quid
3097 1849 3166 1904 sit
3197 1857 3376 1918 caput,
3411 1859 3503 1904 aut
3530 1850 3652 1922 quid

2029 1949 2042 1956 ‘
2065 1936 2173 1991 sint
2207 1939 2437 2007 tegmina
2478 1939 2672 1996 didici?
2702 1951 2824 1997 ante
2865 1941 2966 1997 ista
3007 1956 3289 2007 noveram;
3331 1959 3501 2013 neque
3529 1958 3652 1999 cum

2063 2028 2460 2098 appellarentur
2504 2031 2572 2086 ab
2623 2033 2762 2099 aliis,
2816 2032 2909 2088 sed
2939 2048 3063 2088 cum
3111 2048 3144 2088 a
3186 2048 3273 2088 me
3321 2033 3650 2102 viderentur,

2061 2132 2246 2173 eorum
2295 2132 2378 2175 est
2420 2117 2551 2176 mihi
2597 2122 2734 2178 facta
2777 2124 2982 2177 notitia.
3022 2123 3233 2178 Etenim
3271 2139 3389 2179 cum
3418 2126 3650 2196 primum

2062 2207 2176 2264 ista:
2223 2210 2342 2265 dum
2385 2213 2623 2283 syllabm,
2653 2229 2771 2268 cum
2801 2213 3048 2282 dicimus,
3094 2215 3281 2284 Caput,
3317 2231 3472 2271 aures
3503 2232 3651 2273 meas

2059 2301 2401 2371 impulerunt,
2428 2312 2532 2358 tam
2563 2306 2759 2361 nescivi
2781 2305 2906 2376 quid
2933 2305 3312 2377 signiﬁcarent,
3339 2322 3496 2377 quam
3526 2322 3648 2363 cum

2060 2391 2231 2458 primo
2256 2393 2502 2454 audirem,
2526 2395 2847 2466 legeremvc,
2879 2396 3187 2451 saraballas.
3221 2395 3327 2451 Sed
3353 2412 3473 2451 cum
3504 2412 3649 2467 sat-pe

2054 2483 2342 2552 diceretur,
2368 2486 2555 2558 Caput,
2588 2499 2780 2542 notans
2809 2498 2968 2558 atque
2989 2485 3416 2545 animadvertetis
3432 2488 3647 2559 quando

2053 2576 2339 2645 diceretur,
2373 2581 2545 2649 reperi
2575 2580 2887 2635 vocabulum
2929 2596 3048 2636 esse
3091 2581 3170 2636 rei
3219 2597 3336 2651 qua:
3379 2582 3506 2635 mihi
3531 2581 3644 2651 jam

2054 2677 2169 2722 erat
2197 2668 2426 2724 videndo
2456 2670 2753 2726 notissima.
2786 2672 2936 2738 Quod
2965 2673 3267 2742 priusquam
3299 2673 3640 2744 reperissem,

2053 2766 2256 2816 tantum
2297 2761 2429 2816 mihi
2473 2777 2638 2817 sonus
2681 2773 2793 2818 erat
2825 2763 2926 2818 hoc
2953 2766 3171 2820 verbum
3216 2782 3229 2817 :
3271 2766 3480 2836 signum
3511 2783 3640 2822 vero

2049 2866 2170 2909 esse
2196 2853 2376 2921 didici,
2423 2855 2636 2925 quando
2676 2856 2829 2925 cujus
2875 2857 2967 2933 rei.
2989 2857 3197 2927 signum
3240 2867 3383 2913 esset
3420 2859 3636 2926 inveni;

2047 2959 2206 3012 quam
2237 2945 2474 3015 quidem,
2508 2955 2566 3001 ut
2600 2947 2730 3013 dixi,
2782 2963 2890 3002 non
2933 2947 3252 3018 signiﬁcatu,
3284 2948 3380 3004 sed
3421 2960 3638 3021 aspectu

2047 3033 2356 3088 didiceram.
2380 3037 2559 3106 Itaque
2581 3039 2747 3108 magis
2762 3039 2971 3110 signum
2990 3055 3048 3094 re
3063 3041 3293 3110 cognita,
3312 3057 3467 3111 quam
3485 3043 3638 3112 signo

2045 3123 2169 3179 datu
2191 3126 2302 3196 ipsa
2327 3143 2413 3182 res
2439 3128 2678 3182 discitur.

2116 3216 2204 3270 54.
2237 3216 2387 3284 Quod
2415 3226 2471 3272 ut
2495 3219 2729 3288 apertius
2773 3219 3057 3290 intelligas,
3106 3221 3242 3292 ﬁnge
3283 3238 3378 3277 nos
3406 3224 3635 3294 primum

2044 3320 2186 3362 nunc
2214 3307 2397 3363 audire
2425 3309 2566 3378 quod
2592 3309 2802 3374 dicitur,
2835 3320 3025 3380 caput;
3057 3321 3112 3366 et
3131 3313 3427 3367 nescientes
3455 3324 3631 3370 utrum

2043 3413 2145 3452 vox
2183 3399 2283 3452 ista
2327 3400 2396 3453 sit
2443 3401 2807 3454 Lantummodo
2845 3416 3072 3467 sonans,
3118 3418 3184 3456 an
3225 3403 3422 3473 aliquid
3467 3405 3631 3459 etiam

2043 3487 2365 3557 significans,
2393 3505 2632 3560 quaerere
2652 3490 2777 3560 quid
2806 3491 2875 3546 sit
2900 3501 3056 3561 caput
3080 3491 3382 3564 (memento
3399 3509 3496 3548 nos
3523 3510 3628 3550 non

2042 3579 2118 3632 rei
2146 3594 2265 3648 qua:
2291 3578 2641 3650 significatur,
2675 3581 2767 3636 sed
2800 3583 2963 3651 ipsius
2988 3584 3122 3653 signi
3145 3585 3277 3639 velle
3303 3583 3498 3640 habere
3529 3602 3627 3640 no-

2043 3671 2228 3737 titiam,
2255 3687 2356 3742 qua
2395 3688 2638 3728 caremus
2673 3673 2931 3743 profecto,
2965 3675 3214 3746 quamdiu
3237 3675 3389 3746 cujus
3415 3677 3626 3748 signum

2039 3770 2122 3817 est
2151 3762 2489 3836 ignoramus)
2525 3782 2537 3817 :
2565 3766 2609 3819 si
2636 3779 2764 3835 ergo
2795 3766 2863 3820 ita
2893 3767 3251 3836 quaerentibus
3281 3784 3368 3824 res
3403 3770 3514 3839 ipsa
3545 3769 3627 3825 di-

2038 3853 2147 3922 gito
2175 3852 2606 3924 demonstretur,
2659 3857 2759 3912 hac
2805 3866 3089 3927 conspecta
3133 3858 3386 3914 discimus
3415 3861 3623 3932 signum

2038 3945 2178 4014 quod
2203 3946 2540 4002 audieramus
2562 3955 2786 4014 nultum,
2816 3948 3046 4002 nondum
3074 3963 3412 4005 noveramus.
3441 3951 3496 4005 ln
3517 3968 3624 4022 quo

2039 4045 2212 4090 tamen
2244 4036 2395 4106 signo
2420 4053 2539 4092 eum
2578 4037 2684 4092 duo
2712 4039 2838 4106 sint,
2871 4054 3033 4095 sonus
3060 4050 3116 4095 et
3139 4040 3485 4111 significatio,
3529 4059 3620 4098 so—

2037 4140 2162 4180 num
2205 4135 2350 4181 certe
2390 4143 2494 4182 non
2535 4143 2632 4198 per
2670 4129 2878 4200 signum
2921 4130 3261 4200 percipimus,
3292 4132 3385 4187 sed
3415 4147 3480 4188 eo
3506 4134 3624 4205 ipso

2034 4233 2162 4272 aure
2193 4219 2428 4289 pulsata;
2458 4221 2894 4290 significationem
2930 4231 3112 4278 autem
3151 4240 3232 4289 re,
3265 4241 3381 4295 qua:
3416 4227 3620 4296 signifi-

2035 4317 2206 4376 catur,
2234 4319 2467 4379 aspecta.
2491 4310 2624 4366 Nam
2648 4313 2732 4365 illa
2753 4313 2976 4368 intentio
2991 4314 3140 4384 digiti
3165 4315 3464 4385 signiﬁcare
3488 4319 3621 4376 nihil

2033 4399 2175 4453 aliud
2207 4408 2412 4469 potest,
2448 4417 2607 4471 quam
2638 4403 2764 4457 illud
2797 4405 2848 4458 in
2878 4405 3018 4474 quod
3057 4405 3348 4462 intenditur
3375 4408 3570 4480 digitus
3603 4431 3619 4466 :

2035 4491 2270 4546 intentus
2296 4500 2380 4546 est
2407 4501 2582 4547 autem
2614 4509 2717 4548 non
2749 4495 2801 4548 in
2833 4496 3063 4566 signum,
3095 4497 3188 4553 sed
3229 4499 3280 4552 in
3319 4502 3620 4561 membrum

2032 4582 2171 4654 quod
2201 4591 2361 4655 caput
2386 4593 2621 4640 vocatur.
2653 4585 2833 4658 Itaque
2852 4603 2951 4659 per
2971 4589 3114 4645 illam
3141 4608 3319 4664 neque
3345 4610 3460 4651 rem
3492 4612 3615 4666 pos-

2095 4755 2111 4787 ι
2147 4761 2198 4804 In
2233 4754 2447 4806 editione
2469 4757 2578 4806 Bad.
2605 4763 2658 4807 et
2678 4760 2856 4809 nostris
2875 4766 2981 4810 Mss.
3005 4761 3084 4812 hic
3114 4770 3166 4813 et
3195 4762 3316 4812 infra
3340 4771 3619 4816 mnstanter

2029 4818 2257 4890 scribitur
2292 4831 2390 4890 per
2433 4832 2461 4890 ις
2499 4818 2780 4890 surgbarw;
2812 4835 2910 4890 quo
2945 4831 3082 4890 pacto
3121 4827 3265 4874 etiam
3294 4826 3614 4890 'Ijertulliauus

2027 4880 2220 4940 scripsit
2235 4880 2416 4929 inlibro
2431 4880 2495 4930 de
2518 4883 2679 4941 Pallio,
2699 4891 2750 4933 et
2763 4880 2815 4933 in
2831 4880 2960 4934 libro
2976 4885 3040 4933 dc
3059 4888 3423 4936 nesnrrectione
3433 4891 3612 4945 Carnis,

2029 4948 2170 4990 Porro
2185 4949 2349 4992 autem
2361 4950 2527 4992 textus
2535 4958 2739 5008 grzccus,
2759 4954 2875 4995 Dan.
2893 4960 2998 5008 cap.
3017 4948 3066 5007 5,
3091 4963 3136 4996 v.
3161 4947 3240 5008 94,
3253 4948 3398 4997 habet
3417 4953 3465 4998 in
3489 4964 3613 5001 neu-

2029 5009 2104 5052 tro
2133 5011 2420 5072 generata
2449 5005 2697 5072 sarabara,
2719 5005 2867 5072 quem
2884 5005 3128 5072 scribendi
3146 5005 3338 5058 modum
3356 5025 3448 5060 non
3477 5017 3613 5072 pauci

2027 5072 2324 5134 sequuntur;
2346 5067 2581 5134 improbat
2605 5082 2721 5134 vero
2736 5067 3057 5134 hieronymus
3074 5071 3121 5118 in
3140 5077 3252 5119 Dan.
3267 5085 3369 5134 cap.
3390 5075 3438 5132 5,
3459 5067 3507 5127 ιιῗ.,
3533 5075 3584 5123 ‘2]
3597 5111 3611 5133 ,

2027 5127 2239 5197 vultque
2262 5127 2526 5190 legendum
2556 5129 2824 5197 saraballa._
2840 5132 2907 5180 Ad
2921 5127 3037 5197 hinc
3060 5139 3168 5182 Mss.
3201 5127 3529 5197 Fisca'nneusis
3563 5127 3614 5188 et

2026 5188 2342 5268 ἒέίὲἓὲἓϋιὶιὶἐ
2352 5202 2457 5268 Pri):
2471 5191 2698 5268 ραφςίξλίιξ
2715 5191 2942 5268 εαρίὲυητν
2961 5192 3162 5268 habent:
3181 5194 3410 5268 θειωίὲαιη
3432 5198 3612 5268 ρςθτιφη

2026 5254 2268 5322 tegmina;
2293 5257 2344 5299 et
2375 5260 2704 5322 consentanee
2735 5254 2904 5322 pbstea
2933 5254 3322 5322 prmferunt',_aut
3359 5254 3476 5320 quid
3515 5259 3610 5311 sint

2025 5309 2187 5384 pedes,
2203 5317 2319 5372 etc.;
2451 5312 2656 5384 dicimus
2664 5309 2826 5384 pedes,
2839 5309 2997 5384 aures,
3014 5324 3128 5384 etc.;
3141 5309 3286 5384 pedes
3295 5309 3477 5382 notans,
3492 5309 3607 5384 etc.;

2025 5331 2187 5382 penes,
2203 5331 2319 5372 etc.;
2332 5331 2656 5382 cumawunus
2665 5331 2826 5377 pectes,
2839 5331 2997 5376 aures,
3014 5331 3128 5377 etc.;
3201 5331 3286 5368 aes
3295 5331 3477 5382 notans,
3492 5331 3607 5384 etc.;

2024 5371 2240 5446 denique
2256 5375 2492 5446 omittunt
2506 5408 2521 5434 ,
2545 5381 2754 5446 capuam
2773 5411 2799 5446 ,_
2810 5391 2876 5446 eo
2897 5377 2990 5446 loci
3023 5381 3108 5427 ubi
3122 5331 3346 5446 figimus
3361 5416 3375 5442 ,
3400 5385 3610 5446 tegmina

2025 5431 2335 5504 quidemhic
2366 5431 2824 5504 cqpitiunft‘ontig'it
2845 5439 3013 5504 isthtec
3035 5431 3244 5492 varietas
3275 5456 3337 5491 ex
3363 5431 3606 5496 varia-vo:

2023 5492 2180 5564 cabuli
2224 5495 2390 5564 istius__
2409 5492 2810 5564 interpretatione
2830 5535 2853 5564 ,_
2881 5501 3010 5563 quod

2023 5555 2234 5631 tegmina
2263 5555 2492 5631 capitum,
2516 5555 2571 5608 ut
2588 5559 2745 5631 refert
2765 5555 2999 5631 Isidorus,
3023 5555 3107 5631 lib:
3130 5566 3329 5631 19,_cap.
3356 5555 3446 5630 ΖΞῖ
3467 5555 3604 5631 aliis,

2021 5614 2171 5696 Exigi
2189 5631 2266 5696 (te
2274 5614 2804 5696 fgitwggucstirnatta‘,
2825 5630 2882 5673 ut
2903 5614 2998 5696 ipsi
3014 5614 3602 5696 Isidoro'ibidemplacea

2022 5675 2189 5754 ME?»
2208 5677 2405 5754 nemo
2425 5679 2630 5754 animo
2647 5675 2898 5754 ξιττίυξυτω
2921 5675 3275 5754 ίιιῑενιξτὲειὼιιε
3285 5675 3604 5754 auersas:

2022 5739 2170 5789 nullis
2191 5741 2353 5801 etiam,
2371 5739 2724 5813 cutceqiitcnta;
2742 5739 3032 5817 liieronymo
3048 5739 3246 5803 demum
3263 5739 3604 5812 mideb'ciiio

2025 5802 2222 5856 braccas
2248 5813 2339 5855 seu
2366 5801 2566 5857 tibialia.

2053 5814 2222 5856 ναεεαδ
2248 5814 2339 5855 SOU
2366 5814 2566 5858 natalia.

3046 5504 3330 5568 quibusdam
3372 5507 3608 5568 signiﬁcat
