4118 6370
466 329 611 389 1815

464 465 585 506 sum
625 461 781 503 nosse
820 461 978 517 quam
1018 456 1303 505 noveram,
1358 452 1529 508 neque
1578 435 1785 505 signum
1825 432 1875 486 in
1906 427 2047 500 quod

467 541 703 598 intentus
730 540 923 611 digitus
953 554 1056 592 non
1087 545 1187 590 est.
1216 532 1317 589 Sed
1346 531 1411 586 de
1446 529 1740 584 intentione
1767 526 1911 596 digiti
1945 539 2048 577 non

468 633 629 688 nimis
657 649 818 700 curo;
846 631 966 700 quia
995 629 1159 698 ipsius
1195 621 1661 680 demonstrationis
1684 620 1892 690 signum
1920 615 2049 670 mihi

467 725 680 780 videtur
706 702 898 792 potius,
939 735 1095 791 quam
1127 732 1303 772 rerum
1343 716 1635 784 aliquarum
1666 725 1784 779 quin
1823 708 2049 763 demon-

471 824 729 878 strantur,
758 809 1220 867 sicutadverhium
1248 805 1411 874 quod,
1447 805 1605 868 Ecce,
1636 800 1895 863 dicimus;
1928 812 2050 851 nam

471 915 527 961 et
569 921 687 960 cum
727 904 828 958 hoc
854 902 1108 957 adverbio
1137 900 1355 969 digitum
1386 897 1618 952 Solemus
1655 892 1952 952 intendere,
1987 904 2054 943 ne

476 1015 639 1053 unum
661 994 1057 1051 demonstrandi
1085 993 1290 1062 signum
1319 1005 1425 1044 non
1456 987 1521 1042 sit
1547 986 1693 1040 satis.
1725 985 1790 1038 Et
1811 983 1861 1037 id
1890 980 2057 1035 maxi-

474 1105 561 1144 me
590 1088 680 1142 tibi
710 1088 848 1141 nitor
876 1084 1214 1155 persuadere.
1246 1084 1288 1136 si
1317 1090 1520 1150 potero,
1556 1093 1647 1147 per
1672 1092 1732 1129 ea
1762 1076 1908 1145 signa
1936 1087 2054 1144 qua:

474 1181 635 1235 verba
664 1179 1016 1248 appellantur,
1050 1190 1148 1230 nos
1178 1174 1307 1228 nihil
1336 1172 1571 1234 discere;
1602 1169 1777 1238 potius
1807 1166 1970 1229 enim,
2000 1173 2057 1219 ut

475 1272 606 1338 dixi,
632 1272 735 1324 vim
767 1270 931 1335 verbi,
979 1270 1027 1322 id
1073 1278 1151 1321 cst
1196 1264 1634 1335 significationem
1675 1276 1793 1329 qua:
1831 1259 1960 1325 latet
2005 1256 2056 1310 in

474 1380 626 1429 sono,
652 1382 710 1419 re
732 1365 845 1434 ipsa
869 1379 986 1433 quin
1012 1360 1336 1431 signiﬁcatur
1356 1356 1582 1426 cognita,
1607 1353 1880 1417 discimus,
1899 1364 2056 1421 quam

473 1457 619 1513 illam
646 1457 735 1509 tali
758 1453 1139 1525 signiﬁcatione
1171 1450 1508 1521 percipimus.

427 1539 433 1587 Ϊ
679 1548 748 1601 Et
788 1546 924 1616 quod
952 1544 1059 1599 disi
1090 1543 1156 1598 de
1182 1542 1374 1611 capite,
1402 1540 1505 1595 hoc
1531 1537 1690 1592 etiam
1716 1535 1783 1590 de
1813 1532 2059 1604 tegmini-

474 1640 598 1707 bus,
627 1639 797 1709 deque
826 1638 942 1692 aliis
968 1637 1126 1691 rebus
1147 1630 1619 1688 innumerabilibus
1639 1627 1861 1681 dixerim
1891 1642 1903 1677 :
1928 1638 2060 1694 quas

477 1739 656 1785 tamen
679 1743 799 1782 cum
825 1727 934 1797 jam
964 1720 1525 1789 noverim,saraballas
1554 1719 1669 1772 illas
1689 1717 1865 1772 adhuc
1893 1730 2061 1785 usque

480 1836 588 1875 non
613 1818 734 1874 novi
760 1835 773 1883 ;
799 1833 928 1887 quas
948 1815 1072 1869 mihi
1098 1814 1140 1868 si
1182 1822 1332 1883 gestu
1355 1811 1612 1881 quispiam
1636 1807 1946 1877 signiﬁearit
1971 1814 2062 1860 aut

478 1912 729 1984 pinxerit,
762 1918 852 1964 aut
882 1908 1080 1979 aliquid
1110 1908 1190 1960 cui
1220 1905 1419 1959 similes
1452 1911 1593 1960 sunt.
1617 1900 1927 1968 estendcrit,
1954 1915 2061 1954 non

480 2002 657 2059 dicam
708 2018 814 2055 non
855 2016 939 2055 me
983 1998 1222 2053 decuerit
1249 2039 1263 2062 ,
1295 1996 1435 2066 quod
1479 1994 1630 2049 facile
1668 1993 1988 2058 obtinerem,
2017 1993 2062 2046 si

479 2096 637 2167 paulo
661 2095 886 2165 amplius
928 2093 1069 2163 loqui
1110 2091 1330 2150 vellent;
1361 2088 1453 2143 scd
1484 2088 1602 2143 dico
1629 2088 1679 2141 id
1711 2086 1850 2157 quod
1883 2086 2062 2156 proxi-

481 2202 628 2242 mum
659 2194 773 2252 est,
805 2200 910 2240 non
941 2182 1115 2239 verbis
1141 2181 1399 2236 docuerit.
1432 2179 1582 2245 Quod
1609 2182 1654 2233 si
1680 2180 1758 2233 eis
1787 2178 1919 2233 forte
1936 2194 2067 2233 con-

482 2278 681 2346 Spectis
700 2292 818 2330 cum
846 2274 1004 2329 simul
1031 2273 1193 2327 adero
1212 2288 1294 2325 me
1313 2270 1666 2332 admonuerit,
1691 2270 1895 2336 dicens,
1923 2269 2062 2324 Ecce

478 2368 804 2433 saraballas;
847 2366 1046 2420 discam
1084 2380 1194 2419 rem
1238 2380 1394 2433 quam
1433 2362 1755 2429 nesciebam,
1811 2376 1914 2415 non
1971 2376 2067 2430 per

478 2458 642 2515 verba
671 2474 789 2528 qua:
818 2457 956 2512 dicta
989 2465 1132 2520 sunt,
1185 2455 1279 2510 sed
1333 2470 1428 2524 per
1475 2454 1590 2523 ejus
1627 2461 1920 2521 aSpectum,
1973 2468 2068 2522 per

479 2566 638 2623 quem
686 2550 880 2606 factum
905 2558 987 2604 est
1012 2557 1068 2603 ut
1094 2549 1251 2603 etiam
1294 2562 1485 2601 nomen
1528 2545 1655 2600 illud
1694 2545 1818 2613 quid
1848 2544 2066 2612 valeret,

480 2658 695 2699 nossem
733 2658 794 2697 ac
823 2650 1083 2696 tenerem.
1106 2639 1219 2695 Non
1245 2639 1384 2692 enim
1407 2653 1527 2691 cum
1558 2653 1669 2691 rem
1696 2636 1861 2704 ipsam
1884 2635 2067 2701 didici,

480 2734 659 2789 verbis
702 2732 888 2789 alienis
926 2732 1162 2795 credidi,
1204 2730 1296 2785 sed
1328 2729 1493 2784 oculis
1522 2729 1656 2782 meis
1689 2746 1701 2781 :
1744 2728 1843 2781 illis
1889 2735 2069 2781 tamen

483 2823 715 2879 fortasse
746 2832 802 2877 ut
829 2823 1159 2876 attenderem
1186 2819 1406 2881 credidi,
1432 2818 1483 2871 id
1500 2827 1656 2873 estut
1678 2826 1895 2887 aspectu
1921 2833 2070 2888 qua:-

484 2931 660 2971 rerem
688 2914 813 2985 quid
843 2914 1096 2969 viderem.
1152 2932 1153 2935 η

485 3005 709 3063 CAPUT
739 3004 828 3060 XI.
861 3034 931 3045 -——
957 3004 1209 3059 Discimus
1245 3023 1345 3059 non
1384 3004 1543 3058 verbis
1585 3004 1709 3076 foris
1742 3001 2067 3068 sonantibus,

916 3098 1003 3152 scd
1028 3099 1232 3151 docente
1256 3100 1387 3151 intus
1412 3098 1634 3150 veritate.

559 3190 649 3247 36.
681 3189 947 3244 Hactenus
972 3190 1130 3244 verba
1157 3188 1451 3254 valuerunt,
1481 3187 1672 3258 quibus
1699 3194 1756 3240 ut
1786 3184 2073 3256 plurimum

490 3283 757 3347 tribuam,
802 3281 1087 3335 admonent
1131 3290 1332 3334 tantum
1366 3288 1424 3334 ut
1466 3293 1767 3349 quzeramus
1808 3290 1916 3343 res,
1966 3290 2074 3329 non

487 3375 743 3434 exhibent
771 3383 828 3429 ut
854 3373 1179 3427 noverimus.
1208 3371 1258 3427 ls
1294 3388 1378 3425 me
1423 3379 1601 3425 autem
1644 3369 1839 3440 aliquid
1871 3368 2070 3433 docet,

484 3467 578 3538 qui
608 3466 689 3521 vel
719 3466 905 3528 oculis,
936 3465 1017 3518 vel
1048 3464 1136 3517 ulli
1167 3462 1407 3532 corporis
1436 3462 1635 3526 sensui,
1667 3462 1753 3515 vel
1784 3461 1881 3531 ipsi
1912 3461 2073 3516 etiam

487 3557 653 3613 menti
686 3556 882 3626 prazbet
912 3571 973 3611 ea
1005 3571 1122 3624 qum
1162 3568 1482 3623 cognoscere
1512 3554 1652 3607 volo.
1689 3552 1879 3608 Verbis
1918 3553 2075 3624 igitur

488 3648 591 3703 nisi
620 3647 777 3703 verba
808 3662 912 3701 non
956 3645 1229 3711 discimus,
1263 3644 1371 3699 imo
1414 3644 1644 3698 sonitum
1690 3644 2073 3714 strepitumque

488 3740 772 3796 verborum
797 3756 811 3792 :
840 3754 960 3794 nam
984 3738 1028 3792 si
1059 3753 1117 3791 ea
1146 3753 1262 3807 quae
1293 3738 1440 3805 signa
1471 3752 1575 3790 non
1602 3746 1743 3803 sunt,
1773 3736 1931 3791 verba
1954 3750 2073 3791 esse

487 3846 595 3887 non
627 3840 867 3901 possunt,
913 3829 1153 3900 quamvis
1180 3829 1287 3898 jam
1325 3828 1563 3883 auditum
1602 3829 1822 3883 verbum
1844 3870 1858 3891 ,
1892 3828 2073 3882 nescio

488 3934 668 3980 tamen
701 3916 921 3979 verbum
955 3938 1093 3987 esse,
1120 3920 1291 3975 donec
1318 3920 1443 3990 quid
1468 3919 1730 3989 signiﬁcet
1756 3920 1940 3974 sciam.
1962 3919 2071 3975 Rc-

487 4016 589 4074 bus
610 4032 735 4087 ergo
760 4015 985 4086 cognitis
1006 4056 1021 4079 ,
1057 4013 1338 4068 verborum
1368 4028 1577 4083 quoque
1603 4012 1835 4082 cognitio
1861 4012 2070 4081 perﬁci-

486 4117 604 4175 tur;
647 4108 821 4164 verbis
863 4122 991 4161 vero
1031 4106 1244 4172 auditis,
1286 4120 1385 4161 nec
1424 4105 1585 4159 verba
1633 4105 1923 4159 discuntur.
1958 4104 2072 4158 Non

492 4203 636 4258 enim
665 4216 725 4257 ea
757 4200 916 4254 verba
946 4214 1062 4269 qua:
1092 4199 1353 4265 novimus,
1386 4196 1670 4261 discimus;
1705 4205 1795 4250 aut
1819 4212 1937 4267 qua:
1966 4212 2071 4251 non

492 4292 763 4357 novimus,
780 4290 1029 4345 didicisse
1051 4306 1147 4344 nos
1163 4304 1448 4359 possumus
1470 4288 1732 4355 conﬁteri,
1762 4288 1862 4343 nisi
1888 4304 2072 4344 eorum

488 4382 876 4454 signiﬁcatione
923 4390 1204 4452 percepta,
1249 4395 1366 4451 quae
1411 4395 1517 4434 non
1560 4380 1829 4435 auditione
1883 4395 2073 4435 vocum

489 4474 830 4537 cmissarnm,
854 4473 944 4528 sed
969 4489 1150 4527 rerum
1174 4471 1583 4542 signiﬁcatarum
1622 4471 1923 4542 cognitione
1947 4486 2075 4525 con-

490 4565 663 4635 tingit.
697 4564 985 4620 Verissima
1027 4565 1221 4635 quippe
1264 4563 1398 4618 ratio
1420 4572 1529 4629 est,
1559 4573 1613 4617 et
1642 4564 1915 4618 verissime
1942 4563 2075 4618 dici—

490 4666 577 4713 tur
599 4700 613 4724 ,
640 4673 759 4711 cum
788 4656 945 4711 verba
972 4654 1333 4726 proferuntur,
1354 4663 1443 4708 aut
1472 4655 1610 4708 scire
1639 4669 1734 4707 nos
1762 4638 1887 4724 quid
1915 4654 2077 4725 signi-

489 4749 669 4817 ﬁcent,
698 4756 790 4803 aut
836 4749 1042 4805 nescire
1076 4765 1088 4800 :
1118 4747 1164 4801 si
1206 4749 1423 4810 scimus,
1471 4749 1875 4801 commemorari
1902 4749 2076 4816 potius

489 4856 646 4911 quam
679 4840 917 4904 discere;
961 4840 1004 4895 si
1035 4847 1213 4893 autem
1242 4839 1530 4903 nescimus,
1568 4853 1635 4893 ne
1668 4838 2075 4894 commemorari

488 4934 723 5004 quidem,
754 4934 845 4989 sed
877 4932 1103 4988 fortasse
1128 4932 1192 4986 ad
1221 4931 1562 5003 qumrcndnm
1584 4931 1878 4985 admoneri.

562 5026 649 5081 57.
684 5026 833 5093 Quod
865 5026 907 5080 si
939 5025 1153 5089 dixeris,
1192 5023 1418 5093 tegmina
1448 5022 1658 5092 quidem
1700 5022 1784 5077 illa
1821 5023 2073 5091 capitum,

491 5135 717 5190 quorum
744 5134 937 5173 nomen
978 5133 1111 5173 sono
1142 5125 1341 5170 tantum
1375 5124 1634 5178 tenemus,
1667 5130 1769 5168 non
1798 5130 1894 5169 nos
1920 5130 2079 5184 posse

491 5210 593 5265 nisi
622 5212 731 5265 visa
762 5225 1104 5281 cognoscere,
1130 5224 1300 5277 neque
1322 5222 1513 5261 nomen
1543 5206 1713 5275 ipsmn
1746 5209 1950 5277 plenius
1974 5209 2075 5263 nisi

492 5302 623 5373 ipsis
648 5306 876 5372 cognitis
906 5316 1063 5355 nosse
1093 5318 1105 5353 :
1139 5299 1278 5369 quod
1309 5308 1482 5353 tamen
1513 5298 1579 5352 de
1607 5298 1733 5366 ipsis
1763 5300 1942 5368 pueris
1982 5315 2076 5355 ac-

492 5394 749 5463 cepimus,
776 5402 830 5447 ut
860 5408 1034 5463 regem
1062 5406 1123 5445 ac
1154 5390 1393 5444 flammas
1423 5389 1523 5444 ﬁde
1544 5405 1605 5443 ac
1630 5390 1884 5461 religione
1914 5407 2079 5463 supe-

495 5485 750 5550 raverint,
776 5469 911 5553 quas
942 5482 1127 5537 laudes
1170 5481 1279 5536 Deo
1320 5480 1633 5547 cecinerint,
1674 5496 1807 5549 quos
1852 5482 2082 5537 honores

494 5575 562 5629 ab
589 5574 702 5647 ipso
728 5575 885 5629 etiam
913 5573 1126 5629 inimico
1155 5572 1467 5639 meruerint,
1511 5588 1636 5626 num
1664 5573 1818 5628 aliter
1848 5574 1947 5627 nisi
1989 5590 2083 5643 per

500 5666 662 5721 verba
688 5664 1004 5722 didicimus?
1025 5663 1401 5734 Respondebo,
1424 5673 1612 5718 cuncta
1633 5679 1750 5733 qua:
1778 5664 1878 5719 illis
1908 5667 2083 5721 verbis

497 5760 785 5826 signiﬁcata
827 5767 968 5821 sunt.
1017 5760 1067 5814 in
1114 5767 1291 5813 nostra
1344 5758 1526 5813 notitia
1581 5756 1683 5825 iam
1730 5756 1911 5814 fuisse.
1954 5758 2085 5815 Nam

1614 315 1701 372 DE
1740 308 2108 376 MACISTRO,
2149 308 2207 366 S.
2247 312 2617 373 AUGUSTINI

3610 317 3753 376 1911

2158 430 2284 500 quid
2322 431 2427 487 sint
2469 441 2577 488 tres
2623 432 2800 503 pueri,
2849 433 2977 506 quid
3014 432 3226 503 fornax,
3270 432 3402 506 quid
3425 433 3597 505 ignis,
3622 433 3754 505 quid

2157 541 2274 592 rex,
2304 526 2431 596 quid
2459 526 2686 598 denique
2728 527 2883 583 illaesi
2930 528 2998 583 ab
3037 529 3182 599 igne,
3222 538 3526 598 cmteraque
3570 544 3754 582 omnia

2152 616 2262 688 jam
2292 620 2535 674 tenebam
2560 636 2677 689 quze
2698 620 2858 675 verba
2881 620 2968 675 illa
2997 620 3317 692 signiﬁcant.
3345 620 3580 675 Ananias
3600 636 3752 686 vero,

2157 718 2211 764 et
2239 710 2453 765 Azarias
2478 718 2534 766 et
2572 712 2756 767 Misael
2786 722 2890 766 tam
2920 713 3047 767 mihi
3087 714 3250 784 ignoti
3288 721 3411 767 sunt
3439 728 3598 783 quam
3644 712 3754 765 ill;e

2158 801 2464 868 saraballar;
2493 817 2590 856 nec
2616 803 2679 856 ad
2710 818 2804 858 eos
2844 804 3243 873 cognoscendos
3279 803 3391 858 haec
3420 820 3505 857 me
3536 803 3754 856 nomina

2159 894 2445 965 quidquam
2497 895 2814 965 adjuverunt
2860 905 2953 951 aut
3000 897 3253 965 adjuvare
3286 896 3395 966 jam
3445 904 3753 965 potuerunt.

2160 983 2287 1038 Haec
2314 995 2490 1040 autem
2520 988 2695 1041 omnia
2723 1003 2840 1058 qua:
2884 988 2935 1041 in
2986 989 3072 1043 illa
3124 990 3368 1059 leguntur
3407 988 3648 1048 historia,
3678 988 3750 1039 ita

2162 1075 2254 1131 illo
2284 1087 2520 1147 tempore
2550 1080 2683 1133 facta
2714 1095 2854 1145 esse,
2885 1090 2943 1134 ut
2985 1080 3179 1152 scripta
3228 1089 3371 1147 sunt,
3400 1080 3625 1135 credere
3662 1095 3750 1134 me

2163 1167 2336 1236 potius
2360 1184 2517 1237 quam
2558 1170 2694 1224 scire
2739 1171 2940 1226 fateor:
2984 1187 3158 1241 neque
3203 1172 3356 1225 istam
3387 1170 3747 1225 differentiam

2164 1260 2320 1315 iidem
2351 1261 2445 1332 ipsi
2476 1264 2667 1331 quibus
2691 1265 2959 1319 credimus
2984 1264 3308 1319 nescierunt.
3339 1264 3425 1318 Ait
3453 1264 3595 1317 enim
3627 1277 3759 1332 pro-

2163 1351 2342 1422 pheta,
2386 1351 2504 1408 Nisi
2531 1356 2864 1419 credideritis,
2910 1374 3010 1411 non
3050 1356 3348 1428 intelligetis
3377 1355 3528 1427 (Isai.
3564 1370 3660 1420 vtl,
3700 1354 3754 1420 9,

2163 1464 2261 1502 sec.
2291 1446 2498 1518 LXX):
2525 1450 2663 1519 quod
2694 1466 2798 1504 non
2822 1449 3042 1506 dixisset
3063 1447 3323 1518 profecto,
3351 1449 3395 1504 si
3429 1448 3555 1502 nihil
3585 1446 3763 1501 dista-

2165 1554 2224 1593 re
2262 1539 2571 1608 judicaSSet.
2608 1540 2758 1609 Quod
2790 1557 2917 1613 ergo
2962 1541 3215 1611 intelligo,
3260 1541 3309 1594 id
3350 1541 3508 1595 etiam
3551 1538 3758 1594 credo:

2165 1638 2221 1683 at
2263 1644 2370 1683 non
2423 1644 2582 1685 omne
2630 1631 2769 1701 quod
2819 1631 3016 1698 credo,
3062 1633 3221 1687 etiam
3276 1631 3530 1700 intelligo.
3587 1628 3763 1685 Omne

2166 1730 2344 1776 autem
2382 1721 2524 1792 quod
2564 1722 2829 1792 intelligo,
2876 1724 2986 1777 scio
3019 1741 3032 1776 :
3067 1739 3173 1777 non
3215 1739 3375 1778 omne
3404 1722 3542 1792 quod
3572 1721 3761 1788 credo,

2167 1813 2299 1867 scio.
2343 1811 2454 1867 Nec
2497 1812 2618 1867 idco
2654 1813 2835 1867 nescio
2873 1829 3031 1883 quam
3078 1815 3147 1866 sit
3190 1813 3316 1868 utile
3340 1812 3559 1867 credere
3598 1812 3761 1866 etiam

2166 1905 2332 1961 multa
2360 1921 2479 1975 qua:
2504 1906 2713 1969 nescio;
2736 1906 2821 1960 cui
2865 1906 3076 1960 utilitati
3117 1905 3257 1960 hanc
3284 1919 3495 1974 quoque
3520 1904 3761 1973 adjungo

2167 1997 2235 2053 de
2280 1998 2448 2055 tribus
2496 1999 2674 2068 pueris
2711 1998 2988 2053 historiam
3032 2016 3044 2051 :
3089 2013 3254 2068 quare
3294 1997 3545 2068 pleraque
3580 2011 3765 2050 rerum

2168 2104 2290 2145 cum
2316 2092 2453 2146 scire
2482 2106 2585 2145 non
2615 2092 2831 2163 possim,
2864 2101 3059 2162 quanta
3088 2099 3262 2145 tamen
3286 2091 3508 2145 utilitate
3533 2087 3762 2144 credan-

2172 2192 2277 2250 tur,
2307 2182 2441 2237 scio.

2242 2275 2331 2330 38.
2365 2276 2440 2330 De
2482 2276 2743 2331 universis
2790 2284 2967 2331 autem
3006 2291 3124 2345 quae
3155 2275 3495 2344 intelligimus
3533 2288 3638 2327 non
3678 2273 3770 2327 lo-

2171 2377 2423 2439 quentem
2451 2370 2539 2439 qui
2566 2379 2815 2440 personat
2845 2370 2993 2437 foris,
3026 2368 3120 2423 sed
3152 2369 3293 2422 intus
3321 2367 3418 2437 ipsi
3442 2366 3605 2421 menti
3629 2380 3771 2434 pra:-

2174 2460 2436 2515 sidentem
2483 2461 2811 2517 consulimus
2853 2461 3162 2523 veritatem,
3213 2458 3391 2513 verbis
3442 2456 3667 2511 fortasse
3707 2463 3770 2508 ut

2174 2554 2513 2609 consulamus
2532 2553 2807 2608 admoniti.
2826 2553 2920 2608 Ille
2941 2560 3119 2608 autem
3143 2552 3229 2622 qui
3254 2551 3568 2609 consulitur.
3583 2549 3766 2615 docet,

2174 2644 2264 2715 qui
2299 2645 2351 2699 in
2396 2644 2644 2700 interiore
2682 2644 2898 2698 homine
2928 2643 3167 2698 habitare
3197 2642 3370 2697 dictus
3402 2650 3482 2696 est
3523 2639 3772 2695 Christus

2176 2736 2394 2808 (Ephes.
2420 2753 2498 2804 ιιι,
2533 2738 2620 2797 16.
2654 2739 2763 2809 17).
2793 2738 2843 2792 id
2870 2744 2954 2793 est
2984 2736 3437 2792 incommutabilis
3462 2736 3555 2789 Dei
3583 2735 3773 2790 Virtus

2175 2836 2336 2898 atque
2362 2828 2681 2899 sempiterna
2710 2828 3013 2897 Sapientia:
3041 2844 3200 2898 quam
3231 2828 3449 2898 quidem
3481 2826 3656 2881 omnis
3681 2842 3771 2879 ra-

2176 2920 2388 2974 tionalis
2415 2919 2588 2973 anima
2617 2920 2885 2984 consulit;
2925 2919 3017 2974 sed
3049 2928 3253 2973 tantum
3282 2919 3473 2988 cuique
3501 2917 3770 2986 panditur,

2177 3019 2435 3081 quantum
2479 3025 2670 3080 capere
2699 3019 2914 3080 promer
2951 3009 3238 3079 propriam,
3281 3009 3395 3063 sive
3434 3008 3623 3062 malam
3653 3006 3773 3061 sive

2178 3101 2373 3157 bonam
2402 3102 2726 3156 voluntatem
2767 3108 2959 3171 potest.
3007 3098 3076 3154 Et
3107 3099 3151 3153 si
3178 3098 3392 3170 quando
3419 3097 3632 3162 fallitur,
3662 3112 3771 3150 non

2178 3192 2239 3247 ﬁt
2264 3192 2393 3246 vitio
2420 3192 2677 3246 consulta:
2705 3190 2964 3257 veritatis,
2995 3198 3052 3245 ut
3076 3206 3250 3260 neque
3284 3188 3462 3257 hujus,
3485 3204 3602 3258 quae
3637 3187 3774 3242 foris

2178 3293 2280 3350 est,
2300 3284 2438 3339 lucis
2462 3284 2649 3339 vitium
2679 3293 2780 3350 est,
2798 3282 2940 3355 quod
2968 3282 3210 3353 corporei
3241 3283 3382 3337 oculi
3409 3296 3551 3351 saepe
3577 3280 3775 3335 fallun-

2178 3386 2302 3433 tur:
2342 3392 2501 3449 quam
2542 3377 2713 3432 lucem
2756 3375 2825 3431 de
2868 3376 3030 3431 rebus
3057 3373 3354 3429 visibilibus
3390 3372 3595 3428 consuli
3638 3372 3773 3426 fate-

2178 3484 2343 3537 mur,
2402 3477 2461 3523 ut
2513 3483 2605 3524 eas
2664 3467 2817 3524 nobis
2882 3476 3140 3539 quantum
3198 3481 3419 3521 cernere
3481 3466 3717 3519 valemus
3751 3505 3771 3529 ,

2179 3560 2445 3617 ostendat.

2318 3650 2543 3706 CAPUT
2584 3648 2700 3705 XII.
2724 3679 2796 3689 —
2820 3649 3051 3705 Christus
3086 3649 3271 3703 veritas
3300 3648 3433 3701 intus
3462 3646 3626 3701 docet.

2251 3742 2340 3799 59.
2370 3741 2523 3810 Quod
2553 3742 2595 3796 si
2627 3750 2683 3796 et
2722 3741 2789 3797 de
2830 3742 3097 3796 coloribus
3138 3741 3331 3806 lucem,
3372 3750 3426 3794 et
3454 3739 3520 3793 de
3561 3738 3774 3794 creteris

2177 3849 2297 3904 qua:
2325 3849 2418 3903 per
2442 3847 2635 3902 corpus
2664 3832 2942 3895 sentimus,
2972 3831 3239 3886 elementa
3276 3829 3432 3899 hujus
3460 3828 3642 3883 mundi
3674 3843 3772 3883 ea-

2177 3925 2406 3995 demque
2432 3940 2657 3993 corpora
2684 3938 2804 3993 qua:
2842 3924 3119 3987 sentimus,
3161 3937 3455 3992 sensusque
3484 3921 3627 3991 ipsos
3656 3920 3774 3989 qui-

2176 4016 2279 4071 bus
2323 4026 2570 4085 tanquam
2623 4013 3003 4084 interpretibus
3041 4013 3107 4068 ad
3150 4013 3272 4068 talia
3314 4012 3577 4067 noscenda
3618 4024 3774 4066 meus

2179 4108 2375 4172 utitur;
2402 4107 2567 4162 dehis
2596 4116 2773 4162 autem
2801 4121 2919 4176 quae
2948 4105 3332 4175 intelliguntur,
3354 4104 3656 4158 interiorem
3677 4118 3774 4157 ve-

2179 4199 2390 4254 ritatem
2414 4200 2618 4254 ratione
2648 4197 3007 4253 consulimus:
3033 4196 3154 4266 quid
3177 4197 3278 4251 dici
3307 4206 3479 4265 potest
3507 4195 3647 4250 unde
3672 4196 3775 4249 cla-

2179 4298 2313 4353 reat,
2343 4289 2520 4344 verbis
2549 4305 2645 4342 nos
2672 4287 2869 4357 aliquid
2901 4288 3111 4343 discere
3140 4297 3333 4357 prteter
3358 4287 3526 4356 ipsum
3558 4288 3646 4357 qui
3674 4302 3771 4341 au-

2178 4396 2265 4436 res
2287 4381 2517 4450 perculit
2539 4378 2762 4434 sonum?
2788 4378 3026 4447 Namque
3051 4379 3227 4432 omnia
3263 4393 3382 4447 qua:
3426 4378 3770 4447 percipimus,

2178 4483 2269 4527 aut
2293 4488 2453 4529 sensu
2474 4472 2733 4542 corporis.
2766 4481 2856 4525 aut
2883 4480 3063 4527 mente
3095 4473 3435 4541 percipimus.
3476 4471 3566 4526 Illa
3596 4473 3773 4526 sensi-

2179 4564 2325 4629 bilia,
2354 4564 2468 4618 haec
2511 4563 2886 4634 intelligibilia;
2925 4564 3059 4627 sive,
3095 4572 3150 4616 ut
3177 4578 3325 4617 more
3354 4572 3627 4616 auctorum
3671 4578 3774 4617 no-

2182 4670 2413 4712 Strorum
2445 4658 2653 4727 loquar,
2685 4658 2773 4711 illa
2802 4656 3071 4721 carnalia,
3116 4658 3229 4712 haec
3270 4657 3557 4725 spiritualia
3597 4657 3773 4710 uomi-

2181 4764 2390 4805 namus.
2422 4749 2497 4803 De
2528 4750 2629 4804 illis
2657 4748 2783 4804 dum
2828 4750 3238 4820 interrogantur,
3279 4750 3682 4820 respondemus,
3728 4752 3776 4804 si

2182 4850 2377 4911 przesto
2426 4849 2550 4895 sunt
2602 4857 2664 4896 ea
2708 4857 2828 4911 qua:
2875 4842 3162 4907 sentimus;
3194 4841 3336 4896 velut
3385 4858 3504 4897 cum
3539 4859 3568 4895 a
3621 4843 3777 4896 uobis

2181 4933 2437 5003 qnmritur
2466 4932 2793 4987 intuentibus
2822 4933 2999 4987 lunam
3031 4949 3241 4997 novam,
3263 4934 3433 5003 qualis
3459 4942 3545 4986 aut
3569 4933 3655 4988 ubi
3683 4934 3772 4987 sit.

2183 5026 2279 5081 ilic
2308 5025 2395 5080 ille
2422 5025 2511 5094 qui
2542 5025 2847 5094 interrogat,
2880 5025 2923 5079 si
2956 5040 3062 5078 non
3090 5024 3249 5085 videt,
3278 5025 3446 5079 credit
3480 5027 3676 5089 verbis,
3711 5033 3768 5079 et

2182 5134 2325 5189 szepe
2369 5134 2474 5172 non
2518 5118 2684 5173 credit
2711 5136 2723 5171 :
2752 5117 2908 5171 discit
2942 5128 3119 5171 autem
3163 5116 3309 5170 nullo
3348 5117 3528 5182 modo,
3566 5117 3664 5170 nisi
3710 5128 3760 5170 et

2182 5212 2296 5281 ipse
2320 5212 2459 5282 quod
2483 5211 2676 5266 dicitur
2701 5211 2905 5272 videat;
2941 5211 3026 5265 ubi
3061 5211 3169 5279 jam
3199 5227 3303 5265 non
3331 5211 3508 5265 verbis
3538 5227 3654 5279 qua:
3685 5225 3776 5263 so-

2184 5311 2429 5367 mterunt,
2459 5301 2551 5355 sed
2584 5301 2743 5356 rebus
2760 5300 2888 5369 ipsis
2910 5308 2965 5354 et
2992 5300 3238 5355 sensibus
3257 5300 3427 5355 discit.
3458 5300 3589 5353 Nam
3613 5300 3773 5352 verba

2184 5394 2370 5448 eadem
2401 5401 2594 5447 sonant
2622 5391 2839 5457 videnti,
2875 5407 2992 5460 qua:
3018 5408 3123 5445 non
3156 5391 3353 5447 videnti
3376 5393 3536 5446 etiam
3576 5408 3776 5445 sonue-

2185 5491 2326 5538 runt.
2349 5482 2482 5539 Cum
2508 5498 2634 5538 vero
2668 5497 2770 5536 non
2798 5482 2864 5537 de
2894 5482 2958 5537 iis
2986 5498 3105 5552 qua:
3138 5498 3319 5537 coram
3360 5485 3639 5544 sentimus.
3680 5483 3779 5536 sed

2187 5577 2352 5632 dehis
2380 5593 2498 5647 qn.e
2524 5575 2807 5646 aliquando
2828 5577 3096 5631 sensimus
3122 5577 3377 5645 quazritur
3397 5594 3411 5641 ;
3432 5593 3534 5630 non
3558 5576 3666 5642 jam
3692 5592 3782 5631 res

2189 5669 2351 5741 ipsas,
2401 5668 2495 5723 sed
2550 5668 2805 5738 imagines
2846 5666 2915 5722 ab
2956 5668 3018 5723 iis
3067 5669 3354 5738 impressas
3400 5669 3781 5736 memorizeque

2192 5761 2467 5818 mandatas
2493 5761 2757 5829 loquimur
2790 5778 2802 5814 :
2834 5776 2953 5830 qua:
2982 5761 3200 5816 omnino
3228 5759 3494 5827 quomodo
3537 5776 3658 5815 vera
3697 5761 3775 5815 di-
