4118 6370
344 291 481 351 ΙΞΠ

338 417 546 469 cauum,
589 415 709 457 cum
742 396 871 454 falsa
910 397 1230 462 intueamur,
1262 392 1476 465 ignoro;
1516 391 1620 450 nisi
1656 391 1779 464 quia
1823 408 1929 448 non

324 504 439 550 ‘nos
470 509 531 548 ea
563 492 741 546 videre
767 505 828 545 ac
859 490 1078 555 sentire,
1108 486 1201 542 sed
1232 485 1430 540 vidisse
1456 500 1519 540 ac
1543 483 1780 539 sensisse
1806 497 1932 536 nar-

343 601 544 641 ramus.
588 584 662 639 lta
703 582 821 637 illas
856 581 1110 649 imagines
1158 578 1211 632 in
1257 576 1529 631 memorias
1575 572 1935 645 penetralibus

343 692 525 732 rerum
567 683 689 729 ante
717 687 991 728 sensarum
1020 669 1260 741 quredam
1288 667 1606 722 documenta
1644 674 1933 735 gestamus,

344 786 462 839 qum
485 768 663 821 animo
690 762 1114 834 contemplantes
1137 761 1271 815 bona
1302 756 1625 814 conscientia
1655 771 1760 811 non
1789 769 1938 809 men-

347 863 513 917 timur
535 875 653 913 cum
676 858 943 928 loquimur
968 874 979 909 :
1015 854 1106 909 sed
1134 854 1285 909 nobis
1314 864 1436 907 sunt
1462 852 1558 905 ista
1588 850 1935 913 documenta;

344 952 392 1006 is
421 951 561 1004 cnim
592 948 677 1020 qui
702 947 866 1013 audit,
894 947 938 999 si
979 961 1041 999 ea
1076 945 1245 999 sensit
1291 954 1449 1013 atque
1479 939 1663 1005 adfuit,
1700 955 1807 994 non
1851 937 1937 992 dic

347 1043 447 1098 scit
485 1042 615 1096 meis
654 1039 850 1105 verbis,
902 1037 997 1093 sed
1048 1036 1379 1107 recognoscit
1420 1033 1609 1088 ablatis
1655 1046 1836 1087 secum
1886 1037 1942 1084 et

350 1134 468 1203 ipse
495 1131 841 1201 imaginibus:
878 1129 921 1184 si
954 1137 1129 1183 autem
1165 1127 1252 1181 illa
1280 1142 1386 1181 non
1417 1126 1584 1181 sensit
1612 1125 1649 1189 ’,
1685 1123 1803 1194 quis
1833 1136 1937 1176 nou

353 1240 476 1279 cum
505 1222 726 1277 credere
756 1220 930 1289 potius
953 1219 1128 1273 verbis
1155 1233 1312 1287 quam
1340 1217 1546 1271 discere
1581 1211 1869 1284 intelligat?

419 1315 509 1370 40.
534 1313 666 1368 Cum
685 1328 810 1367 vero
835 1311 902 1367 de
926 1311 991 1366 iis
1020 1311 1193 1381 agitur
1209 1326 1328 1381 qua:
1358 1316 1535 1363 mente
1556 1308 1936 1377 conspicimus,

350 1407 404 1461 id
434 1415 516 1462 est
556 1404 824 1461 intellectu
854 1413 1010 1473 atque
1057 1403 1281 1464 ratione,
1311 1417 1373 1456 ea
1403 1400 1616 1471 quidem
1670 1398 1940 1469 loquimur

350 1515 468 1570 qua:
499 1497 777 1568 przcseutia
804 1504 1119 1549 contuemttr
1156 1494 1208 1548 in
1242 1493 1330 1547 illa
1357 1493 1613 1547 interiore
1644 1492 1763 1545 luce
1792 1483 1937 1544 veri-

350 1591 494 1654 tatis,
519 1605 620 1660 qua
644 1588 757 1658 ipse
780 1588 869 1659 qui
896 1586 1089 1642 dicitur
1107 1586 1266 1641 homo
1294 1585 1533 1647 interior,
1568 1584 1861 1638 illustratur
1888 1592 1944 1637 et

351 1681 588 1737 fruitur:
626 1679 721 1735 sed
752 1688 876 1733 tunc
918 1694 1127 1749 quoque
1172 1686 1353 1733 noster
1384 1676 1613 1738 auditor,
1660 1674 1704 1729 si
1746 1685 1800 1730 et
1830 1674 1942 1743 ipse

352 1774 438 1828 illa
468 1779 679 1828 secreto
718 1786 780 1824 ac
822 1771 1046 1840 simplici
1078 1770 1233 1824 oculo
1259 1769 1434 1833 videt;
1466 1766 1609 1821 novit
1646 1765 1785 1837 quod
1822 1765 1943 1819 dico

354 1880 449 1920 sua
477 1863 943 1936 contemplatione,
986 1880 1089 1916 non
1116 1863 1295 1916 verbis
1334 1862 1485 1916 meis.
1516 1860 1658 1931 Ergo
1700 1875 1766 1913 ne
1803 1858 1944 1911 hunc

352 1956 567 2027 quidem
603 1954 769 2010 doceo
806 1970 928 2009 vera
958 1955 1161 2021 dicens,
1200 1969 1325 2009 vera
1369 1954 1697 2018 intuentem;
1725 1951 1944 2005 docetur

352 2051 497 2105 enim
530 2066 631 2104 non
660 2048 834 2104 verbis
861 2047 1010 2109 meis,
1038 2047 1130 2101 sed
1152 2047 1279 2117 ipsis
1301 2047 1485 2112 rebus,
1518 2046 1627 2099 Deo
1651 2045 1791 2099 intus
1814 2059 1946 2113 pan-

352 2141 533 2209 dente,
568 2138 896 2195 manifestis:
941 2138 1119 2207 itaque
1162 2138 1227 2192 de
1274 2137 1356 2191 bis
1384 2138 1542 2192 etiam
1589 2136 1944 2204 interrogatus

353 2233 680 2304 respondere
722 2240 918 2303 posset.
949 2229 1084 2299 Quid
1115 2238 1291 2284 autem
1319 2229 1599 2284 absurdius
1632 2243 1789 2298 quam
1821 2241 1941 2280 cum

352 2336 540 2397 putare
568 2325 835 2380 locutione
861 2338 976 2377 mea
1007 2322 1209 2389 doceri,
1229 2323 1315 2393 qui
1334 2332 1531 2393 posset,
1560 2330 1842 2390 antequam
1865 2319 1943 2373 lo-

353 2434 567 2489 querer,
607 2433 668 2471 ea
708 2416 820 2486 ipsa
865 2418 1219 2485 interrogatus
1264 2414 1571 2484 exponere?
1616 2412 1748 2467 Nam
1801 2410 1944 2482 quod

354 2525 497 2580 saepe
526 2509 803 2580 contingit,
836 2516 893 2562 ut
933 2509 1286 2579 interrogatus
1324 2506 1519 2578 aliquid
1562 2514 1738 2576 neget,
1782 2513 1943 2573 atque

353 2602 421 2657 ad
463 2602 513 2657 id
560 2601 830 2657 fatendum
874 2601 990 2655 aliis
1037 2600 1537 2672 interrogationibus
1576 2609 1847 2671 urgeatur,
1882 2597 1940 2653 fit

352 2691 454 2749 hoc
477 2695 833 2749 imbecillitate
852 2694 1139 2759 cernentis,
1172 2692 1262 2763 qui
1283 2693 1348 2746 de
1375 2708 1431 2747 re
1458 2700 1566 2747 tota
1594 2692 1738 2745 illam
1770 2691 1941 2744 lucem

352 2786 631 2841 consulere
658 2801 761 2839 non
793 2792 1003 2854 potest:
1029 2782 1169 2853 quod
1201 2791 1257 2836 ut
1288 2782 1526 2851 partibus
1554 2780 1727 2845 faciat,
1759 2779 1945 2835 admo-

352 2890 529 2945 netur,
556 2893 674 2932 cum
702 2877 769 2931 de
794 2876 980 2931 iisdem
1017 2876 1132 2929 istis
1158 2875 1393 2944 partibus
1424 2874 1801 2942 interrogatur,
1821 2870 1944 2941 qui-

352 2969 453 3024 bus
503 2970 585 3022 illa
625 2983 831 3022 summa
885 2976 1114 3033 constat,
1164 2981 1322 3037 quam
1371 2975 1535 3021 totam
1574 2979 1793 3020 cernere
1837 2980 1943 3018 non

351 3062 580 3116 valebat.
610 3059 726 3130 Quo
751 3061 795 3114 si
816 3060 993 3115 verbis
1022 3059 1330 3130 perducitur
1359 3059 1477 3127 ejus
1504 3060 1592 3128 qui
1626 3059 1936 3129 interrogat,

353 3168 458 3207 non
491 3160 666 3207 tamen
697 3152 1009 3207 docentibus
1037 3152 1235 3218 verbis,
1267 3150 1359 3205 sed
1386 3165 1451 3205 eo
1478 3148 1634 3204 modo
1668 3150 1942 3220 inquiren~

354 3244 515 3311 tibus,
546 3260 654 3314 quo
684 3244 841 3298 modo
867 3254 948 3299 est
970 3244 1057 3297 ille
1083 3259 1112 3297 a
1141 3259 1246 3314 quo
1278 3243 1555 3312 qumritur,
1593 3242 1735 3297 intus
1764 3242 1942 3297 disce-

350 3351 410 3390 re
436 3336 690 3401 idoneus;
715 3336 859 3389 velut
887 3336 931 3388 si
961 3335 1056 3389 abs
1080 3345 1130 3389 te
1157 3348 1449 3404 qumrerem
1477 3337 1575 3389 hoc
1607 3335 1778 3405 ipsum
1801 3334 1941 3404 quod

350 3428 543 3497 agitur,
578 3438 880 3481 utrumnam
926 3426 1101 3480 verbis
1132 3425 1313 3480 doceri
1357 3425 1489 3479 nihil
1521 3427 1705 3496 possit,
1750 3436 1805 3481 et
1845 3426 1941 3481 ab-

353 3521 571 3575 surdum
606 3521 695 3574 tibi
740 3521 911 3590 primo
942 3519 1213 3574 videretur
1240 3534 1343 3573 non
1390 3519 1584 3573 valenti
1617 3528 1781 3573 totum
1814 3534 1945 3574 con-

350 3613 556 3682 spicere
586 3629 598 3666 :
632 3612 709 3667 sic
740 3628 866 3682 ergo
893 3626 1135 3682 qmerere
1162 3612 1416 3679 oportuit,
1450 3621 1505 3665 ut
1535 3620 1637 3667 tuae
1663 3628 1781 3667 sese
1802 3613 1943 3668 vires

351 3704 548 3760 habent
573 3704 637 3759 ad
666 3705 985 3763 audiendum
1017 3706 1163 3759 illum
1191 3705 1334 3759 intus
1362 3705 1696 3776 magistrum,
1720 3714 1778 3761 ut
1801 3705 1945 3762 dicc-

350 3811 485 3860 rem,
519 3797 594 3851 Ea
638 3813 754 3866 qua:
806 3812 890 3851 me
938 3797 1189 3866 loquente
1232 3813 1355 3851 vera
1396 3812 1516 3851 esse
1555 3797 1844 3863 confiteris,
1889 3806 1945 3854 et

349 3898 530 3941 certus
560 3902 638 3947 es,
668 3896 722 3940 et
752 3897 801 3941 te
847 3888 933 3940 illa
976 3903 1134 3942 nosse
1164 3889 1469 3953 confirmas,
1500 3890 1638 3942 unde
1668 3889 1944 3945 didicisti?

350 3978 708 4047 reSponderes
751 3977 974 4032 fortasse
1002 3978 1143 4045 quod
1181 3994 1279 4048 ego
1308 3978 1630 4034 docuisscm.
1662 3980 1796 4035 Tum
1840 3997 1942 4051 ego

350 4068 721 4124 subnecterem
749 4087 760 4122 :
789 4068 925 4135 Quid
955 4070 1001 4123 si
1032 4085 1117 4125 me
1152 4071 1417 4125 hominem
1450 4071 1714 4127 volantem
1748 4073 1943 4128 vidisse

352 4160 606 4225 dicerem,
639 4161 779 4215 itane
804 4168 855 4214 te
881 4169 1086 4214 certum
1109 4161 1270 4214 verba
1291 4176 1406 4214 mea
1426 4162 1728 4229 redderent,
1755 4180 1941 4232 quent-

354 4252 638 4305 admodum
669 4252 713 4305 si
754 4251 964 4306 audires
1006 4251 1273 4320 sapientes
1320 4250 1565 4307 homines
1609 4253 1780 4306 stultis
1824 4268 1942 4309 esse

356 4344 601 4398 meliores
614 4343 637 4396 ?
650 4342 882 4413 Negares
906 4342 1143 4413 profecto
1158 4351 1209 4397 et
1230 4343 1601 4413 responderes,
1618 4344 1744 4398 illud
1769 4353 1819 4399 te
1837 4360 1941 4399 non

355 4435 592 4499 credere,
644 4443 736 4489 aut
775 4434 983 4489 etiamsi
1016 4434 1263 4489 crederes
1308 4435 1569 4503 ignorare,
1623 4434 1723 4488 hoc
1764 4444 1940 4489 autem

353 4528 645 4581 certissime
678 4528 835 4582 scire.
885 4526 964 4581 Ex
1009 4526 1111 4582 hoc
1147 4527 1254 4596 jam
1296 4526 1544 4581 nimirum
1597 4526 1937 4598 iutelligeres,

354 4631 525 4684 neque
555 4617 606 4668 in
635 4617 723 4670 illo
753 4616 893 4685 quod
925 4631 1009 4670 me
1043 4616 1342 4671 affirmante
1369 4618 1660 4687 ignorares,
1690 4632 1861 4688 neque
1890 4618 1942 4672 in

353 4706 455 4761 hoc
485 4706 622 4775 quod
662 4707 859 4775 optime
885 4708 1073 4774 scires,
1124 4709 1320 4778 aliquid
1366 4717 1415 4763 te
1463 4709 1713 4764 didicisse
1768 4710 1942 4765 verbis

353 4793 486 4853 meis
513 4814 526 4861 ;
559 4797 983 4867 quandoquidem
1024 4800 1183 4853 etiam
1215 4800 1568 4871 interrogatus
1607 4803 1673 4857 de
1700 4804 1937 4873 singulis,

352 4900 406 4947 et
434 4890 560 4946 illud
586 4892 843 4960 ignotum,
875 4898 928 4944 et
954 4890 1053 4943 hoc
1084 4892 1175 4945 tibi
1203 4900 1385 4946 notum
1413 4908 1531 4948 esse
1552 4894 1782 4963 jurares.
1807 4896 1940 4950 Tum

351 4997 480 5037 vero
508 4991 672 5035 totum
708 4980 833 5035 illud
877 4980 1016 5051 quod
1048 4997 1343 5052 negaveras
1376 4984 1635 5052 fatereris,
1671 5002 1791 5040 cum
1830 4988 1944 5041 haec

353 5089 417 5129 ex
448 5073 639 5143 quibus
664 5081 890 5139 constat,
932 5072 1074 5127 clara
1120 5083 1172 5129 et
1210 5084 1354 5129 certa
1399 5090 1517 5132 esse
1554 5093 1939 5148 cognosceres;

354 5165 531 5219 omnia
567 5164 768 5218 scilicet
794 5180 911 5235 qua:
941 5163 1228 5235 loquimur,
1256 5176 1346 5220 aut
1373 5166 1618 5236 ignorare
1643 5168 1938 5226 auditorem

355 5268 530 5312 utrum
580 5271 703 5330 vera
744 5257 870 5323 sint,
916 5256 1186 5312 aut.falsa
1227 5272 1348 5315 csse
1392 5274 1502 5314 non
1544 5259 1808 5329 ignorare,
1853 5272 1945 5317 aut

354 5350 492 5404 scire
532 5363 655 5403 vera
704 5362 841 5402 esse.
903 5347 1104 5407 Horum
1150 5348 1341 5403 trium-
1370 5350 1422 5404 in
1470 5350 1642 5420 primo
1694 5359 1785 5406 aut
1825 5368 1944 5408 cre-

355 5440 504 5507 dere,
536 5448 627 5493 ant
672 5440 898 5509 opinari,
944 5448 1035 5494 aut
1070 5440 1345 5507 dubitare;
1395 5443 1447 5497 in
1476 5444 1941 5501 sccundmadver-

356 5532 461 5586 sari
488 5541 647 5602 atque
672 5546 928 5597 renuere;
962 5532 1015 5587 in
1045 5532 1202 5587 tertio
1228 5535 1467 5589 attestari
1493 5553 1506 5590 :
1546 5552 1807 5607 nusquam
1841 5538 1940 5609 igi-

354 5633 441 5683 tur
477 5624 702 5684 discere.
741 5624 876 5694 Quia
920 5633 975 5679 et
1017 5625 1105 5680 ille
1143 5625 1231 5695 qui
1263 5636 1384 5697 post
1414 5628 1571 5683 verba
1602 5640 1780 5686 nOStra
1828 5646 1939 5687 rem

338 5707 351 5747 ¹
418 5727 436 5758 ⁸
473 5721 937 5777 Er.Lov.siaufem
966 5722 1353 5780 illenonsensﬂ.
1418 5733 1475 5777 II.

1754 277 1961 337 LIBER
1997 277 2199 338 UNUS.

3497 291 3636 349 1218

2044 393 2232 459 nescit,
2262 399 2315 448 et
2339 392 2427 465 qui
2456 407 2514 449 se
2541 392 2667 450 falsa
2699 394 2844 450 novit
2874 396 3103 465 audisse,
3130 408 3181 453 et
3208 401 3295 471 qui
3339 411 3514 474 posset
3542 406 3625 461 in-
3674 418 3677 421 '

2043 493 2339 556 terrogatus
2380 484 2572 541 eadem
2620 487 2947 557 respondere
2989 504 3106 559 quae
3134 490 3269 545 dicta
3306 504 3451 560 sunt,
3498 497 3632 552 nihil

2042 576 2217 632 verbis
2245 576 2377 631 meis
2406 577 2652 633 didicisse
2677 580 3024 635 convincitur.

2045 667 2269 725 CAPUT
2290 668 2788 725 Xlll.—Vcrborum
2805 676 2851 725 vi
2870 690 2931 726 ne
2950 673 3149 744 quidem
3172 675 3371 729 animus
3389 678 3633 747 loquentis

2686 834 2692 841 ι
2716 764 2959 831 aperitur.

2118 850 2204 905 41.
2236 851 2590 919 Quamobrem
2621 854 2672 907 in
2697 853 2760 908 iis
2789 855 2945 909 etiam
2981 872 3099 927 quae
3125 867 3301 913 mente
3322 868 3631 928 cernuntur,

2047 940 2239 996 frustra
2274 945 2543 998 cernentis
2582 944 2819 1014 loquelas
2846 947 2994 1001 audit
3023 950 3263 1019 quisquis
3306 966 3367 1005 ea
3409 966 3630 1009 cernere

2048 1048 2152 1087 non
2186 1043 2389 1103 potest,
2426 1036 2525 1090 nisi
2568 1036 2688 1107 quia
2718 1038 2839 1092 talia
2878 1040 3126 1109 quamdiu
3168 1042 3477 1112 ignorantur
3507 1046 3635 1102 utile

2047 1132 2126 1178 est
2154 1125 2371 1179 credere
2402 1143 2414 1178 :
2450 1127 2687 1198 quisquis
2712 1139 2886 1184 autem
2914 1146 3134 1187 cernere
3160 1143 3353 1203 potest,
3380 1135 3520 1192 intus
3546 1148 3632 1191 est

2048 1214 2340 1284 discipulus
2366 1216 2622 1284 veritatis,
2655 1217 2785 1273 foris
2809 1220 2972 1290 judex
3013 1222 3296 1293 loquentis,
3346 1227 3429 1282 vel
3457 1228 3633 1296 potius

2048 1305 2213 1374 ipsius
2242 1305 2545 1362 locutionis.
2580 1309 2713 1364 Nam
2748 1310 3063 1383 plerumque
3090 1315 3191 1369 scit
3222 1316 3304 1368 illa
3333 1333 3451 1386 quae
3490 1318 3635 1373 dicta

2047 1406 2189 1461 sunt,
2218 1413 2283 1453 eo
2313 1399 2426 1468 ipso
2452 1401 2719 1456 nesciente
2748 1418 2866 1472 qua:
2887 1403 3052 1469 dixit;
3077 1405 3240 1460 veluti
3272 1407 3315 1460 si
3347 1408 3625 1479 quisquam

2048 1488 2323 1558 Epicureis
2360 1491 2585 1547 credens
2612 1502 2666 1547 et
2704 1495 2981 1549 mortalem
3012 1496 3242 1551 animam
3285 1508 3495 1568 putans,
3539 1516 3632 1556 eas

2047 1578 2280 1634 rationes
2313 1596 2431 1649 quae
2478 1580 2543 1635 de
2574 1581 2972 1639 immortalitate
3000 1585 3115 1654 ejus
3148 1602 3175 1640 a
3204 1589 3633 1659 prudentioribus

2050 1680 2285 1726 tractatae
2312 1682 2450 1737 sunt,
2484 1675 2780 1745 eloqttatur,
2827 1676 2917 1730 illo
2945 1678 3190 1735 audiente
3224 1682 3311 1750 qui
3339 1683 3633 1752 spiritualia

2047 1765 2284 1818 contueri
2311 1775 2483 1835 potest
2506 1766 2739 1836 ;judicat
2776 1768 2875 1822 istc
2900 1785 3020 1822 eum
3053 1785 3172 1824 vera
3202 1770 3378 1828 dicere
3408 1791 3421 1828 ε
3449 1783 3501 1828 at
3545 1775 3634 1829 ille

2047 1856 2136 1925 qui
2167 1855 2315 1923 dicit,
2346 1866 2520 1911 utrum
2550 1874 2671 1913 vera
2703 1857 2843 1912 dicat
2870 1859 3095 1929 ignorat.
3131 1862 3237 1916 imo
3262 1863 3421 1921 etiam
3450 1865 3628 1921 falsis-

2048 1946 2180 1999 sima
2225 1948 2499 2001 existimat
2543 1966 2556 2001 :
2590 1965 2715 2003 num
2749 1951 2907 2021 igitur
2934 1952 3196 2020 putandus
3223 1964 3305 2008 est
3345 1971 3405 2010 ca
3435 1956 3633 2013 docere

2047 2054 2165 2109 qua:
2208 2042 2412 2095 nescit?
2466 2043 2623 2113 Atqui
2651 2044 2836 2099 iisdem
2881 2045 3060 2100 verbis
3105 2047 3288 2115 utitur,
3330 2049 3519 2119 quibus
3554 2051 3629 2105 uti

2046 2132 2205 2188 etiam
2235 2132 2407 2189 sciens
2435 2144 2633 2205 posset.

2117 2226 2205 2281 42.
2229 2228 2402 2295 Quare
2424 2228 2531 2298 jam
2559 2245 2625 2285 ne
2655 2229 2755 2285 hoc
2778 2230 2992 2301 quidem
3020 2231 3334 2302 relinquitur
3354 2234 3546 2301 verbis,
3573 2244 3630 2291 ut

2048 2320 2132 2377 his
2168 2323 2352 2377 saltem
2390 2323 2654 2393 loquentis
2676 2326 2884 2382 animus
2914 2327 3204 2393 indicetur;
3237 2328 3279 2382 si
3304 2328 3516 2399 quidem
3544 2330 3630 2385 in-

2049 2422 2251 2469 certum
2282 2422 2363 2469 est
2388 2425 2562 2470 utrum
2590 2432 2650 2471 ea
2680 2433 2799 2488 qum
2834 2417 3091 2488 loquitur,
3129 2420 3282 2477 sciat.
3315 2420 3463 2474 Adde
3484 2436 3637 2475 men-

2050 2505 2242 2559 tientes
2269 2515 2426 2576 atque
2452 2506 2715 2574 fallentes,
2741 2525 2835 2579 per
2863 2524 2997 2579 quos
3038 2510 3189 2564 facile
3220 2510 3481 2580 intelligas
3520 2526 3627 2566 non

2050 2597 2208 2651 modo
2230 2613 2339 2651 non
2360 2600 2569 2669 aperiri,
2592 2616 2773 2655 verum
2792 2602 2951 2656 etiam
2974 2602 3227 2657 occultari
3249 2605 3482 2659 animum
3512 2622 3632 2660 ver-

2049 2689 2150 2745 bis.
2182 2690 2312 2745 Nam
2351 2692 2496 2746 nullo
2526 2693 2685 2747 modo
2711 2693 2921 2764 ambigo
2965 2695 3016 2749 id
3061 2696 3241 2750 conari
3270 2698 3424 2751 verba
3472 2714 3632 2752 vera-

2049 2782 2210 2848 cium,
2238 2794 2294 2837 et
2314 2783 2707 2853 quodammodo
2738 2786 2994 2855 profiteri,
3036 2796 3093 2840 ut
3130 2787 3335 2841 animus
3369 2788 3634 2857 loquentis

2048 2884 2296 2943 appareat
2324 2891 2338 2941 ;
2369 2875 2512 2945 quod
2534 2874 2835 2931 obtinerent
2859 2877 3107 2931 omnibus
3132 2879 3564 2948 concedentibus,
3586 2882 3632 2937 si

2047 2965 2190 3037 loqui
2223 2968 2599 3023 mentientibus
2628 2983 2732 3022 non
2769 2968 2973 3025 liceret.
3000 2970 3310 3041 Quanquam
3346 2987 3491 3042 saepe
3531 2990 3632 3029 ex-

2050 3057 2183 3127 perti
2211 3053 2486 3123 fuerimus,
2514 3066 2569 3113 et
2598 3058 2647 3112 in
2676 3058 2828 3113 nobis
2855 3069 2910 3114 et
2948 3060 2998 3114 in
3028 3060 3165 3121 aliis,
3189 3076 3295 3115 non
3332 3077 3516 3118 earum
3547 3079 3634 3118 re-

2030 3165 2166 3227 (rum
2197 3166 2315 3220 qua:
2362 3151 2686 3221 cogitantur,
2731 3153 2892 3207 verba
2942 3153 3202 3222 proferri:
3242 3155 3383 3224 quod
3427 3155 3635 3211 duobus

2048 3240 2219 3295 modis
2244 3256 2398 3311 posse
2424 3242 2663 3297 accidere
2687 3243 2861 3307 video,
2899 3259 3018 3298 cum
3048 3254 3136 3298 aut
3158 3261 3333 3299 sermo
3364 3248 3635 3302 memoria:

2049 3332 2328 3388 mandatus
2358 3342 2412 3389 et
2452 3350 2593 3404 smpe
2619 3334 2894 3399 decursus,
2922 3336 3022 3390 alia
3059 3337 3351 3406 cogitandis
3381 3354 3474 3393 ore
3513 3338 3634 3393 fun-

2046 3424 2218 3491 ditur;
2247 3427 2385 3496 quod
2429 3428 2581 3482 nobis
2616 3443 2734 3482 cum
2779 3427 3033 3499 hymnum
3073 3430 3309 3483 cauimus
3339 3446 3480 3499 scepe
3506 3446 3637 3486 eon-

2051 3517 2201 3587 tingit
2230 3534 2241 3569 :
2273 3527 2361 3571 aut
2400 3534 2521 3573 eum
2552 3519 2654 3572 alia
2693 3534 2787 3588 pro
2812 3518 2932 3574 aliis
2962 3520 3120 3575 verba
3164 3531 3358 3591 prarter
3386 3523 3628 3578 volunta-

2050 3616 2152 3664 tém
2183 3620 2418 3667 nostram
2443 3611 2635 3682 linguae
2657 3612 2823 3681 ipsius
2850 3628 3033 3668 errore
3055 3614 3367 3683 prosiliunt;
3393 3630 3514 3669 nam
3544 3614 3629 3670 hic

2047 3716 2258 3772 quoque
2288 3717 2391 3755 non
2423 3717 2602 3757 earum
2628 3718 2802 3756 rerum
2831 3703 2979 3773 signa
3016 3719 3148 3772 quas
3175 3705 3227 3758 in
3254 3705 3434 3758 animo
3464 3705 3629 3760 babe-

2049 3807 2186 3860 mus,
2233 3793 2537 3847 audiuntur.
2594 3793 2722 3848 Nam
2764 3795 3084 3849 mentientes
3136 3795 3350 3865 quidem
3402 3795 3637 3866 cogitant

2049 3887 2207 3940 etiam
2236 3885 2303 3941 de
2349 3885 2414 3939 iis
2458 3886 2618 3941 rebus
2659 3901 2788 3957 quas
2836 3886 3143 3955 loquuntur,
3182 3895 3240 3940 ut
3274 3887 3481 3940 tametsi
3538 3902 3635 3943 ne-

2049 3977 2281 4031 sciamus
2301 3992 2365 4031 an
2391 3993 2572 4031 verum
2595 3976 2792 4042 dicant,
2813 3977 3042 4031 sciamus
3067 3986 3243 4031 tamen
3266 3992 3357 4031 eos
3380 3978 3429 4031 in
3455 3977 3635 4032 animo

2049 4072 2246 4127 habere
2272 4070 2415 4140 quod
2458 4071 2656 4135 dicunt,
2687 4070 2732 4124 si
2768 4084 2871 4124 non
2902 4070 2979 4124 eis
3016 4070 3213 4139 aliquid
3256 4069 3480 4125 duorum
3515 4085 3633 4140 quae

2047 4162 2154 4217 dixi
2178 4162 2382 4217 accidat
2412 4178 2562 4231 :qure
2584 4160 2629 4215 si
2651 4161 2766 4231 quis
2787 4169 2841 4215 et
2868 4160 3134 4215 interdum
3156 4160 3395 4214 accidere
3416 4170 3638 4215 conten-

2047 4254 2145 4319 dit,
2174 4263 2368 4310 etcum
2395 4254 2589 4309 accidit
2617 4269 2893 4323 apparere,
2933 4269 3234 4325 quanquam
3277 4269 3417 4333 saepe
3453 4254 3633 4309 occul-

2049 4353 2159 4399 tum
2190 4355 2290 4410 est,
2331 4356 2383 4401 et
2406 4360 2547 4415 szepe
2571 4360 2656 4399 me
2684 4344 2871 4400 fefellit
2896 4344 3221 4406 audientem,
3246 4360 3351 4398 non
3384 4346 3595 4401 resisto.

2118 4436 2207 4490 45.
2238 4435 2343 4489 Sed
2378 4434 2458 4488 bis
2498 4434 2687 4488 accidit
2717 4434 2855 4486 aliud
2887 4449 3052 4502 genus
3074 4474 3088 4497 ,
3122 4449 3251 4489 sane
3280 4434 3383 4488 late
3410 4445 3595 4505 patens
3615 4478 3632 4503 ,

2050 4534 2099 4580 et
2133 4541 2314 4580 semen
2340 4524 2806 4581 innumerabilium
2855 4524 3245 4579 dissensionum
3277 4536 3433 4596 atque
3460 4536 3638 4583 certa-

2050 4619 2249 4673 minum
2285 4635 2299 4672 :
2326 4634 2446 4672 cum
2487 4617 2578 4673 ille
2605 4617 2695 4686 qui
2728 4616 2980 4686 loquitur,
3015 4616 3199 4672 eadem
3226 4619 3439 4689 quidem
3471 4620 3637 4689 signi-

2051 4710 2173 4765 fleat
2204 4727 2320 4781 qum
2344 4710 2578 4779 cogitat,
2609 4708 2703 4764 sed
2736 4708 3044 4779 plerumque
3072 4718 3273 4763 tantum
3303 4709 3403 4763 sibi
3429 4718 3484 4765 et
3519 4711 3637 4764 aliis

2049 4799 2403 4872 quibusdam;
2451 4798 2496 4855 ei
2527 4815 2653 4854 vero
2682 4795 2764 4855 cui
2805 4800 3039 4871 loquitur
3080 4810 3135 4855 et
3184 4801 3308 4855 item
3352 4801 3472 4855 aliis
3499 4817 3635 4856 non-

2053 4895 2211 4949 nullis
2236 4936 2251 4960 ,
2287 4910 2391 4948 non
2425 4892 2565 4947 idem
2597 4892 2879 4963 significat.
2916 4891 3115 4945 Dixerit
3142 4890 3284 4945 enim
3313 4892 3505 4962 aliquis
3533 4908 3632 4947 auo

2049 4986 2317 5041 dientibus
2342 4984 2517 5049 nobis,
2549 4982 2617 5039 ab
2642 4984 2905 5055 aliquibus
2931 4982 3120 5037 belluis
3148 4982 3415 5038 hominem
3439 4984 3634 5042 virtute

2050 5077 2319 5147 superari;
2353 5091 2450 5131 nos
2477 5076 2617 5130 illico
2645 5074 2780 5131 ferre
2809 5090 2913 5127 non
2944 5088 3244 5143 possumus,
3278 5083 3331 5130 et
3359 5073 3495 5130 hanc
3522 5083 3629 5131 tam

2053 5170 2237 5223 falsam
2294 5168 2714 5241 pestiferamque
2741 5166 3059 5221 sententiam
3105 5182 3295 5236 magna
3341 5167 3637 5225 intentione

2050 5260 2341 5314 refellimus
2372 5278 2384 5313 :
2419 5275 2540 5314 cum
2573 5259 2661 5313 ille
2688 5257 2913 5312 fortasse
2941 5257 3210 5320 virtutem,
3234 5258 3373 5315 vires
3396 5261 3637 5331 corporis

2052 5360 2234 5417 vocet,
2266 5363 2321 5405 et
2350 5351 2450 5406 hoc
2470 5351 2684 5405 nomine
2710 5349 2760 5404 id
2786 5348 2927 5420 quod
2959 5350 3207 5421 cogitavit
3228 5351 3501 5419 enuntiet,
3538 5367 3637 5409 nec

2052 5444 2359 5510 mentiatur,
2384 5458 2484 5497 nec
2514 5450 2658 5497 erret
2692 5442 2744 5496 in
2772 5442 2934 5498 rebus
2957 5482 2974 5509 ,
3002 5457 3101 5497 nec
3134 5442 3274 5497 aliud
3301 5443 3497 5513 aliquid
3524 5443 3638 5499 vol-

2050 5549 2183 5588 vens
2216 5534 2425 5599 animo,
2454 5531 2703 5589 mandata
2735 5531 3007 5588 memoria:
3036 5532 3194 5588 verba
3234 5534 3503 5601 contexit,
3536 5548 3636 5589 nec

2052 5631 2244 5696 lingua:
2273 5628 2422 5697 lapsu
2446 5626 2591 5682 aliud
2618 5641 2775 5696 quam
2796 5625 3040 5681 volvebat
3064 5635 3251 5694 sonet;
3280 5626 3374 5683 sed
3413 5634 3635 5681 tantum-

2056 5721 2215 5779 modo
2262 5735 2375 5774 rem
2418 5733 2576 5790 quam
2608 5717 2834 5790 Cogitat,
2864 5717 2969 5773 alio
2995 5733 3151 5789 quam
3178 5733 3275 5775 nos
3304 5718 3518 5775 nomine
3541 5732 3635 5789 ap-
