  <div class='ocr_page' id='page_1' title='image "/cluster/home/n/w/nwhite01/storage/ocr_20150623/32/hvd.32044015706328/629.png"; bbox 0 0 2059 3185; ppageno 0'>
   <div class='ocr_carea' id='block_1_1' title="bbox 247 110 315 137">
    <p class='ocr_par' dir='ltr' id='par_1_1' title="bbox 247 110 315 137">
     <span class='ocr_line' id='line_1_1' title="bbox 247 110 315 137; baseline 0 0"><span class='ocrx_word' id='word_1_1' title='bbox 247 110 315 137; x_wconf 71' lang='grc' dir='ltr'><strong>ΙΞΙΩ</strong></span> 
     </span>
    </p>
   </div>
   <div class='ocr_carea' id='block_1_2' title="bbox 244 163 1035 202">
    <p class='ocr_par' dir='ltr' id='par_1_2' title="bbox 244 163 1035 202">
     <span class='ocr_line' id='line_1_2' title="bbox 244 163 1035 202; baseline -0.005 -9"><span class='ocrx_word' id='word_1_2' title='bbox 244 167 325 202; x_wconf 85' lang='lat' dir='ltr'><strong>pellat</strong></span> <span class='ocrx_word' id='word_1_3' title='bbox 340 175 345 192; x_wconf 92' lang='lat'>:</span> <span class='ocrx_word' id='word_1_4' title='bbox 358 166 391 193; x_wconf 94' lang='lat' dir='ltr'><strong>de</strong></span> <span class='ocrx_word' id='word_1_5' title='bbox 405 173 454 201; x_wconf 87' lang='lat' dir='ltr'><strong>qua</strong></span> <span class='ocrx_word' id='word_1_6' title='bbox 469 165 505 192; x_wconf 93' lang='lat' dir='ltr'><strong>illi</strong></span> <span class='ocrx_word' id='word_1_7' title='bbox 518 166 606 192; x_wconf 84' lang='lat' dir='ltr'><strong>statim</strong></span> <span class='ocrx_word' id='word_1_8' title='bbox 621 165 818 197; x_wconf 78' lang='lat' dir='ltr'><strong>assentirentur,</strong></span> <span class='ocrx_word' id='word_1_9' title='bbox 829 165 850 190; x_wconf 88' lang='lat' dir='ltr'><strong>si</strong></span> <span class='ocrx_word' id='word_1_10' title='bbox 863 164 920 198; x_wconf 88' lang='lat' dir='ltr'><strong>ejus</strong></span> <span class='ocrx_word' id='word_1_11' title='bbox 935 163 1035 198; x_wconf 82' lang='lat' dir='ltr'><strong>cogita-</strong></span> 
     </span>
    </p>
   </div>
   <div class='ocr_carea' id='block_1_3' title="bbox 250 208 1036 246">
    <p class='ocr_par' dir='ltr' id='par_1_3' title="bbox 250 208 1036 246">
     <span class='ocr_line' id='line_1_3' title="bbox 250 208 1036 246; baseline -0.005 -8"><span class='ocrx_word' id='word_1_12' title='bbox 250 212 351 239; x_wconf 88' lang='lat' dir='ltr'><strong>tionem</strong></span> <span class='ocrx_word' id='word_1_13' title='bbox 365 218 505 246; x_wconf 83' lang='lat' dir='ltr'><strong>possemus</strong></span> <span class='ocrx_word' id='word_1_14' title='bbox 525 211 672 245; x_wconf 90' lang='lat' dir='ltr'><strong>inspicere,</strong></span> <span class='ocrx_word' id='word_1_15' title='bbox 687 217 764 245; x_wconf 88' lang='lat' dir='ltr'><strong>quam</strong></span> <span class='ocrx_word' id='word_1_16' title='bbox 784 209 871 236; x_wconf 91' lang='lat' dir='ltr'><strong>verbis</strong></span> <span class='ocrx_word' id='word_1_17' title='bbox 881 209 935 244; x_wconf 83' lang='lat' dir='ltr'><strong>jam</strong></span> <span class='ocrx_word' id='word_1_18' title='bbox 951 208 1036 242; x_wconf 74' lang='lat' dir='ltr'><strong>prola-</strong></span> 
     </span>
    </p>
   </div>
   <div class='ocr_carea' id='block_1_4' title="bbox 251 253 1036 292">
    <p class='ocr_par' dir='ltr' id='par_1_4' title="bbox 251 253 1036 292">
     <span class='ocr_line' id='line_1_4' title="bbox 251 253 1036 292; baseline -0.006 -7"><span class='ocrx_word' id='word_1_19' title='bbox 251 259 285 285; x_wconf 94' lang='lat' dir='ltr'><strong>tis</strong></span> <span class='ocrx_word' id='word_1_20' title='bbox 295 257 478 292; x_wconf 85' lang='lat' dir='ltr'><strong>explicataque</strong></span> <span class='ocrx_word' id='word_1_21' title='bbox 491 257 621 284; x_wconf 88' lang='lat' dir='ltr'><strong>sententia</strong></span> <span class='ocrx_word' id='word_1_22' title='bbox 631 263 689 289; x_wconf 89' lang='lat' dir='ltr'><strong>sua,</strong></span> <span class='ocrx_word' id='word_1_23' title='bbox 702 256 819 283; x_wconf 91' lang='lat' dir='ltr'><strong>nondum</strong></span> <span class='ocrx_word' id='word_1_24' title='bbox 835 255 910 282; x_wconf 86' lang='lat' dir='ltr'><strong>nobis</strong></span> <span class='ocrx_word' id='word_1_25' title='bbox 920 253 1036 289; x_wconf 90' lang='lat' dir='ltr'><strong>pandere</strong></span> 
     </span>
    </p>
   </div>
   <div class='ocr_carea' id='block_1_5' title="bbox 249 301 1034 336">
    <p class='ocr_par' dir='ltr' id='par_1_5' title="bbox 249 301 1034 336">
     <span class='ocr_line' id='line_1_5' title="bbox 249 301 1034 336; baseline -0.004 -6"><span class='ocrx_word' id='word_1_26' title='bbox 249 304 340 331; x_wconf 82' lang='lat' dir='ltr'><strong>valuit.</strong></span> <span class='ocrx_word' id='word_1_27' title='bbox 357 303 423 330; x_wconf 92' lang='lat' dir='ltr'><strong>lluic</strong></span> <span class='ocrx_word' id='word_1_28' title='bbox 434 303 518 330; x_wconf 91' lang='lat' dir='ltr'><strong>errori</strong></span> <span class='ocrx_word' id='word_1_29' title='bbox 532 303 712 330; x_wconf 92' lang='lat' dir='ltr'><strong>deﬁnitionem</strong></span> <span class='ocrx_word' id='word_1_30' title='bbox 724 302 826 329; x_wconf 81' lang='lat' dir='ltr'><strong>mederi</strong></span> <span class='ocrx_word' id='word_1_31' title='bbox 843 309 919 336; x_wconf 81' lang='lat' dir='ltr'><strong>posse</strong></span> <span class='ocrx_word' id='word_1_32' title='bbox 933 301 1034 334; x_wconf 82' lang='lat' dir='ltr'><strong>dicunt,</strong></span> 
     </span>
    </p>
   </div>
   <div class='ocr_carea' id='block_1_6' title="bbox 246 346 1037 383">
    <p class='ocr_par' dir='ltr' id='par_1_6' title="bbox 246 346 1037 383">
     <span class='ocr_line' id='line_1_6' title="bbox 246 346 1037 383; baseline -0.005 -7"><span class='ocrx_word' id='word_1_33' title='bbox 246 354 275 380; x_wconf 85' lang='lat' dir='ltr'><strong>ut</strong></span> <span class='ocrx_word' id='word_1_34' title='bbox 288 349 315 376; x_wconf 94' lang='lat' dir='ltr'><strong>in</strong></span> <span class='ocrx_word' id='word_1_35' title='bbox 328 348 377 376; x_wconf 89' lang='lat' dir='ltr'><strong>hac</strong></span> <span class='ocrx_word' id='word_1_36' title='bbox 397 348 543 383; x_wconf 63' lang='lat' dir='ltr'><strong>quaestione</strong></span> <span class='ocrx_word' id='word_1_37' title='bbox 556 348 578 375; x_wconf 90' lang='lat' dir='ltr'><strong>si</strong></span> <span class='ocrx_word' id='word_1_38' title='bbox 597 347 721 375; x_wconf 82' lang='lat' dir='ltr'><strong>deﬁniret</strong></span> <span class='ocrx_word' id='word_1_39' title='bbox 734 346 797 382; x_wconf 91' lang='lat' dir='ltr'><strong>quid</strong></span> <span class='ocrx_word' id='word_1_40' title='bbox 812 347 846 373; x_wconf 91' lang='lat' dir='ltr'><strong>sit</strong></span> <span class='ocrx_word' id='word_1_41' title='bbox 868 346 966 379; x_wconf 87' lang='lat' dir='ltr'><strong>virtus;</strong></span> <span class='ocrx_word' id='word_1_42' title='bbox 981 346 1037 373; x_wconf 92' lang='lat' dir='ltr'><strong>elu-</strong></span> 
     </span>
    </p>
   </div>
   <div class='ocr_carea' id='block_1_7' title="bbox 246 392 1036 427">
    <p class='ocr_par' dir='ltr' id='par_1_7' title="bbox 246 392 1036 427">
     <span class='ocr_line' id='line_1_7' title="bbox 246 392 1036 427; baseline -0.004 -5"><span class='ocrx_word' id='word_1_43' title='bbox 246 399 335 427; x_wconf 88' lang='lat' dir='ltr'><strong>ceret,</strong></span> <span class='ocrx_word' id='word_1_44' title='bbox 351 394 434 424; x_wconf 87' lang='lat' dir='ltr'><strong>aiunt,</strong></span> <span class='ocrx_word' id='word_1_45' title='bbox 448 401 500 420; x_wconf 91' lang='lat' dir='ltr'><strong>non</strong></span> <span class='ocrx_word' id='word_1_46' title='bbox 513 393 546 420; x_wconf 88' lang='lat' dir='ltr'><strong>de</strong></span> <span class='ocrx_word' id='word_1_47' title='bbox 561 401 599 426; x_wconf 86' lang='lat' dir='ltr'><strong>re,</strong></span> <span class='ocrx_word' id='word_1_48' title='bbox 614 393 660 420; x_wconf 85' lang='lat' dir='ltr'><strong>sed</strong></span> <span class='ocrx_word' id='word_1_49' title='bbox 672 392 705 420; x_wconf 88' lang='lat' dir='ltr'><strong>de</strong></span> <span class='ocrx_word' id='word_1_50' title='bbox 718 393 800 420; x_wconf 89' lang='lat' dir='ltr'><strong>verbo</strong></span> <span class='ocrx_word' id='word_1_51' title='bbox 810 400 870 419; x_wconf 86' lang='lat' dir='ltr'><strong>esse</strong></span> <span class='ocrx_word' id='word_1_52' title='bbox 882 396 1036 419; x_wconf 81' lang='lat' dir='ltr'><strong>controver-</strong></span> 
     </span>
    </p>
   </div>
   <div class='ocr_carea' id='block_1_8' title="bbox 246 438 1037 474">
    <p class='ocr_par' dir='ltr' id='par_1_8' title="bbox 246 438 1037 474">
     <span class='ocr_line' id='line_1_8' title="bbox 246 438 1037 474; baseline -0.003 -8"><span class='ocrx_word' id='word_1_53' title='bbox 246 439 313 466; x_wconf 90' lang='lat' dir='ltr'><strong>siam</strong></span> <span class='ocrx_word' id='word_1_54' title='bbox 331 448 337 466; x_wconf 92' lang='lat'>:</span> <span class='ocrx_word' id='word_1_55' title='bbox 352 439 422 474; x_wconf 87' lang='lat' dir='ltr'><strong>qttod</strong></span> <span class='ocrx_word' id='word_1_56' title='bbox 448 443 477 466; x_wconf 88' lang='lat' dir='ltr'><strong>ut</strong></span> <span class='ocrx_word' id='word_1_57' title='bbox 499 438 643 465; x_wconf 83' lang='lat' dir='ltr'><strong>concedant</strong></span> <span class='ocrx_word' id='word_1_58' title='bbox 664 438 698 465; x_wconf 86' lang='lat' dir='ltr'><strong>ita</strong></span> <span class='ocrx_word' id='word_1_59' title='bbox 726 446 803 470; x_wconf 87' lang='lat' dir='ltr'><strong>esse,</strong></span> <span class='ocrx_word' id='word_1_60' title='bbox 830 438 1037 473; x_wconf 75' lang='lat' dir='ltr'><strong>quotusquisque</strong></span> 
     </span>
    </p>
   </div>
   <div class='ocr_carea' id='block_1_9' title="bbox 246 483 1038 518">
    <p class='ocr_par' dir='ltr' id='par_1_9' title="bbox 246 483 1038 518">
     <span class='ocr_line' id='line_1_9' title="bbox 246 483 1038 518; baseline -0.004 -6"><span class='ocrx_word' id='word_1_61' title='bbox 246 485 333 513; x_wconf 86' lang='lat' dir='ltr'><strong>bonus</strong></span> <span class='ocrx_word' id='word_1_62' title='bbox 345 484 470 512; x_wconf 88' lang='lat' dir='ltr'><strong>deﬁnitor</strong></span> <span class='ocrx_word' id='word_1_63' title='bbox 493 483 605 511; x_wconf 83' lang='lat' dir='ltr'><strong>inveniri</strong></span> <span class='ocrx_word' id='word_1_64' title='bbox 625 483 728 518; x_wconf 86' lang='lat' dir='ltr'><strong>potest?</strong></span> <span class='ocrx_word' id='word_1_65' title='bbox 751 489 777 510; x_wconf 91' lang='lat' dir='ltr'><strong>et</strong></span> <span class='ocrx_word' id='word_1_66' title='bbox 798 488 884 510; x_wconf 89' lang='lat' dir='ltr'><strong>tamen</strong></span> <span class='ocrx_word' id='word_1_67' title='bbox 910 483 1038 510; x_wconf 82' lang='lat' dir='ltr'><strong>adversas</strong></span> 
     </span>
    </p>
   </div>
   <div class='ocr_carea' id='block_1_10' title="bbox 247 529 1037 565">
    <p class='ocr_par' dir='ltr' id='par_1_10' title="bbox 247 529 1037 565">
     <span class='ocr_line' id='line_1_10' title="bbox 247 529 1037 565; baseline -0.001 -8"><span class='ocrx_word' id='word_1_68' title='bbox 247 530 412 565; x_wconf 84' lang='lat' dir='ltr'><strong>disciplinam</strong></span> <span class='ocrx_word' id='word_1_69' title='bbox 425 530 568 557; x_wconf 90' lang='lat' dir='ltr'><strong>deﬁniendi</strong></span> <span class='ocrx_word' id='word_1_70' title='bbox 581 530 663 556; x_wconf 90' lang='lat' dir='ltr'><strong>multa</strong></span> <span class='ocrx_word' id='word_1_71' title='bbox 675 529 806 565; x_wconf 71' lang='lat' dir='ltr'><strong>disputata</strong></span> <span class='ocrx_word' id='word_1_72' title='bbox 818 533 896 562; x_wconf 90' lang='lat' dir='ltr'><strong>sunt;</strong></span> <span class='ocrx_word' id='word_1_73' title='bbox 916 537 974 564; x_wconf 67' lang='lat' dir='ltr'><strong>qua:</strong></span> <span class='ocrx_word' id='word_1_74' title='bbox 989 537 1037 556; x_wconf 90' lang='lat' dir='ltr'><strong>ue-</strong></span> 
     </span>
    </p>
   </div>
   <div class='ocr_carea' id='block_1_11' title="bbox 248 577 1038 612">
    <p class='ocr_par' dir='ltr' id='par_1_11' title="bbox 248 577 1038 612">
     <span class='ocr_line' id='line_1_11' title="bbox 248 577 1038 612; baseline -0.001 -9"><span class='ocrx_word' id='word_1_75' title='bbox 248 585 299 612; x_wconf 84' lang='lat' dir='ltr'><strong>que</strong></span> <span class='ocrx_word' id='word_1_76' title='bbox 313 577 363 604; x_wconf 91' lang='lat' dir='ltr'><strong>hoe</strong></span> <span class='ocrx_word' id='word_1_77' title='bbox 377 577 437 604; x_wconf 89' lang='lat' dir='ltr'><strong>loco</strong></span> <span class='ocrx_word' id='word_1_78' title='bbox 448 581 562 604; x_wconf 90' lang='lat' dir='ltr'><strong>tractare</strong></span> <span class='ocrx_word' id='word_1_79' title='bbox 574 581 752 612; x_wconf 88' lang='lat' dir='ltr'><strong>opportunum</strong></span> <span class='ocrx_word' id='word_1_80' title='bbox 769 581 819 610; x_wconf 81' lang='lat' dir='ltr'><strong>est,</strong></span> <span class='ocrx_word' id='word_1_81' title='bbox 835 584 884 603; x_wconf 87' lang='lat' dir='ltr'><strong>nec</strong></span> <span class='ocrx_word' id='word_1_82' title='bbox 895 584 1038 611; x_wconf 88' lang='lat' dir='ltr'><strong>usquequa-</strong></span> 
     </span>
    </p>
   </div>
   <div class='ocr_carea' id='block_1_12' title="bbox 249 622 556 657">
    <p class='ocr_par' dir='ltr' id='par_1_12' title="bbox 249 622 556 657">
     <span class='ocr_line' id='line_1_12' title="bbox 249 622 556 657; baseline 0 -9"><span class='ocrx_word' id='word_1_83' title='bbox 249 629 302 657; x_wconf 89' lang='lat' dir='ltr'><strong>que</strong></span> <span class='ocrx_word' id='word_1_84' title='bbox 316 629 330 648; x_wconf 76' lang='grc' dir='ltr'><strong>ιι</strong></span> <span class='ocrx_word' id='word_1_85' title='bbox 345 630 387 648; x_wconf 90' lang='lat' dir='ltr'><strong>me</strong></span> <span class='ocrx_word' id='word_1_86' title='bbox 402 622 556 656; x_wconf 88' lang='lat' dir='ltr'><strong>probantur.</strong></span> 
     </span>
    </p>
   </div>
   <div class='ocr_carea' id='block_1_13' title="bbox 284 668 1038 703">
    <p class='ocr_par' dir='ltr' id='par_1_13' title="bbox 284 668 1038 703">
     <span class='ocr_line' id='line_1_13' title="bbox 284 668 1038 703; baseline 0 -9"><span class='ocrx_word' id='word_1_87' title='bbox 284 669 328 694; x_wconf 71' lang='grc'><strong>44.</strong></span> <span class='ocrx_word' id='word_1_88' title='bbox 343 668 441 694; x_wconf 84' lang='lat' dir='ltr'><strong>Omitto</strong></span> <span class='ocrx_word' id='word_1_89' title='bbox 452 668 521 703; x_wconf 88' lang='lat' dir='ltr'><strong>quod</strong></span> <span class='ocrx_word' id='word_1_90' title='bbox 535 668 617 696; x_wconf 90' lang='lat' dir='ltr'><strong>multa</strong></span> <span class='ocrx_word' id='word_1_91' title='bbox 629 676 680 695; x_wconf 93' lang='lat' dir='ltr'><strong>non</strong></span> <span class='ocrx_word' id='word_1_92' title='bbox 692 668 760 695; x_wconf 88' lang='lat' dir='ltr'><strong>bene</strong></span> <span class='ocrx_word' id='word_1_93' title='bbox 774 668 912 700; x_wconf 78' lang='lat' dir='ltr'><strong>audimus,</strong></span> <span class='ocrx_word' id='word_1_94' title='bbox 924 672 950 695; x_wconf 91' lang='lat' dir='ltr'><strong>ct</strong></span> <span class='ocrx_word' id='word_1_95' title='bbox 964 668 1038 702; x_wconf 89' lang='lat' dir='ltr'><strong>quasi</strong></span> 
     </span>
    </p>
   </div>
   <div class='ocr_carea' id='block_1_14' title="bbox 249 712 1038 748">
    <p class='ocr_par' dir='ltr' id='par_1_14' title="bbox 249 712 1038 748">
     <span class='ocr_line' id='line_1_14' title="bbox 249 712 1038 748; baseline 0.001 -10"><span class='ocrx_word' id='word_1_96' title='bbox 249 712 282 739; x_wconf 87' lang='lat' dir='ltr'><strong>de</strong></span> <span class='ocrx_word' id='word_1_97' title='bbox 297 712 394 739; x_wconf 81' lang='lat' dir='ltr'><strong>auditis</strong></span> <span class='ocrx_word' id='word_1_98' title='bbox 408 713 452 739; x_wconf 81' lang='lat' dir='ltr'><strong>diu</strong></span> <span class='ocrx_word' id='word_1_99' title='bbox 469 714 634 748; x_wconf 81' lang='lat' dir='ltr'><strong>multumque</strong></span> <span class='ocrx_word' id='word_1_100' title='bbox 647 713 831 740; x_wconf 85' lang='lat' dir='ltr'><strong>contendimus</strong></span> <span class='ocrx_word' id='word_1_101' title='bbox 844 721 850 743; x_wconf 90' lang='lat'>;</span> <span class='ocrx_word' id='word_1_102' title='bbox 865 713 937 740; x_wconf 88' lang='lat' dir='ltr'><strong>velut</strong></span> <span class='ocrx_word' id='word_1_103' title='bbox 950 717 975 739; x_wconf 90' lang='lat' dir='ltr'><strong>tu</strong></span> <span class='ocrx_word' id='word_1_104' title='bbox 991 721 1038 739; x_wconf 92' lang='lat' dir='ltr'><strong>nu-</strong></span> 
     </span>
    </p>
   </div>
   <div class='ocr_carea' id='block_1_15' title="bbox 249 757 1038 793">
    <p class='ocr_par' dir='ltr' id='par_1_15' title="bbox 249 757 1038 793">
     <span class='ocr_line' id='line_1_15' title="bbox 249 757 1038 793; baseline 0.001 -10"><span class='ocrx_word' id='word_1_105' title='bbox 249 765 296 792; x_wconf 91' lang='lat' dir='ltr'><strong>per</strong></span> <span class='ocrx_word' id='word_1_106' title='bbox 308 757 391 784; x_wconf 87' lang='lat' dir='ltr'><strong>verbo</strong></span> <span class='ocrx_word' id='word_1_107' title='bbox 411 757 526 792; x_wconf 84' lang='lat' dir='ltr'><strong>quedam</strong></span> <span class='ocrx_word' id='word_1_108' title='bbox 552 758 647 793; x_wconf 89' lang='lat' dir='ltr'><strong>punico</strong></span> <span class='ocrx_word' id='word_1_109' title='bbox 662 779 669 790; x_wconf 98' lang='lat'><strong>,</strong></span> <span class='ocrx_word' id='word_1_110' title='bbox 687 765 746 784; x_wconf 89' lang='lat' dir='ltr'><strong>cum</strong></span> <span class='ocrx_word' id='word_1_111' title='bbox 762 765 812 792; x_wconf 88' lang='lat' dir='ltr'><strong>ego</strong></span> <span class='ocrx_word' id='word_1_112' title='bbox 833 757 1038 784; x_wconf 88' lang='lat' dir='ltr'><strong>misericordiam</strong></span> 
     </span>
    </p>
   </div>
   <div class='ocr_carea' id='block_1_16' title="bbox 250 802 1040 838">
    <p class='ocr_par' dir='ltr' id='par_1_16' title="bbox 250 802 1040 838">
     <span class='ocr_line' id='line_1_16' title="bbox 250 802 1040 838; baseline 0.001 -9"><span class='ocrx_word' id='word_1_113' title='bbox 250 802 374 829; x_wconf 78' lang='lat' dir='ltr'><strong>dixissent</strong></span> <span class='ocrx_word' id='word_1_114' title='bbox 386 823 393 834; x_wconf 84' lang='grc'>,</span> <span class='ocrx_word' id='word_1_115' title='bbox 418 803 541 838; x_wconf 84' lang='lat' dir='ltr'><strong>pietatem</strong></span> <span class='ocrx_word' id='word_1_116' title='bbox 563 803 705 837; x_wconf 87' lang='lat' dir='ltr'><strong>signiﬁcari</strong></span> <span class='ocrx_word' id='word_1_117' title='bbox 721 805 746 829; x_wconf 91' lang='lat' dir='ltr'><strong>le</strong></span> <span class='ocrx_word' id='word_1_118' title='bbox 763 803 870 829; x_wconf 87' lang='lat' dir='ltr'><strong>audisse</strong></span> <span class='ocrx_word' id='word_1_119' title='bbox 884 803 992 830; x_wconf 85' lang='lat' dir='ltr'><strong>dicebas</strong></span> <span class='ocrx_word' id='word_1_120' title='bbox 1006 803 1040 830; x_wconf 90' lang='lat' dir='ltr'><strong>ab</strong></span> 
     </span>
    </p>
   </div>
   <div class='ocr_carea' id='block_1_17' title="bbox 250 848 1037 884">
    <p class='ocr_par' dir='ltr' id='par_1_17' title="bbox 250 848 1037 884">
     <span class='ocr_line' id='line_1_17' title="bbox 250 848 1037 884; baseline 0.001 -10"><span class='ocrx_word' id='word_1_121' title='bbox 250 849 289 875; x_wconf 91' lang='lat' dir='ltr'><strong>cis</strong></span> <span class='ocrx_word' id='word_1_122' title='bbox 310 848 406 883; x_wconf 82' lang='lat' dir='ltr'><strong>quibus</strong></span> <span class='ocrx_word' id='word_1_123' title='bbox 427 849 484 876; x_wconf 89' lang='lat' dir='ltr'><strong>h:rc</strong></span> <span class='ocrx_word' id='word_1_124' title='bbox 501 850 588 884; x_wconf 79' lang='lat' dir='ltr'><strong>lingua</strong></span> <span class='ocrx_word' id='word_1_125' title='bbox 602 849 685 884; x_wconf 86' lang='lat' dir='ltr'><strong>magis</strong></span> <span class='ocrx_word' id='word_1_126' title='bbox 698 853 759 876; x_wconf 90' lang='lat' dir='ltr'><strong>nota</strong></span> <span class='ocrx_word' id='word_1_127' title='bbox 783 853 874 876; x_wconf 91' lang='lat' dir='ltr'><strong>esset:</strong></span> <span class='ocrx_word' id='word_1_128' title='bbox 888 857 937 884; x_wconf 89' lang='lat' dir='ltr'><strong>ego</strong></span> <span class='ocrx_word' id='word_1_129' title='bbox 950 854 1037 876; x_wconf 90' lang='lat' dir='ltr'><strong>autem</strong></span> 
     </span>
    </p>
   </div>
   <div class='ocr_carea' id='block_1_18' title="bbox 250 894 1039 931">
    <p class='ocr_par' dir='ltr' id='par_1_18' title="bbox 250 894 1039 931">
     <span class='ocr_line' id='line_1_18' title="bbox 250 894 1039 931; baseline 0.001 -10"><span class='ocrx_word' id='word_1_130' title='bbox 250 894 396 928; x_wconf 79' lang='lat' dir='ltr'><strong>resistens,</strong></span> <span class='ocrx_word' id='word_1_131' title='bbox 419 896 482 931; x_wconf 85' lang='lat' dir='ltr'><strong>quid</strong></span> <span class='ocrx_word' id='word_1_132' title='bbox 504 895 638 930; x_wconf 83' lang='lat' dir='ltr'><strong>acceperis</strong></span> <span class='ocrx_word' id='word_1_133' title='bbox 660 896 705 922; x_wconf 90' lang='lat' dir='ltr'><strong>tibi</strong></span> <span class='ocrx_word' id='word_1_134' title='bbox 718 896 826 922; x_wconf 91' lang='lat' dir='ltr'><strong>omnino</strong></span> <span class='ocrx_word' id='word_1_135' title='bbox 840 894 973 922; x_wconf 81' lang='lat' dir='ltr'><strong>excidisse</strong></span> <span class='ocrx_word' id='word_1_136' title='bbox 994 903 1039 922; x_wconf 89' lang='lat' dir='ltr'><strong>as-</strong></span> 
     </span>
    </p>
   </div>
   <div class='ocr_carea' id='block_1_19' title="bbox 251 939 1038 975">
    <p class='ocr_par' dir='ltr' id='par_1_19' title="bbox 251 939 1038 975">
     <span class='ocr_line' id='line_1_19' title="bbox 251 939 1038 975; baseline -0.001 -6"><span class='ocrx_word' id='word_1_137' title='bbox 251 939 372 969; x_wconf 74' lang='lat' dir='ltr'><strong>sercbum</strong></span> <span class='ocrx_word' id='word_1_138' title='bbox 385 950 392 974; x_wconf 89' lang='lat'><strong>;</strong></span> <span class='ocrx_word' id='word_1_139' title='bbox 406 942 482 969; x_wconf 83' lang='lat' dir='ltr'><strong>visus</strong></span> <span class='ocrx_word' id='word_1_140' title='bbox 493 941 563 967; x_wconf 88' lang='lat' dir='ltr'><strong>enim</strong></span> <span class='ocrx_word' id='word_1_141' title='bbox 573 940 639 967; x_wconf 88' lang='lat' dir='ltr'><strong>mihi</strong></span> <span class='ocrx_word' id='word_1_142' title='bbox 653 948 712 967; x_wconf 90' lang='lat' dir='ltr'><strong>eras</strong></span> <span class='ocrx_word' id='word_1_143' title='bbox 727 947 778 967; x_wconf 90' lang='lat' dir='ltr'><strong>non</strong></span> <span class='ocrx_word' id='word_1_144' title='bbox 793 940 917 975; x_wconf 83' lang='lat' dir='ltr'><strong>pietatem</strong></span> <span class='ocrx_word' id='word_1_145' title='bbox 930 940 1038 973; x_wconf 67' lang='lat' dir='ltr'><strong>dixiSse,</strong></span> 
     </span>
    </p>
   </div>
   <div class='ocr_carea' id='block_1_20' title="bbox 250 985 1038 1020">
    <p class='ocr_par' dir='ltr' id='par_1_20' title="bbox 250 985 1038 1020">
     <span class='ocr_line' id='line_1_20' title="bbox 250 985 1038 1020; baseline -0.001 -7"><span class='ocrx_word' id='word_1_146' title='bbox 250 987 296 1014; x_wconf 91' lang='lat' dir='ltr'><strong>sed</strong></span> <span class='ocrx_word' id='word_1_147' title='bbox 312 987 391 1015; x_wconf 81' lang='lat' dir='ltr'><strong>ﬁdem</strong></span> <span class='ocrx_word' id='word_1_148' title='bbox 404 1008 411 1020; x_wconf 89' lang='lat'><strong>,</strong></span> <span class='ocrx_word' id='word_1_149' title='bbox 428 993 489 1014; x_wconf 77' lang='lat' dir='ltr'><strong>cum</strong></span> <span class='ocrx_word' id='word_1_150' title='bbox 505 990 531 1012; x_wconf 91' lang='lat' dir='ltr'><strong>et</strong></span> <span class='ocrx_word' id='word_1_151' title='bbox 556 985 787 1020; x_wconf 88' lang='lat' dir='ltr'><strong>conjunctissimus</strong></span> <span class='ocrx_word' id='word_1_152' title='bbox 808 985 873 1012; x_wconf 89' lang='lat' dir='ltr'><strong>mihi</strong></span> <span class='ocrx_word' id='word_1_153' title='bbox 889 985 1038 1018; x_wconf 88' lang='lat' dir='ltr'><strong>assideres,</strong></span> 
     </span>
    </p>
   </div>
   <div class='ocr_carea' id='block_1_21' title="bbox 250 1031 1040 1060">
    <p class='ocr_par' dir='ltr' id='par_1_21' title="bbox 250 1031 1040 1060">
     <span class='ocr_line' id='line_1_21' title="bbox 250 1031 1040 1060; baseline 0.004 -4"><span class='ocrx_word' id='word_1_154' title='bbox 250 1036 277 1059; x_wconf 88' lang='lat' dir='ltr'><strong>et</strong></span> <span class='ocrx_word' id='word_1_155' title='bbox 292 1033 364 1059; x_wconf 90' lang='lat' dir='ltr'><strong>nullo</strong></span> <span class='ocrx_word' id='word_1_156' title='bbox 387 1033 465 1060; x_wconf 85' lang='lat' dir='ltr'><strong>modo</strong></span> <span class='ocrx_word' id='word_1_157' title='bbox 479 1031 537 1060; x_wconf 51' lang='lat' dir='ltr'><strong>haec</strong></span> <span class='ocrx_word' id='word_1_158' title='bbox 550 1031 601 1058; x_wconf 88' lang='lat' dir='ltr'><strong>duo</strong></span> <span class='ocrx_word' id='word_1_159' title='bbox 612 1031 717 1058; x_wconf 88' lang='lat' dir='ltr'><strong>nomina</strong></span> <span class='ocrx_word' id='word_1_160' title='bbox 731 1031 902 1058; x_wconf 86' lang='lat' dir='ltr'><strong>similitudine</strong></span> <span class='ocrx_word' id='word_1_161' title='bbox 921 1032 978 1059; x_wconf 92' lang='lat' dir='ltr'><strong>soni</strong></span> <span class='ocrx_word' id='word_1_162' title='bbox 992 1040 1040 1059; x_wconf 88' lang='lat' dir='ltr'><strong>au-</strong></span> 
     </span>
    </p>
   </div>
   <div class='ocr_carea' id='block_1_22' title="bbox 250 1077 1041 1113">
    <p class='ocr_par' dir='ltr' id='par_1_22' title="bbox 250 1077 1041 1113">
     <span class='ocr_line' id='line_1_22' title="bbox 250 1077 1041 1113; baseline 0.001 -8"><span class='ocrx_word' id='word_1_163' title='bbox 250 1086 305 1104; x_wconf 88' lang='lat' dir='ltr'><strong>rem</strong></span> <span class='ocrx_word' id='word_1_164' title='bbox 321 1079 463 1113; x_wconf 88' lang='lat' dir='ltr'><strong>decipiant.</strong></span> <span class='ocrx_word' id='word_1_165' title='bbox 482 1080 530 1106; x_wconf 87' lang='lat' dir='ltr'><strong>Diu</strong></span> <span class='ocrx_word' id='word_1_166' title='bbox 556 1083 582 1106; x_wconf 87' lang='lat' dir='ltr'><strong>te</strong></span> <span class='ocrx_word' id='word_1_167' title='bbox 599 1083 685 1104; x_wconf 87' lang='lat' dir='ltr'><strong>tamen</strong></span> <span class='ocrx_word' id='word_1_168' title='bbox 706 1077 847 1105; x_wconf 87' lang='lat' dir='ltr'><strong>arbitratus</strong></span> <span class='ocrx_word' id='word_1_169' title='bbox 862 1084 920 1104; x_wconf 72' lang='lat' dir='ltr'><strong>Sum</strong></span> <span class='ocrx_word' id='word_1_170' title='bbox 938 1078 1041 1106; x_wconf 87' lang='lat' dir='ltr'><strong>nescire</strong></span> 
     </span>
    </p>
   </div>
   <div class='ocr_carea' id='block_1_23' title="bbox 250 1123 1039 1160">
    <p class='ocr_par' dir='ltr' id='par_1_23' title="bbox 250 1123 1039 1160">
     <span class='ocr_line' id='line_1_23' title="bbox 250 1123 1039 1160; baseline 0.003 -11"><span class='ocrx_word' id='word_1_171' title='bbox 250 1123 312 1158; x_wconf 91' lang='lat' dir='ltr'><strong>quid</strong></span> <span class='ocrx_word' id='word_1_172' title='bbox 326 1123 371 1150; x_wconf 91' lang='lat' dir='ltr'><strong>tibi</strong></span> <span class='ocrx_word' id='word_1_173' title='bbox 383 1124 481 1152; x_wconf 87' lang='lat' dir='ltr'><strong>dictum</strong></span> <span class='ocrx_word' id='word_1_174' title='bbox 496 1126 530 1152; x_wconf 92' lang='lat' dir='ltr'><strong>sit</strong></span> <span class='ocrx_word' id='word_1_175' title='bbox 541 1146 547 1156; x_wconf 90' lang='lat'><strong>,</strong></span> <span class='ocrx_word' id='word_1_176' title='bbox 564 1131 623 1151; x_wconf 91' lang='lat' dir='ltr'><strong>cum</strong></span> <span class='ocrx_word' id='word_1_177' title='bbox 636 1130 687 1160; x_wconf 81' lang='lat' dir='ltr'><strong>ego</strong></span> <span class='ocrx_word' id='word_1_178' title='bbox 702 1123 832 1150; x_wconf 81' lang='lat' dir='ltr'><strong>nescirem</strong></span> <span class='ocrx_word' id='word_1_179' title='bbox 847 1123 908 1158; x_wconf 89' lang='lat' dir='ltr'><strong>quid</strong></span> <span class='ocrx_word' id='word_1_180' title='bbox 920 1123 1019 1150; x_wconf 83' lang='lat' dir='ltr'><strong>dixeris</strong></span> <span class='ocrx_word' id='word_1_181' title='bbox 1032 1133 1039 1151; x_wconf 87' lang='lat'><strong>:</strong></span> 
     </span>
    </p>
   </div>
   <div class='ocr_carea' id='block_1_24' title="bbox 250 1168 1042 1205">
    <p class='ocr_par' dir='ltr' id='par_1_24' title="bbox 250 1168 1042 1205">
     <span class='ocr_line' id='line_1_24' title="bbox 250 1168 1042 1205; baseline 0.001 -11"><span class='ocrx_word' id='word_1_182' title='bbox 250 1175 311 1195; x_wconf 92' lang='lat' dir='ltr'><strong>nam</strong></span> <span class='ocrx_word' id='word_1_183' title='bbox 326 1168 347 1195; x_wconf 89' lang='lat' dir='ltr'><strong>si</strong></span> <span class='ocrx_word' id='word_1_184' title='bbox 369 1173 394 1196; x_wconf 92' lang='lat' dir='ltr'><strong>te</strong></span> <span class='ocrx_word' id='word_1_185' title='bbox 410 1169 476 1196; x_wconf 89' lang='lat' dir='ltr'><strong>bene</strong></span> <span class='ocrx_word' id='word_1_186' title='bbox 489 1169 632 1203; x_wconf 78' lang='lat' dir='ltr'><strong>audissem,</strong></span> <span class='ocrx_word' id='word_1_187' title='bbox 646 1176 813 1205; x_wconf 77' lang='lat' dir='ltr'><strong>nequaquam</strong></span> <span class='ocrx_word' id='word_1_188' title='bbox 827 1168 892 1195; x_wconf 90' lang='lat' dir='ltr'><strong>mihi</strong></span> <span class='ocrx_word' id='word_1_189' title='bbox 907 1169 1042 1195; x_wconf 80' lang='lat' dir='ltr'><strong>videretur</strong></span> 
     </span>
    </p>
   </div>
   <div class='ocr_carea' id='block_1_25' title="bbox 248 1213 1041 1249">
    <p class='ocr_par' dir='ltr' id='par_1_25' title="bbox 248 1213 1041 1249">
     <span class='ocr_line' id='line_1_25' title="bbox 248 1213 1041 1249; baseline 0 -9"><span class='ocrx_word' id='word_1_190' title='bbox 248 1213 391 1241; x_wconf 88' lang='lat' dir='ltr'><strong>absurdum</strong></span> <span class='ocrx_word' id='word_1_191' title='bbox 414 1214 538 1249; x_wconf 82' lang='lat' dir='ltr'><strong>pietatem</strong></span> <span class='ocrx_word' id='word_1_192' title='bbox 560 1219 586 1242; x_wconf 88' lang='lat' dir='ltr'><strong>et</strong></span> <span class='ocrx_word' id='word_1_193' title='bbox 608 1215 815 1243; x_wconf 87' lang='lat' dir='ltr'><strong>misericordiam</strong></span> <span class='ocrx_word' id='word_1_194' title='bbox 836 1221 889 1242; x_wconf 70' lang='lat' dir='ltr'><strong>uno</strong></span> <span class='ocrx_word' id='word_1_195' title='bbox 911 1214 1041 1241; x_wconf 86' lang='lat' dir='ltr'><strong>vocabulo</strong></span> 
     </span>
    </p>
   </div>
   <div class='ocr_carea' id='block_1_26' title="bbox 249 1259 1041 1295">
    <p class='ocr_par' dir='ltr' id='par_1_26' title="bbox 249 1259 1041 1295">
     <span class='ocr_line' id='line_1_26' title="bbox 249 1259 1041 1295; baseline 0.001 -10"><span class='ocrx_word' id='word_1_196' title='bbox 249 1259 345 1293; x_wconf 85' lang='lat' dir='ltr'><strong>punice</strong></span> <span class='ocrx_word' id='word_1_197' title='bbox 359 1260 459 1286; x_wconf 90' lang='lat' dir='ltr'><strong>vocari.</strong></span> <span class='ocrx_word' id='word_1_198' title='bbox 476 1259 538 1287; x_wconf 68' lang='lat' dir='ltr'><strong>llzee</strong></span> <span class='ocrx_word' id='word_1_199' title='bbox 551 1259 706 1295; x_wconf 89' lang='lat' dir='ltr'><strong>plerumque</strong></span> <span class='ocrx_word' id='word_1_200' title='bbox 720 1260 861 1293; x_wconf 89' lang='lat' dir='ltr'><strong>accidunt;</strong></span> <span class='ocrx_word' id='word_1_201' title='bbox 884 1260 931 1288; x_wconf 90' lang='lat' dir='ltr'><strong>sed</strong></span> <span class='ocrx_word' id='word_1_202' title='bbox 956 1267 996 1292; x_wconf 79' lang='lat' dir='ltr'><strong>ea,</strong></span> <span class='ocrx_word' id='word_1_203' title='bbox 1013 1265 1041 1286; x_wconf 89' lang='lat' dir='ltr'><strong>ut</strong></span> 
     </span>
    </p>
   </div>
   <div class='ocr_carea' id='block_1_27' title="bbox 249 1305 1041 1338">
    <p class='ocr_par' dir='ltr' id='par_1_27' title="bbox 249 1305 1041 1338">
     <span class='ocr_line' id='line_1_27' title="bbox 249 1305 1041 1338; baseline 0 -6"><span class='ocrx_word' id='word_1_204' title='bbox 249 1305 321 1338; x_wconf 77' lang='lat' dir='ltr'><strong>dixi,</strong></span> <span class='ocrx_word' id='word_1_205' title='bbox 337 1305 492 1333; x_wconf 86' lang='lat' dir='ltr'><strong>omittamus</strong></span> <span class='ocrx_word' id='word_1_206' title='bbox 504 1327 511 1338; x_wconf 82' lang='lat'><strong>,</strong></span> <span class='ocrx_word' id='word_1_207' title='bbox 528 1314 561 1334; x_wconf 89' lang='lat' dir='ltr'><strong>ne</strong></span> <span class='ocrx_word' id='word_1_208' title='bbox 581 1307 738 1333; x_wconf 89' lang='lat' dir='ltr'><strong>calumniam</strong></span> <span class='ocrx_word' id='word_1_209' title='bbox 759 1307 847 1334; x_wconf 84' lang='lat' dir='ltr'><strong>verbis</strong></span> <span class='ocrx_word' id='word_1_210' title='bbox 862 1307 894 1334; x_wconf 88' lang='lat' dir='ltr'><strong>de</strong></span> <span class='ocrx_word' id='word_1_211' title='bbox 909 1306 1041 1335; x_wconf 84' lang='lat' dir='ltr'><strong>audientis</strong></span> 
     </span>
    </p>
   </div>
   <div class='ocr_carea' id='block_1_28' title="bbox 249 1351 1040 1386">
    <p class='ocr_par' dir='ltr' id='par_1_28' title="bbox 249 1351 1040 1386">
     <span class='ocr_line' id='line_1_28' title="bbox 249 1351 1040 1386; baseline 0.003 -9"><span class='ocrx_word' id='word_1_212' title='bbox 249 1351 408 1386; x_wconf 76' lang='lat' dir='ltr'><strong>negligentia</strong></span> <span class='ocrx_word' id='word_1_213' title='bbox 419 1372 425 1384; x_wconf 92' lang='lat'><strong>,</strong></span> <span class='ocrx_word' id='word_1_214' title='bbox 447 1351 490 1378; x_wconf 89' lang='lat' dir='ltr'><strong>vel</strong></span> <span class='ocrx_word' id='word_1_215' title='bbox 505 1352 585 1379; x_wconf 92' lang='lat' dir='ltr'><strong>etiam</strong></span> <span class='ocrx_word' id='word_1_216' title='bbox 600 1351 634 1379; x_wconf 90' lang='lat' dir='ltr'><strong>de</strong></span> <span class='ocrx_word' id='word_1_217' title='bbox 652 1351 781 1379; x_wconf 88' lang='lat' dir='ltr'><strong>surditate</strong></span> <span class='ocrx_word' id='word_1_218' title='bbox 794 1352 931 1379; x_wconf 90' lang='lat' dir='ltr'><strong>hominum</strong></span> <span class='ocrx_word' id='word_1_219' title='bbox 946 1352 1040 1380; x_wconf 89' lang='lat' dir='ltr'><strong>videar</strong></span> 
     </span>
    </p>
   </div>
   <div class='ocr_carea' id='block_1_29' title="bbox 249 1397 1040 1432">
    <p class='ocr_par' dir='ltr' id='par_1_29' title="bbox 249 1397 1040 1432">
     <span class='ocr_line' id='line_1_29' title="bbox 249 1397 1040 1432; baseline 0.003 -10"><span class='ocrx_word' id='word_1_220' title='bbox 249 1403 419 1423; x_wconf 81' lang='lat' dir='ltr'><strong>commovere</strong></span> <span class='ocrx_word' id='word_1_221' title='bbox 435 1405 441 1422; x_wconf 92' lang='lat'>:</span> <span class='ocrx_word' id='word_1_222' title='bbox 459 1397 501 1423; x_wconf 93' lang='lat' dir='ltr'><strong>illa</strong></span> <span class='ocrx_word' id='word_1_223' title='bbox 516 1397 599 1432; x_wconf 88' lang='lat' dir='ltr'><strong>magis</strong></span> <span class='ocrx_word' id='word_1_224' title='bbox 615 1402 712 1432; x_wconf 84' lang='lat' dir='ltr'><strong>angunt</strong></span> <span class='ocrx_word' id='word_1_225' title='bbox 728 1405 786 1432; x_wconf 74' lang='lat' dir='ltr'><strong>qua:</strong></span> <span class='ocrx_word' id='word_1_226' title='bbox 797 1397 919 1432; x_wconf 86' lang='lat' dir='ltr'><strong>superius</strong></span> <span class='ocrx_word' id='word_1_227' title='bbox 930 1405 1040 1424; x_wconf 87' lang='lat' dir='ltr'><strong>enume-</strong></span> 
     </span>
    </p>
   </div>
   <div class='ocr_carea' id='block_1_30' title="bbox 248 1441 1040 1478">
    <p class='ocr_par' dir='ltr' id='par_1_30' title="bbox 248 1441 1040 1478">
     <span class='ocr_line' id='line_1_30' title="bbox 248 1441 1040 1478; baseline 0.004 -11"><span class='ocrx_word' id='word_1_228' title='bbox 248 1441 304 1468; x_wconf 88' lang='lat' dir='ltr'><strong>ravi</strong></span> <span class='ocrx_word' id='word_1_229' title='bbox 317 1461 325 1473; x_wconf 89' lang='lat'><strong>,</strong></span> <span class='ocrx_word' id='word_1_230' title='bbox 341 1441 385 1468; x_wconf 89' lang='lat' dir='ltr'><strong>ubi</strong></span> <span class='ocrx_word' id='word_1_231' title='bbox 407 1442 496 1470; x_wconf 82' lang='lat' dir='ltr'><strong>verbis</strong></span> <span class='ocrx_word' id='word_1_232' title='bbox 517 1442 694 1477; x_wconf 89' lang='lat' dir='ltr'><strong>liquidissimc</strong></span> <span class='ocrx_word' id='word_1_233' title='bbox 717 1450 780 1469; x_wconf 90' lang='lat' dir='ltr'><strong>aure</strong></span> <span class='ocrx_word' id='word_1_234' title='bbox 804 1443 936 1478; x_wconf 88' lang='lat' dir='ltr'><strong>perceptis</strong></span> <span class='ocrx_word' id='word_1_235' title='bbox 953 1447 979 1470; x_wconf 89' lang='lat' dir='ltr'><strong>et</strong></span> <span class='ocrx_word' id='word_1_236' title='bbox 1002 1443 1040 1470; x_wconf 90' lang='lat' dir='ltr'><strong>la-</strong></span> 
     </span>
    </p>
   </div>
   <div class='ocr_carea' id='block_1_31' title="bbox 250 1488 1040 1525">
    <p class='ocr_par' dir='ltr' id='par_1_31' title="bbox 250 1488 1040 1525">
     <span class='ocr_line' id='line_1_31' title="bbox 250 1488 1040 1525; baseline 0.005 -11"><span class='ocrx_word' id='word_1_237' title='bbox 250 1488 313 1514; x_wconf 84' lang='lat' dir='ltr'><strong>tinis</strong></span> <span class='ocrx_word' id='word_1_238' title='bbox 328 1495 378 1515; x_wconf 93' lang='lat' dir='ltr'><strong>non</strong></span> <span class='ocrx_word' id='word_1_239' title='bbox 395 1489 513 1516; x_wconf 89' lang='lat' dir='ltr'><strong>valemus</strong></span> <span class='ocrx_word' id='word_1_240' title='bbox 525 1510 532 1522; x_wconf 82' lang='grc'><em>,</em></span> <span class='ocrx_word' id='word_1_241' title='bbox 548 1497 608 1516; x_wconf 91' lang='lat' dir='ltr'><strong>cum</strong></span> <span class='ocrx_word' id='word_1_242' title='bbox 629 1489 747 1524; x_wconf 84' lang='lat' dir='ltr'><strong>ejusdem</strong></span> <span class='ocrx_word' id='word_1_243' title='bbox 762 1489 858 1525; x_wconf 83' lang='lat' dir='ltr'><strong>linguae</strong></span> <span class='ocrx_word' id='word_1_244' title='bbox 881 1490 980 1525; x_wconf 83' lang='lat' dir='ltr'><strong>simus,</strong></span> <span class='ocrx_word' id='word_1_245' title='bbox 999 1491 1040 1518; x_wconf 89' lang='lat' dir='ltr'><strong>lo-</strong></span> 
     </span>
    </p>
   </div>
   <div class='ocr_carea' id='block_1_32' title="bbox 250 1533 702 1569">
    <p class='ocr_par' dir='ltr' id='par_1_32' title="bbox 250 1533 702 1569">
     <span class='ocr_line' id='line_1_32' title="bbox 250 1533 702 1569; baseline 0.007 -11"><span class='ocrx_word' id='word_1_246' title='bbox 250 1533 388 1567; x_wconf 91' lang='lat' dir='ltr'><strong>quentium</strong></span> <span class='ocrx_word' id='word_1_247' title='bbox 404 1534 518 1569; x_wconf 86' lang='lat' dir='ltr'><strong>cogitata</strong></span> <span class='ocrx_word' id='word_1_248' title='bbox 532 1542 702 1569; x_wconf 82' lang='lat' dir='ltr'><strong>cognoscere.</strong></span> 
     </span>
    </p>
   </div>
   <div class='ocr_carea' id='block_1_33' title="bbox 285 1579 1040 1615">
    <p class='ocr_par' dir='ltr' id='par_1_33' title="bbox 285 1579 1040 1615">
     <span class='ocr_line' id='line_1_33' title="bbox 285 1579 1040 1615; baseline 0.005 -10"><span class='ocrx_word' id='word_1_249' title='bbox 285 1579 329 1606; x_wconf 71' lang='grc'><strong>45.</strong></span> <span class='ocrx_word' id='word_1_250' title='bbox 346 1579 400 1606; x_wconf 85' lang='lat' dir='ltr'><strong>Sed</strong></span> <span class='ocrx_word' id='word_1_251' title='bbox 414 1587 476 1608; x_wconf 89' lang='lat' dir='ltr'><strong>cccc</strong></span> <span class='ocrx_word' id='word_1_252' title='bbox 496 1580 550 1615; x_wconf 88' lang='lat' dir='ltr'><strong>jam</strong></span> <span class='ocrx_word' id='word_1_253' title='bbox 567 1581 675 1608; x_wconf 90' lang='lat' dir='ltr'><strong>remitto</strong></span> <span class='ocrx_word' id='word_1_254' title='bbox 689 1586 716 1609; x_wconf 89' lang='lat' dir='ltr'><strong>et</strong></span> <span class='ocrx_word' id='word_1_255' title='bbox 729 1582 864 1615; x_wconf 79' lang='lat' dir='ltr'><strong>concedo,</strong></span> <span class='ocrx_word' id='word_1_256' title='bbox 880 1590 939 1610; x_wconf 94' lang='lat' dir='ltr'><strong>cum</strong></span> <span class='ocrx_word' id='word_1_257' title='bbox 958 1582 1040 1609; x_wconf 88' lang='lat' dir='ltr'><strong>verba</strong></span> 
     </span>
    </p>
   </div>
   <div class='ocr_carea' id='block_1_34' title="bbox 249 1624 1040 1662">
    <p class='ocr_par' dir='ltr' id='par_1_34' title="bbox 249 1624 1040 1662">
     <span class='ocr_line' id='line_1_34' title="bbox 249 1624 1040 1662; baseline 0.004 -11"><span class='ocrx_word' id='word_1_258' title='bbox 249 1624 306 1659; x_wconf 85' lang='lat' dir='ltr'><strong>ejus</strong></span> <span class='ocrx_word' id='word_1_259' title='bbox 325 1625 416 1652; x_wconf 89' lang='lat' dir='ltr'><strong>auditu</strong></span> <span class='ocrx_word' id='word_1_260' title='bbox 430 1626 470 1653; x_wconf 92' lang='lat' dir='ltr'><strong>cui</strong></span> <span class='ocrx_word' id='word_1_261' title='bbox 495 1631 557 1652; x_wconf 90' lang='lat' dir='ltr'><strong>nota</strong></span> <span class='ocrx_word' id='word_1_262' title='bbox 579 1631 656 1659; x_wconf 87' lang='lat' dir='ltr'><strong>sunt,</strong></span> <span class='ocrx_word' id='word_1_263' title='bbox 685 1633 792 1662; x_wconf 86' lang='lat' dir='ltr'><strong>accepta</strong></span> <span class='ocrx_word' id='word_1_264' title='bbox 815 1627 933 1661; x_wconf 81' lang='lat' dir='ltr'><strong>fuerint,</strong></span> <span class='ocrx_word' id='word_1_265' title='bbox 960 1635 1040 1662; x_wconf 75' lang='lat' dir='ltr'><strong>posse</strong></span> 
     </span>
    </p>
   </div>
   <div class='ocr_carea' id='block_1_35' title="bbox 249 1670 1041 1708">
    <p class='ocr_par' dir='ltr' id='par_1_35' title="bbox 249 1670 1041 1708">
     <span class='ocr_line' id='line_1_35' title="bbox 249 1670 1041 1708; baseline 0.005 -11"><span class='ocrx_word' id='word_1_266' title='bbox 249 1670 286 1697; x_wconf 87' lang='lat' dir='ltr'><strong>illi</strong></span> <span class='ocrx_word' id='word_1_267' title='bbox 301 1678 361 1698; x_wconf 85' lang='lat' dir='ltr'><strong>esse</strong></span> <span class='ocrx_word' id='word_1_268' title='bbox 376 1675 467 1698; x_wconf 90' lang='lat' dir='ltr'><strong>notum</strong></span> <span class='ocrx_word' id='word_1_269' title='bbox 485 1671 518 1698; x_wconf 91' lang='lat' dir='ltr'><strong>de</strong></span> <span class='ocrx_word' id='word_1_270' title='bbox 532 1672 563 1698; x_wconf 89' lang='lat' dir='ltr'><strong>iis</strong></span> <span class='ocrx_word' id='word_1_271' title='bbox 579 1672 658 1699; x_wconf 88' lang='lat' dir='ltr'><strong>rebus</strong></span> <span class='ocrx_word' id='word_1_272' title='bbox 671 1680 735 1707; x_wconf 90' lang='lat' dir='ltr'><strong>quas</strong></span> <span class='ocrx_word' id='word_1_273' title='bbox 750 1673 915 1708; x_wconf 86' lang='lat' dir='ltr'><strong>signiﬁcant,</strong></span> <span class='ocrx_word' id='word_1_274' title='bbox 931 1674 1041 1708; x_wconf 84' lang='lat' dir='ltr'><strong>loquen-</strong></span> 
     </span>
    </p>
   </div>
   <div class='ocr_carea' id='block_1_36' title="bbox 249 1717 1040 1755">
    <p class='ocr_par' dir='ltr' id='par_1_36' title="bbox 249 1717 1040 1755">
     <span class='ocr_line' id='line_1_36' title="bbox 249 1717 1040 1755; baseline 0.005 -12"><span class='ocrx_word' id='word_1_275' title='bbox 249 1720 302 1743; x_wconf 90' lang='lat' dir='ltr'><strong>tem</strong></span> <span class='ocrx_word' id='word_1_276' title='bbox 321 1717 480 1752; x_wconf 87' lang='lat' dir='ltr'><strong>cogitavisse</strong></span> <span class='ocrx_word' id='word_1_277' title='bbox 494 1726 500 1743; x_wconf 90' lang='lat'><strong>:</strong></span> <span class='ocrx_word' id='word_1_278' title='bbox 514 1725 576 1744; x_wconf 92' lang='lat' dir='ltr'><strong>num</strong></span> <span class='ocrx_word' id='word_1_279' title='bbox 600 1718 658 1745; x_wconf 90' lang='lat' dir='ltr'><strong>ideo</strong></span> <span class='ocrx_word' id='word_1_280' title='bbox 679 1719 757 1746; x_wconf 86' lang='lat' dir='ltr'><strong>etiam</strong></span> <span class='ocrx_word' id='word_1_281' title='bbox 776 1719 844 1754; x_wconf 91' lang='lat' dir='ltr'><strong>quod</strong></span> <span class='ocrx_word' id='word_1_282' title='bbox 862 1727 931 1746; x_wconf 89' lang='lat' dir='ltr'><strong>nunc</strong></span> <span class='ocrx_word' id='word_1_283' title='bbox 943 1720 1040 1755; x_wconf 72' lang='lat' dir='ltr'><strong>(llli‘t‘l&#39;l-</strong></span> 
     </span>
    </p>
   </div>
   <div class='ocr_carea' id='block_1_37' title="bbox 249 1762 787 1802">
    <p class='ocr_par' dir='ltr' id='par_1_37' title="bbox 249 1762 787 1802">
     <span class='ocr_line' id='line_1_37' title="bbox 249 1762 787 1802; baseline 0.006 -14"><span class='ocrx_word' id='word_1_284' title='bbox 249 1766 300 1792; x_wconf 87' lang='lat' dir='ltr'><strong>tur.</strong></span> <span class='ocrx_word' id='word_1_285' title='bbox 318 1766 406 1789; x_wconf 90' lang='lat' dir='ltr'><strong>utrum</strong></span> <span class='ocrx_word' id='word_1_286' title='bbox 420 1770 479 1790; x_wconf 90' lang='lat' dir='ltr'><strong>vera</strong></span> <span class='ocrx_word' id='word_1_287' title='bbox 495 1762 599 1795; x_wconf 81' lang='lat' dir='ltr'><strong>dixerit,</strong></span> <span class='ocrx_word' id='word_1_288' title='bbox 613 1763 713 1791; x_wconf 64' lang='lat' dir='ltr'><strong>discit?</strong></span> <span class='ocrx_word' id='word_1_289' title='bbox 784 1797 787 1802; x_wconf 40' lang='grc' dir='ltr'>ι</span> 
     </span>
    </p>
   </div>
   <div class='ocr_carea' id='block_1_38' title="bbox 249 1807 1040 1846">
    <p class='ocr_par' dir='ltr' id='par_1_38' title="bbox 249 1807 1040 1846">
     <span class='ocr_line' id='line_1_38' title="bbox 249 1807 1040 1846; baseline 0.004 -12"><span class='ocrx_word' id='word_1_290' title='bbox 249 1807 363 1835; x_wconf 75' lang='lat' dir='ltr'><strong>CAPUT</strong></span> <span class='ocrx_word' id='word_1_291' title='bbox 379 1808 603 1836; x_wconf 75' lang='lat' dir='ltr'><strong>XlV.—Chrislus</strong></span> <span class='ocrx_word' id='word_1_292' title='bbox 621 1809 689 1836; x_wconf 81' lang='lat' dir='ltr'><strong>intus</strong></span> <span class='ocrx_word' id='word_1_293' title='bbox 704 1810 782 1843; x_wconf 69' lang='grc' dir='ltr'><strong>ἄστει,</strong></span> <span class='ocrx_word' id='word_1_294' title='bbox 800 1810 875 1837; x_wconf 79' lang='lat' dir='ltr'><strong>homo</strong></span> <span class='ocrx_word' id='word_1_295' title='bbox 887 1811 966 1838; x_wconf 72' lang='lat' dir='ltr'><strong>verbis</strong></span> <span class='ocrx_word' id='word_1_296' title='bbox 979 1811 1040 1846; x_wconf 70' lang='lat' dir='ltr'><strong>[oris</strong></span> 
     </span>
    </p>
   </div>
   <div class='ocr_carea' id='block_1_39' title="bbox 579 1855 706 1883">
    <p class='ocr_par' dir='ltr' id='par_1_39' title="bbox 579 1855 706 1883">
     <span class='ocr_line' id='line_1_39' title="bbox 579 1855 706 1883; baseline 0.008 -1"><span class='ocrx_word' id='word_1_297' title='bbox 579 1855 706 1883; x_wconf 80' lang='lat' dir='ltr'><strong>admouet.</strong></span> 
     </span>
    </p>
   </div>
   <div class='ocr_carea' id='block_1_40' title="bbox 284 1900 1039 1938">
    <p class='ocr_par' dir='ltr' id='par_1_40' title="bbox 284 1900 1039 1938">
     <span class='ocr_line' id='line_1_40' title="bbox 284 1900 1039 1938; baseline 0.005 -11"><span class='ocrx_word' id='word_1_298' title='bbox 284 1900 351 1927; x_wconf 82' lang='lat' dir='ltr'><strong>Nunt</strong></span> <span class='ocrx_word' id='word_1_299' title='bbox 362 1900 412 1927; x_wconf 86' lang='lat' dir='ltr'><strong>hoc</strong></span> <span class='ocrx_word' id='word_1_300' title='bbox 427 1901 545 1936; x_wconf 79' lang='lat' dir='ltr'><strong>magistri</strong></span> <span class='ocrx_word' id='word_1_301' title='bbox 568 1902 734 1936; x_wconf 82' lang='lat' dir='ltr'><strong>proﬁtentur.</strong></span> <span class='ocrx_word' id='word_1_302' title='bbox 753 1907 781 1929; x_wconf 88' lang='lat' dir='ltr'><strong>ut</strong></span> <span class='ocrx_word' id='word_1_303' title='bbox 800 1903 914 1938; x_wconf 84' lang='lat' dir='ltr'><strong>cogitata</strong></span> <span class='ocrx_word' id='word_1_304' title='bbox 926 1911 1018 1931; x_wconf 91' lang='lat' dir='ltr'><strong>eorum</strong></span> <span class='ocrx_word' id='word_1_305' title='bbox 1032 1926 1039 1937; x_wconf 97' lang='lat'><strong>,</strong></span> 
     </span>
    </p>
   </div>
   <div class='ocr_carea' id='block_1_41' title="bbox 247 1946 1040 1985">
    <p class='ocr_par' dir='ltr' id='par_1_41' title="bbox 247 1946 1040 1985">
     <span class='ocr_line' id='line_1_41' title="bbox 247 1946 1040 1985; baseline 0.006 -13"><span class='ocrx_word' id='word_1_306' title='bbox 247 1952 280 1972; x_wconf 83' lang='lat' dir='ltr'><strong>ac</strong></span> <span class='ocrx_word' id='word_1_307' title='bbox 299 1953 350 1972; x_wconf 87' lang='lat' dir='ltr'><strong>non</strong></span> <span class='ocrx_word' id='word_1_308' title='bbox 368 1946 430 1981; x_wconf 76' lang='lat' dir='ltr'><strong>ipse</strong></span> <span class='ocrx_word' id='word_1_309' title='bbox 444 1946 591 1981; x_wconf 74' lang='lat' dir='ltr'><strong>disciplina:</strong></span> <span class='ocrx_word' id='word_1_310' title='bbox 605 1955 670 1982; x_wconf 88' lang='lat' dir='ltr'><strong>quas</strong></span> <span class='ocrx_word' id='word_1_311' title='bbox 684 1947 816 1982; x_wconf 82' lang='lat' dir='ltr'><strong>loquendo</strong></span> <span class='ocrx_word' id='word_1_312' title='bbox 830 1957 859 1976; x_wconf 86' lang='lat' dir='ltr'><strong>se</strong></span> <span class='ocrx_word' id='word_1_313' title='bbox 876 1949 979 1976; x_wconf 88' lang='lat' dir='ltr'><strong>tradere</strong></span> <span class='ocrx_word' id='word_1_314' title='bbox 990 1958 1040 1985; x_wconf 90' lang='lat' dir='ltr'><strong>pu-</strong></span> 
     </span>
    </p>
   </div>
   <div class='ocr_carea' id='block_1_42' title="bbox 246 1992 1040 2029">
    <p class='ocr_par' dir='ltr' id='par_1_42' title="bbox 246 1992 1040 2029">
     <span class='ocr_line' id='line_1_42' title="bbox 246 1992 1040 2029; baseline 0.004 -10"><span class='ocrx_word' id='word_1_315' title='bbox 246 1997 324 2026; x_wconf 86' lang='lat' dir='ltr'><strong>tant,</strong></span> <span class='ocrx_word' id='word_1_316' title='bbox 349 1992 529 2027; x_wconf 69' lang='lat' dir='ltr'><strong>percipiantur</strong></span> <span class='ocrx_word' id='word_1_317' title='bbox 555 1996 633 2027; x_wconf 87' lang='lat' dir='ltr'><strong>atque</strong></span> <span class='ocrx_word' id='word_1_318' title='bbox 657 1994 812 2020; x_wconf 90' lang='lat' dir='ltr'><strong>teneantur?</strong></span> <span class='ocrx_word' id='word_1_319' title='bbox 827 1994 891 2021; x_wconf 84' lang='lat' dir='ltr'><strong>Nam</strong></span> <span class='ocrx_word' id='word_1_320' title='bbox 906 1995 964 2029; x_wconf 92' lang='lat' dir='ltr'><strong>quis</strong></span> <span class='ocrx_word' id='word_1_321' title='bbox 988 1999 1040 2022; x_wconf 90' lang='lat' dir='ltr'><strong>tam</strong></span> 
     </span>
    </p>
   </div>
   <div class='ocr_carea' id='block_1_43' title="bbox 246 2037 1042 2072">
    <p class='ocr_par' dir='ltr' id='par_1_43' title="bbox 246 2037 1042 2072">
     <span class='ocr_line' id='line_1_43' title="bbox 246 2037 1042 2072; baseline 0.005 -8"><span class='ocrx_word' id='word_1_322' title='bbox 246 2038 328 2066; x_wconf 85' lang='lat' dir='ltr'><strong>stulte</strong></span> <span class='ocrx_word' id='word_1_323' title='bbox 342 2038 464 2064; x_wconf 85' lang='lat' dir='ltr'><strong>curiosus</strong></span> <span class='ocrx_word' id='word_1_324' title='bbox 479 2041 519 2064; x_wconf 69' lang='lat' dir='ltr'><strong>est</strong></span> <span class='ocrx_word' id='word_1_325' title='bbox 530 2058 536 2070; x_wconf 91' lang='lat'><strong>,</strong></span> <span class='ocrx_word' id='word_1_326' title='bbox 554 2038 597 2072; x_wconf 89' lang='lat' dir='ltr'><strong>qui</strong></span> <span class='ocrx_word' id='word_1_327' title='bbox 620 2037 703 2064; x_wconf 87' lang='lat' dir='ltr'><strong>ﬁlium</strong></span> <span class='ocrx_word' id='word_1_328' title='bbox 718 2046 794 2066; x_wconf 91' lang='lat' dir='ltr'><strong>suum</strong></span> <span class='ocrx_word' id='word_1_329' title='bbox 814 2039 900 2066; x_wconf 88' lang='lat' dir='ltr'><strong>mittat</strong></span> <span class='ocrx_word' id='word_1_330' title='bbox 925 2041 950 2067; x_wconf 90' lang='lat' dir='ltr'><strong>in</strong></span> <span class='ocrx_word' id='word_1_331' title='bbox 964 2041 1042 2068; x_wconf 42' lang='lat' dir='ltr'><strong>scho‘</strong></span> 
     </span>
    </p>
   </div>
   <div class='ocr_carea' id='block_1_44' title="bbox 247 2083 1041 2118">
    <p class='ocr_par' dir='ltr' id='par_1_44' title="bbox 247 2083 1041 2118">
     <span class='ocr_line' id='line_1_44' title="bbox 247 2083 1041 2118; baseline 0.004 -8"><span class='ocrx_word' id='word_1_332' title='bbox 247 2083 310 2116; x_wconf 87' lang='lat' dir='ltr'><strong>lam,</strong></span> <span class='ocrx_word' id='word_1_333' title='bbox 326 2087 356 2110; x_wconf 89' lang='lat' dir='ltr'><strong>ut</strong></span> <span class='ocrx_word' id='word_1_334' title='bbox 373 2083 435 2118; x_wconf 90' lang='lat' dir='ltr'><strong>quid</strong></span> <span class='ocrx_word' id='word_1_335' title='bbox 451 2083 576 2118; x_wconf 80' lang='lat' dir='ltr'><strong>magister</strong></span> <span class='ocrx_word' id='word_1_336' title='bbox 590 2083 687 2118; x_wconf 87' lang='lat' dir='ltr'><strong>cogitet</strong></span> <span class='ocrx_word' id='word_1_337' title='bbox 698 2084 801 2111; x_wconf 86' lang='lat' dir='ltr'><strong>discat?</strong></span> <span class='ocrx_word' id='word_1_338' title='bbox 820 2085 854 2112; x_wconf 84' lang='lat' dir='ltr'><strong>At</strong></span> <span class='ocrx_word' id='word_1_339' title='bbox 870 2086 934 2113; x_wconf 89' lang='lat' dir='ltr'><strong>istas</strong></span> <span class='ocrx_word' id='word_1_340' title='bbox 947 2094 1041 2114; x_wconf 87' lang='lat' dir='ltr'><strong>omnes</strong></span> 
     </span>
    </p>
   </div>
   <div class='ocr_carea' id='block_1_45' title="bbox 247 2127 1041 2166">
    <p class='ocr_par' dir='ltr' id='par_1_45' title="bbox 247 2127 1041 2166">
     <span class='ocr_line' id='line_1_45' title="bbox 247 2127 1041 2166; baseline 0.009 -13"><span class='ocrx_word' id='word_1_341' title='bbox 247 2127 400 2162; x_wconf 78' lang='lat' dir='ltr'><strong>disciplinas</strong></span> <span class='ocrx_word' id='word_1_342' title='bbox 420 2136 485 2163; x_wconf 85' lang='lat' dir='ltr'><strong>quas</strong></span> <span class='ocrx_word' id='word_1_343' title='bbox 499 2136 527 2155; x_wconf 79' lang='lat' dir='ltr'><strong>se</strong></span> <span class='ocrx_word' id='word_1_344' title='bbox 539 2128 636 2155; x_wconf 89' lang='lat' dir='ltr'><strong>docere</strong></span> <span class='ocrx_word' id='word_1_345' title='bbox 650 2129 817 2164; x_wconf 86' lang='lat' dir='ltr'><strong>proﬁtentur,</strong></span> <span class='ocrx_word' id='word_1_346' title='bbox 831 2131 965 2166; x_wconf 88' lang='lat' dir='ltr'><strong>ipsiusque</strong></span> <span class='ocrx_word' id='word_1_347' title='bbox 985 2133 1041 2159; x_wconf 83' lang='lat' dir='ltr'><strong>vir-</strong></span> 
     </span>
    </p>
   </div>
   <div class='ocr_carea' id='block_1_46' title="bbox 247 2173 1039 2211">
    <p class='ocr_par' dir='ltr' id='par_1_46' title="bbox 247 2173 1039 2211">
     <span class='ocr_line' id='line_1_46' title="bbox 247 2173 1039 2211; baseline 0.008 -12"><span class='ocrx_word' id='word_1_348' title='bbox 247 2173 311 2200; x_wconf 87' lang='lat' dir='ltr'><strong>tutis</strong></span> <span class='ocrx_word' id='word_1_349' title='bbox 324 2178 403 2209; x_wconf 88' lang='lat' dir='ltr'><strong>atque</strong></span> <span class='ocrx_word' id='word_1_350' title='bbox 413 2174 549 2208; x_wconf 65' lang='lat' dir='ltr'><strong>sapientite</strong></span> <span class='ocrx_word' id='word_1_351' title='bbox 559 2195 566 2208; x_wconf 93' lang='lat'><strong>,</strong></span> <span class='ocrx_word' id='word_1_352' title='bbox 578 2181 639 2201; x_wconf 91' lang='lat' dir='ltr'><strong>cum</strong></span> <span class='ocrx_word' id='word_1_353' title='bbox 651 2175 739 2203; x_wconf 82' lang='lat' dir='ltr'><strong>verbis</strong></span> <span class='ocrx_word' id='word_1_354' title='bbox 757 2176 967 2211; x_wconf 83' lang='lat' dir='ltr'><strong>explicaverint;</strong></span> <span class='ocrx_word' id='word_1_355' title='bbox 985 2182 1039 2205; x_wconf 91' lang='lat' dir='ltr'><strong>tum</strong></span> 
     </span>
    </p>
   </div>
   <div class='ocr_carea' id='block_1_47' title="bbox 481 103 1641 140">
    <p class='ocr_par' dir='ltr' id='par_1_47' title="bbox 481 103 1641 140">
     <span class='ocr_line' id='line_1_47' title="bbox 481 103 1641 140; baseline -0.003 -5"><span class='ocrx_word' id='word_1_356' title='bbox 481 107 667 136; x_wconf 80' lang='lat' dir='ltr'><strong>ADMONITIO</strong></span> <span class='ocrx_word' id='word_1_357' title='bbox 687 108 731 135; x_wconf 84' lang='lat' dir='ltr'><strong>DE</strong></span> <span class='ocrx_word' id='word_1_358' title='bbox 746 106 982 140; x_wconf 81' lang='lat' dir='ltr'><strong>SEQUENTIBUS</strong></span> <span class='ocrx_word' id='word_1_359' title='bbox 1001 105 1122 133; x_wconf 63' lang='lat' dir='ltr'><strong>TRYBUS</strong></span> <span class='ocrx_word' id='word_1_360' title='bbox 1142 105 1249 134; x_wconf 78' lang='lat' dir='ltr'><strong>LIBRIS</strong></span> <span class='ocrx_word' id='word_1_361' title='bbox 1268 106 1311 133; x_wconf 87' lang='lat' dir='ltr'><strong>DE</strong></span> <span class='ocrx_word' id='word_1_362' title='bbox 1332 103 1455 131; x_wconf 74' lang='grc' dir='ltr'><strong>ΗΒΕηο</strong></span> <span class='ocrx_word' id='word_1_363' title='bbox 1471 104 1641 133; x_wconf 75' lang='lat' dir='ltr'><strong>AllBlTRlO.</strong></span> 
     </span>
    </p>
   </div>
   <div class='ocr_carea' id='block_1_48' title="bbox 1810 106 1883 135">
    <p class='ocr_par' dir='ltr' id='par_1_48' title="bbox 1810 106 1883 135">
     <span class='ocr_line' id='line_1_48' title="bbox 1810 106 1883 135; baseline 0 0"><span class='ocrx_word' id='word_1_364' title='bbox 1810 106 1883 135; x_wconf 66' lang='grc' dir='ltr'><strong>ηεο</strong></span> 
     </span>
    </p>
   </div>
   <div class='ocr_carea' id='block_1_49' title="bbox 1091 163 1883 200">
    <p class='ocr_par' dir='ltr' id='par_1_49' title="bbox 1091 163 1883 200">
     <span class='ocr_line' id='line_1_49' title="bbox 1091 163 1883 200; baseline 0.004 -12"><span class='ocrx_word' id='word_1_365' title='bbox 1091 163 1127 189; x_wconf 83' lang='lat' dir='ltr'><strong>illi</strong></span> <span class='ocrx_word' id='word_1_366' title='bbox 1141 163 1183 197; x_wconf 88' lang='lat' dir='ltr'><strong>qui</strong></span> <span class='ocrx_word' id='word_1_367' title='bbox 1198 163 1317 198; x_wconf 79' lang='lat' dir='ltr'><strong>discipuli</strong></span> <span class='ocrx_word' id='word_1_368' title='bbox 1330 167 1467 197; x_wconf 87' lang='lat' dir='ltr'><strong>vocantur,</strong></span> <span class='ocrx_word' id='word_1_369' title='bbox 1479 167 1566 191; x_wconf 88' lang='lat' dir='ltr'><strong>utrum</strong></span> <span class='ocrx_word' id='word_1_370' title='bbox 1576 171 1636 190; x_wconf 92' lang='lat' dir='ltr'><strong>vera</strong></span> <span class='ocrx_word' id='word_1_371' title='bbox 1647 164 1715 191; x_wconf 88' lang='lat' dir='ltr'><strong>dicta</strong></span> <span class='ocrx_word' id='word_1_372' title='bbox 1730 163 1793 198; x_wconf 88' lang='lat' dir='ltr'><strong>sint,</strong></span> <span class='ocrx_word' id='word_1_373' title='bbox 1808 164 1883 200; x_wconf 85' lang='lat' dir='ltr'><strong>apud</strong></span> 
     </span>
    </p>
   </div>
   <div class='ocr_carea' id='block_1_50' title="bbox 1091 209 1885 244">
    <p class='ocr_par' dir='ltr' id='par_1_50' title="bbox 1091 209 1885 244">
     <span class='ocr_line' id='line_1_50' title="bbox 1091 209 1885 244; baseline 0.003 -9"><span class='ocrx_word' id='word_1_374' title='bbox 1091 209 1249 244; x_wconf 82' lang='lat' dir='ltr'><strong>semetipsos</strong></span> <span class='ocrx_word' id='word_1_375' title='bbox 1262 209 1445 242; x_wconf 84' lang='lat' dir='ltr'><strong>considerant,</strong></span> <span class='ocrx_word' id='word_1_376' title='bbox 1462 209 1613 236; x_wconf 68' lang='lat' dir='ltr'><strong>interiorem</strong></span> <span class='ocrx_word' id='word_1_377' title='bbox 1628 209 1731 237; x_wconf 80' lang='lat' dir='ltr'><strong>scilicet</strong></span> <span class='ocrx_word' id='word_1_378' title='bbox 1751 210 1825 237; x_wconf 88' lang='lat' dir='ltr'><strong>illam</strong></span> <span class='ocrx_word' id='word_1_379' title='bbox 1837 217 1885 237; x_wconf 90' lang='lat' dir='ltr'><strong>vc-</strong></span> 
     </span>
    </p>
   </div>
   <div class='ocr_carea' id='block_1_51' title="bbox 1092 246 1886 290">
    <p class='ocr_par' dir='ltr' id='par_1_51' title="bbox 1092 246 1886 290">
     <span class='ocr_line' id='line_1_51' title="bbox 1092 246 1886 290; baseline 0.003 -10"><span class='ocrx_word' id='word_1_380' title='bbox 1092 254 1196 280; x_wconf 86' lang='lat' dir='ltr'><strong>ritatem</strong></span> <span class='ocrx_word' id='word_1_381' title='bbox 1211 262 1260 289; x_wconf 86' lang='lat' dir='ltr'><strong>pro</strong></span> <span class='ocrx_word' id='word_1_382' title='bbox 1274 254 1375 281; x_wconf 86' lang='lat' dir='ltr'><strong>viribus</strong></span> <span class='ocrx_word' id='word_1_383' title='bbox 1388 253 1530 282; x_wconf 88' lang='lat' dir='ltr'><strong>intuentes.</strong></span> <span class='ocrx_word' id='word_1_384' title='bbox 1547 246 1621 282; x_wconf 59' lang='lat' dir='ltr'><strong>Tuit&#39;c</strong></span> <span class='ocrx_word' id='word_1_385' title='bbox 1633 262 1698 290; x_wconf 76' lang='lat' dir='ltr'><strong>ergo</strong></span> <span class='ocrx_word' id='word_1_386' title='bbox 1715 254 1842 282; x_wconf 89' lang='lat' dir='ltr'><strong>discunt:</strong></span> <span class='ocrx_word' id='word_1_387' title='bbox 1854 259 1886 282; x_wconf 92' lang='lat' dir='ltr'><strong>ct</strong></span> 
     </span>
    </p>
   </div>
   <div class='ocr_carea' id='block_1_52' title="bbox 1091 300 1883 334">
    <p class='ocr_par' dir='ltr' id='par_1_52' title="bbox 1091 300 1883 334">
     <span class='ocr_line' id='line_1_52' title="bbox 1091 300 1883 334; baseline 0.003 -8"><span class='ocrx_word' id='word_1_388' title='bbox 1091 308 1151 327; x_wconf 88' lang='lat' dir='ltr'><strong>cum</strong></span> <span class='ocrx_word' id='word_1_389' title='bbox 1177 308 1240 327; x_wconf 83' lang='lat' dir='ltr'><strong>vera</strong></span> <span class='ocrx_word' id='word_1_390' title='bbox 1255 300 1322 327; x_wconf 87' lang='lat' dir='ltr'><strong>dicta</strong></span> <span class='ocrx_word' id='word_1_391' title='bbox 1341 308 1400 327; x_wconf 84' lang='lat' dir='ltr'><strong>esse</strong></span> <span class='ocrx_word' id='word_1_392' title='bbox 1418 300 1489 328; x_wconf 90' lang='lat' dir='ltr'><strong>intus</strong></span> <span class='ocrx_word' id='word_1_393' title='bbox 1513 301 1675 333; x_wconf 89' lang='lat' dir='ltr'><strong>invenerint,</strong></span> <span class='ocrx_word' id='word_1_394' title='bbox 1692 300 1817 334; x_wconf 88' lang='lat' dir='ltr'><strong>laudant,</strong></span> <span class='ocrx_word' id='word_1_395' title='bbox 1831 309 1883 328; x_wconf 88' lang='lat' dir='ltr'><strong>ne-</strong></span> 
     </span>
    </p>
   </div>
   <div class='ocr_carea' id='block_1_53' title="bbox 1091 345 1884 382">
    <p class='ocr_par' dir='ltr' id='par_1_53' title="bbox 1091 345 1884 382">
     <span class='ocr_line' id='line_1_53' title="bbox 1091 345 1884 382; baseline 0.004 -11"><span class='ocrx_word' id='word_1_396' title='bbox 1091 345 1204 372; x_wconf 87' lang='lat' dir='ltr'><strong>scientes</strong></span> <span class='ocrx_word' id='word_1_397' title='bbox 1217 353 1268 372; x_wconf 92' lang='lat' dir='ltr'><strong>non</strong></span> <span class='ocrx_word' id='word_1_398' title='bbox 1280 354 1308 373; x_wconf 85' lang='lat' dir='ltr'><strong>se</strong></span> <span class='ocrx_word' id='word_1_399' title='bbox 1321 346 1443 374; x_wconf 87' lang='lat' dir='ltr'><strong>doctores</strong></span> <span class='ocrx_word' id='word_1_400' title='bbox 1457 346 1545 382; x_wconf 88' lang='lat' dir='ltr'><strong>potius</strong></span> <span class='ocrx_word' id='word_1_401' title='bbox 1557 346 1666 374; x_wconf 88' lang='lat' dir='ltr'><strong>laudare</strong></span> <span class='ocrx_word' id='word_1_402' title='bbox 1678 354 1756 382; x_wconf 85' lang='lat' dir='ltr'><strong>quam</strong></span> <span class='ocrx_word' id='word_1_403' title='bbox 1770 347 1865 375; x_wconf 83' lang='lat' dir='ltr'><strong>doctos</strong></span> <span class='ocrx_word' id='word_1_404' title='bbox 1876 355 1884 378; x_wconf 83' lang='lat'><strong>;</strong></span> 
     </span>
    </p>
   </div>
   <div class='ocr_carea' id='block_1_54' title="bbox 1093 392 1886 428">
    <p class='ocr_par' dir='ltr' id='par_1_54' title="bbox 1093 392 1886 428">
     <span class='ocr_line' id='line_1_54' title="bbox 1093 392 1886 428; baseline 0.001 -10"><span class='ocrx_word' id='word_1_405' title='bbox 1093 392 1114 418; x_wconf 90' lang='lat' dir='ltr'><strong>si</strong></span> <span class='ocrx_word' id='word_1_406' title='bbox 1130 395 1216 419; x_wconf 90' lang='lat' dir='ltr'><strong>tamen</strong></span> <span class='ocrx_word' id='word_1_407' title='bbox 1232 398 1258 420; x_wconf 87' lang='lat' dir='ltr'><strong>et</strong></span> <span class='ocrx_word' id='word_1_408' title='bbox 1274 392 1309 419; x_wconf 92' lang='lat' dir='ltr'><strong>illi</strong></span> <span class='ocrx_word' id='word_1_409' title='bbox 1323 392 1392 428; x_wconf 84' lang='lat' dir='ltr'><strong>quod</strong></span> <span class='ocrx_word' id='word_1_410' title='bbox 1413 392 1556 428; x_wconf 90' lang='lat' dir='ltr'><strong>loquuntur</strong></span> <span class='ocrx_word' id='word_1_411' title='bbox 1572 393 1670 420; x_wconf 89' lang='lat' dir='ltr'><strong>sciunt.</strong></span> <span class='ocrx_word' id='word_1_412' title='bbox 1686 392 1824 420; x_wconf 86' lang='lat' dir='ltr'><strong>Falluntur</strong></span> <span class='ocrx_word' id='word_1_413' title='bbox 1835 400 1886 419; x_wconf 87' lang='lat' dir='ltr'><strong>au-</strong></span> 
     </span>
    </p>
   </div>
   <div class='ocr_carea' id='block_1_55' title="bbox 1094 438 1884 474">
    <p class='ocr_par' dir='ltr' id='par_1_55' title="bbox 1094 438 1884 474">
     <span class='ocr_line' id='line_1_55' title="bbox 1094 438 1884 474; baseline 0.001 -10"><span class='ocrx_word' id='word_1_414' title='bbox 1094 442 1146 465; x_wconf 92' lang='lat' dir='ltr'><strong>tem</strong></span> <span class='ocrx_word' id='word_1_415' title='bbox 1167 438 1306 472; x_wconf 80' lang='lat' dir='ltr'><strong>homines,</strong></span> <span class='ocrx_word' id='word_1_416' title='bbox 1325 443 1353 466; x_wconf 87' lang='lat' dir='ltr'><strong>ut</strong></span> <span class='ocrx_word' id='word_1_417' title='bbox 1364 447 1410 466; x_wconf 89' lang='lat' dir='ltr'><strong>eos</strong></span> <span class='ocrx_word' id='word_1_418' title='bbox 1422 439 1466 474; x_wconf 92' lang='lat' dir='ltr'><strong>qui</strong></span> <span class='ocrx_word' id='word_1_419' title='bbox 1481 446 1532 466; x_wconf 86' lang='lat' dir='ltr'><strong>non</strong></span> <span class='ocrx_word' id='word_1_420' title='bbox 1550 443 1613 466; x_wconf 90' lang='lat' dir='ltr'><strong>sunt</strong></span> <span class='ocrx_word' id='word_1_421' title='bbox 1624 438 1765 474; x_wconf 86' lang='lat' dir='ltr'><strong>magistros</strong></span> <span class='ocrx_word' id='word_1_422' title='bbox 1775 443 1884 473; x_wconf 88' lang='lat' dir='ltr'><strong>vocent,</strong></span> 
     </span>
    </p>
   </div>
   <div class='ocr_carea' id='block_1_56' title="bbox 1093 484 1887 520">
    <p class='ocr_par' dir='ltr' id='par_1_56' title="bbox 1093 484 1887 520">
     <span class='ocr_line' id='line_1_56' title="bbox 1093 484 1887 520; baseline 0.004 -11"><span class='ocrx_word' id='word_1_423' title='bbox 1093 484 1153 518; x_wconf 86' lang='lat' dir='ltr'><strong>quia</strong></span> <span class='ocrx_word' id='word_1_424' title='bbox 1167 484 1321 519; x_wconf 87' lang='lat' dir='ltr'><strong>plerumque</strong></span> <span class='ocrx_word' id='word_1_425' title='bbox 1334 485 1402 512; x_wconf 90' lang='lat' dir='ltr'><strong>inter</strong></span> <span class='ocrx_word' id='word_1_426' title='bbox 1413 490 1516 520; x_wconf 86' lang='lat' dir='ltr'><strong>tempus</strong></span> <span class='ocrx_word' id='word_1_427' title='bbox 1526 485 1667 512; x_wconf 90' lang='lat' dir='ltr'><strong>locutionis</strong></span> <span class='ocrx_word' id='word_1_428' title='bbox 1681 489 1706 513; x_wconf 91' lang='lat' dir='ltr'><strong>et</strong></span> <span class='ocrx_word' id='word_1_429' title='bbox 1722 489 1826 520; x_wconf 89' lang='lat' dir='ltr'><strong>tempus</strong></span> <span class='ocrx_word' id='word_1_430' title='bbox 1838 493 1887 512; x_wconf 78' lang='grc' dir='ltr'><strong>ω-</strong></span> 
     </span>
    </p>
   </div>
   <div class='ocr_carea' id='block_1_57' title="bbox 1093 529 1887 566">
    <p class='ocr_par' dir='ltr' id='par_1_57' title="bbox 1093 529 1887 566">
     <span class='ocr_line' id='line_1_57' title="bbox 1093 529 1887 566; baseline 0.003 -11"><span class='ocrx_word' id='word_1_431' title='bbox 1093 529 1236 563; x_wconf 89' lang='lat' dir='ltr'><strong>gnitiouis,</strong></span> <span class='ocrx_word' id='word_1_432' title='bbox 1257 530 1326 558; x_wconf 84' lang='lat' dir='ltr'><strong>nulla</strong></span> <span class='ocrx_word' id='word_1_433' title='bbox 1340 538 1413 557; x_wconf 93' lang='lat' dir='ltr'><strong>mora</strong></span> <span class='ocrx_word' id='word_1_434' title='bbox 1429 530 1624 566; x_wconf 86' lang='lat' dir='ltr'><strong>interponitur;</strong></span> <span class='ocrx_word' id='word_1_435' title='bbox 1638 536 1665 558; x_wconf 86' lang='lat' dir='ltr'><strong>et</strong></span> <span class='ocrx_word' id='word_1_436' title='bbox 1682 532 1807 565; x_wconf 91' lang='lat' dir='ltr'><strong>quoniam</strong></span> <span class='ocrx_word' id='word_1_437' title='bbox 1825 535 1887 566; x_wconf 90' lang='lat' dir='ltr'><strong>post</strong></span> 
     </span>
    </p>
   </div>
   <div class='ocr_carea' id='block_1_58' title="bbox 1093 574 1886 608">
    <p class='ocr_par' dir='ltr' id='par_1_58' title="bbox 1093 574 1886 608">
     <span class='ocr_line' id='line_1_58' title="bbox 1093 574 1886 608; baseline 0.003 -8"><span class='ocrx_word' id='word_1_438' title='bbox 1093 574 1301 602; x_wconf 82' lang='lat' dir='ltr'><strong>admonitionem</strong></span> <span class='ocrx_word' id='word_1_439' title='bbox 1314 576 1514 603; x_wconf 88' lang='lat' dir='ltr'><strong>sermocinantis</strong></span> <span class='ocrx_word' id='word_1_440' title='bbox 1532 577 1585 603; x_wconf 91' lang='lat' dir='ltr'><strong>cito</strong></span> <span class='ocrx_word' id='word_1_441' title='bbox 1598 575 1668 602; x_wconf 90' lang='lat' dir='ltr'><strong>intus</strong></span> <span class='ocrx_word' id='word_1_442' title='bbox 1687 575 1802 608; x_wconf 90' lang='lat' dir='ltr'><strong>discunt,</strong></span> <span class='ocrx_word' id='word_1_443' title='bbox 1818 575 1886 603; x_wconf 80' lang='lat' dir='ltr'><strong>foris</strong></span> 
     </span>
    </p>
   </div>
   <div class='ocr_carea' id='block_1_59' title="bbox 1093 620 1767 656">
    <p class='ocr_par' dir='ltr' id='par_1_59' title="bbox 1093 620 1767 656">
     <span class='ocr_line' id='line_1_59' title="bbox 1093 620 1767 656; baseline 0.001 -9"><span class='ocrx_word' id='word_1_444' title='bbox 1093 628 1122 647; x_wconf 64' lang='grc' dir='ltr'>ευ</span> <span class='ocrx_word' id='word_1_445' title='bbox 1137 620 1170 647; x_wconf 87' lang='lat' dir='ltr'><strong>ab</strong></span> <span class='ocrx_word' id='word_1_446' title='bbox 1184 628 1216 647; x_wconf 89' lang='lat' dir='ltr'><strong>eo</strong></span> <span class='ocrx_word' id='word_1_447' title='bbox 1235 621 1278 656; x_wconf 90' lang='lat' dir='ltr'><strong>qui</strong></span> <span class='ocrx_word' id='word_1_448' title='bbox 1291 621 1444 655; x_wconf 77' lang='lat' dir='ltr'><strong>admonuit,</strong></span> <span class='ocrx_word' id='word_1_449' title='bbox 1459 622 1584 649; x_wconf 88' lang='lat' dir='ltr'><strong>didicisse</strong></span> <span class='ocrx_word' id='word_1_450' title='bbox 1595 621 1767 648; x_wconf 84' lang='lat' dir='ltr'><strong>arbitrantur.</strong></span> 
     </span>
    </p>
   </div>
   <div class='ocr_carea' id='block_1_60' title="bbox 1131 666 1887 702">
    <p class='ocr_par' dir='ltr' id='par_1_60' title="bbox 1131 666 1887 702">
     <span class='ocr_line' id='line_1_60' title="bbox 1131 666 1887 702; baseline 0.001 -9"><span class='ocrx_word' id='word_1_451' title='bbox 1131 666 1176 693; x_wconf 69' lang='lat'><strong>46.</strong></span> <span class='ocrx_word' id='word_1_452' title='bbox 1193 666 1244 693; x_wconf 87' lang='lat' dir='ltr'><strong>Sed</strong></span> <span class='ocrx_word' id='word_1_453' title='bbox 1264 667 1298 694; x_wconf 92' lang='lat' dir='ltr'><strong>de</strong></span> <span class='ocrx_word' id='word_1_454' title='bbox 1313 671 1366 693; x_wconf 84' lang='lat' dir='ltr'><strong>tota</strong></span> <span class='ocrx_word' id='word_1_455' title='bbox 1388 667 1500 694; x_wconf 87' lang='lat' dir='ltr'><strong>utilitate</strong></span> <span class='ocrx_word' id='word_1_456' title='bbox 1520 667 1662 694; x_wconf 85' lang='lat' dir='ltr'><strong>verborum</strong></span> <span class='ocrx_word' id='word_1_457' title='bbox 1673 687 1681 700; x_wconf 93' lang='lat'><strong>,</strong></span> <span class='ocrx_word' id='word_1_458' title='bbox 1699 675 1758 702; x_wconf 78' lang='lat' dir='ltr'><strong>qua:</strong></span> <span class='ocrx_word' id='word_1_459' title='bbox 1780 667 1802 694; x_wconf 92' lang='lat' dir='ltr'><strong>si</strong></span> <span class='ocrx_word' id='word_1_460' title='bbox 1817 666 1887 694; x_wconf 77' lang='lat' dir='ltr'><strong>bene</strong></span> 
     </span>
    </p>
   </div>
   <div class='ocr_carea' id='block_1_61' title="bbox 1093 711 1884 751">
    <p class='ocr_par' dir='ltr' id='par_1_61' title="bbox 1093 711 1884 751">
     <span class='ocr_line' id='line_1_61' title="bbox 1093 711 1884 751; baseline 0.003 -14"><span class='ocrx_word' id='word_1_461' title='bbox 1093 711 1277 738; x_wconf 81' lang='lat' dir='ltr'><strong>consideretur</strong></span> <span class='ocrx_word' id='word_1_462' title='bbox 1291 719 1343 738; x_wconf 93' lang='lat' dir='ltr'><strong>non</strong></span> <span class='ocrx_word' id='word_1_463' title='bbox 1366 719 1446 746; x_wconf 87' lang='lat' dir='ltr'><strong>parva</strong></span> <span class='ocrx_word' id='word_1_464' title='bbox 1460 717 1498 751; x_wconf 85' lang='lat' dir='ltr'><strong>est</strong></span> <span class='ocrx_word' id='word_1_465' title='bbox 1512 732 1520 745; x_wconf 92' lang='lat'><strong>,</strong></span> <span class='ocrx_word' id='word_1_466' title='bbox 1539 712 1603 739; x_wconf 89' lang='lat' dir='ltr'><strong>alias</strong></span> <span class='ocrx_word' id='word_1_467' title='bbox 1615 733 1623 745; x_wconf 95' lang='lat'><strong>,</strong></span> <span class='ocrx_word' id='word_1_468' title='bbox 1638 712 1659 739; x_wconf 88' lang='lat' dir='ltr'><strong>si</strong></span> <span class='ocrx_word' id='word_1_469' title='bbox 1677 712 1746 739; x_wconf 90' lang='lat' dir='ltr'><strong>Deus</strong></span> <span class='ocrx_word' id='word_1_470' title='bbox 1769 712 1862 740; x_wconf 86' lang='lat' dir='ltr'><strong>siverit</strong></span> <span class='ocrx_word' id='word_1_471' title='bbox 1875 733 1884 744; x_wconf 90' lang='lat'><strong>,</strong></span> 
     </span>
    </p>
   </div>
   <div class='ocr_carea' id='block_1_62' title="bbox 1092 757 1888 793">
    <p class='ocr_par' dir='ltr' id='par_1_62' title="bbox 1092 757 1888 793">
     <span class='ocr_line' id='line_1_62' title="bbox 1092 757 1888 793; baseline 0.001 -10"><span class='ocrx_word' id='word_1_472' title='bbox 1092 757 1271 792; x_wconf 82' lang='lat' dir='ltr'><strong>requiremus.</strong></span> <span class='ocrx_word' id='word_1_473' title='bbox 1292 757 1367 785; x_wconf 89' lang='lat' dir='ltr'><strong>Nunc</strong></span> <span class='ocrx_word' id='word_1_474' title='bbox 1391 758 1461 785; x_wconf 90' lang='lat' dir='ltr'><strong>enim</strong></span> <span class='ocrx_word' id='word_1_475' title='bbox 1481 766 1515 786; x_wconf 89' lang='lat' dir='ltr'><strong>ne</strong></span> <span class='ocrx_word' id='word_1_476' title='bbox 1535 759 1595 793; x_wconf 87' lang='lat' dir='ltr'><strong>plus</strong></span> <span class='ocrx_word' id='word_1_477' title='bbox 1620 758 1659 785; x_wconf 89' lang='lat' dir='ltr'><strong>eis</strong></span> <span class='ocrx_word' id='word_1_478' title='bbox 1679 765 1757 793; x_wconf 88' lang='lat' dir='ltr'><strong>quam</strong></span> <span class='ocrx_word' id='word_1_479' title='bbox 1779 762 1888 793; x_wconf 85' lang='lat' dir='ltr'><strong>oportet</strong></span> 
     </span>
    </p>
   </div>
   <div class='ocr_carea' id='block_1_63' title="bbox 1093 803 1887 838">
    <p class='ocr_par' dir='ltr' id='par_1_63' title="bbox 1093 803 1887 838">
     <span class='ocr_line' id='line_1_63' title="bbox 1093 803 1887 838; baseline -0.001 -8"><span class='ocrx_word' id='word_1_480' title='bbox 1093 804 1284 836; x_wconf 87' lang='lat' dir='ltr'><strong>tribueremus,</strong></span> <span class='ocrx_word' id='word_1_481' title='bbox 1300 803 1424 831; x_wconf 86' lang='lat' dir='ltr'><strong>admonui</strong></span> <span class='ocrx_word' id='word_1_482' title='bbox 1446 808 1489 837; x_wconf 87' lang='lat' dir='ltr'><strong>te;</strong></span> <span class='ocrx_word' id='word_1_483' title='bbox 1513 808 1542 830; x_wconf 91' lang='lat' dir='ltr'><strong>ut</strong></span> <span class='ocrx_word' id='word_1_484' title='bbox 1557 803 1612 838; x_wconf 90' lang='lat' dir='ltr'><strong>jam</strong></span> <span class='ocrx_word' id='word_1_485' title='bbox 1641 811 1694 830; x_wconf 92' lang='lat' dir='ltr'><strong>non</strong></span> <span class='ocrx_word' id='word_1_486' title='bbox 1714 803 1887 830; x_wconf 87' lang='lat' dir='ltr'><strong>crederemus</strong></span> 
     </span>
    </p>
   </div>
   <div class='ocr_carea' id='block_1_64' title="bbox 1094 848 1887 884">
    <p class='ocr_par' dir='ltr' id='par_1_64' title="bbox 1094 848 1887 884">
     <span class='ocr_line' id='line_1_64' title="bbox 1094 848 1887 884; baseline 0.001 -10"><span class='ocrx_word' id='word_1_487' title='bbox 1094 852 1194 875; x_wconf 91' lang='lat' dir='ltr'><strong>tantum</strong></span> <span class='ocrx_word' id='word_1_488' title='bbox 1205 869 1212 881; x_wconf 82' lang='lat'><strong>,</strong></span> <span class='ocrx_word' id='word_1_489' title='bbox 1229 848 1275 875; x_wconf 92' lang='lat' dir='ltr'><strong>sed</strong></span> <span class='ocrx_word' id='word_1_490' title='bbox 1286 849 1365 876; x_wconf 89' lang='lat' dir='ltr'><strong>etiam</strong></span> <span class='ocrx_word' id='word_1_491' title='bbox 1379 849 1525 884; x_wconf 85' lang='lat' dir='ltr'><strong>intelligere</strong></span> <span class='ocrx_word' id='word_1_492' title='bbox 1535 848 1715 883; x_wconf 88' lang='lat' dir='ltr'><strong>inciperemus</strong></span> <span class='ocrx_word' id='word_1_493' title='bbox 1729 855 1807 883; x_wconf 89' lang='lat' dir='ltr'><strong>quam</strong></span> <span class='ocrx_word' id='word_1_494' title='bbox 1820 855 1887 875; x_wconf 81' lang='lat' dir='ltr'><strong>vere</strong></span> 
     </span>
    </p>
   </div>
   <div class='ocr_carea' id='block_1_65' title="bbox 1093 893 1885 929">
    <p class='ocr_par' dir='ltr' id='par_1_65' title="bbox 1093 893 1885 929">
     <span class='ocr_line' id='line_1_65' title="bbox 1093 893 1885 929; baseline 0 -9"><span class='ocrx_word' id='word_1_495' title='bbox 1093 894 1220 929; x_wconf 88' lang='lat' dir='ltr'><strong>scriptutu</strong></span> <span class='ocrx_word' id='word_1_496' title='bbox 1235 893 1269 921; x_wconf 87' lang='lat' dir='ltr'><strong>sit</strong></span> <span class='ocrx_word' id='word_1_497' title='bbox 1284 894 1440 922; x_wconf 85' lang='lat' dir='ltr'><strong>auctoritate</strong></span> <span class='ocrx_word' id='word_1_498' title='bbox 1452 894 1558 927; x_wconf 91' lang='lat' dir='ltr'><strong>divina,</strong></span> <span class='ocrx_word' id='word_1_499' title='bbox 1584 902 1618 922; x_wconf 89' lang='lat' dir='ltr'><strong>ne</strong></span> <span class='ocrx_word' id='word_1_500' title='bbox 1631 893 1707 921; x_wconf 90' lang='lat' dir='ltr'><strong>nobis</strong></span> <span class='ocrx_word' id='word_1_501' title='bbox 1721 901 1885 929; x_wconf 89' lang='lat' dir='ltr'><strong>quemquam</strong></span> 
     </span>
    </p>
   </div>
   <div class='ocr_carea' id='block_1_66' title="bbox 1093 939 1886 975">
    <p class='ocr_par' dir='ltr' id='par_1_66' title="bbox 1093 939 1886 975">
     <span class='ocr_line' id='line_1_66' title="bbox 1093 939 1886 975; baseline 0.001 -10"><span class='ocrx_word' id='word_1_502' title='bbox 1093 939 1249 974; x_wconf 86' lang='lat' dir='ltr'><strong>magistrum</strong></span> <span class='ocrx_word' id='word_1_503' title='bbox 1275 939 1396 967; x_wconf 89' lang='lat' dir='ltr'><strong>dicamus</strong></span> <span class='ocrx_word' id='word_1_504' title='bbox 1414 940 1442 967; x_wconf 91' lang='lat' dir='ltr'><strong>in</strong></span> <span class='ocrx_word' id='word_1_505' title='bbox 1470 940 1549 968; x_wconf 87' lang='lat' dir='ltr'><strong>terris</strong></span> <span class='ocrx_word' id='word_1_506' title='bbox 1561 960 1569 973; x_wconf 93' lang='lat'><strong>,</strong></span> <span class='ocrx_word' id='word_1_507' title='bbox 1585 939 1657 975; x_wconf 87' lang='lat' dir='ltr'><strong>quod</strong></span> <span class='ocrx_word' id='word_1_508' title='bbox 1677 947 1746 967; x_wconf 89' lang='lat' dir='ltr'><strong>unus</strong></span> <span class='ocrx_word' id='word_1_509' title='bbox 1764 940 1886 967; x_wconf 90' lang='lat' dir='ltr'><strong>omnium</strong></span> 
     </span>
    </p>
   </div>
   <div class='ocr_carea' id='block_1_67' title="bbox 1094 984 1886 1021">
    <p class='ocr_par' dir='ltr' id='par_1_67' title="bbox 1094 984 1886 1021">
     <span class='ocr_line' id='line_1_67' title="bbox 1094 984 1886 1021; baseline 0.001 -11"><span class='ocrx_word' id='word_1_510' title='bbox 1094 985 1220 1019; x_wconf 84' lang='lat' dir='ltr'><strong>magister</strong></span> <span class='ocrx_word' id='word_1_511' title='bbox 1241 986 1266 1012; x_wconf 93' lang='lat' dir='ltr'><strong>in</strong></span> <span class='ocrx_word' id='word_1_512' title='bbox 1283 985 1359 1013; x_wconf 80' lang='lat' dir='ltr'><strong>ccelis</strong></span> <span class='ocrx_word' id='word_1_513' title='bbox 1372 985 1407 1013; x_wconf 89' lang='lat' dir='ltr'><strong>sit</strong></span> <span class='ocrx_word' id='word_1_514' title='bbox 1422 985 1528 1021; x_wconf 77' lang='lat' dir='ltr'><strong>(Matth.</strong></span> <span class='ocrx_word' id='word_1_515' title='bbox 1554 993 1631 1017; x_wconf 80' lang='lat' dir='ltr'><strong>xxiii,</strong></span> <span class='ocrx_word' id='word_1_516' title='bbox 1651 984 1741 1021; x_wconf 70' lang='lat'><strong>8-10).</strong></span> <span class='ocrx_word' id='word_1_517' title='bbox 1761 984 1830 1018; x_wconf 86' lang='lat' dir='ltr'><strong>Quid</strong></span> <span class='ocrx_word' id='word_1_518' title='bbox 1851 985 1886 1011; x_wconf 86' lang='lat' dir='ltr'><strong>sit</strong></span> 
     </span>
    </p>
   </div>
   <div class='ocr_carea' id='block_1_68' title="bbox 1093 1030 1883 1067">
    <p class='ocr_par' dir='ltr' id='par_1_68' title="bbox 1093 1030 1883 1067">
     <span class='ocr_line' id='line_1_68' title="bbox 1093 1030 1883 1067; baseline 0.003 -11"><span class='ocrx_word' id='word_1_519' title='bbox 1093 1035 1181 1058; x_wconf 86' lang='lat' dir='ltr'><strong>autem</strong></span> <span class='ocrx_word' id='word_1_520' title='bbox 1203 1031 1229 1058; x_wconf 91' lang='lat' dir='ltr'><strong>in</strong></span> <span class='ocrx_word' id='word_1_521' title='bbox 1243 1031 1333 1066; x_wconf 74' lang='grc' dir='ltr'><strong>εωίἰε,</strong></span> <span class='ocrx_word' id='word_1_522' title='bbox 1363 1031 1470 1059; x_wconf 87' lang='lat' dir='ltr'><strong>docebit</strong></span> <span class='ocrx_word' id='word_1_523' title='bbox 1493 1032 1550 1067; x_wconf 87' lang='lat' dir='ltr'><strong>ipse</strong></span> <span class='ocrx_word' id='word_1_524' title='bbox 1565 1039 1580 1058; x_wconf 92' lang='lat' dir='ltr'><strong>a</strong></span> <span class='ocrx_word' id='word_1_525' title='bbox 1599 1038 1652 1066; x_wconf 91' lang='lat' dir='ltr'><strong>quo</strong></span> <span class='ocrx_word' id='word_1_526' title='bbox 1672 1032 1751 1059; x_wconf 87' lang='lat' dir='ltr'><strong>etiam</strong></span> <span class='ocrx_word' id='word_1_527' title='bbox 1768 1038 1817 1066; x_wconf 85' lang='lat' dir='ltr'><strong>per</strong></span> <span class='ocrx_word' id='word_1_528' title='bbox 1834 1030 1883 1058; x_wconf 89' lang='lat' dir='ltr'><strong>ho-</strong></span> 
     </span>
    </p>
   </div>
   <div class='ocr_carea' id='block_1_69' title="bbox 1093 1076 1887 1113">
    <p class='ocr_par' dir='ltr' id='par_1_69' title="bbox 1093 1076 1887 1113">
     <span class='ocr_line' id='line_1_69' title="bbox 1093 1076 1887 1113; baseline -0.001 -9"><span class='ocrx_word' id='word_1_529' title='bbox 1093 1078 1179 1105; x_wconf 91' lang='lat' dir='ltr'><strong>mines</strong></span> <span class='ocrx_word' id='word_1_530' title='bbox 1199 1078 1281 1113; x_wconf 83' lang='lat' dir='ltr'><strong>signis</strong></span> <span class='ocrx_word' id='word_1_531' title='bbox 1300 1078 1475 1105; x_wconf 87' lang='lat' dir='ltr'><strong>admonemur</strong></span> <span class='ocrx_word' id='word_1_532' title='bbox 1493 1083 1519 1105; x_wconf 91' lang='lat' dir='ltr'><strong>et</strong></span> <span class='ocrx_word' id='word_1_533' title='bbox 1532 1076 1597 1104; x_wconf 82' lang='lat' dir='ltr'><strong>foris</strong></span> <span class='ocrx_word' id='word_1_534' title='bbox 1609 1098 1616 1110; x_wconf 92' lang='lat'><strong>,</strong></span> <span class='ocrx_word' id='word_1_535' title='bbox 1639 1081 1666 1104; x_wconf 90' lang='lat' dir='ltr'><strong>ut</strong></span> <span class='ocrx_word' id='word_1_536' title='bbox 1689 1077 1721 1104; x_wconf 91' lang='lat' dir='ltr'><strong>ad</strong></span> <span class='ocrx_word' id='word_1_537' title='bbox 1739 1084 1800 1104; x_wconf 91' lang='lat' dir='ltr'><strong>cum</strong></span> <span class='ocrx_word' id='word_1_538' title='bbox 1815 1076 1887 1104; x_wconf 70' lang='lat' dir='ltr'><strong>intra</strong></span> 
     </span>
    </p>
   </div>
   <div class='ocr_carea' id='block_1_70' title="bbox 1093 1122 1887 1158">
    <p class='ocr_par' dir='ltr' id='par_1_70' title="bbox 1093 1122 1887 1158">
     <span class='ocr_line' id='line_1_70' title="bbox 1093 1122 1887 1158; baseline -0.001 -8"><span class='ocrx_word' id='word_1_539' title='bbox 1093 1124 1216 1150; x_wconf 85' lang='lat' dir='ltr'><strong>conversi</strong></span> <span class='ocrx_word' id='word_1_540' title='bbox 1231 1123 1403 1151; x_wconf 87' lang='lat' dir='ltr'><strong>erudiamur:</strong></span> <span class='ocrx_word' id='word_1_541' title='bbox 1419 1131 1499 1158; x_wconf 90' lang='lat' dir='ltr'><strong>quem</strong></span> <span class='ocrx_word' id='word_1_542' title='bbox 1522 1123 1634 1158; x_wconf 82' lang='lat' dir='ltr'><strong>diligere</strong></span> <span class='ocrx_word' id='word_1_543' title='bbox 1655 1130 1687 1150; x_wconf 83' lang='lat' dir='ltr'><strong>ac</strong></span> <span class='ocrx_word' id='word_1_544' title='bbox 1704 1129 1783 1150; x_wconf 78' lang='lat' dir='ltr'><strong>nosse</strong></span> <span class='ocrx_word' id='word_1_545' title='bbox 1807 1122 1887 1150; x_wconf 85' lang='lat' dir='ltr'><strong>beata</strong></span> 
     </span>
    </p>
   </div>
   <div class='ocr_carea' id='block_1_71' title="bbox 1094 1167 1889 1204">
    <p class='ocr_par' dir='ltr' id='par_1_71' title="bbox 1094 1167 1889 1204">
     <span class='ocr_line' id='line_1_71' title="bbox 1094 1167 1889 1204; baseline -0.001 -9"><span class='ocrx_word' id='word_1_546' title='bbox 1094 1169 1145 1196; x_wconf 89' lang='lat' dir='ltr'><strong>vita</strong></span> <span class='ocrx_word' id='word_1_547' title='bbox 1159 1174 1198 1197; x_wconf 89' lang='lat' dir='ltr'><strong>est</strong></span> <span class='ocrx_word' id='word_1_548' title='bbox 1208 1190 1215 1203; x_wconf 92' lang='lat'><strong>,</strong></span> <span class='ocrx_word' id='word_1_549' title='bbox 1230 1177 1307 1204; x_wconf 90' lang='lat' dir='ltr'><strong>quam</strong></span> <span class='ocrx_word' id='word_1_550' title='bbox 1321 1176 1350 1196; x_wconf 87' lang='lat' dir='ltr'><strong>se</strong></span> <span class='ocrx_word' id='word_1_551' title='bbox 1366 1176 1459 1196; x_wconf 93' lang='lat' dir='ltr'><strong>omnes</strong></span> <span class='ocrx_word' id='word_1_552' title='bbox 1471 1169 1587 1196; x_wconf 86' lang='lat' dir='ltr'><strong>clamant</strong></span> <span class='ocrx_word' id='word_1_553' title='bbox 1598 1175 1735 1204; x_wconf 66' lang='lat' dir='ltr'><strong>quaerere,</strong></span> <span class='ocrx_word' id='word_1_554' title='bbox 1750 1167 1826 1202; x_wconf 87' lang='lat' dir='ltr'><strong>pauci</strong></span> <span class='ocrx_word' id='word_1_555' title='bbox 1839 1175 1889 1194; x_wconf 89' lang='lat' dir='ltr'><strong>au-</strong></span> 
     </span>
    </p>
   </div>
   <div class='ocr_carea' id='block_1_72' title="bbox 1094 1212 1887 1250">
    <p class='ocr_par' dir='ltr' id='par_1_72' title="bbox 1094 1212 1887 1250">
     <span class='ocr_line' id='line_1_72' title="bbox 1094 1212 1887 1250; baseline -0.004 -8"><span class='ocrx_word' id='word_1_556' title='bbox 1094 1220 1147 1243; x_wconf 91' lang='lat' dir='ltr'><strong>tem</strong></span> <span class='ocrx_word' id='word_1_557' title='bbox 1164 1219 1225 1242; x_wconf 89' lang='lat' dir='ltr'><strong>sunt</strong></span> <span class='ocrx_word' id='word_1_558' title='bbox 1238 1214 1282 1250; x_wconf 90' lang='lat' dir='ltr'><strong>qui</strong></span> <span class='ocrx_word' id='word_1_559' title='bbox 1293 1222 1351 1242; x_wconf 89' lang='lat' dir='ltr'><strong>eam</strong></span> <span class='ocrx_word' id='word_1_560' title='bbox 1363 1222 1425 1242; x_wconf 91' lang='lat' dir='ltr'><strong>vere</strong></span> <span class='ocrx_word' id='word_1_561' title='bbox 1437 1222 1466 1242; x_wconf 88' lang='lat' dir='ltr'><strong>se</strong></span> <span class='ocrx_word' id='word_1_562' title='bbox 1477 1213 1611 1241; x_wconf 86' lang='lat' dir='ltr'><strong>invenisse</strong></span> <span class='ocrx_word' id='word_1_563' title='bbox 1623 1214 1755 1241; x_wconf 68' lang='lat' dir='ltr'><strong>laetentur.</strong></span> <span class='ocrx_word' id='word_1_564' title='bbox 1766 1212 1818 1240; x_wconf 79' lang='lat' dir='ltr'><strong>Sed</strong></span> <span class='ocrx_word' id='word_1_565' title='bbox 1829 1212 1887 1247; x_wconf 88' lang='lat' dir='ltr'><strong>jam</strong></span> 
     </span>
    </p>
   </div>
   <div class='ocr_carea' id='block_1_73' title="bbox 1094 1259 1889 1294">
    <p class='ocr_par' dir='ltr' id='par_1_73' title="bbox 1094 1259 1889 1294">
     <span class='ocr_line' id='line_1_73' title="bbox 1094 1259 1889 1294; baseline -0.004 -7"><span class='ocrx_word' id='word_1_566' title='bbox 1094 1261 1157 1287; x_wconf 90' lang='lat' dir='ltr'><strong>mihi</strong></span> <span class='ocrx_word' id='word_1_567' title='bbox 1177 1260 1249 1287; x_wconf 88' lang='lat' dir='ltr'><strong>dicas</strong></span> <span class='ocrx_word' id='word_1_568' title='bbox 1268 1260 1369 1293; x_wconf 87' lang='lat' dir='ltr'><strong>velim,</strong></span> <span class='ocrx_word' id='word_1_569' title='bbox 1390 1259 1453 1294; x_wconf 89' lang='lat' dir='ltr'><strong>quid</strong></span> <span class='ocrx_word' id='word_1_570' title='bbox 1479 1259 1513 1287; x_wconf 92' lang='lat' dir='ltr'><strong>de</strong></span> <span class='ocrx_word' id='word_1_571' title='bbox 1533 1260 1584 1287; x_wconf 91' lang='lat' dir='ltr'><strong>hoc</strong></span> <span class='ocrx_word' id='word_1_572' title='bbox 1606 1263 1662 1287; x_wconf 92' lang='lat' dir='ltr'><strong>toto</strong></span> <span class='ocrx_word' id='word_1_573' title='bbox 1683 1266 1743 1286; x_wconf 89' lang='lat' dir='ltr'><strong>meo</strong></span> <span class='ocrx_word' id='word_1_574' title='bbox 1762 1265 1889 1285; x_wconf 85' lang='lat' dir='ltr'><strong>sermone</strong></span> 
     </span>
    </p>
   </div>
   <div class='ocr_carea' id='block_1_74' title="bbox 1094 1303 1887 1340">
    <p class='ocr_par' dir='ltr' id='par_1_74' title="bbox 1094 1303 1887 1340">
     <span class='ocr_line' id='line_1_74' title="bbox 1094 1303 1887 1340; baseline -0.005 -6"><span class='ocrx_word' id='word_1_575' title='bbox 1094 1306 1202 1334; x_wconf 85' lang='lat' dir='ltr'><strong>sentias.</strong></span> <span class='ocrx_word' id='word_1_576' title='bbox 1219 1306 1245 1333; x_wconf 91' lang='lat' dir='ltr'><strong>Si</strong></span> <span class='ocrx_word' id='word_1_577' title='bbox 1256 1306 1325 1333; x_wconf 90' lang='lat' dir='ltr'><strong>enim</strong></span> <span class='ocrx_word' id='word_1_578' title='bbox 1337 1313 1398 1332; x_wconf 89' lang='lat' dir='ltr'><strong>vera</strong></span> <span class='ocrx_word' id='word_1_579' title='bbox 1411 1313 1470 1333; x_wconf 87' lang='lat' dir='ltr'><strong>esse</strong></span> <span class='ocrx_word' id='word_1_580' title='bbox 1482 1312 1541 1340; x_wconf 65' lang='lat' dir='ltr'><strong>qua:</strong></span> <span class='ocrx_word' id='word_1_581' title='bbox 1554 1304 1624 1331; x_wconf 89' lang='lat' dir='ltr'><strong>dicta</strong></span> <span class='ocrx_word' id='word_1_582' title='bbox 1635 1307 1698 1331; x_wconf 88' lang='lat' dir='ltr'><strong>sunt</strong></span> <span class='ocrx_word' id='word_1_583' title='bbox 1710 1303 1789 1337; x_wconf 84' lang='lat' dir='ltr'><strong>nosti,</strong></span> <span class='ocrx_word' id='word_1_584' title='bbox 1805 1303 1887 1330; x_wconf 84' lang='lat' dir='ltr'><strong>etiam</strong></span> 
     </span>
    </p>
   </div>
   <div class='ocr_carea' id='block_1_75' title="bbox 1094 1349 1886 1387">
    <p class='ocr_par' dir='ltr' id='par_1_75' title="bbox 1094 1349 1886 1387">
     <span class='ocr_line' id='line_1_75' title="bbox 1094 1349 1886 1387; baseline -0.004 -8"><span class='ocrx_word' id='word_1_585' title='bbox 1094 1353 1127 1379; x_wconf 89' lang='lat' dir='ltr'><strong>de</strong></span> <span class='ocrx_word' id='word_1_586' title='bbox 1139 1352 1249 1387; x_wconf 86' lang='lat' dir='ltr'><strong>singulis</strong></span> <span class='ocrx_word' id='word_1_587' title='bbox 1259 1352 1397 1379; x_wconf 88' lang='lat' dir='ltr'><strong>sententiis</strong></span> <span class='ocrx_word' id='word_1_588' title='bbox 1410 1352 1586 1386; x_wconf 86' lang='lat' dir='ltr'><strong>interrogatus</strong></span> <span class='ocrx_word' id='word_1_589' title='bbox 1596 1358 1627 1378; x_wconf 90' lang='lat' dir='ltr'><strong>ea</strong></span> <span class='ocrx_word' id='word_1_590' title='bbox 1639 1355 1664 1378; x_wconf 89' lang='lat' dir='ltr'><strong>te</strong></span> <span class='ocrx_word' id='word_1_591' title='bbox 1676 1350 1745 1377; x_wconf 85' lang='lat' dir='ltr'><strong>scire</strong></span> <span class='ocrx_word' id='word_1_592' title='bbox 1753 1349 1886 1377; x_wconf 78' lang='lat' dir='ltr'><strong>dixisses:</strong></span> 
     </span>
    </p>
   </div>
   <div class='ocr_carea' id='block_1_76' title="bbox 1093 1395 1887 1433">
    <p class='ocr_par' dir='ltr' id='par_1_76' title="bbox 1093 1395 1887 1433">
     <span class='ocr_line' id='line_1_76' title="bbox 1093 1395 1887 1433; baseline -0.001 -10"><span class='ocrx_word' id='word_1_593' title='bbox 1093 1399 1168 1427; x_wconf 73' lang='lat' dir='ltr'><strong>vides</strong></span> <span class='ocrx_word' id='word_1_594' title='bbox 1181 1406 1243 1433; x_wconf 83' lang='lat' dir='ltr'><strong>ergo</strong></span> <span class='ocrx_word' id='word_1_595' title='bbox 1256 1406 1270 1424; x_wconf 90' lang='lat' dir='ltr'><strong>a</strong></span> <span class='ocrx_word' id='word_1_596' title='bbox 1285 1406 1336 1432; x_wconf 89' lang='lat' dir='ltr'><strong>quo</strong></span> <span class='ocrx_word' id='word_1_597' title='bbox 1347 1398 1395 1425; x_wconf 88' lang='lat' dir='ltr'><strong>ista</strong></span> <span class='ocrx_word' id='word_1_598' title='bbox 1410 1397 1535 1425; x_wconf 87' lang='lat' dir='ltr'><strong>didiceris</strong></span> <span class='ocrx_word' id='word_1_599' title='bbox 1547 1405 1553 1428; x_wconf 90' lang='lat'><strong>;</strong></span> <span class='ocrx_word' id='word_1_600' title='bbox 1574 1404 1660 1431; x_wconf 90' lang='lat' dir='ltr'><strong>neque</strong></span> <span class='ocrx_word' id='word_1_601' title='bbox 1672 1395 1742 1423; x_wconf 90' lang='lat' dir='ltr'><strong>enim</strong></span> <span class='ocrx_word' id='word_1_602' title='bbox 1753 1404 1768 1423; x_wconf 93' lang='lat' dir='ltr'><strong>a</strong></span> <span class='ocrx_word' id='word_1_603' title='bbox 1779 1403 1833 1430; x_wconf 89' lang='lat' dir='ltr'><strong>me,</strong></span> <span class='ocrx_word' id='word_1_604' title='bbox 1843 1395 1887 1423; x_wconf 88' lang='lat' dir='ltr'><strong>cui</strong></span> 
     </span>
    </p>
   </div>
   <div class='ocr_carea' id='block_1_77' title="bbox 1093 1441 1887 1480">
    <p class='ocr_par' dir='ltr' id='par_1_77' title="bbox 1093 1441 1887 1480">
     <span class='ocr_line' id='line_1_77' title="bbox 1093 1441 1887 1480; baseline -0.006 -8"><span class='ocrx_word' id='word_1_605' title='bbox 1093 1443 1196 1480; x_wconf 87' lang='lat' dir='ltr'><strong>roganti</strong></span> <span class='ocrx_word' id='word_1_606' title='bbox 1218 1443 1306 1469; x_wconf 80' lang='lat' dir='ltr'><strong>omnia</strong></span> <span class='ocrx_word' id='word_1_607' title='bbox 1322 1441 1507 1477; x_wconf 88' lang='lat' dir='ltr'><strong>responderes.</strong></span> <span class='ocrx_word' id='word_1_608' title='bbox 1529 1441 1555 1468; x_wconf 91' lang='lat' dir='ltr'><strong>Si</strong></span> <span class='ocrx_word' id='word_1_609' title='bbox 1573 1445 1661 1468; x_wconf 87' lang='lat' dir='ltr'><strong>autem</strong></span> <span class='ocrx_word' id='word_1_610' title='bbox 1674 1448 1736 1468; x_wconf 81' lang='lat' dir='ltr'><strong>vera</strong></span> <span class='ocrx_word' id='word_1_611' title='bbox 1753 1447 1813 1468; x_wconf 85' lang='lat' dir='ltr'><strong>esse</strong></span> <span class='ocrx_word' id='word_1_612' title='bbox 1833 1447 1887 1467; x_wconf 90' lang='lat' dir='ltr'><strong>non</strong></span> 
     </span>
    </p>
   </div>
   <div class='ocr_carea' id='block_1_78' title="bbox 1094 1485 1885 1522">
    <p class='ocr_par' dir='ltr' id='par_1_78' title="bbox 1094 1485 1885 1522">
     <span class='ocr_line' id='line_1_78' title="bbox 1094 1485 1885 1522; baseline -0.008 -5"><span class='ocrx_word' id='word_1_613' title='bbox 1094 1490 1177 1522; x_wconf 71' lang='lat' dir='ltr'><strong>nosti,</strong></span> <span class='ocrx_word' id='word_1_614' title='bbox 1206 1496 1255 1517; x_wconf 88' lang='lat' dir='ltr'><strong>nec</strong></span> <span class='ocrx_word' id='word_1_615' title='bbox 1278 1495 1327 1522; x_wconf 77' lang='lat' dir='ltr'><strong>ego</strong></span> <span class='ocrx_word' id='word_1_616' title='bbox 1348 1495 1397 1514; x_wconf 87' lang='lat' dir='ltr'><strong>nec</strong></span> <span class='ocrx_word' id='word_1_617' title='bbox 1419 1487 1463 1514; x_wconf 92' lang='lat' dir='ltr'><strong>ille</strong></span> <span class='ocrx_word' id='word_1_618' title='bbox 1484 1491 1510 1514; x_wconf 90' lang='lat' dir='ltr'><strong>te</strong></span> <span class='ocrx_word' id='word_1_619' title='bbox 1527 1486 1619 1514; x_wconf 86' lang='lat' dir='ltr'><strong>docuit</strong></span> <span class='ocrx_word' id='word_1_620' title='bbox 1640 1495 1648 1513; x_wconf 92' lang='lat'>:</span> <span class='ocrx_word' id='word_1_621' title='bbox 1671 1485 1718 1513; x_wconf 89' lang='lat' dir='ltr'><strong>sed</strong></span> <span class='ocrx_word' id='word_1_622' title='bbox 1741 1493 1807 1520; x_wconf 85' lang='lat' dir='ltr'><strong>ego,</strong></span> <span class='ocrx_word' id='word_1_623' title='bbox 1822 1485 1885 1520; x_wconf 83' lang='lat' dir='ltr'><strong>quia</strong></span> 
     </span>
    </p>
   </div>
   <div class='ocr_carea' id='block_1_79' title="bbox 1094 1532 1888 1571">
    <p class='ocr_par' dir='ltr' id='par_1_79' title="bbox 1094 1532 1888 1571">
     <span class='ocr_line' id='line_1_79' title="bbox 1094 1532 1888 1571; baseline -0.005 -8"><span class='ocrx_word' id='word_1_624' title='bbox 1094 1544 1227 1571; x_wconf 89' lang='lat' dir='ltr'><strong>nunquam</strong></span> <span class='ocrx_word' id='word_1_625' title='bbox 1244 1543 1352 1571; x_wconf 69' lang='lat' dir='ltr'><strong>possunt</strong></span> <span class='ocrx_word' id='word_1_626' title='bbox 1378 1534 1491 1566; x_wconf 79' lang='lat' dir='ltr'><strong>docere;</strong></span> <span class='ocrx_word' id='word_1_627' title='bbox 1508 1533 1572 1566; x_wconf 89' lang='lat' dir='ltr'><strong>ille,</strong></span> <span class='ocrx_word' id='word_1_628' title='bbox 1596 1533 1657 1568; x_wconf 89' lang='lat' dir='ltr'><strong>quia</strong></span> <span class='ocrx_word' id='word_1_629' title='bbox 1682 1538 1708 1560; x_wconf 94' lang='lat' dir='ltr'><strong>tu</strong></span> <span class='ocrx_word' id='word_1_630' title='bbox 1732 1532 1819 1559; x_wconf 90' lang='lat' dir='ltr'><strong>adhuc</strong></span> <span class='ocrx_word' id='word_1_631' title='bbox 1833 1539 1888 1559; x_wconf 90' lang='lat' dir='ltr'><strong>non</strong></span> 
     </span>
    </p>
   </div>
   <div class='ocr_carea' id='block_1_80' title="bbox 1094 1578 1888 1617">
    <p class='ocr_par' dir='ltr' id='par_1_80' title="bbox 1094 1578 1888 1617">
     <span class='ocr_line' id='line_1_80' title="bbox 1094 1578 1888 1617; baseline -0.006 -8"><span class='ocrx_word' id='word_1_632' title='bbox 1094 1587 1169 1617; x_wconf 90' lang='lat' dir='ltr'><strong>potes</strong></span> <span class='ocrx_word' id='word_1_633' title='bbox 1184 1582 1297 1610; x_wconf 86' lang='lat' dir='ltr'><strong>discere.</strong></span> <span class='ocrx_word' id='word_1_634' title='bbox 1316 1582 1367 1608; x_wconf 78' lang='lat' dir='ltr'><strong>Ad.</strong></span> <span class='ocrx_word' id='word_1_635' title='bbox 1384 1580 1440 1615; x_wconf 77' lang='lat' dir='ltr'><strong>Ego</strong></span> <span class='ocrx_word' id='word_1_636' title='bbox 1454 1587 1517 1606; x_wconf 90' lang='lat' dir='ltr'><strong>vero</strong></span> <span class='ocrx_word' id='word_1_637' title='bbox 1532 1579 1612 1606; x_wconf 88' lang='lat' dir='ltr'><strong>didici</strong></span> <span class='ocrx_word' id='word_1_638' title='bbox 1632 1578 1813 1606; x_wconf 89' lang='lat' dir='ltr'><strong>admonitione</strong></span> <span class='ocrx_word' id='word_1_639' title='bbox 1824 1585 1888 1604; x_wconf 88' lang='lat' dir='ltr'><strong>vcr-</strong></span> 
     </span>
    </p>
   </div>
   <div class='ocr_carea' id='block_1_81' title="bbox 1095 1623 1888 1660">
    <p class='ocr_par' dir='ltr' id='par_1_81' title="bbox 1095 1623 1888 1660">
     <span class='ocr_line' id='line_1_81' title="bbox 1095 1623 1888 1660; baseline -0.006 -4"><span class='ocrx_word' id='word_1_640' title='bbox 1095 1629 1187 1656; x_wconf 88' lang='lat' dir='ltr'><strong>borum</strong></span> <span class='ocrx_word' id='word_1_641' title='bbox 1200 1634 1304 1655; x_wconf 91' lang='lat' dir='ltr'><strong>tuorum</strong></span> <span class='ocrx_word' id='word_1_642' title='bbox 1313 1649 1319 1660; x_wconf 92' lang='lat'><strong>,</strong></span> <span class='ocrx_word' id='word_1_643' title='bbox 1336 1628 1398 1655; x_wconf 85' lang='lat' dir='ltr'><strong>nihil</strong></span> <span class='ocrx_word' id='word_1_644' title='bbox 1412 1625 1484 1654; x_wconf 88' lang='lat' dir='ltr'><strong>aliud</strong></span> <span class='ocrx_word' id='word_1_645' title='bbox 1497 1625 1584 1652; x_wconf 89' lang='lat' dir='ltr'><strong>verbis</strong></span> <span class='ocrx_word' id='word_1_646' title='bbox 1597 1633 1676 1660; x_wconf 89' lang='lat' dir='ltr'><strong>quam</strong></span> <span class='ocrx_word' id='word_1_647' title='bbox 1689 1624 1826 1652; x_wconf 86' lang='lat' dir='ltr'><strong>admoneri</strong></span> <span class='ocrx_word' id='word_1_648' title='bbox 1837 1623 1888 1651; x_wconf 90' lang='lat' dir='ltr'><strong>ho-</strong></span> 
     </span>
    </p>
   </div>
   <div class='ocr_carea' id='block_1_82' title="bbox 1095 1668 1889 1708">
    <p class='ocr_par' dir='ltr' id='par_1_82' title="bbox 1095 1668 1889 1708">
     <span class='ocr_line' id='line_1_82' title="bbox 1095 1668 1889 1708; baseline -0.006 -7"><span class='ocrx_word' id='word_1_649' title='bbox 1095 1675 1192 1701; x_wconf 88' lang='lat' dir='ltr'><strong>minem</strong></span> <span class='ocrx_word' id='word_1_650' title='bbox 1210 1679 1238 1701; x_wconf 92' lang='lat' dir='ltr'><strong>ut</strong></span> <span class='ocrx_word' id='word_1_651' title='bbox 1263 1674 1364 1707; x_wconf 86' lang='lat' dir='ltr'><strong>discat,</strong></span> <span class='ocrx_word' id='word_1_652' title='bbox 1385 1678 1410 1700; x_wconf 90' lang='lat' dir='ltr'><strong>et</strong></span> <span class='ocrx_word' id='word_1_653' title='bbox 1431 1679 1574 1708; x_wconf 81' lang='lat' dir='ltr'><strong>perparum</strong></span> <span class='ocrx_word' id='word_1_654' title='bbox 1588 1677 1647 1698; x_wconf 90' lang='lat' dir='ltr'><strong>esse</strong></span> <span class='ocrx_word' id='word_1_655' title='bbox 1662 1670 1732 1705; x_wconf 88' lang='lat' dir='ltr'><strong>quod</strong></span> <span class='ocrx_word' id='word_1_656' title='bbox 1750 1677 1798 1705; x_wconf 84' lang='lat' dir='ltr'><strong>per</strong></span> <span class='ocrx_word' id='word_1_657' title='bbox 1812 1668 1889 1696; x_wconf 87' lang='lat' dir='ltr'><strong>locu-</strong></span> 
     </span>
    </p>
   </div>
   <div class='ocr_carea' id='block_1_83' title="bbox 1096 1715 1889 1754">
    <p class='ocr_par' dir='ltr' id='par_1_83' title="bbox 1096 1715 1889 1754">
     <span class='ocr_line' id='line_1_83' title="bbox 1096 1715 1889 1754; baseline -0.006 -8"><span class='ocrx_word' id='word_1_658' title='bbox 1096 1719 1194 1746; x_wconf 87' lang='lat' dir='ltr'><strong>tionem</strong></span> <span class='ocrx_word' id='word_1_659' title='bbox 1210 1719 1341 1754; x_wconf 85' lang='lat' dir='ltr'><strong>aliquanta</strong></span> <span class='ocrx_word' id='word_1_660' title='bbox 1357 1719 1482 1754; x_wconf 86' lang='lat' dir='ltr'><strong>cogitatio</strong></span> <span class='ocrx_word' id='word_1_661' title='bbox 1497 1715 1633 1752; x_wconf 75' lang='lat' dir='ltr'><strong>loquentis</strong></span> <span class='ocrx_word' id='word_1_662' title='bbox 1653 1719 1763 1751; x_wconf 87' lang='lat' dir='ltr'><strong>apparet</strong></span> <span class='ocrx_word' id='word_1_663' title='bbox 1776 1724 1783 1742; x_wconf 86' lang='lat'><strong>:</strong></span> <span class='ocrx_word' id='word_1_664' title='bbox 1798 1719 1889 1741; x_wconf 86' lang='lat' dir='ltr'><strong>utrum</strong></span> 
     </span>
    </p>
   </div>
   <div class='ocr_carea' id='block_1_84' title="bbox 1096 1760 1890 1797">
    <p class='ocr_par' dir='ltr' id='par_1_84' title="bbox 1096 1760 1890 1797">
     <span class='ocr_line' id='line_1_84' title="bbox 1096 1760 1890 1797; baseline -0.004 -6"><span class='ocrx_word' id='word_1_665' title='bbox 1096 1770 1184 1793; x_wconf 84' lang='lat' dir='ltr'><strong>autem</strong></span> <span class='ocrx_word' id='word_1_666' title='bbox 1199 1773 1259 1791; x_wconf 86' lang='lat' dir='ltr'><strong>vera</strong></span> <span class='ocrx_word' id='word_1_667' title='bbox 1270 1764 1402 1797; x_wconf 83' lang='lat' dir='ltr'><strong>dicantur,</strong></span> <span class='ocrx_word' id='word_1_668' title='bbox 1414 1772 1475 1791; x_wconf 80' lang='lat' dir='ltr'><strong>eluit</strong></span> <span class='ocrx_word' id='word_1_669' title='bbox 1489 1763 1586 1790; x_wconf 87' lang='lat' dir='ltr'><strong>docere</strong></span> <span class='ocrx_word' id='word_1_670' title='bbox 1598 1761 1697 1793; x_wconf 84' lang='lat' dir='ltr'><strong>solum.</strong></span> <span class='ocrx_word' id='word_1_671' title='bbox 1713 1760 1758 1795; x_wconf 87' lang='lat' dir='ltr'><strong>qui</strong></span> <span class='ocrx_word' id='word_1_672' title='bbox 1773 1767 1802 1787; x_wconf 84' lang='lat' dir='ltr'><strong>se</strong></span> <span class='ocrx_word' id='word_1_673' title='bbox 1816 1760 1890 1786; x_wconf 79' lang='lat' dir='ltr'><strong>intus</strong></span> 
     </span>
    </p>
   </div>
   <div class='ocr_carea' id='block_1_85' title="bbox 1097 1805 1889 1844">
    <p class='ocr_par' dir='ltr' id='par_1_85' title="bbox 1097 1805 1889 1844">
     <span class='ocr_line' id='line_1_85' title="bbox 1097 1805 1889 1844; baseline -0.009 -6"><span class='ocrx_word' id='word_1_674' title='bbox 1097 1811 1233 1843; x_wconf 84' lang='lat' dir='ltr'><strong>habitare,</strong></span> <span class='ocrx_word' id='word_1_675' title='bbox 1263 1818 1322 1837; x_wconf 90' lang='lat' dir='ltr'><strong>cum</strong></span> <span class='ocrx_word' id='word_1_676' title='bbox 1348 1810 1411 1837; x_wconf 75' lang='lat' dir='ltr'><strong>foris</strong></span> <span class='ocrx_word' id='word_1_677' title='bbox 1430 1810 1602 1844; x_wconf 89' lang='lat' dir='ltr'><strong>loqueretur,</strong></span> <span class='ocrx_word' id='word_1_678' title='bbox 1633 1805 1791 1838; x_wconf 84' lang='lat' dir='ltr'><strong>admonuit;</strong></span> <span class='ocrx_word' id='word_1_679' title='bbox 1809 1812 1889 1840; x_wconf 86' lang='lat' dir='ltr'><strong>quem</strong></span> 
     </span>
    </p>
   </div>
   <div class='ocr_carea' id='block_1_86' title="bbox 1093 1852 1891 1891">
    <p class='ocr_par' dir='ltr' id='par_1_86' title="bbox 1093 1852 1891 1891">
     <span class='ocr_line' id='line_1_86' title="bbox 1093 1852 1891 1891; baseline -0.009 -8"><span class='ocrx_word' id='word_1_680' title='bbox 1093 1857 1147 1891; x_wconf 90' lang='lat' dir='ltr'><strong>jam</strong></span> <span class='ocrx_word' id='word_1_681' title='bbox 1160 1877 1167 1889; x_wconf 87' lang='lat'><strong>,</strong></span> <span class='ocrx_word' id='word_1_682' title='bbox 1189 1857 1293 1882; x_wconf 79' lang='lat' dir='ltr'><strong>favente</strong></span> <span class='ocrx_word' id='word_1_683' title='bbox 1318 1855 1393 1890; x_wconf 70' lang='lat' dir='ltr'><strong>ipso,</strong></span> <span class='ocrx_word' id='word_1_684' title='bbox 1411 1858 1484 1881; x_wconf 87' lang='lat' dir='ltr'><strong>tanto</strong></span> <span class='ocrx_word' id='word_1_685' title='bbox 1499 1853 1633 1881; x_wconf 87' lang='lat' dir='ltr'><strong>ardentius</strong></span> <span class='ocrx_word' id='word_1_686' title='bbox 1645 1852 1752 1888; x_wconf 86' lang='lat' dir='ltr'><strong>diligam</strong></span> <span class='ocrx_word' id='word_1_687' title='bbox 1763 1871 1772 1886; x_wconf 83' lang='lat'><strong>,</strong></span> <span class='ocrx_word' id='word_1_688' title='bbox 1787 1854 1891 1886; x_wconf 86' lang='lat' dir='ltr'><strong>quanto</strong></span> 
     </span>
    </p>
   </div>
   <div class='ocr_carea' id='block_1_87' title="bbox 1095 1897 1887 1935">
    <p class='ocr_par' dir='ltr' id='par_1_87' title="bbox 1095 1897 1887 1935">
     <span class='ocr_line' id='line_1_87' title="bbox 1095 1897 1887 1935; baseline -0.009 -6"><span class='ocrx_word' id='word_1_689' title='bbox 1095 1910 1142 1929; x_wconf 89' lang='lat' dir='ltr'><strong>cro</strong></span> <span class='ocrx_word' id='word_1_690' title='bbox 1171 1902 1196 1928; x_wconf 95' lang='lat' dir='ltr'><strong>in</strong></span> <span class='ocrx_word' id='word_1_691' title='bbox 1216 1901 1342 1929; x_wconf 82' lang='lat' dir='ltr'><strong>discendo</strong></span> <span class='ocrx_word' id='word_1_692' title='bbox 1362 1901 1523 1935; x_wconf 83' lang='lat' dir='ltr'><strong>prevectior.</strong></span> <span class='ocrx_word' id='word_1_693' title='bbox 1546 1900 1734 1927; x_wconf 65' lang='lat' dir='ltr'><strong>Verumtamen</strong></span> <span class='ocrx_word' id='word_1_694' title='bbox 1748 1897 1811 1925; x_wconf 81' lang='lat' dir='ltr'><strong>huic</strong></span> <span class='ocrx_word' id='word_1_695' title='bbox 1823 1903 1887 1922; x_wconf 86' lang='lat' dir='ltr'><strong>ora-</strong></span> 
     </span>
    </p>
   </div>
   <div class='ocr_carea' id='block_1_88' title="bbox 1096 1940 1888 1984">
    <p class='ocr_par' dir='ltr' id='par_1_88' title="bbox 1096 1940 1888 1984">
     <span class='ocr_line' id='line_1_88' title="bbox 1096 1940 1888 1984; baseline -0.009 -9"><span class='ocrx_word' id='word_1_696' title='bbox 1096 1949 1160 1975; x_wconf 87' lang='lat' dir='ltr'><strong>tioni</strong></span> <span class='ocrx_word' id='word_1_697' title='bbox 1189 1952 1255 1980; x_wconf 75' lang='lat' dir='ltr'><strong>tur,</strong></span> <span class='ocrx_word' id='word_1_698' title='bbox 1277 1954 1329 1982; x_wconf 88' lang='lat' dir='ltr'><strong>qua</strong></span> <span class='ocrx_word' id='word_1_699' title='bbox 1357 1950 1483 1984; x_wconf 78' lang='lat' dir='ltr'><strong>perpetua</strong></span> <span class='ocrx_word' id='word_1_700' title='bbox 1510 1953 1575 1973; x_wconf 89' lang='lat' dir='ltr'><strong>usus</strong></span> <span class='ocrx_word' id='word_1_701' title='bbox 1601 1952 1651 1977; x_wconf 87' lang='lat' dir='ltr'><strong>es,</strong></span> <span class='ocrx_word' id='word_1_702' title='bbox 1675 1944 1709 1971; x_wconf 93' lang='lat' dir='ltr'><strong>ob</strong></span> <span class='ocrx_word' id='word_1_703' title='bbox 1729 1943 1781 1984; x_wconf 82' lang='lat' dir='ltr'><strong>hoe</strong></span> <span class='ocrx_word' id='word_1_704' title='bbox 1802 1940 1888 1969; x_wconf 76' lang='lat' dir='ltr'><strong>habeo</strong></span> 
     </span>
    </p>
   </div>
   <div class='ocr_carea' id='block_1_89' title="bbox 1096 1989 1889 2029">
    <p class='ocr_par' dir='ltr' id='par_1_89' title="bbox 1096 1989 1889 2029">
     <span class='ocr_line' id='line_1_89' title="bbox 1096 1989 1889 2029; baseline -0.008 -8"><span class='ocrx_word' id='word_1_705' title='bbox 1096 1995 1209 2021; x_wconf 78' lang='lat' dir='ltr'><strong>maxime</strong></span> <span class='ocrx_word' id='word_1_706' title='bbox 1222 1994 1348 2029; x_wconf 81' lang='lat' dir='ltr'><strong>gratiam,</strong></span> <span class='ocrx_word' id='word_1_707' title='bbox 1364 1991 1433 2027; x_wconf 89' lang='lat' dir='ltr'><strong>quod</strong></span> <span class='ocrx_word' id='word_1_708' title='bbox 1447 1991 1535 2019; x_wconf 91' lang='lat' dir='ltr'><strong>omnia</strong></span> <span class='ocrx_word' id='word_1_709' title='bbox 1550 1999 1608 2026; x_wconf 74' lang='lat' dir='ltr'><strong>qum</strong></span> <span class='ocrx_word' id='word_1_710' title='bbox 1618 1989 1799 2018; x_wconf 79' lang='lat' dir='ltr'><strong>contradicere</strong></span> <span class='ocrx_word' id='word_1_711' title='bbox 1810 1996 1889 2023; x_wconf 83' lang='lat' dir='ltr'><strong>para-</strong></span> 
     </span>
    </p>
   </div>
   <div class='ocr_carea' id='block_1_90' title="bbox 1095 2034 1891 2073">
    <p class='ocr_par' dir='ltr' id='par_1_90' title="bbox 1095 2034 1891 2073">
     <span class='ocr_line' id='line_1_90' title="bbox 1095 2034 1891 2073; baseline -0.009 -6"><span class='ocrx_word' id='word_1_712' title='bbox 1095 2045 1138 2067; x_wconf 92' lang='lat' dir='ltr'><strong>tus</strong></span> <span class='ocrx_word' id='word_1_713' title='bbox 1164 2047 1236 2067; x_wconf 89' lang='lat' dir='ltr'><strong>eram</strong></span> <span class='ocrx_word' id='word_1_714' title='bbox 1250 2060 1257 2072; x_wconf 95' lang='lat'><strong>,</strong></span> <span class='ocrx_word' id='word_1_715' title='bbox 1284 2037 1480 2073; x_wconf 69' lang='lat' dir='ltr'><strong>prreoceupavit</strong></span> <span class='ocrx_word' id='word_1_716' title='bbox 1502 2041 1582 2072; x_wconf 83' lang='lat' dir='ltr'><strong>atque</strong></span> <span class='ocrx_word' id='word_1_717' title='bbox 1603 2035 1740 2068; x_wconf 86' lang='lat' dir='ltr'><strong>dissolvit;</strong></span> <span class='ocrx_word' id='word_1_718' title='bbox 1770 2034 1891 2069; x_wconf 86' lang='lat' dir='ltr'><strong>nihilque</strong></span> 
     </span>
    </p>
   </div>
   <div class='ocr_carea' id='block_1_91' title="bbox 1096 2080 1892 2118">
    <p class='ocr_par' dir='ltr' id='par_1_91' title="bbox 1096 2080 1892 2118">
     <span class='ocr_line' id='line_1_91' title="bbox 1096 2080 1892 2118; baseline -0.008 -5"><span class='ocrx_word' id='word_1_719' title='bbox 1096 2087 1206 2113; x_wconf 89' lang='lat' dir='ltr'><strong>omnino</strong></span> <span class='ocrx_word' id='word_1_720' title='bbox 1221 2085 1268 2112; x_wconf 91' lang='lat' dir='ltr'><strong>abs</strong></span> <span class='ocrx_word' id='word_1_721' title='bbox 1284 2090 1309 2112; x_wconf 92' lang='lat' dir='ltr'><strong>te</strong></span> <span class='ocrx_word' id='word_1_722' title='bbox 1328 2085 1484 2112; x_wconf 89' lang='lat' dir='ltr'><strong>derelictum</strong></span> <span class='ocrx_word' id='word_1_723' title='bbox 1507 2086 1563 2115; x_wconf 86' lang='lat' dir='ltr'><strong>est,</strong></span> <span class='ocrx_word' id='word_1_724' title='bbox 1581 2082 1651 2118; x_wconf 89' lang='lat' dir='ltr'><strong>quod</strong></span> <span class='ocrx_word' id='word_1_725' title='bbox 1666 2089 1709 2110; x_wconf 88' lang='lat' dir='ltr'><strong>me</strong></span> <span class='ocrx_word' id='word_1_726' title='bbox 1729 2081 1840 2109; x_wconf 87' lang='lat' dir='ltr'><strong>dubium</strong></span> <span class='ocrx_word' id='word_1_727' title='bbox 1856 2080 1892 2107; x_wconf 68' lang='grc' dir='ltr'><strong>ῆι-</strong></span> 
     </span>
    </p>
   </div>
   <div class='ocr_carea' id='block_1_92' title="bbox 1095 2128 1891 2166">
    <p class='ocr_par' dir='ltr' id='par_1_92' title="bbox 1095 2128 1891 2166">
     <span class='ocr_line' id='line_1_92' title="bbox 1095 2128 1891 2166; baseline -0.008 -6"><span class='ocrx_word' id='word_1_728' title='bbox 1095 2133 1199 2164; x_wconf 89' lang='lat' dir='ltr'><strong>ciebat,</strong></span> <span class='ocrx_word' id='word_1_729' title='bbox 1223 2131 1257 2158; x_wconf 91' lang='lat' dir='ltr'><strong>de</strong></span> <span class='ocrx_word' id='word_1_730' title='bbox 1277 2138 1329 2166; x_wconf 91' lang='lat' dir='ltr'><strong>quo</strong></span> <span class='ocrx_word' id='word_1_731' title='bbox 1353 2138 1405 2157; x_wconf 94' lang='lat' dir='ltr'><strong>non</strong></span> <span class='ocrx_word' id='word_1_732' title='bbox 1419 2130 1454 2157; x_wconf 89' lang='lat' dir='ltr'><strong>ita</strong></span> <span class='ocrx_word' id='word_1_733' title='bbox 1478 2129 1543 2156; x_wconf 91' lang='lat' dir='ltr'><strong>mihi</strong></span> <span class='ocrx_word' id='word_1_734' title='bbox 1558 2128 1732 2164; x_wconf 83' lang='lat' dir='ltr'><strong>responderet</strong></span> <span class='ocrx_word' id='word_1_735' title='bbox 1755 2131 1891 2155; x_wconf 85' lang='lat' dir='ltr'><strong>secretum</strong></span> 
     </span>
    </p>
   </div>
   <div class='ocr_carea' id='block_1_93' title="bbox 1096 2173 1766 2209">
    <p class='ocr_par' dir='ltr' id='par_1_93' title="bbox 1096 2173 1766 2209">
     <span class='ocr_line' id='line_1_93' title="bbox 1096 2173 1766 2209; baseline -0.007 -4"><span class='ocrx_word' id='word_1_736' title='bbox 1096 2178 1158 2205; x_wconf 92' lang='lat' dir='ltr'><strong>illud</strong></span> <span class='ocrx_word' id='word_1_737' title='bbox 1174 2177 1328 2209; x_wconf 87' lang='lat' dir='ltr'><strong>oraculum,</strong></span> <span class='ocrx_word' id='word_1_738' title='bbox 1350 2180 1380 2203; x_wconf 93' lang='lat' dir='ltr'><strong>ut</strong></span> <span class='ocrx_word' id='word_1_739' title='bbox 1399 2176 1450 2202; x_wconf 90' lang='lat' dir='ltr'><strong>tuis</strong></span> <span class='ocrx_word' id='word_1_740' title='bbox 1475 2174 1564 2202; x_wconf 89' lang='lat' dir='ltr'><strong>verbis</strong></span> <span class='ocrx_word' id='word_1_741' title='bbox 1586 2173 1766 2202; x_wconf 84' lang='lat' dir='ltr'><strong>assercbatur.</strong></span> 
     </span>
    </p>
   </div>
   <div class='ocr_carea' id='block_1_94' title="bbox 362 2252 1450 2262">
    <p class='ocr_par' dir='ltr' id='par_1_94' title="bbox 362 2252 1205 2256">
     <span class='ocr_line' id='line_1_94' title="bbox 362 2252 1205 2256; baseline 0 -3"><span class='ocrx_word' id='word_1_742' title='bbox 362 2254 379 2256; x_wconf 93' lang='lat'>_</span> <span class='ocrx_word' id='word_1_743' title='bbox 769 2252 781 2253; x_wconf 53' lang='grc' dir='ltr'><em>η</em></span> <span class='ocrx_word' id='word_1_744' title='bbox 799 2252 1205 2255; x_wconf 32' lang='grc' dir='ltr'><strong>τί</strong></span> 
     </span>
    </p>
   </div>
   <div class='ocr_carea' id='block_1_95' title="bbox 787 2291 1321 2350">
    <p class='ocr_par' dir='ltr' id='par_1_95' title="bbox 787 2291 1321 2350">
     <span class='ocr_line' id='line_1_95' title="bbox 787 2291 1321 2350; baseline -0.002 -1"><span class='ocrx_word' id='word_1_745' title='bbox 787 2291 1321 2350; x_wconf 66' lang='grc' dir='ltr'><strong>Διιινιοιπιτιο</strong></span> 
     </span>
    </p>
   </div>
   <div class='ocr_carea' id='block_1_96' title="bbox 500 2386 1615 2424">
    <p class='ocr_par' dir='ltr' id='par_1_96' title="bbox 500 2386 1615 2424">
     <span class='ocr_line' id='line_1_96' title="bbox 500 2386 1615 2424; baseline 0 -6"><span class='ocrx_word' id='word_1_746' title='bbox 500 2386 553 2418; x_wconf 87' lang='lat' dir='ltr'><strong>DE</strong></span> <span class='ocrx_word' id='word_1_747' title='bbox 570 2386 839 2424; x_wconf 87' lang='lat' dir='ltr'><strong>SEQUENTIBUS</strong></span> <span class='ocrx_word' id='word_1_748' title='bbox 862 2388 1003 2420; x_wconf 78' lang='lat' dir='ltr'><strong>TRIBUS</strong></span> <span class='ocrx_word' id='word_1_749' title='bbox 1024 2388 1152 2419; x_wconf 82' lang='lat' dir='ltr'><strong>LIBRIS</strong></span> <span class='ocrx_word' id='word_1_750' title='bbox 1172 2388 1227 2419; x_wconf 87' lang='lat' dir='ltr'><strong>DE</strong></span> <span class='ocrx_word' id='word_1_751' title='bbox 1246 2387 1393 2419; x_wconf 78' lang='lat' dir='ltr'><strong>LIBERO</strong></span> <span class='ocrx_word' id='word_1_752' title='bbox 1414 2387 1615 2418; x_wconf 80' lang='lat' dir='ltr'><strong>ARBITRIO.</strong></span> 
     </span>
    </p>
   </div>
   <div class='ocr_carea' id='block_1_97' title="bbox 282 2447 1893 2484">
    <p class='ocr_par' dir='ltr' id='par_1_97' title="bbox 282 2447 1893 2484">
     <span class='ocr_line' id='line_1_97' title="bbox 282 2447 1893 2484; baseline -0.001 -7"><span class='ocrx_word' id='word_1_753' title='bbox 282 2449 321 2477; x_wconf 82' lang='lat' dir='ltr'><strong>Ex</strong></span> <span class='ocrx_word' id='word_1_754' title='bbox 338 2449 456 2484; x_wconf 81' lang='lat' dir='ltr'><strong>Reliquis</strong></span> <span class='ocrx_word' id='word_1_755' title='bbox 466 2449 576 2484; x_wconf 87' lang='lat' dir='ltr'><strong>hujusce</strong></span> <span class='ocrx_word' id='word_1_756' title='bbox 590 2449 736 2476; x_wconf 89' lang='lat' dir='ltr'><strong>tomilibris</strong></span> <span class='ocrx_word' id='word_1_757' title='bbox 750 2450 793 2484; x_wconf 89' lang='lat' dir='ltr'><strong>qui</strong></span> <span class='ocrx_word' id='word_1_758' title='bbox 807 2449 840 2477; x_wconf 89' lang='lat' dir='ltr'><strong>ad</strong></span> <span class='ocrx_word' id='word_1_759' title='bbox 848 2449 1024 2477; x_wconf 81' lang='lat' dir='ltr'><strong>confutandos</strong></span> <span class='ocrx_word' id='word_1_760' title='bbox 1040 2450 1244 2478; x_wconf 73' lang='lat' dir='ltr'><strong>Manichmorum</strong></span> <span class='ocrx_word' id='word_1_761' title='bbox 1260 2457 1366 2478; x_wconf 87' lang='lat' dir='ltr'><strong>errores</strong></span> <span class='ocrx_word' id='word_1_762' title='bbox 1376 2453 1506 2484; x_wconf 82' lang='lat' dir='ltr'><strong>spectant,</strong></span> <span class='ocrx_word' id='word_1_763' title='bbox 1524 2449 1638 2484; x_wconf 88' lang='lat' dir='ltr'><strong>primum</strong></span> <span class='ocrx_word' id='word_1_764' title='bbox 1651 2448 1702 2481; x_wconf 88' lang='lat' dir='ltr'><strong>hic,</strong></span> <span class='ocrx_word' id='word_1_765' title='bbox 1719 2452 1747 2475; x_wconf 93' lang='lat' dir='ltr'><strong>ut</strong></span> <span class='ocrx_word' id='word_1_766' title='bbox 1760 2449 1785 2475; x_wconf 93' lang='lat' dir='ltr'><strong>in</strong></span> <span class='ocrx_word' id='word_1_767' title='bbox 1798 2447 1893 2475; x_wconf 78' lang='lat' dir='ltr'><strong>lzactc-</strong></span> 
     </span>
    </p>
   </div>
   <div class='ocr_carea' id='block_1_98' title="bbox 248 2494 1894 2531">
    <p class='ocr_par' dir='ltr' id='par_1_98' title="bbox 248 2494 1894 2531">
     <span class='ocr_line' id='line_1_98' title="bbox 248 2494 1894 2531; baseline -0.001 -9"><span class='ocrx_word' id='word_1_768' title='bbox 248 2501 298 2522; x_wconf 84' lang='lat' dir='ltr'><strong>nus</strong></span> <span class='ocrx_word' id='word_1_769' title='bbox 310 2496 426 2527; x_wconf 83' lang='lat' dir='ltr'><strong>excusis,</strong></span> <span class='ocrx_word' id='word_1_770' title='bbox 441 2495 582 2522; x_wconf 84' lang='lat' dir='ltr'><strong>exhibetur</strong></span> <span class='ocrx_word' id='word_1_771' title='bbox 595 2502 662 2529; x_wconf 91' lang='lat' dir='ltr'><strong>opus</strong></span> <span class='ocrx_word' id='word_1_772' title='bbox 676 2495 717 2522; x_wconf 91' lang='lat' dir='ltr'><strong>cui</strong></span> <span class='ocrx_word' id='word_1_773' title='bbox 732 2494 766 2522; x_wconf 86' lang='lat' dir='ltr'><strong>de</strong></span> <span class='ocrx_word' id='word_1_774' title='bbox 784 2494 881 2522; x_wconf 84' lang='lat' dir='ltr'><strong>Libero</strong></span> <span class='ocrx_word' id='word_1_775' title='bbox 894 2495 1009 2523; x_wconf 90' lang='lat' dir='ltr'><strong>Arbitrio</strong></span> <span class='ocrx_word' id='word_1_776' title='bbox 1023 2496 1113 2523; x_wconf 91' lang='lat' dir='ltr'><strong>titulus</strong></span> <span class='ocrx_word' id='word_1_777' title='bbox 1131 2500 1172 2523; x_wconf 87' lang='lat' dir='ltr'><strong>est</strong></span> <span class='ocrx_word' id='word_1_778' title='bbox 1185 2505 1191 2522; x_wconf 92' lang='lat'>:</span> <span class='ocrx_word' id='word_1_779' title='bbox 1205 2495 1276 2531; x_wconf 87' lang='lat' dir='ltr'><strong>quod</strong></span> <span class='ocrx_word' id='word_1_780' title='bbox 1290 2495 1395 2530; x_wconf 90' lang='lat' dir='ltr'><strong>quidem</strong></span> <span class='ocrx_word' id='word_1_781' title='bbox 1417 2503 1488 2522; x_wconf 91' lang='lat' dir='ltr'><strong>anno</strong></span> <span class='ocrx_word' id='word_1_782' title='bbox 1502 2494 1601 2522; x_wconf 83' lang='lat' dir='ltr'><strong>Christi</strong></span> <span class='ocrx_word' id='word_1_783' title='bbox 1617 2494 1801 2521; x_wconf 88' lang='lat' dir='ltr'><strong>trecentesimo</strong></span> <span class='ocrx_word' id='word_1_784' title='bbox 1816 2498 1894 2521; x_wconf 88' lang='lat' dir='ltr'><strong>octo-</strong></span> 
     </span>
    </p>
   </div>
   <div class='ocr_carea' id='block_1_99' title="bbox 248 2540 1894 2577">
    <p class='ocr_par' dir='ltr' id='par_1_99' title="bbox 248 2540 1894 2577">
     <span class='ocr_line' id='line_1_99' title="bbox 248 2540 1894 2577; baseline -0.002 -8"><span class='ocrx_word' id='word_1_785' title='bbox 248 2542 349 2577; x_wconf 84' lang='lat' dir='ltr'><strong>gesimo</strong></span> <span class='ocrx_word' id='word_1_786' title='bbox 363 2545 457 2569; x_wconf 90' lang='lat' dir='ltr'><strong>octavo</strong></span> <span class='ocrx_word' id='word_1_787' title='bbox 471 2541 562 2569; x_wconf 74' lang='lat' dir='ltr'><strong>Roma:</strong></span> <span class='ocrx_word' id='word_1_788' title='bbox 575 2545 669 2576; x_wconf 81' lang='lat' dir='ltr'><strong>agente</strong></span> <span class='ocrx_word' id='word_1_789' title='bbox 680 2541 827 2576; x_wconf 81' lang='lat' dir='ltr'><strong>Augustino</strong></span> <span class='ocrx_word' id='word_1_790' title='bbox 838 2541 1001 2575; x_wconf 89' lang='lat' dir='ltr'><strong>inchoatum,</strong></span> <span class='ocrx_word' id='word_1_791' title='bbox 1014 2541 1165 2570; x_wconf 88' lang='lat' dir='ltr'><strong>absolutum</strong></span> <span class='ocrx_word' id='word_1_792' title='bbox 1176 2549 1241 2569; x_wconf 82' lang='lat' dir='ltr'><strong>vero</strong></span> <span class='ocrx_word' id='word_1_793' title='bbox 1255 2541 1416 2569; x_wconf 92' lang='lat' dir='ltr'><strong>arbitramur</strong></span> <span class='ocrx_word' id='word_1_794' title='bbox 1425 2548 1496 2567; x_wconf 90' lang='lat' dir='ltr'><strong>anno</strong></span> <span class='ocrx_word' id='word_1_795' title='bbox 1512 2540 1701 2568; x_wconf 85' lang='lat' dir='ltr'><strong>trecentesimo</strong></span> <span class='ocrx_word' id='word_1_796' title='bbox 1721 2540 1894 2574; x_wconf 83' lang='lat' dir='ltr'><strong>nonagesimo</strong></span> 
     </span>
    </p>
   </div>
   <div class='ocr_carea' id='block_1_100' title="bbox 248 2586 1895 2623">
    <p class='ocr_par' dir='ltr' id='par_1_100' title="bbox 248 2586 1895 2623">
     <span class='ocr_line' id='line_1_100' title="bbox 248 2586 1895 2623; baseline -0.001 -9"><span class='ocrx_word' id='word_1_797' title='bbox 248 2588 349 2622; x_wconf 89' lang='lat' dir='ltr'><strong>quinto.</strong></span> <span class='ocrx_word' id='word_1_798' title='bbox 364 2587 422 2615; x_wconf 88' lang='lat' dir='ltr'><strong>Non</strong></span> <span class='ocrx_word' id='word_1_799' title='bbox 436 2588 506 2616; x_wconf 91' lang='lat' dir='ltr'><strong>enim</strong></span> <span class='ocrx_word' id='word_1_800' title='bbox 520 2587 667 2623; x_wconf 82' lang='lat' dir='ltr'><strong>perrectum</strong></span> <span class='ocrx_word' id='word_1_801' title='bbox 680 2587 714 2615; x_wconf 89' lang='lat' dir='ltr'><strong>ab</strong></span> <span class='ocrx_word' id='word_1_802' title='bbox 728 2588 785 2622; x_wconf 91' lang='lat' dir='ltr'><strong>ipso</strong></span> <span class='ocrx_word' id='word_1_803' title='bbox 798 2587 847 2615; x_wconf 80' lang='lat' dir='ltr'><strong>fuit</strong></span> <span class='ocrx_word' id='word_1_804' title='bbox 864 2593 923 2623; x_wconf 84' lang='lat' dir='ltr'><strong>post</strong></span> <span class='ocrx_word' id='word_1_805' title='bbox 936 2587 1055 2623; x_wconf 87' lang='lat' dir='ltr'><strong>elapsum</strong></span> <span class='ocrx_word' id='word_1_806' title='bbox 1080 2588 1150 2616; x_wconf 91' lang='lat' dir='ltr'><strong>hunc</strong></span> <span class='ocrx_word' id='word_1_807' title='bbox 1163 2596 1263 2616; x_wconf 89' lang='lat' dir='ltr'><strong>annum</strong></span> <span class='ocrx_word' id='word_1_808' title='bbox 1276 2595 1327 2623; x_wconf 91' lang='lat' dir='ltr'><strong>quo</strong></span> <span class='ocrx_word' id='word_1_809' title='bbox 1342 2588 1524 2623; x_wconf 83' lang='lat' dir='ltr'><strong>episcopatum</strong></span> <span class='ocrx_word' id='word_1_810' title='bbox 1540 2587 1652 2622; x_wconf 90' lang='lat' dir='ltr'><strong>adeptus</strong></span> <span class='ocrx_word' id='word_1_811' title='bbox 1666 2591 1716 2619; x_wconf 88' lang='lat' dir='ltr'><strong>est,</strong></span> <span class='ocrx_word' id='word_1_812' title='bbox 1737 2594 1797 2614; x_wconf 90' lang='lat' dir='ltr'><strong>eum</strong></span> <span class='ocrx_word' id='word_1_813' title='bbox 1823 2586 1895 2613; x_wconf 92' lang='lat' dir='ltr'><strong>illius</strong></span> 
     </span>
    </p>
   </div>
   <div class='ocr_carea' id='block_1_101' title="bbox 248 2632 1895 2670">
    <p class='ocr_par' dir='ltr' id='par_1_101' title="bbox 248 2632 1895 2670">
     <span class='ocr_line' id='line_1_101' title="bbox 248 2632 1895 2670; baseline -0.001 -10"><span class='ocrx_word' id='word_1_814' title='bbox 248 2634 392 2662; x_wconf 86' lang='lat' dir='ltr'><strong>secundum</strong></span> <span class='ocrx_word' id='word_1_815' title='bbox 404 2634 564 2669; x_wconf 89' lang='lat' dir='ltr'><strong>tertiumque</strong></span> <span class='ocrx_word' id='word_1_816' title='bbox 583 2633 678 2661; x_wconf 90' lang='lat' dir='ltr'><strong>librum</strong></span> <span class='ocrx_word' id='word_1_817' title='bbox 693 2633 842 2669; x_wconf 83' lang='lat' dir='ltr'><strong>presbyter.</strong></span> <span class='ocrx_word' id='word_1_818' title='bbox 861 2638 890 2661; x_wconf 94' lang='lat' dir='ltr'><strong>ut</strong></span> <span class='ocrx_word' id='word_1_819' title='bbox 913 2633 957 2667; x_wconf 85' lang='lat' dir='ltr'><strong>ait,</strong></span> <span class='ocrx_word' id='word_1_820' title='bbox 980 2633 1118 2661; x_wconf 86' lang='lat' dir='ltr'><strong>ordinatus</strong></span> <span class='ocrx_word' id='word_1_821' title='bbox 1135 2634 1316 2661; x_wconf 87' lang='lat' dir='ltr'><strong>terminaverit</strong></span> <span class='ocrx_word' id='word_1_822' title='bbox 1330 2633 1340 2670; x_wconf 96' lang='lat'>(</span> <span class='ocrx_word' id='word_1_823' title='bbox 1349 2633 1461 2661; x_wconf 81' lang='lat' dir='ltr'><strong>Retract.</strong></span> <span class='ocrx_word' id='word_1_824' title='bbox 1476 2633 1520 2660; x_wconf 86' lang='lat' dir='ltr'><strong>lib.</strong></span> <span class='ocrx_word' id='word_1_825' title='bbox 1536 2633 1563 2666; x_wconf 77' lang='lat' dir='ltr'><strong>t,</strong></span> <span class='ocrx_word' id='word_1_826' title='bbox 1579 2641 1636 2668; x_wconf 84' lang='lat' dir='ltr'><strong>cup.</strong></span> <span class='ocrx_word' id='word_1_827' title='bbox 1651 2633 1678 2665; x_wconf 89' lang='lat'><strong>9,</strong></span> <span class='ocrx_word' id='word_1_828' title='bbox 1693 2641 1718 2660; x_wconf 82' lang='grc' dir='ltr'><strong>π.</strong></span> <span class='ocrx_word' id='word_1_829' title='bbox 1741 2633 1753 2659; x_wconf 78' lang='grc' dir='ltr'>ί</span> <span class='ocrx_word' id='word_1_830' title='bbox 1766 2632 1787 2667; x_wconf 92' lang='grc'><strong>).</strong></span> <span class='ocrx_word' id='word_1_831' title='bbox 1801 2632 1895 2667; x_wconf 84' lang='lat' dir='ltr'><strong>Neque</strong></span> 
     </span>
    </p>
   </div>
   <div class='ocr_carea' id='block_1_102' title="bbox 248 2678 1895 2715">
    <p class='ocr_par' dir='ltr' id='par_1_102' title="bbox 248 2678 1895 2715">
     <span class='ocr_line' id='line_1_102' title="bbox 248 2678 1895 2715; baseline -0.001 -8"><span class='ocrx_word' id='word_1_832' title='bbox 248 2680 326 2707; x_wconf 88' lang='lat' dir='ltr'><strong>etiam</strong></span> <span class='ocrx_word' id='word_1_833' title='bbox 338 2684 398 2707; x_wconf 89' lang='lat' dir='ltr'><strong>ante</strong></span> <span class='ocrx_word' id='word_1_834' title='bbox 413 2687 512 2707; x_wconf 86' lang='lat' dir='ltr'><strong>annum</strong></span> <span class='ocrx_word' id='word_1_835' title='bbox 525 2679 661 2713; x_wconf 87' lang='lat' dir='ltr'><strong>eumdem,</strong></span> <span class='ocrx_word' id='word_1_836' title='bbox 674 2687 733 2706; x_wconf 85' lang='lat' dir='ltr'><strong>eum</strong></span> <span class='ocrx_word' id='word_1_837' title='bbox 745 2679 908 2714; x_wconf 85' lang='lat' dir='ltr'><strong>Augustinus</strong></span> <span class='ocrx_word' id='word_1_838' title='bbox 923 2679 949 2707; x_wconf 91' lang='lat' dir='ltr'><strong>in</strong></span> <span class='ocrx_word' id='word_1_839' title='bbox 960 2679 1078 2715; x_wconf 89' lang='lat' dir='ltr'><strong>Epistola</strong></span> <span class='ocrx_word' id='word_1_840' title='bbox 1090 2679 1136 2713; x_wconf 77' lang='lat'><strong>2&#39;],</strong></span> <span class='ocrx_word' id='word_1_841' title='bbox 1151 2688 1179 2707; x_wconf 94' lang='lat' dir='ltr'><strong>n.</strong></span> <span class='ocrx_word' id='word_1_842' title='bbox 1194 2680 1220 2713; x_wconf 72' lang='grc' dir='ltr'><strong>ι,</strong></span> <span class='ocrx_word' id='word_1_843' title='bbox 1236 2679 1346 2707; x_wconf 86' lang='lat' dir='ltr'><strong>Paulino</strong></span> <span class='ocrx_word' id='word_1_844' title='bbox 1365 2678 1473 2706; x_wconf 82' lang='lat' dir='ltr'><strong>Nolensi</strong></span> <span class='ocrx_word' id='word_1_845' title='bbox 1488 2679 1615 2715; x_wconf 77' lang='lat' dir='ltr'><strong>episcopo</strong></span> <span class='ocrx_word' id='word_1_846' title='bbox 1633 2679 1731 2706; x_wconf 91' lang='lat' dir='ltr'><strong>scribat</strong></span> <span class='ocrx_word' id='word_1_847' title='bbox 1747 2678 1851 2706; x_wconf 83' lang='lat' dir='ltr'><strong>nescire</strong></span> <span class='ocrx_word' id='word_1_848' title='bbox 1863 2686 1895 2706; x_wconf 89' lang='lat' dir='ltr'><strong>se</strong></span> 
     </span>
    </p>
   </div>
   <div class='ocr_carea' id='block_1_103' title="bbox 249 2724 1894 2762">
    <p class='ocr_par' dir='ltr' id='par_1_103' title="bbox 249 2724 1894 2762">
     <span class='ocr_line' id='line_1_103' title="bbox 249 2724 1894 2762; baseline -0.001 -9"><span class='ocrx_word' id='word_1_849' title='bbox 249 2726 354 2761; x_wconf 89' lang='lat' dir='ltr'><strong>aliquod</strong></span> <span class='ocrx_word' id='word_1_850' title='bbox 368 2726 519 2761; x_wconf 87' lang='lat' dir='ltr'><strong>scriptionis</strong></span> <span class='ocrx_word' id='word_1_851' title='bbox 533 2733 617 2761; x_wconf 77' lang='lat' dir='ltr'><strong>genus</strong></span> <span class='ocrx_word' id='word_1_852' title='bbox 631 2725 745 2753; x_wconf 88' lang='lat' dir='ltr'><strong>edidisse</strong></span> <span class='ocrx_word' id='word_1_853' title='bbox 757 2725 829 2761; x_wconf 91' lang='lat' dir='ltr'><strong>quod</strong></span> <span class='ocrx_word' id='word_1_854' title='bbox 843 2726 1023 2753; x_wconf 78' lang='lat' dir='ltr'><strong>Romanianus</strong></span> <span class='ocrx_word' id='word_1_855' title='bbox 1035 2724 1096 2762; x_wconf 89' lang='lat' dir='ltr'><strong>(qui</strong></span> <span class='ocrx_word' id='word_1_856' title='bbox 1105 2725 1226 2753; x_wconf 80' lang='lat' dir='ltr'><strong>videlicet</strong></span> <span class='ocrx_word' id='word_1_857' title='bbox 1239 2725 1264 2753; x_wconf 93' lang='lat' dir='ltr'><strong>in</strong></span> <span class='ocrx_word' id='word_1_858' title='bbox 1277 2725 1378 2753; x_wconf 83' lang='lat' dir='ltr'><strong>italiam</strong></span> <span class='ocrx_word' id='word_1_859' title='bbox 1389 2725 1440 2752; x_wconf 92' lang='lat' dir='ltr'><strong>sub</strong></span> <span class='ocrx_word' id='word_1_860' title='bbox 1450 2724 1526 2752; x_wconf 90' lang='lat' dir='ltr'><strong>istius</strong></span> <span class='ocrx_word' id='word_1_861' title='bbox 1538 2726 1600 2752; x_wconf 87' lang='lat' dir='ltr'><strong>anui</strong></span> <span class='ocrx_word' id='word_1_862' title='bbox 1611 2724 1748 2752; x_wconf 83' lang='lat' dir='ltr'><strong>exordium</strong></span> <span class='ocrx_word' id='word_1_863' title='bbox 1759 2724 1894 2759; x_wconf 81' lang='lat' dir='ltr'><strong>protectus</strong></span> 
     </span>
    </p>
   </div>
   <div class='ocr_carea' id='block_1_104' title="bbox 251 2769 1892 2808">
    <p class='ocr_par' dir='ltr' id='par_1_104' title="bbox 251 2769 1892 2808">
     <span class='ocr_line' id='line_1_104' title="bbox 251 2769 1892 2808; baseline -0.002 -9"><span class='ocrx_word' id='word_1_864' title='bbox 251 2772 323 2808; x_wconf 84' lang='lat' dir='ltr'><strong>erat)</strong></span> <span class='ocrx_word' id='word_1_865' title='bbox 339 2779 420 2806; x_wconf 87' lang='lat' dir='ltr'><strong>penes</strong></span> <span class='ocrx_word' id='word_1_866' title='bbox 435 2779 465 2799; x_wconf 82' lang='lat' dir='ltr'><strong>sc</strong></span> <span class='ocrx_word' id='word_1_867' title='bbox 476 2779 529 2799; x_wconf 93' lang='lat' dir='ltr'><strong>non</strong></span> <span class='ocrx_word' id='word_1_868' title='bbox 540 2771 667 2805; x_wconf 86' lang='lat' dir='ltr'><strong>haberet;</strong></span> <span class='ocrx_word' id='word_1_869' title='bbox 680 2775 771 2807; x_wconf 89' lang='lat' dir='ltr'><strong>postea</strong></span> <span class='ocrx_word' id='word_1_870' title='bbox 785 2779 859 2804; x_wconf 84' lang='lat' dir='ltr'><strong>vero,</strong></span> <span class='ocrx_word' id='word_1_871' title='bbox 875 2771 992 2806; x_wconf 86' lang='lat' dir='ltr'><strong>Epistola</strong></span> <span class='ocrx_word' id='word_1_872' title='bbox 1005 2771 1049 2803; x_wconf 74' lang='lat' dir='ltr'><strong>3i,</strong></span> <span class='ocrx_word' id='word_1_873' title='bbox 1066 2779 1093 2799; x_wconf 85' lang='grc' dir='ltr'><strong>η.</strong></span> <span class='ocrx_word' id='word_1_874' title='bbox 1114 2772 1140 2803; x_wconf 86' lang='lat'><strong>7,</strong></span> <span class='ocrx_word' id='word_1_875' title='bbox 1166 2771 1218 2799; x_wconf 93' lang='lat' dir='ltr'><strong>hoc</strong></span> <span class='ocrx_word' id='word_1_876' title='bbox 1241 2778 1309 2806; x_wconf 84' lang='lat' dir='ltr'><strong>opus</strong></span> <span class='ocrx_word' id='word_1_877' title='bbox 1332 2770 1443 2798; x_wconf 86' lang='lat' dir='ltr'><strong>Paulino</strong></span> <span class='ocrx_word' id='word_1_878' title='bbox 1465 2770 1514 2805; x_wconf 85' lang='lat' dir='ltr'><strong>ipsi</strong></span> <span class='ocrx_word' id='word_1_879' title='bbox 1535 2771 1629 2798; x_wconf 76' lang='lat' dir='ltr'><strong>atterat</strong></span> <span class='ocrx_word' id='word_1_880' title='bbox 1654 2770 1703 2797; x_wconf 90' lang='lat' dir='ltr'><strong>sub</strong></span> <span class='ocrx_word' id='word_1_881' title='bbox 1724 2770 1766 2797; x_wconf 91' lang='lat' dir='ltr'><strong>his</strong></span> <span class='ocrx_word' id='word_1_882' title='bbox 1780 2769 1870 2797; x_wconf 86' lang='lat' dir='ltr'><strong>verbis</strong></span> <span class='ocrx_word' id='word_1_883' title='bbox 1885 2778 1892 2797; x_wconf 93' lang='lat'><strong>:</strong></span> 
     </span>
    </p>
   </div>
   <div class='ocr_carea' id='block_1_105' title="bbox 251 2816 1891 2854">
    <p class='ocr_par' dir='ltr' id='par_1_105' title="bbox 251 2816 1891 2854">
     <span class='ocr_line' id='line_1_105' title="bbox 251 2816 1891 2854; baseline -0.001 -10"><span class='ocrx_word' id='word_1_884' title='bbox 251 2824 266 2843; x_wconf 64' lang='grc' dir='ltr'><strong>ί</strong></span> <span class='ocrx_word' id='word_1_885' title='bbox 276 2817 441 2852; x_wconf 86' lang='lat' dir='ltr'><strong>Tresiibros,</strong></span> <span class='ocrx_word' id='word_1_886' title='bbox 451 2823 529 2853; x_wconf 88' lang='lat' dir='ltr'><strong>atque</strong></span> <span class='ocrx_word' id='word_1_887' title='bbox 543 2818 644 2845; x_wconf 89' lang='lat' dir='ltr'><strong>utinam</strong></span> <span class='ocrx_word' id='word_1_888' title='bbox 656 2822 707 2846; x_wconf 89' lang='lat' dir='ltr'><strong>tam</strong></span> <span class='ocrx_word' id='word_1_889' title='bbox 714 2817 980 2853; x_wconf 82' lang='lat' dir='ltr'><strong>grandisqinestionis</strong></span> <span class='ocrx_word' id='word_1_890' title='bbox 993 2818 1029 2845; x_wconf 88' lang='lat' dir='ltr'><strong>ita</strong></span> <span class='ocrx_word' id='word_1_891' title='bbox 1044 2817 1220 2853; x_wconf 83' lang='lat' dir='ltr'><strong>explieatorcs</strong></span> <span class='ocrx_word' id='word_1_892' title='bbox 1232 2822 1259 2845; x_wconf 90' lang='lat' dir='ltr'><strong>ut</strong></span> <span class='ocrx_word' id='word_1_893' title='bbox 1272 2816 1397 2854; x_wconf 85' lang='lat' dir='ltr'><strong>grandes,</strong></span> <span class='ocrx_word' id='word_1_894' title='bbox 1412 2816 1471 2844; x_wconf 90' lang='lat' dir='ltr'><strong>misi</strong></span> <span class='ocrx_word' id='word_1_895' title='bbox 1483 2816 1621 2845; x_wconf 80' lang='lat' dir='ltr'><strong>Sanetitati</strong></span> <span class='ocrx_word' id='word_1_896' title='bbox 1635 2820 1662 2844; x_wconf 86' lang='lat' dir='ltr'><strong>et</strong></span> <span class='ocrx_word' id='word_1_897' title='bbox 1675 2816 1803 2844; x_wconf 84' lang='lat' dir='ltr'><strong>Charitati</strong></span> <span class='ocrx_word' id='word_1_898' title='bbox 1815 2821 1868 2844; x_wconf 75' lang='lat' dir='ltr'><strong>tum</strong></span> <span class='ocrx_word' id='word_1_899' title='bbox 1884 2824 1891 2840; x_wconf 77' lang='grc' dir='ltr'><strong><em>τ</em></strong></span> 
     </span>
    </p>
   </div>
  </div>
