4118 6370
509 188 586 204 κε,-

329 251 460 314 1291
555 201 586 204 ἡ
1032 249 1122 308 DE
1161 248 1411 308 LIBERO
1449 247 1792 318 ARBITRIO,
1831 247 1892 306 S.
1933 248 2296 308 AUGUSTINI
2335 207 2539 308 LIBER
2577 251 2845 311 PRIMUS.
3143 201 3149 208 Ι
3482 262 3623 318 £223

332 393 353 426 ο
381 386 505 428 nam
533 371 759 445 quzestio
785 385 971 429 eorum
999 368 1065 427 'de
1086 370 1281 428 Libero
1305 370 1538 426 Arbitrio
1567 379 1669 425 est.
1705 369 1813 426 llos
1838 378 2014 426 autem
2045 385 2151 426 non
2196 370 2412 438 habere,
2463 379 2554 426 aut
2599 384 2786 426 omnes
2815 385 2922 425 non
2953 371 3150 428 nabere
3179 373 3393 431 fratrem
3424 377 3622 434 Roma-

331 486 351 521 ι
389 467 609 522 nianum
635 467 772 533 scio,
810 484 830 518 ι
863 474 969 522 etc.

399 557 455 611 ln
508 557 681 628 primo
724 556 862 611 libro
903 563 1046 610 mota
1087 553 1383 625 perdifﬁcili
1415 554 1710 625 quzestione
1733 554 1844 620 illa,
1876 568 1978 624 qua
1999 568 2060 610 se
2085 554 2213 608 olim
2245 553 2591 640 vehementer
2617 555 2871 625 agitatum
2901 563 3066 628 atque
3093 556 3144 611 in
3175 558 3490 618 Maniclneos
3517 563 3590 618 im
3603 534 3627 604 -’

325 653 537 722 pulsum
568 651 731 710 fuisse
756 651 1039 708 conﬁtetur
1058 653 1403 722 Augustinus,
1422 651 1575 708 Unde
1595 651 1798 707 scilicet
1822 653 2018 707 malum
2045 660 2287 706 exortum
2315 651 2403 716 sit,
2446 650 2673 720 explicat
2715 651 2944 721 primum
2972 653 3095 724 quid
3140 654 3208 708 sit
3236 656 3372 710 male
3402 656 3575 712 facere
3607 699 3621 724 .

327 754 546 818 tamque
572 747 708 801 mala
731 746 1004 801 hominum
1031 745 1168 800 facta
1198 745 1410 801 nonnisi
1437 763 1500 801 ex
1542 745 1709 802 libero
1737 745 2028 801 voluntatis
2065 745 2284 800 arbitrio
2311 743 2571 816 proﬁcisci
2596 745 2821 816 probat:
2871 746 3067 817 quippe
3089 761 3210 802 cum
3248 748 3472 814 libidini,
3501 723 3622 820 qua;

327 841 377 894 in
410 839 654 895 omnibus
684 837 972 894 malefactis
1001 837 1321 904 dominatur,
1350 839 1550 892 servire
1573 853 1720 893 mens
1740 853 1768 892 a
1791 838 1936 894 nullo
1961 845 2198 906 cegatnr.

404 933 463 988 ln
491 933 630 990 libro
655 931 910 997 secundo,
942 929 1252 986 difﬁcultate
1277 929 1416 1002 quod
1444 930 1678 996 libertas,
1715 945 1818 1001 qua
1862 937 2128 1001 peccatur,
2161 944 2192 984 a
2240 929 2350 984 Deo
2387 928 2510 984 data
2556 929 2628 983 sit
2669 940 2993 1000 emergente,
3037 930 3137 985 tria
3163 929 3277 987 lnec
3320 933 3625 1004 disquirun-

327 1034 414 1082 tur
445 1023 596 1092 :Qua
615 1023 824 1080 ratione
851 1023 1019 1077 Deum
1050 1036 1168 1078 esse
1193 1022 1532 1080 manifestum
1557 1022 1655 1090 sit;
1681 1037 1748 1078 an
1785 1023 1853 1078 ab
1879 1023 1995 1094 ipso
2019 1023 2125 1076 sint
2162 1021 2300 1078 bona
2336 1036 2718 1094 qumcumque;
2747 1030 2922 1076 utrum
2950 1021 3001 1076 in
3042 1022 3195 1079 bonis
3238 1026 3506 1082 censenda
3557 1026 3628 1082 sit

327 1117 500 1194 libera
519 1116 786 1172 voluntas.

401 1209 461 1265 in
489 1209 645 1265 tertio
667 1206 966 1278 disputatur
989 1205 1132 1262 unde
1169 1205 1268 1261 iste
1298 1213 1478 1260 motus
1507 1206 1698 1260 existat
1725 1219 1832 1276 quo
1874 1204 1988 1276 ipsa
2027 1204 2273 1283 voluntas
2315 1205 2384 1259 ab
2422 1205 2840 1262 incommutabili
2885 1207 3027 1262 bono
3072 1208 3333 1265 avertitur
3368 1209 3434 1265 ad
3482 1225 3630 1266 com-

329 1301 588 1358 mutabile
633 1299 862 1365 bonum;
904 1315 970 1354 an
1020 1298 1248 1353 invicem
1287 1297 1637 1354 adversentur
1681 1297 1777 1352 Dei
1828 1296 2160 1368 praescientia
2206 1297 2276 1352 de
2331 1298 2606 1353 hominum
2659 1299 2924 1370 peccatis,
2974 1308 3029 1355 et
3073 1299 3347 1356 hominum
3393 1301 3627 1371 ipsorum

332 1396 386 1450 in
422 1392 693 1465 peccando
720 1392 953 1448 libertas.
995 1391 1116 1446 Mox
1153 1389 1454 1446 ostenditur
1492 1403 1828 1460 nequaquam
1877 1388 1929 1443 id
1982 1387 2224 1445 Creatori
2257 1389 2618 1459 deputandum
2667 1391 2808 1462 quod
2853 1391 2908 1446 in
2951 1402 3194 1447 creatura
3243 1393 3313 1447 ita
3369 1391 3483 1448 ﬁeri
3531 1409 3628 1449 ne-

331 1501 485 1542 cesse
534 1493 653 1551 est,
700 1492 761 1538 ut
798 1483 1070 1539 voluntate
1118 1483 1446 1553 peceantium
1505 1481 1646 1548 ﬁat;
1704 1489 1758 1537 et
1803 1495 2022 1552 prorsus
2073 1481 2140 1536 de
2187 1491 2484 1546 creatum,
2525 1498 2644 1554 qua:
2703 1494 2919 1553 peccato
2980 1485 3210 1541 obnoxia
3268 1485 3384 1551 sit,
3434 1486 3629 1541 condi-

333 1581 488 1636 lione
524 1593 587 1634 ac
625 1577 883 1648 supplicio
910 1576 1228 1634 laudandum
1267 1591 1387 1632 esse
1412 1577 1598 1632 Deum.
1639 1575 1775 1630 Hinc
1811 1576 1878 1630 ad
1915 1575 2135 1646 originis
2173 1576 2356 1630 vitium
2396 1576 2646 1648 perducta
2685 1577 3062 1648 disputatione,
3105 1579 3406 1636 declaratur
3441 1597 3632 1652 quem-

333 1669 627 1726 admodum
689 1668 793 1724 hoc
849 1668 1021 1737 ipsum
1065 1667 1205 1723 haud
1250 1666 1444 1738 injuste
1485 1667 1541 1722 in
1580 1666 1709 1722 Adm
1745 1676 1988 1738 posteros
2027 1666 2361 1734 demanarit;
2417 1678 2472 1722 et
2523 1667 2774 1738 deinceps
2821 1669 3158 1725 difﬁcultates
3201 1674 3476 1728 nonnulla:
3521 1674 3625 1729 huc

333 1764 660 1835 pertinentes
687 1760 1004 1817 enodantur.

1361 1845 1408 1886 s.
1440 1844 1781 1897 aucusrnvns,
1824 1844 1994 1885 srrsr.
2037 1830 2160 1893 M3,
2205 1845 2557 1885 MARCELLINO.

413 1945 432 1979 α
465 1926 680 1981 Littera:
706 1935 875 1980 tum...
899 1921 1095 1978 habent
1120 1921 1466 1992 quaestionem
1493 1922 1620 1974 mihi
1651 1921 1982 1994 propositam
1999 1935 2064 1974 ex
2087 1921 2387 1994 lihris,inon
2409 1922 2749 1994 divinis,sed
2780 1923 2932 1986 meis,
2961 1938 3095 1993 quos
3123 1925 3311 1994 scripsi
3332 1927 3400 1981 de
3429 1927 3621 1983 Libero

336 1998 592 2054 Arbitrio.
623 1995 674 2050 In
706 1997 898 2050 talibus
926 2003 1104 2048 autem
1131 1994 1512 2066 qumstionihus
1540 2007 1644 2066 non
1673 1995 1893 2046 multum
1920 1992 2102 2066 laboro
2129 2009 2150 2066 ε
2187 1993 2318 2066 quia
2337 1994 2434 2048 etsi
2463 1993 2676 2047 defendi
2724 1992 2991 2048 sententia
3032 2011 3153 2049 mea
3203 1992 3392 2066 liquida
3426 1999 3628 2052 ratione

337 2085 441 2124 non
468 2075 659 2139 potest,
693 2083 809 2139 mea
833 2076 953 2139 est;
984 2080 1086 2139 non
1106 2061 1222 2139 eius
1251 2063 1502 2139 auctoris,
1534 2064 1922 2139 cujussensum
1956 2061 2254 2139 improbare
2296 2063 2372 2139 fas
2408 2080 2511 2116 non
2543 2066 2833 2139 est...__lloc
2862 2067 3208 2139 tamenquod
3237 2061 3286 2120 in
3320 2071 3476 2139 tertio
3497 2069 3633 2121 libro

335 2141 402 2194 de
432 2132 623 2193 Libero
654 2137 887 2191 Arbitrio
908 2151 1028 2190 eum
1051 2135 1118 2189 de
1146 2134 1711 2206 substantiarationali
1739 2147 1950 2202 agerem
1976 2132 2053 2186 sic
2077 2147 2106 2185 a
2137 2148 2222 2185 me
2249 2135 2475 2202 positum
2496 2144 2579 2188 est
2595 2142 2652 2206 ut
2677 2135 2910 2189 dicerem
2948 2155 2960 2190 :
2991 2155 3007 2187 ι
3042 2132 3098 2190 In
3123 2137 3628 2206 eorporibusautem

341 2231 361 2262 ι
388 2208 724 2265 inferioribus
745 2207 919 2261 anima
943 2214 1058 2276 post
1083 2205 1611 2276 peccatnmordinata
1643 2206 1774 2276 regit
1804 2218 1999 2273 corpus
2025 2219 2198 2276 suum,
2234 2220 2339 2276 ιε’-η
2367 2205 2674 2258 omnimodo
2691 2221 2787 2275 pro
2809 2207 3046 2272 arbitrio,
3070 2208 3164 2262 sed
3187 2205 3486 2274 sicntleges
3503 2209 3628 2262 uni-

341 2299 360 2332 α
398 2279 662 2336 versitatis
683 2279 865 2332 sinunt
898 2295 912 2332 :
947 2274 968 2328 ὦ
997 2276 1282 2346 diligenter
1303 2275 1607 2341 advertant,
1639 2274 1730 2344 qui
1758 2284 1943 2344 putant
1968 2290 2053 2346 me
2073 2274 2272 2343 aliquid
2304 2276 2370 2328 de
2408 2276 2582 2329 anima
2628 2274 2852 2330 Innnana
2882 2279 3026 2331 velut
3051 2288 3254 2332 certum
3277 2281 3526 2333 statuisse
3549 2287 3631 2332 at-

336 2367 442 2422 que
472 2350 668 2426 fixisse,
691 2349 832 2416 quod
861 2348 946 2402 vel
971 2345 1369 2426 evparentibtts
1398 2361 1492 2415 per
1539 2345 2244 2426 prepaginemnveniat:_vel
2293 2346 2356 2426 in.
2388 2346 2593 2399 actibus
2640 2348 2761 2426 vita:
2809 2349 3102 2426 superioris
3168 2357 3328 2417 atque
3395 2349 3631 2404 cwlestis

337 2414 654 2492 peccaverit,
700 2414 757 2472 ut
806 2414 1140 2492 corruptibili
1191 2431 1351 2470 carne
1383 2414 1678 2492 mereretur
1708 2414 1946 2492 includi;
1987 2424 2041 2469 et
2067 2414 2280 2469 videant
2314 2417 2392 2471 sic
2430 2432 2459 2470 a
2491 2432 2574 2470 me
2605 2419 2761 2492 verba
2806 2416 2971 2492 fuisse
3016 2414 3298 2492 perpensa,
3323 2429 3380 2474 ut
3420 2429 3630 2474 retento

337 2485 404 2548 eo
433 2491 571 2561 quod
599 2498 809 2561 certum,
840 2485 1029 2561 habeo.
1060 2496 1193 2561 post
1207 2495 1478 2561 peceatum
1524 2485 1684 2561 primi
1708 2485 1937 2561 hominis
1967 2493 2120 2538 natos
2146 2496 2452 2561 essentque
2492 2487 2635 2561 nasci
2667 2496 2892 2540 cu-teros
2935 2485 3176 2561 homines
3227 2489 3279 2543 in
3309 2505 3472 2561 carne
3502 2505 3630 2559 pec-

337 2556 465 2627 cati,
498 2561 583 2615 cui
614 2560 863 2614 sanandas
890 2559 1035 2612 venit
1081 2559 1135 2612 in
1167 2558 1392 2612 Domino
1431 2556 1724 2629 similitudo
1773 2557 1952 2629 carnis
1995 2557 2213 2629 peccati,
2268 2557 2336 2609 ita
2383 2557 2556 2610 omnia
2604 2568 2886 2621 sonarent,
2941 2569 2999 2612 ut
3048 2560 3174 2612 nulli
3227 2556 3633 2629 przrjudica'rent

338 2626 578 2702 opinioni
604 2640 831 2699 quatuor
858 2630 1086 2702 illarum,
1117 2643 1250 2702 quas
1281 2627 1684 2702 posteadigessi
1714 2636 1872 2696 atque
1899 2626 2144 2689 distinxi,
2176 2641 2279 2679 non
2321 2631 2644 2702 confirmans
2667 2629 3042 2702 aliqnzim,_sed
3093 2626 3303 2702 interim
3325 2626 3470 2702 quod
3497 2647 3626 2702 age-

346 2697 470 2758 bam
503 2697 832 2827 segnestrata
861 2701 1068 2754 illarmn
1101 2697 1430 2754 discussione
1460 2699 1844 2763 detcrtninans,
1877 2706 1933 2750 ut
1961 2711 2307 2766 qua-eumque
2344 2697 2553 2751 illarum
2585 2714 2709 2752 vera
2740 2708 2902 2764 esset,
2936 2699 3074 2753 Deus
3105 2701 3218 2754 sine
3248 2697 3408 2754 dubio
3444 2697 3629 2755 lauda-

348 2785 518 2827 retur.
592 2776 671 2827 ive
695 2773 858 2827 enim.
893 2792 909 2821 ι
940 2779 1045 2825 etc.

348 2785 518 2828 retur.
548 2773 671 2827 Sive
695 2773 858 2837 enim,
893 2792 909 2821 ι
940 2779 1045 2825 etc.

435 2865 588 2928 Vide
609 2872 912 2941 praeterea
942 2863 1169 2926 librum
1199 2863 1258 2935 1,
1292 2880 1429 2941 cap.
1459 2861 1518 2929 9,
1545 2860 2117 2941 Retractationum,
2153 2858 2272 2921 col.
2296 2857 2438 2934 595,
2469 2880 2508 2920 a
2529 2859 2756 2941 verbis,
2789 2859 2950 2921 Cum
2979 2859 3190 2923 adhuc
3222 2863 3460 2938 Romae,
3481 2863 3628 2938 n.1,
3725 2921 3728 2924 .

340 2962 535 3026 usque
559 2939 640 3006 ad
667 2943 786 3006 col.
819 2943 961 3018 599,
989 2961 1056 3004 η.
1083 2942 1145 3014 6,
1173 2939 1398 3009 verbis,
1438 2957 1568 3000 non
1607 2941 1689 3000 sit
1714 2945 1942 3018 auctor
1968 2939 2146 3000 mali.
2580 2940 2668 3000 M.

965 3189 1110 3304 Su
1177 3183 1942 3301 AUBELII
2007 3178 3029 3295 AUGUSTINI

1339 3364 2102 3452 HIPPONENSIS
2151 3356 2684 3448 EPISCOPI

686 3529 1013 3690 DE
1116 3523 2004 3688 LIBERO
2134 3515 3293 3684 ABBITRIO.

1366 3789 1874 3902 LIBRI
1957 3784 2426 3900 TBES
2481 3776 2624 3897 (⁸)-

1738 3935 2213 3995 ιφΕῶ

1396 4039 1877 4148 LIBER
1955 4039 2382 4145 PBL/V1
2399 4037 2614 4148 US.

331 4217 383 4262 ιιι
403 4222 503 4274 quo
673 4199 1761 4274 qum‘snonewndeumalum,.explieatupguid
1781 4199 1848 4271 sit
1868 4197 1998 4274 male
2019 4206 2452 4274 agere_;‘_tumque.
2486 4199 2611 4250 mala
2645 4181 2892 4274 hominum
2925 4198 3046 4251 facta
3084 4215 3148 4252 cx
3184 4201 3342 4274 libero
3363 4203 3629 4256 voluntatis

468 4271 666 4321 arbitrio
688 4260 920 4332 proﬁcissi
942 4260 1246 4327 ostenditur;
1271 4260 1453 4328 quippe
1475 4276 1586 4312 cum
1609 4260 1792 4310 libidini
1807 4294 1822 4320 ,
1846 4273 1957 4324 quae
1977 4262 2031 4310 in
2053 4260 2184 4309 Omni
2215 4260 2340 4310 facto
2363 4260 2488 4311 [italo
2509 4271 2702 4326 regnat,
2726 4265 2914 4313 servire
2939 4276 3080 4313 mens
3099 4277 3128 4313 a
3151 4264 3283 4314 nullo
3303 4274 3519 4330 cogatur.

344 3040 3620 3101 Ἠ

1753 4377 2176 4408 messo—

340 4484 568 4542 CAPUT
615 4481 901 4540 PRIMUM.
931 4511 1002 4521 —
1029 4478 1167 4534 Deus
1189 4493 1258 4532 an
1287 4475 1507 4548 alicujus
1536 4473 1658 4527 mali
1682 4479 1879 4526 auctor.
2031 4469 2220 4526 fecisse
2245 4469 2502 4531 dicimus;
2534 4471 2660 4540 alio,
2688 4488 2808 4529 cum
2849 4474 2971 4528 mali
3011 4475 3209 4546 aliquid
3237 4492 3357 4535 esse
3395 4494 3614 4551 perpes-

406 4578 458 4630 l.
500 4576 728 4630 Eventus
754 4575 825 4645 (b)
857 4593 870 4628 :
903 4573 996 4627 Dic
1030 4571 1190 4636 mihi,
1238 4582 1419 4639 quat-so
1449 4575 1534 4631 te,
1575 4571 1754 4620 utrum
1783 4564 1923 4618 Dens
2029 4576 2169 4617 sum.
2225 4560 2292 4614 E.
2333 4561 2410 4617 De
2451 4569 2677 4634 utroque
2723 4565 2860 4620 scire
2907 4566 3082 4635 cupio.
3132 4565 3198 4622 A.
3246 4569 3316 4622 At
3363 4571 3407 4624 si
3456 4571 3622 4626 Debui

331 4681 440 4721 non
472 4666 542 4718 sit
568 4674 751 4718 auctor
785 4663 948 4718 mali?
980 4665 1307 4718 AUGUSTINUS
1341 4678 1354 4714 :
1390 4658 1605 4722 Dicam,
1634 4656 1679 4710 si
1709 4655 1922 4726 planum
2031 4655 2227 4710 bonum
2269 4671 2387 4712 esse
2428 4658 2566 4712 nosti
2607 4658 2688 4714 vel
2731 4657 2937 4723 credis,
2985 4675 3156 4731 neque
3185 4662 3326 4715 enim
3359 4663 3514 4716 aliter
3546 4663 3624 4717 fas

330 4758 524 4814 feceris
549 4756 614 4812 de
639 4771 744 4826 quo
773 4756 915 4810 malo
942 4770 1167 4824 qmeras.
1212 4753 1427 4807 Duobus
1456 4751 1598 4807 enim
1630 4749 1802 4804 modis
1827 4763 1924 4820 ap-
2031 4757 2113 4802 est
2131 4790 2147 4815 ,
2178 4750 2315 4804 male
2343 4765 2446 4804 non
2476 4750 2599 4806 facit
2627 4770 2640 4807 :
2671 4769 2870 4818 rursus,
2897 4753 2940 4808 si
2963 4754 3128 4809 Deum
3151 4757 3351 4825 justum
3375 4756 3621 4821 fatemur,

331 4851 534 4922 pellere
580 4847 814 4903 solemus
854 4845 1048 4900 malum
1083 4863 1098 4900 :
1137 4859 1278 4911 uno,
1317 4859 1438 4898 cum
1482 4842 1622 4897 male
1663 4855 1926 4911 quemque
1981 4864 1984 4867 ·
2032 4853 2153 4892 nam
2185 4849 2237 4893 et
2264 4839 2364 4894 hoc
2394 4856 2587 4911 negare
2614 4843 2926 4915 sacrilegum
2957 4854 3068 4911 est,
3112 4855 3167 4898 ut
3197 4845 3347 4899 bonis
3385 4848 3621 4915 prmmia,

1565 4945 1824 4982 Δυκοκιτιο
1857 4947 1928 4980 PP.
1963 4944 2387 4981 BENEDICTINORUI.

394 5027 477 5074 Itis
493 5021 782 5083 castigandis
803 5018 1018 5069 subsidio
1044 5017 1242 5083 fuerunt
1266 5023 1371 5083 less.
1397 5015 1704 5083 Corbeiensis
1721 5047 1736 5071 ,
1759 5013 2580 5083 germaaensis,_cemmeticensis,
2597 5014 2937 5083 Pratellensis,
2963 5015 3316 5083 Audoenensis,
3331 5019 3620 5083 Sergiensis,

327 5074 643 5144 Casalensis:
673 5081 1135 5144 Regio-itontensis,
1179 5079 1383 5144 Regius,
1421 5075 1746 5144 Arnulensis,
1778 5074 2063 5144 'lhuaneus,
2098 5075 2664 5144 \_ictorinus,_Sorboniei
2696 5077 2822 5144 duo,
2845 5089 2973 5144 unus
3004 5074 3453 5144 augustinianorum
3474 5074 3620 5144 Paris:

331 5135 424 5212 5.2.}
435 5151 533 5200 oris
555 5135 852 5212 conventus,
877 5135 1289 5212 Dominieanortim
1315 5140 1390 5212 via
1412 5137 1929 5212 .t_acol::ea,_ttetaensis
1952 5135 2204 5194 ecclesiae,
2229 5137 2514 5185 \‘edastinus
2536 5144 2589 5186 et
2619 5139 2884 5198 \aticanus,
2920 5135 3158 5200 lectiones
3181 5151 3378 5201 quoque
3405 5140 3622 5205 Belgico-

329 5199 438 5260 ωιῆ
463 5199 672 5274 quatuor
694 5205 822 5268 apud
841 5199 979 5265 'Lov.,
1006 5216 1062 5253 ac
1086 5199 1328 5252 editiones
1349 5199 1458 5248 Bad.
1484 5204 1558 5247 Er.
1587 5206 1638 5247 et
1659 5203 1768 5245 ιον.

413 5289 930 5373 Comparavt'mus
951 5295 1258 5427 ﬁrmaret:
1301 5302 1398 5345 eas
1447 5299 1650 5343 omines
1683 5279 1986 5341 editio-ne:
2012 5278 2202 5340 initio
2233 5279 2785 5341 Retractalionum
2836 5281 2898 5338 et
2951 5277 3442 5344 Confessionum
3492 5303 3624 5346 me-

413 5383 630 5427 )rntns.
1032 5411 1046 5426 .

325 5383 630 5437 moratas.
959 5383 1046 5427 M-

397 5477 469 5539 (ᾳ)
493 5466 1167 5539 ιηαῃοθςῇλθῃηο-βιξτὶεςὶξδθ,
1193 5463 1395 5517 absoluti
1410 5463 1922 5539 uann~_.3£)3_.mwm
2033 5460 2432 5539 n._24r‘es_c_ribiti:7
2455 5471 2783 5539 [Quanquam
2829 5473 2880 5515 et
2901 5466 2992 5539 .illa
3015 5467 3066 5539 psi
3110 5468 3522 5539 relegas.._..qute
3567 5479 3619 5539 te

494 5521 803 5585 lii—iisnlibris
830 5530 1014 5600 dialogi
1050 5521 1202 5600 forma
1237 5526 1523 5600 conscribep
1543 5525 1603 5600 lis
1633 5521 1929 5600 eo'io‘cutore
2041 5541 2065 5568 ι
2089 5521 2583 5600 erigerentemecum
2618 5521 2674 5598 ac
2708 5530 3062 5600 sermocinante
3096 5521 3372 5600 φηξᾶςὶιῆ
3417 5521 3522 5600 sive
3555 5521 3619 5583 de

334 5585 569 5657 usage“,
592 5610 688 5645 non
709 5596 875 5645 orosio
895 5585 1190 5657 utivBadiaaa
1214 5588 1365 5657 editio
1387 5587 1608 5657 prastat.
1627 5598 1717 5657 seu
1741 5585 1929 5657 prodig,
2043 5602 2065 5631 ι
2089 5585 2603 5657 ,ιιηίριεςιὶ(ζνιξειιηὶιίιιρ,⁸
2626 5589 2731 5638 sive
2775 5589 2839 5638 de
2884 5591 3053 5657 libero
3087 5585 3322 5657 arbitrio;
3361 5585 3618 5647 inveuines

334 5645 754 5713 curoostmodum
791 5658 1020 5718 episcoro
1053 5653 1124 5702 sic
1161 5645 1456 5715 Augustinus
1494 5650 1542 5698 in
1580 5646 1788 5711 Epistela
1825 5645 1932 5708 162,
2043 5664 2066 5694 ι
2089 5645 2218 5695 unde
2241 5645 2467 5708 disolvas,
2493 5656 2545 5699 et
2567 5648 2674 5699 sine
2697 5663 2845 5714 opera
2871 5664 2996 5715 mea,
3021 5645 3342 5705 dubitationes
3369 5665 3490 5708 tim.
3515 5673 3542 5701 νο
