2059 3185
221 104 348 153 ἠαδ

274 181 312 209 ita
332 177 460 215 supplicia
480 177 558 206 malis
572 176 678 210 tribuit;
693 183 752 211 qua:
766 175 857 210 utique
875 173 1003 209 supplicia
1022 180 1071 208 pa-

276 225 404 254 tientibus
416 224 484 251 mala
495 227 566 251 sunt.
581 221 759 256 Quamobrem
774 220 797 247 si
813 227 891 248 nemo
904 219 1001 254 injuste
1015 225 1072 253 poe-

276 280 326 299 nas
338 271 405 304 luit,
420 269 491 305 quod
510 275 619 297 necesse
633 272 675 296 est
688 266 841 299 credamus,
855 264 1070 301 quandoquidem

277 318 365 346 divina
378 315 540 352 providentia
553 315 604 342 hoc
613 314 764 341 universum
778 313 834 347 regi
844 308 986 344 credimus,
998 311 1070 339 illius

277 363 356 399 primi
369 363 474 398 generis
488 361 617 389 malontm
635 359 708 387 nullo
720 358 799 386 modo
810 378 817 391 ,
834 357 912 393 hujus
925 362 1013 385 autem
1028 363 1070 384 se-

278 409 357 437 cundi
374 412 466 436 auctor
478 412 519 435 est
532 407 612 434 Deus.
630 405 661 432 E.
674 406 720 433 Est
732 412 796 440 ergo
810 404 877 431 alius
891 408 984 431 auctor
1000 403 1069 431 illius

278 454 356 487 mali,
374 454 449 488 cujus
466 453 549 480 Deum
567 460 621 479 non
639 458 699 478 esse
718 454 884 485 compertum
901 449 961 477 est?
974 449 1007 476 Α.
1022 449 1070 476 Est

276 506 350 528 certe
363 508 371 527 :
385 507 437 527 non
453 498 524 526 enim
537 497 611 525 nullo
625 501 733 524 auctore
747 495 805 523 ﬁeri
824 499 923 530 posset.
938 494 966 523 Si
980 499 1067 522 autem

276 545 374 581 quarris
387 544 509 580 quisnam
525 544 573 571 iste
592 543 638 575 sit,
655 542 707 569 dici
727 549 779 569 non
800 545 887 576 potest
903 549 909 567 :
926 548 978 568 non
996 540 1067 567 enim

276 599 344 619 unus
368 590 464 625 aliquis
487 594 542 622 est,
564 588 611 616 sed
632 588 744 623 quisque
764 587 850 614 malus
873 586 913 614 sui
934 585 1067 614 malefaeti

274 641 368 665 auctor
385 641 436 664 est.
456 636 531 664 Unde
547 635 569 663 si
582 635 695 667 dubitas,
710 633 774 661 illud
785 633 892 661 attende
905 632 975 668 quod
988 640 1067 667 supra

274 685 375 712 dictum
387 687 438 715 est,
453 682 590 710 malefacta
603 681 704 717 iustitia
714 680 762 708 Dei
776 680 914 707 vindicari.
928 679 984 706 Non
995 679 1066 706 enim

273 730 344 765 iuste
360 729 570 760 vindicarentur,
586 727 637 755 nisi
658 726 752 754 ﬂerent
765 726 900 753 voluntate
915 724 966 760 (α).

309 776 335 803 2.
357 775 390 804 E.
404 775 499 803 Nescio
514 779 602 801 utrum
617 775 754 809 quisquam
771 776 878 807 peccet,
893 772 939 807 qui
958 779 1010 799 non
1025 771 1064 799 di-

274 821 369 849 dicerit
384 830 390 848 :
407 821 477 856 quod
500 821 523 848 si
545 828 637 847 verum
659 823 715 852 est,
740 819 862 854 quisnam
880 819 913 846 sit
928 819 972 846 ille
986 827 1000 845 a
1014 826 1067 853 quo

275 875 387 903 peccare
399 866 569 894 didicerimus
579 886 586 897 ,
600 864 714 899 inquiro.
729 864 760 890 Α.
773 864 877 898 Aliquid
894 863 956 891 boni
975 863 1066 891 existi-

274 920 332 941 mas
346 920 406 940 esse
420 911 605 945 disciplinam?
626 910 659 937 E.
673 910 738 944 Quis
751 910 847 937 audeat
863 909 952 936 dicere
967 909 1064 936 malum

274 965 334 986 esse
345 956 532 993 disciplinam?
547 956 578 983 Α.
592 955 675 990 Quid,
692 955 714 983 si
728 963 777 982 nec
792 955 889 982 bonum
903 962 952 982 nec
967 955 1065 981 malum

274 1003 334 1031 est?
348 1002 381 1030 E.
395 1002 457 1029 Mihi
472 1002 569 1029 bonum
585 1001 698 1028 videtur.
714 1000 745 1027 Α.
758 1000 828 1027 Bene
841 1007 920 1032 sane;
935 999 1064 1035 siquidem

274 1048 384 1077 scientia
398 1056 445 1083 per
459 1047 531 1075 illam
549 1047 626 1074 datur
638 1050 684 1073 aut
696 1045 844 1077 excitatur,
861 1052 909 1072 nec
925 1045 1064 1080 quisquam

273 1094 324 1121 nisi
338 1102 385 1128 per
396 1093 560 1128 disciplinam
573 1091 672 1127 aliquid
686 1091 763 1118 discit
777 1100 784 1118 :
799 1099 832 1118 an
846 1095 873 1117 tu
886 1090 963 1118 aliter
973 1091 1065 1125 putas?

274 1140 307 1167 E.
320 1140 375 1175 Ego
388 1147 435 1174 per
448 1138 612 1173 disciplinam
628 1145 679 1164 non
695 1136 745 1164 nisi
766 1136 833 1163 bona
853 1135 918 1163 disci
938 1136 1063 1163 arbitror.

273 1186 305 1213 Α.
319 1186 383 1214 Vide
396 1193 459 1220 ergo
474 1192 508 1212 ne
521 1191 572 1212 non
585 1183 721 1211 discantur
736 1182 803 1210 mala
818 1191 824 1209 :
840 1190 900 1209 nam
914 1181 1063 1217 disciplina,

272 1232 324 1260 nisi
337 1240 351 1259 a
365 1231 492 1259 discendo
506 1238 558 1258 non
571 1230 642 1257 dicta
656 1233 707 1257 est.
730 1228 764 1256 Ε.
783 1228 858 1257 Unde
879 1235 943 1264 ergo
963 1228 997 1255 ab
1017 1228 1065 1256 ho-

273 1277 345 1305 mine
360 1278 425 1304 liunt
441 1276 463 1304 si
481 1283 533 1303 non
548 1275 704 1303 discuntur?
723 1274 755 1301 Α.
770 1274 811 1302 Eo
826 1274 935 1302 fortasse
951 1274 1020 1310 quod
1035 1282 1065 1302 se

273 1330 288 1350 a
300 1322 438 1357 disciplina
448 1344 456 1356 ,
471 1321 497 1349 id
510 1326 548 1349 est
559 1328 574 1347 a
585 1320 712 1348 discendo
721 1320 817 1348 avertit
828 1325 906 1356 atque
916 1320 1064 1348 abalienat:

272 1368 320 1396 sed
334 1368 390 1395 sive
403 1367 468 1400 hoc,
483 1367 538 1394 sive
550 1366 620 1394 aliud
628 1359 731 1401 aliquid
745 1365 796 1398 sit,
812 1366 874 1393 illud
891 1370 963 1393 certe
978 1365 1064 1393 mani-

272 1413 368 1442 festum
382 1418 436 1447 est,
452 1413 576 1448 quoniam
590 1412 729 1447 disciplina
748 1411 846 1439 bonum
865 1417 920 1445 est,
943 1416 971 1439 et
989 1420 1003 1439 a
1023 1412 1065 1439 di-

274 1460 374 1487 scendo
395 1460 464 1487 dicta
485 1465 525 1486 est
544 1458 698 1493 disciplina,
717 1458 787 1489 mala
801 1458 865 1486 disci
880 1459 990 1486 omnino
1011 1467 1064 1487 non

273 1512 362 1540 poSse.
375 1505 403 1532 Si
413 1505 483 1532 enim
494 1504 641 1537 discuntur,
651 1504 789 1539 disciplina
799 1504 977 1538 continentur,
986 1509 1065 1540 atque

274 1552 310 1578 ita
324 1550 461 1586 disciplina
476 1558 528 1577 non
541 1550 591 1577 erit
607 1549 721 1581 bonttm;
742 1549 841 1576 bonum
860 1554 900 1576 est
913 1554 1001 1577 autem
1012 1570 1019 1582 ,
1036 1553 1065 1577 ut

274 1597 332 1631 ipse
343 1596 468 1624 concedis
483 1605 489 1623 :
508 1603 560 1622 non
576 1595 654 1630 igitur
668 1594 805 1623 discuntur
824 1595 908 1628 mala,
924 1599 950 1623 et
966 1594 1064 1623 frustra

273 1643 348 1671 illum
367 1650 382 1670 a
401 1649 452 1678 quo
476 1642 545 1669 male
566 1641 654 1669 facere
674 1641 818 1675 discimus,
839 1642 952 1678 qnzeris;
975 1646 1020 1669 aut
1041 1642 1064 1670 si

272 1689 410 1717 discuntur
426 1688 510 1721 mala,
528 1688 631 1715 vitanda
650 1696 703 1715 non
723 1688 843 1715 facienda
856 1688 1002 1716 discuntur.
1021 1688 1062 1716 Ex

272 1743 325 1772 quo
337 1735 407 1763 male
421 1734 507 1763 facere
519 1734 586 1762 nihil
600 1739 651 1768 est,
666 1734 716 1762 nisi
730 1741 745 1761 a
759 1734 896 1769 disciplina
910 1734 1027 1762 deviare.

309 1781 334 1809 5.
349 1780 382 1808 Ε.
396 1780 509 1808 Prorsus
518 1787 568 1814 ego
577 1779 643 1807 duas
655 1779 808 1815 disciplinas
819 1787 878 1808 esse
892 1785 971 1815 puto;
984 1788 1064 1807 unam

273 1834 321 1862 per
335 1834 413 1861 quam
427 1826 494 1853 bene
510 1825 596 1853 facere
606 1846 613 1859 ,
636 1825 714 1853 aliam
737 1833 785 1860 per
801 1834 879 1861 quam
895 1826 963 1854 male
977 1825 1064 1854 facere

271 1873 407 1902 discimus.
423 1872 475 1900 Sed
488 1880 549 1900 eum
562 1880 696 1908 qua-rores
709 1876 798 1900 utrum
810 1873 947 1907 disciplina
966 1872 1064 1900 bonum

272 1924 354 1954 esset,
370 1920 453 1955 ipsius
466 1919 526 1946 boni
541 1926 617 1946 amor
629 1919 802 1946 intentionem
817 1926 903 1946 meam
919 1918 1015 1953 rapuit,
1037 1922 1066 1946 nt

273 1966 345 1992 illam
361 1965 526 2000 disciplinam
540 1964 666 1997 intuerer,
680 1972 739 1999 qua:
754 1964 821 1991 bene
836 1963 948 1990 faciendi
961 1967 1016 1996 est.
1031 1971 1063 1991 ex

271 2020 325 2047 quo
346 2012 444 2039 bonum
466 2018 526 2039 esse
550 2010 698 2045 respondi:
719 2018 790 2037 nunc
811 2014 898 2037 autem
919 2010 1065 2042 admoneor

271 2065 332 2085 esse
343 2057 432 2090 aliam,
448 2064 527 2092 quam
542 2056 633 2091 procul
646 2056 726 2084 dubio
740 2056 838 2083 malum
852 2064 911 2084 esse
923 2057 1063 2091 confirmo,

272 2109 299 2131 et
312 2104 387 2139 cujus
405 2108 540 2131 auctorem
558 2103 674 2138 requiro.
696 2103 727 2130 Α.
742 2103 842 2130 Saltem
864 2103 1063 2138 intelligentiam

273 2158 325 2178 non
337 2150 387 2177 nisi
399 2149 496 2177 bonum
507 2150 600 2185 putas?
613 2149 645 2177 E.
658 2150 736 2177 Istam
749 2149 825 2184 plane
836 2150 870 2176 ita
882 2150 977 2178 bonam
989 2154 1062 2184 puto,

272 2201 366 2225 utnon
379 2197 481 2224 videam
499 2196 562 2232 quid
584 2197 609 2224 in
627 2196 734 2224 homine
754 2196 838 2231 possit
856 2204 916 2224 esse
937 2201 1064 2231 praestan-

272 2243 341 2276 tius;
358 2251 406 2271 nec
427 2243 480 2270 ullo
501 2242 581 2270 modo
599 2242 710 2270 dixerim
728 2242 845 2277 aliquam
864 2242 1062 2277 intelligentiam

274 2288 371 2316 malam
385 2296 444 2316 esse
457 2295 545 2323 posse.
562 2289 593 2316 Α.
607 2288 693 2321 Quid?
705 2296 766 2316 cum
779 2288 890 2316 docetur
901 2288 1026 2323 quisque,
1040 2288 1063 2316 si

273 2342 325 2362 non
340 2333 482 2369 intelligat,
497 2334 628 2369 poteritne
641 2334 687 2361 tibi
700 2334 793 2361 doctus
808 2333 909 2361 videri?
925 2333 958 2360 E.
969 2334 1061 2361 Omni-

272 2388 308 2408 no
325 2388 376 2408 non
395 2380 501 2416 poterit.
520 2380 551 2407 Α.
565 2380 592 2409 Si
611 2387 674 2415 ergo
694 2380 781 2407 omnis
801 2380 973 2415 intelligentia
994 2381 1063 2409 bona

270 2430 327 2457 est.
345 2434 395 2454 nec
408 2426 545 2461 quisquam
565 2425 609 2460 qui
632 2432 684 2452 non
707 2425 845 2460 intelligit,
867 2426 962 2458 discit;
976 2426 1063 2454 omnis

272 2473 316 2508 qui
329 2472 417 2504 discit,
433 2471 499 2499 bene
513 2471 573 2498 facit
588 2479 595 2497 ε
609 2470 697 2498 omnis
709 2471 779 2498 enim
794 2471 838 2506 qui
852 2471 947 2506 discit,
963 2472 1062 2500 intelli-

271 2519 307 2554 git
319 2526 326 2552 ;
341 2523 368 2545 et
379 2518 466 2545 omnis
478 2518 523 2553 qui
537 2517 669 2553 intelligit,
683 2517 751 2545 bene
764 2518 824 2545 facit
836 2528 843 2545 :
855 2519 973 2554 quisquis
985 2519 1064 2554 igitur

272 2564 366 2599 qua'rit
383 2568 533 2597 auctorem,
550 2571 599 2598 per
611 2571 690 2599 quem
705 2563 802 2598 aliquid
816 2563 942 2592 discimus
951 2586 958 2597 ,
972 2569 1064 2592 aucto-

273 2618 329 2638 rem
344 2609 461 2645 profecto
477 2616 523 2643 per
536 2617 615 2644 quem
634 2608 702 2636 bene
720 2608 846 2642 facimus,
866 2610 972 2645 quan-it.
991 2610 1062 2644 Qua-

273 2660 382 2693 propter
399 2655 492 2684 desine
509 2656 578 2683 velle
597 2655 755 2691 investigare
770 2656 859 2683 nescio
873 2664 951 2691 quem
965 2656 1063 2684 malum

272 2701 419 2730 doctorem.
434 2700 462 2729 Si
476 2700 545 2728 enim
561 2700 647 2728 malus
665 2704 723 2735 est,
736 2700 829 2729 doctor
839 2709 892 2729 non
905 2705 946 2730 est
959 2710 965 2730 :
981 2701 1005 2730 si
1016 2702 1063 2730 do-

274 2751 333 2775 ctor
343 2751 393 2780 est,
409 2746 494 2774 malus
509 2754 560 2774 non
575 2751 625 2775 est.

301 2832 336 2864 (α)
348 2834 402 2860 Vid.
413 2838 515 2861 t'tetract.
529 2834 570 2860 lib.
584 2835 609 2866 1,
621 2842 674 2868 cap.
686 2835 712 2869 ο,
722 2843 747 2861 n.
760 2836 784 2862 5.

785 118 830 147 DE
850 116 975 147 LIBEBO
994 112 1165 146 ARBITRIO.
1185 112 1214 141 S.
1230 111 1413 142 AUGUSTlNl

1856 110 1923 140 1⁸84

1125 168 1237 198 CAPUT
1257 169 1290 197 ll.
1310 184 1347 190 —-
1367 169 1467 196 Malunt
1491 169 1559 197 unde
1581 168 1728 205 priusquam
1748 169 1921 205 disquiratur,

1346 216 1407 252 quid
1421 216 1452 243 de
1466 216 1519 243 Deo
1532 216 1694 244 credendum.

1160 262 1187 289 ι.
1203 261 1234 288 Ε.
1247 262 1302 297 Age
1312 261 1378 296 jam,
1395 261 1520 297 quoniam
1539 262 1603 289 satis
1623 262 1696 297 cogis
1715 266 1743 289 ut
1763 262 1849 290 fatear
1867 269 1922 290 non

1123 315 1173 335 nos
1187 307 1290 335 discere
1305 308 1374 335 male
1389 308 1493 341 facere,
1517 307 1560 335 dic
1579 308 1643 335 mihi
1665 308 1734 336 unde
1753 309 1824 336 male
1839 308 1924 336 facia-

1123 360 1193 380 mus.
1209 352 1240 379 Α.
1255 353 1321 380 Eam
1333 353 1507 388 quaestionem
1522 361 1630 387 moves,
1645 362 1704 389 qua:
1718 362 1760 381 me
1775 354 1922 385 admodum

1122 398 1320 426 adolescentem
1335 398 1508 427 vehementer
1524 399 1661 432 exercuit,
1684 404 1711 426 et
1734 399 1870 435 fatigatum
1894 401 1923 428 in

1123 443 1262 481 hmreticos
1285 444 1404 478 impulit,
1426 448 1506 479 atque
1521 443 1627 478 dejeeit.
1649 446 1708 477 Quo
1725 452 1788 472 casu
1804 445 1839 472 ita
1860 452 1922 472 sum

1122 487 1246 521 afﬂictus,
1258 492 1285 515 et
1296 490 1375 516 tantis
1387 489 1497 516 obrutus
1509 489 1614 516 acervis
1627 489 1744 516 inanium
1758 489 1921 523 fabularum,

1123 538 1151 560 ut
1165 533 1215 560 nisi
1233 534 1299 561 mihi
1320 542 1397 561 amor
1414 534 1565 562 inveniendi
1580 535 1634 562 veri
1648 543 1726 570 opem
1739 535 1856 563 divinam
1870 537 1923 564 im-

1122 580 1289 615 petravisset,
1305 588 1442 616 emergere
1456 580 1533 614 inde,
1548 586 1628 616 atque
1650 582 1676 609 in
1699 582 1783 617 ipsam
1806 583 1922 617 primam

1121 625 1257 660 quzerendi
1272 625 1420 653 libertatem
1436 626 1568 661 respirare
1586 634 1640 654 non
1660 635 1776 662 possem.
1798 628 1833 655 Et
1852 636 1923 664 quo—

1122 671 1192 698 niam
1208 679 1311 699 mecum
1325 671 1418 699 sedqu
1430 677 1519 700 aetum
1533 676 1588 706 est,
1603 677 1632 700 ut
1652 673 1701 701 ista
1720 674 1869 709 quastione
1887 675 1923 703 li-

1122 717 1241 751 berarer,
1255 725 1289 746 eo
1302 722 1387 745 tecum
1403 726 1479 754 agam
1494 719 1588 746 ordine
1608 727 1687 754 quem
1707 724 1814 748 secutus
1833 721 1919 749 evasi.

1121 764 1214 792 Aderit
1225 764 1295 792 enim
1308 764 1388 798 Deus,
1402 770 1429 792 et
1440 772 1489 792 nos
1501 764 1649 800 intelligere
1660 765 1731 800 quod
1743 765 1920 800 credidimus,

1121 810 1209 838 faciet.
1224 811 1411 846 Prtescriptum
1425 811 1495 838 enim
1509 819 1555 846 per
1567 811 1725 846 prophetam
1737 812 1859 846 gradum,
1873 813 1921 848 qui

1121 856 1159 883 ait
1175 877 1183 890 ,
1200 856 1260 883 Nisi
1271 856 1426 883 credideritis
1435 878 1443 890 ,
1457 864 1507 883 non
1526 857 1670 892 intelligetis
1682 856 1759 893 (Iani.
1769 866 1815 890 vtt,
1824 858 1852 890 9,
1865 866 1918 886 uc.

1121 903 1313 940 LXX),tenere
1327 903 1457 936 nos,bene
1465 903 1542 931 nobis
1557 904 1657 931 conscii
1666 912 1766 931 sumus.
1778 904 1920 933 Credimus

1119 954 1207 977 autem
1218 957 1250 977 ex
1261 958 1315 978 uno
1326 950 1382 978 Deo
1391 951 1479 977 omnia
1489 958 1549 978 esse
1557 958 1616 986 qua:
1628 955 1690 978 sunt
1700 960 1708 982 ς
1722 956 1749 979 et
1764 956 1853 979 tamen
1863 959 1919 979 non

1120 1004 1180 1024 esse
1198 1002 1364 1032 peccatorum
1384 1002 1519 1025 auctorem
1538 997 1632 1025 Deum.
1648 998 1737 1025 Movet
1746 1002 1834 1025 autem
1857 999 1918 1025 ani-

1123 1050 1208 1075 mum,
1221 1043 1243 1070 si
1259 1048 1368 1078 peccata
1380 1051 1412 1070 ex
1425 1043 1456 1070 iis
1466 1043 1606 1070 animabus
1617 1047 1679 1071 sunt
1690 1051 1755 1078 quas
1765 1044 1834 1071 Deus
1844 1051 1921 1071 crea-

1119 1087 1167 1120 vit,
1190 1088 1243 1116 illa:
1257 1093 1345 1116 autem
1367 1088 1464 1116 anima:
1478 1096 1512 1116 ex
1532 1088 1587 1116 Deo
1597 1110 1605 1122 ,
1618 1089 1754 1124 quomodo
1766 1096 1819 1117 non
1835 1097 1919 1125 parvo

1120 1134 1260 1162 intervallo
1273 1139 1379 1169 peccata
1393 1134 1541 1162 referantur
1554 1135 1580 1162 in
1594 1135 1689 1163 Deum.

1155 1179 1181 1207 5.
1202 1178 1236 1207 E.
1255 1179 1283 1207 ld
1301 1187 1371 1207 nunc
1390 1181 1469 1215 plane
1485 1180 1533 1208 abs
1550 1184 1576 1208 te
1589 1180 1689 1208 dictum
1703 1184 1761 1213 est,
1782 1180 1854 1216 quod
1874 1189 1920 1209 me

1119 1224 1279 1260 cogitantem
1298 1226 1362 1253 satis
1376 1226 1526 1259 excruciat,
1543 1230 1570 1254 et
1582 1226 1654 1262 quod
1667 1227 1700 1254 ad
1715 1227 1791 1255 istam
1804 1227 1919 1262 inquisi-

1120 1273 1219 1301 tionem
1233 1274 1319 1309 coegit
1331 1278 1358 1301 et
1371 1274 1460 1301 traxit;
1476 1273 1508 1300 Α.
1522 1274 1597 1301 Virili
1610 1275 1699 1302 animo
1712 1278 1780 1308 esto,
1796 1279 1822 1302 et
1835 1275 1919 1302 crede

1120 1319 1192 1355 quod
1215 1320 1304 1348 credis
1325 1329 1331 1347 :
1355 1320 1420 1348 nihil
1443 1321 1513 1348 enim
1536 1320 1653 1348 creditur
1674 1321 1789 1353 melius,
1811 1320 1918 1348 etiamsi

1120 1374 1199 1394 causa
1213 1367 1294 1394 lateat
1306 1374 1353 1394 cur
1362 1366 1397 1394 ita
1410 1366 1455 1394 sit.
1469 1366 1575 1401 Optime
1587 1374 1702 1402 namque
1714 1366 1747 1394 de
1759 1366 1813 1393 Deo
1824 1366 1920 1394 existi-

1119 1420 1195 1440 mare
1205 1412 1372 1440 verissimum
1383 1416 1424 1440 est
1432 1412 1538 1448 pietatis
1548 1412 1687 1440 exordium
1697 1420 1705 1445 ;
1717 1420 1767 1440 nec
1775 1412 1917 1448 quisquam

1119 1458 1153 1486 de
1163 1458 1209 1486 illo
1219 1458 1318 1494 eptime
1330 1459 1482 1492 existimat,
1497 1458 1542 1494 qui
1556 1466 1608 1485 non
1621 1466 1682 1486 eum
1693 1458 1916 1493 omnipotentem.

1118 1508 1198 1538 atque
1212 1511 1245 1531 ex
1259 1504 1330 1531 nulla
1345 1504 1472 1539 particula
1487 1503 1702 1531 commutabilem
1716 1503 1817 1536 credit;
1831 1503 1920 1531 bono-

1119 1556 1177 1576 rum
1195 1548 1274 1576 etiam
1292 1549 1410 1576 omnium
1424 1553 1586 1581 creatorem,
1605 1549 1700 1583 quibus
1715 1553 1757 1576 est
1772 1549 1829 1584 ipse
1847 1557 1919 1584 pra:-

1119 1595 1231 1623 stantior
1240 1604 1246 1627 ;
1256 1600 1387 1622 rectorem
1397 1595 1684 1630 quoquejttstissimum
1692 1602 1785 1622 eorum
1795 1595 1917 1622 omnium

1119 1648 1178 1676 qua:
1197 1642 1315 1673 creavit;
1331 1648 1381 1668 nec
1395 1641 1448 1668 ulla
1462 1641 1584 1676 adjutmn
1598 1648 1658 1668 esse
1672 1644 1765 1668 natura
1781 1641 1808 1668 in
1821 1648 1919 1668 crean-

1118 1685 1170 1719 do,
1185 1686 1260 1721 quasi
1277 1686 1323 1721 qui
1343 1694 1395 1714 non
1416 1686 1467 1713 sibi
1486 1686 1631 1714 sufﬁceret.
1652 1686 1692 1714 Ex
1710 1693 1763 1722 quo
1783 1686 1813 1713 iit
1833 1691 1862 1714 ut
1882 1686 1918 1715 de

1120 1731 1201 1759 nihilo
1218 1732 1350 1760 creaverit
1367 1732 1474 1766 omnia;
1496 1732 1531 1760 de
1547 1740 1578 1761 se
1594 1736 1683 1760 autem
1703 1741 1757 1760 non
1771 1733 1915 1767 creaverit,

1118 1779 1166 1807 sed
1187 1779 1307 1815 genuerit
1327 1779 1398 1815 quod
1417 1780 1467 1807 sibi
1487 1787 1535 1815 par
1551 1785 1636 1813 esset,
1651 1786 1730 1815 quem
1749 1778 1845 1806 Filium
1868 1779 1917 1807 Dei

1119 1825 1226 1852 unicum
1248 1824 1361 1852 dicimus
1371 1846 1379 1859 ,
1398 1832 1478 1860 quem
1493 1832 1553 1852 cum
1565 1825 1672 1860 planius
1683 1825 1822 1852 enuntiare
1834 1832 1919 1852 cona-

1119 1880 1189 1906 mur,
1203 1872 1248 1899 Dei
1262 1872 1391 1900 Virtutem
1405 1877 1431 1899 et
1442 1871 1488 1899 Dei
1499 1871 1660 1907 Sapientiam
1673 1871 1851 1903 nominamus,
1865 1878 1916 1906 per

1119 1926 1199 1953 quam
1222 1917 1285 1945 fecit
1305 1918 1408 1950 omnia,
1424 1925 1484 1953 quae
1498 1917 1532 1945 de
1545 1917 1628 1945 nihilo
1645 1917 1711 1945 facta
1725 1921 1796 1945 sunt.
1811 1916 1915 1950 Quibus

1119 1963 1286 1996 constitutis,
1302 1963 1335 1991 ad
1358 1963 1559 1999 intelligentiam
1574 1963 1632 1998 ejus
1646 1963 1685 1991 rei
1694 1970 1772 1999 quam
1788 1962 1913 1998 requiris,

1120 2009 1266 2045 opitulante
1279 2009 1349 2041 Deo,
1364 2009 1481 2036 nitamur
1493 2008 1544 2036 hoc
1557 2008 1646 2037 modo.

1230 2053 1344 2082 CAPUT
1358 2054 1399 2081 ill.
1411 2069 1447 2075 -—
1459 2054 1524 2081 Mali
1537 2058 1627 2082 natura
1642 2062 1674 2081 ea:
1686 2053 1798 2081 libidine.

1155 2101 1181 2128 6.
1198 2100 1299 2134 Qumris
1319 2105 1392 2128 certe
1411 2100 1481 2128 unde
1500 2100 1570 2128 male
1587 2100 1714 2128 faciamus
1733 2109 1740 2127 :
1757 2099 1831 2135 prius
1849 2106 1914 2134 ergo

1118 2146 1314 2174 discutiendum
1327 2150 1368 2174 est
1382 2146 1445 2181 quid
1458 2147 1491 2174 sit
1505 2147 1575 2174 male
1589 2145 1691 2178 facere;
1710 2153 1761 2181 qua
1776 2145 1810 2173 de
1822 2152 1851 2173 re
1865 2145 1914 2173 tibi

1119 2193 1182 2228 quid
1197 2193 1318 2220 videatur
1331 2200 1469 2228 exprome.
1485 2193 1561 2227 Quod
1580 2193 1602 2220 si
1622 2201 1677 2220 non
1693 2197 1767 2228 potes
1779 2197 1864 2220 totum
1877 2192 1913 2219 si-

1118 2238 1174 2266 mul
1189 2239 1305 2266 breviter
1318 2238 1408 2266 verbis
1426 2237 1668 2273 comprehendere,
1685 2238 1778 2266 saltem
1794 2237 1913 2272 particu-

1119 2283 1190 2310 latim
1219 2283 1356 2311 malefacta
1387 2283 1443 2318 ipsa
1473 2283 1723 2316 commemorando,
1750 2283 1911 2310 sententiam

1118 2333 1189 2357 tuam
1205 2333 1294 2357 notam
1315 2330 1355 2356 fac
1370 2330 1446 2357 mihi.
1470 2329 1503 2356 E.
1521 2329 1657 2357 Adulteria
1676 2333 1705 2357 et
1723 2329 1864 2356 homicidia
1886 2333 1914 2357 et

1118 2376 1269 2411 sacrilegia,
1286 2380 1313 2403 ut
1332 2376 1452 2403 omittam
1471 2380 1582 2408 caetera,
1606 2375 1701 2410 quibus
1721 2374 1912 2403 enumerandis

1118 2422 1159 2450 vel
1175 2427 1280 2457 tempus
1293 2422 1335 2449 vel
1354 2422 1481 2449 memoria
1499 2429 1552 2449 non
1570 2421 1702 2456 suppetit,
1725 2421 1784 2456 quis
1805 2425 1847 2447 est
1867 2419 1911 2448 cui

1118 2477 1172 2497 non
1193 2469 1262 2497 male
1282 2468 1351 2496 facta
1373 2468 1529 2496 videantur?
1548 2468 1580 2494 Α.
1601 2468 1647 2496 Dic
1663 2475 1726 2503 ergo
1749 2467 1839 2502 prius,
1862 2474 1913 2494 cur

1117 2514 1276 2543 adulterium
1297 2514 1366 2542 male
1385 2514 1442 2541 ﬁeri
1461 2518 1554 2549 putes;
1577 2521 1610 2540 an
1632 2513 1694 2548 quia
1716 2512 1742 2540 id
1764 2513 1850 2539 facere
1868 2511 1913 2539 lex

1117 2560 1208 2588 vetat?
1228 2559 1261 2586 E.
1281 2559 1339 2587 Non
1359 2566 1423 2587 sane
1442 2558 1502 2586 ideo
1522 2559 1621 2586 malum
1645 2562 1700 2590 est,
1724 2558 1785 2593 quia
1807 2561 1914 2585 vetatur

1119 2605 1193 2640 lege;
1205 2605 1251 2632 sed
1262 2604 1322 2632 ideo
1334 2608 1438 2632 vetatur
1450 2604 1518 2639 lege,
1533 2604 1593 2639 quia
1607 2603 1704 2630 malum
1718 2607 1769 2631 est.
1786 2602 1820 2630 Α.
1831 2603 1913 2637 Quid,

1119 2651 1141 2678 si
1160 2650 1291 2687 quispiam
1313 2658 1363 2678 nos
1384 2651 1514 2686 exagitet,
1536 2657 1700 2685 exaggerans
1722 2650 1916 2678 delectationes

1119 2698 1253 2730 adulterii,
1267 2702 1292 2726 et
1305 2705 1430 2733 qumrens
1443 2705 1457 2724 a
1473 2697 1549 2725 nobis
1561 2705 1608 2725 cur
1625 2697 1676 2725 hoc
1697 2698 1796 2724 malum
1817 2703 1844 2725 et
1865 2697 1915 2724 da-

1120 2745 1256 2772 mnatione
1279 2744 1386 2779 dignum
1405 2744 1572 2779 iudicemus;
1598 2751 1660 2770 num
1683 2743 1716 2770 ad
1728 2743 1915 2770 auctoritatem

1121 2790 1188 2825 legis
1201 2789 1404 2825 confugiendum
1419 2797 1512 2817 censes
1533 2789 1683 2817 hominibus
1694 2811 1701 2822 ,
1716 2790 1771 2825 jam
1785 2798 1837 2817 non
1855 2795 1915 2816 tau-

1122 2840 1178 2863 tum
1193 2835 1313 2867 credere,
1330 2835 1375 2865 sed
1396 2836 1541 2871 intelligere
1551 2835 1737 2870 cupientibus?
1751 2835 1815 2864 Nam
1828 2841 1855 2865 et
1866 2845 1916 2872 ego
