4118 6370
372 293 513 352 1225

373 420 549 466 tecum
575 405 758 473 credo,
788 412 843 459 et
868 403 1180 458 inconcusse
1195 397 1375 466 credo,
1406 397 1758 469 omnibusque
1780 412 1953 468 popu-

373 504 442 560 lis
487 510 647 572 atque
689 498 934 571 gentibus
975 494 1295 552 credendum
1344 508 1463 549 esse
1506 492 1712 557 clamo,
1756 491 1956 546 malum

372 608 495 652 esse
520 591 838 647 adulterium
865 608 878 643 :
905 587 1002 645 sed
1030 602 1170 643 nunc
1197 586 1445 641 molimur
1471 584 1523 639 id
1552 582 1693 655 quod
1719 583 1772 639 in
1802 582 1958 638 fidem

332 682 677 759 .recepimus
697 723 712 749 ,
744 680 902 735 etiam
934 677 1273 749 intelligendo
1298 677 1437 732 scire
1466 691 1529 731 ac
1556 683 1739 731 tenere
1765 673 1959 728 ﬁrmis-

373 777 590 833 simum.
617 772 904 830 Considera
930 772 1106 843 itaque
1137 779 1388 841 quantum
1422 777 1605 839 potes,
1635 776 1689 823 et
1714 766 1962 822 renuntio.

376 869 530 936 mihi,
561 882 787 940 quanam
808 865 1014 920 ratione
1041 862 1356 918 adulterium
1377 861 1574 915 malum
1600 874 1718 915 esse
1765 871 1961 928 cogno-
2000 886 2023 918 κ

373 962 537 1017 veris.
566 960 631 1014 E.
646 958 760 1015 Hoc
783 957 894 1013 scio
908 955 1102 1011 malum
1129 969 1268 1023 esse,
1297 953 1437 1025 quod
1465 952 1563 1007 hoc
1591 951 1703 1022 ipse
1723 950 1776 1005 in
1796 963 1962 1004 uxore

375 1070 497 1111 mea
520 1052 629 1125 pati
658 1052 856 1107 nollem
886 1067 899 1104 :
925 1047 1163 1120 quisquis
1185 1056 1361 1103 autem
1384 1045 1536 1100 alteri
1552 1042 1677 1099 facit
1700 1040 1842 1113 quod
1861 1040 1962 1096 sibi

376 1148 492 1203 ﬁeri
517 1161 622 1202 non
638 1146 769 1213 vult,
796 1143 939 1199 male
957 1143 1137 1225 utique
1153 1141 1296 1197 facit.
1324 1139 1388 1193 Α.
1411 1138 1569 1206 Quid,
1597 1139 1639 1193 si
1666 1136 1964 1208 cujuspiam

376 1239 544 1295 libido
563 1253 626 1294 ea
656 1237 760 1302 sit,
807 1242 867 1292 ut
890 1249 1111 1290 uxorem
1138 1248 1290 1288 suam
1315 1232 1552 1302 praebeat
1568 1229 1722 1286 alteri
1746 1270 1762 1297 ,
1793 1228 1963 1285 liben-

378 1338 564 1400 terque
575 1329 642 1384 ab
661 1343 725 1383 eo
743 1326 1013 1398 corrumpi
1038 1324 1289 1397 patiatur,
1313 1324 1366 1378 in
1391 1323 1544 1394 cujus
1563 1337 1783 1377 uxorem
1806 1321 1965 1376 vicis-

376 1422 479 1477 sim
507 1435 690 1491 parem
715 1418 858 1488 cupit
886 1417 1083 1473 habere
1098 1415 1402 1471 licentiam?
1420 1413 1620 1469 nihilne
1637 1413 1762 1468 mali
1787 1410 1966 1467 facere

376 1512 475 1569 tibi
507 1510 755 1568 videtur?
798 1509 865 1565 E.
896 1509 1008 1565 lmo
1049 1508 1352 1579 plurimum.
1394 1505 1461 1561 A.
1492 1507 1562 1559 At
1602 1505 1702 1560 istc
1740 1519 1845 1559 non
1876 1502 1965 1557 illa

379 1605 564 1676 regula
609 1610 841 1674 peccat:
874 1616 982 1657 non
1010 1601 1151 1657 enim
1201 1598 1252 1655 id
1300 1598 1426 1653 facit
1469 1596 1610 1668 quod
1657 1596 1763 1667 pati
1810 1596 1963 1651 nolit.

379 1695 733 1765 Quamobrem
764 1694 904 1750 aliud
948 1694 1041 1749 tibi
1070 1691 1414 1763 qumrendum
1451 1698 1568 1755 est,
1599 1687 1739 1743 unde
1768 1687 1967 1742 malum

378 1802 499 1845 esse
526 1787 841 1844 adulterium
868 1784 1171 1841 convincas.

455 1883 507 1935 7.
537 1880 604 1935 E.
628 1880 707 1935 Eo
730 1878 862 1934 mihi
888 1877 1098 1934 videtur
1125 1875 1343 1941 malum,
1376 1872 1520 1945 quod
1549 1872 1706 1943 hujus
1730 1870 1967 1927 criminis

392 1972 637 2030 homines
659 1972 767 2029 vidi
795 1987 938 2041 saepe
983 1968 1242 2026 damnari.
1296 1968 1355 2021 A.
1386 1966 1541 2033 Quid,
1579 1974 1794 2037 propter
1822 1971 1968 2019 recte

382 2064 522 2121 facta
544 2080 723 2121 nonne
743 2064 985 2119 homines
1002 2063 1311 2132 plerumque
1331 2058 1567 2116 damnati
1586 2057 1749 2113 sunt?
1769 2057 1969 2111 Recen-

384 2173 443 2214 se
467 2157 768 2225 historiam,
798 2171 865 2211 ne
886 2164 940 2211 te
964 2152 1031 2209 ad
1052 2152 1185 2208 alios
1208 2151 1374 2207 libros
1408 2151 1636 2217 mittam,
1658 2163 1776 2205 eam
1798 2147 1968 2219 ipsam

383 2264 503 2320 quae
530 2249 707 2304 divina
735 2247 1049 2304 auctoritate
1087 2244 1377 2316 praecellit;
1401 2243 1510 2314 jam
1545 2241 1783 2298 invenies
1809 2255 1969 2312 quam

386 2340 529 2396 male
557 2339 625 2396 de
662 2339 934 2409 Apostolis
963 2345 1019 2393 et
1047 2336 1115 2392 de
1139 2334 1385 2391 omnibus
1414 2333 1738 2405 martyribus
1766 2332 1969 2389 sentia-

384 2446 525 2499 mus,
554 2432 599 2486 si
638 2431 811 2501 placet
842 2430 996 2486 nobis
1040 2427 1432 2483 damnationem
1473 2434 1677 2481 certum
1716 2424 1971 2481 indicium

386 2536 507 2577 esse
532 2520 818 2589 malefacti,
844 2534 966 2576 cum
991 2519 1067 2574 illi
1094 2533 1279 2574 omnes
1305 2516 1644 2572 damnatione
1669 2514 1814 2585 digni
1841 2529 1971 2585 pro-

385 2621 507 2682 pter
533 2612 919 2673 confessionem
946 2625 1096 2665 suam
1132 2607 1346 2680 iudicati
1375 2608 1501 2664 sint.
1529 2608 1886 2673 Quamobrem
1919 2606 1968 2661 si

388 2705 638 2777 quidquid
667 2705 947 2760 damnatur
985 2703 1183 2758 malum
1208 2710 1305 2768 est,
1340 2701 1536 2755 malum
1574 2707 1689 2755 erat
1715 2698 1807 2755 illo
1837 2708 1973 2754 tem-

388 2810 522 2866 pore
551 2796 770 2852 credere
790 2796 841 2851 in
878 2794 1171 2861 Christum,
1202 2802 1260 2849 et
1300 2793 1468 2862 ipsam
1502 2790 1744 2845 confiteri
1772 2789 1968 2845 ﬁdem:

390 2889 631 2944 siautem
661 2904 768 2944 non
793 2904 952 2943 omne
976 2887 1172 2941 malum
1193 2894 1274 2940 est
1302 2883 1441 2954 quod
1469 2883 1769 2949 damnatur,
1793 2897 1974 2952 quaere

344 2972 347 2975 λ
391 2980 531 3036 aliud
558 2980 700 3036 unde
744 2979 1062 3034 adulterium
1106 2977 1302 3031 malum
1331 2989 1452 3030 esse
1488 2974 1701 3029 doceas.
1732 2972 1800 3027 E.
1834 2972 1972 3039 Quid

391 3073 485 3129 tibi
513 3072 864 3143 respondeam
892 3087 997 3126 non
1024 3070 1255 3125 invenio.

462 3166 516 3221 8.
548 3166 612 3220 A.
632 3164 896 3220 Fortassis
918 3178 1044 3233 ergo
1069 3161 1231 3217 libido
1253 3160 1305 3214 in
1335 3158 1595 3213 adulterio
1624 3158 1821 3213 malum
1848 3166 1972 3213 est:

394 3258 487 3314 sed
506 3258 633 3313 dum
668 3266 723 3312 tu
745 3257 875 3311 foris
890 3257 943 3309 in
972 3256 1086 3325 ipso
1113 3254 1252 3307 facto
1271 3250 1413 3322 quod
1454 3254 1562 3319 jam
1584 3250 1750 3305 videri
1776 3258 1973 3319 potest,

391 3350 590 3407 malum
633 3350 849 3420 quaeris,
878 3347 1077 3416 pateris
1121 3344 1408 3415 angustias.
1441 3342 1573 3397 Nam
1613 3350 1671 3397 ut
1711 3341 1976 3412 intelligas

394 3442 670 3499 libidinem
702 3441 756 3494 in
784 3438 1044 3494 adulterio
1069 3438 1265 3490 malum
1298 3450 1435 3500 esse,
1484 3434 1530 3489 si
1568 3434 1653 3489 cui
1684 3434 1842 3489 etiam
1870 3450 1977 3489 non

394 3533 665 3601 contingat
690 3530 909 3585 facultas
936 3526 1322 3583 concumbendi
1348 3541 1468 3581 cum
1511 3526 1735 3595 conjuge
1777 3524 1970 3592 aliena,

394 3624 609 3696 planum
640 3630 815 3677 tamen
841 3620 1017 3691 aliquo
1048 3618 1205 3673 modo
1246 3618 1316 3672 sit
1358 3616 1410 3671 id
1445 3631 1569 3671 eum
1612 3629 1824 3684 cupere,
1855 3614 1977 3669 etsi

396 3724 632 3786 potestas
673 3714 828 3770 detur
876 3714 1136 3768 facturum
1177 3726 1315 3779 esse,
1368 3724 1472 3764 non
1522 3709 1697 3763 minus
1728 3723 1850 3763 rens
1874 3716 1975 3777 est,

397 3824 553 3881 quam
596 3810 642 3863 si
681 3809 736 3863 in
773 3808 890 3877 ipso
932 3805 1072 3861 facto
1108 3803 1611 3874 deprehenderetur.
1636 3800 1703 3854 E.
1731 3798 1874 3855 Nihil
1899 3806 1981 3855 est

397 3900 614 3955 omnino
636 3897 985 3962 manifestius,
1018 3904 1071 3950 et
1093 3896 1202 3964 jam
1231 3895 1386 3949 video
1416 3908 1523 3947 non
1553 3908 1686 3961 opus
1715 3906 1833 3946 esse
1863 3891 1980 3945 lon-

398 4007 461 4064 ga
484 3987 945 4054 sermocinatione,
977 3996 1035 4041 ut
1060 3985 1191 4040 mihi
1216 3986 1282 4039 de
1300 3983 1585 4039 homicidio
1601 3990 1654 4038 et
1681 3981 1977 4051 sacrilegio,

403 4100 467 4141 ac
490 4100 705 4156 prorsus
730 4082 797 4138 de
821 4081 1066 4137 omnibus
1090 4076 1323 4148 peccatis
1347 4076 1740 4146 persuadeatur.
1765 4073 1980 4129 Clarum

404 4188 488 4233 est
514 4178 654 4232 enim
683 4176 792 4245 jam
836 4173 970 4228 nihil
996 4170 1135 4225 aliud
1164 4185 1321 4240 quam
1350 4168 1620 4223 libidinem
1647 4166 1699 4221 in
1723 4173 1833 4222 toto
1863 4180 1981 4219 ma-

400 4269 676 4327 lefaciendi
701 4283 896 4341 genere
920 4263 1198 4322 dominari.

402 4423 628 4483 CAPUT
667 4424 756 4481 ιν.
778 4454 849 4465 -
878 4420 1102 4494 Objectio
1127 4421 1188 4475 de
1214 4419 1485 4473 homicidio
1512 4424 1709 4489 patrato
1741 4431 1805 4471 ea:
1825 4425 1979 4471 metu.

790 4516 1051 4587 Cupiditas
1078 4512 1344 4584 culpabilis
1363 4510 1483 4581 quid
1507 4510 1592 4564 sit.

476 4638 531 4691 9.
558 4636 622 4689 A.
651 4636 836 4691 Scisne
858 4637 1014 4690 etiam
1036 4636 1191 4689 istam
1222 4632 1496 4689 libidinem
1525 4631 1631 4685 alio
1648 4629 1862 4685 nomine
1884 4644 1986 4685 cu-

406 4726 693 4798 pididatem
741 4726 960 4779 vocari?
987 4724 1054 4778 E.
1087 4725 1230 4780 Scio.
1262 4724 1325 4777 A.
1363 4722 1539 4789 Quid?
1569 4722 1708 4777 inter
1752 4720 1890 4777 hanc
1931 4727 1987 4776 et

407 4829 608 4874 metum
655 4817 859 4872 nihilne
907 4816 1184 4881 interesse,
1228 4830 1293 4869 an
1321 4814 1522 4884 aliquid
1553 4813 1743 4883 putas?
1769 4812 1835 4867 E.
1872 4811 1984 4866 lmo

407 4911 692 4982 plurimum
719 4909 836 4965 haec
864 4909 930 4964 ab
967 4908 1191 4963 invicem
1220 4906 1417 4961 distare
1441 4906 1687 4960 arbitror.
1714 4904 1778 4958 A.
1810 4903 1985 4960 Credo

408 5009 460 5056 te
485 5001 555 5056 ob
584 5001 684 5055 hoc
710 5000 977 5065 arbitrari,
1004 4998 1125 5069 quia
1154 4996 1415 5067 cupiditas
1439 4997 1659 5066 appetit,
1700 5004 1876 5050 metus
1905 4996 1988 5049 fu-

408 5092 501 5162 git.
542 5090 610 5144 E.
634 5091 727 5146 Est
747 5090 817 5145 ita
843 5099 900 5145 ut
937 5089 1087 5144 dicis.
1112 5088 1177 5144 A.
1203 5087 1340 5156 Quid
1368 5088 1415 5143 si
1446 5102 1571 5158 ergo
1596 5087 1855 5158 quispiam
1880 5102 1986 5142 non

409 5181 696 5251 cupiditate
739 5180 1093 5251 adipiscendae
1133 5179 1357 5251 alicujus
1396 5179 1496 5244 rei,
1528 5177 1622 5233 sed
1649 5186 1892 5233 metuens
1919 5192 1989 5233 ne

411 5271 537 5341 quid
567 5272 615 5327 ei
643 5272 763 5326 mali
790 5271 1013 5340 accidat,
1041 5271 1311 5327 hominem
1341 5268 1626 5326 occiderit?
1656 5284 1781 5323 num
1806 5268 1984 5323 homi-

410 5362 529 5420 cida
552 5365 651 5420 iste
675 5380 778 5421 non
806 5364 950 5420 erit?
980 5363 1047 5419 E.
1099 5364 1214 5419 Erit
1241 5363 1477 5434 quidem,
1521 5360 1615 5416 sed
1641 5375 1749 5415 non
1768 5358 1887 5415 ideo
1907 5359 1986 5414 fa-

410 5460 554 5508 ctum
599 5454 702 5510 hoc
739 5455 1045 5525 cupiditatis
1088 5454 1358 5511 dominatu
1385 5460 1566 5509 caret:
1598 5466 1723 5506 nam
1755 5452 1843 5521 qui
1869 5465 1986 5506 me-

410 5551 570 5599 tuens
590 5543 858 5601 hominem
878 5545 1088 5613 occidit,
1112 5545 1257 5618 cupit
1276 5544 1455 5614 utique
1473 5542 1590 5598 sine
1618 5549 1767 5597 metu
1781 5540 1985 5596 vivere.

412 5634 479 5688 Α.
509 5634 577 5689 Et
621 5650 844 5705 parvum
870 5638 963 5694 tibi
1000 5638 1208 5694 videtur
1233 5641 1431 5693 bonum
1461 5636 1578 5692 sine
1599 5642 1746 5690 metu
1773 5631 1990 5689 vivere?

412 5722 758 5810 Eallagnum
782 5730 979 5786 bonum
1002 5741 1103 5799 est,
1133 5731 1227 5787 sed
1250 5730 1354 5789 hoc
1384 5732 1458 5789 illi
1485 5731 1765 5790 homicida:
1804 5743 1899 5800 per
1921 5724 1991 5781 fa-

654 5819 881 5885 δωρον.
924 5825 1199 5887 Aususr.
1247 5826 1297 5887 Ι.

1816 279 2023 338 LIBER
2061 277 2333 337 PRIMUS.

3502 276 3639 333 1:226

2068 394 2222 450 ciuus
2263 408 2417 450 suum
2461 391 2743 466 provenire
2771 390 2917 448 nullo
2963 391 3125 448 modo
3170 402 3360 463 potest.
3410 399 3473 451 Λ.
3527 398 3645 454 Non

2062 502 2247 559 quaero
2274 488 2401 559 quid
2426 486 2473 543 ei
2493 486 2777 558 provenire
2802 486 2992 557 possit,
3023 486 3116 542 sed
3137 487 3261 558 quid
3289 488 3402 559 ipse
3427 491 3603 561 cupiat
3627 534 3644 548 .

2064 589 2211 636 certe
2230 583 2374 636 enim
2411 580 2607 635 bonum
2652 578 2819 649 cupit,
2848 577 2940 649 qui
2981 579 3126 649 cupit
3152 580 3312 635 vitam
3341 592 3485 636 metu
3516 582 3653 638 libe-

2063 686 2214 740 ram;
2236 682 2291 727 et
2310 670 2508 727 idcirco
2536 670 2635 725 ista
2660 670 2923 740 cupiditas
2950 670 3207 742 culpanda
3238 687 3344 727 non
3366 681 3484 739 est;
3518 673 3653 728 alio-

2066 767 2191 837 quin
2212 781 2399 821 omnes
2432 764 2764 835 culpahimus
2792 775 3059 821 amatores
3104 765 3252 821 boni.
3286 766 3517 823 Proinde
3556 783 3654 823 co-

2066 858 2241 929 gimur
2273 856 2429 913 fateri
2458 872 2578 913 esse
2607 855 2967 923 homicidium,
3014 857 3068 911 in
3112 873 3216 928 quo
3246 867 3473 930 nequeat
3494 858 3653 915 malae

2067 948 2211 1005 illius
2238 948 2541 1019 cupiditatis
2568 948 2861 1005 dominatio
2897 950 3162 1019 reperiri;
3202 950 3499 1022 falsumque
3548 953 3655 1008 erit

2068 1039 2197 1096 illud
2221 1082 2237 1107 ,
2283 1040 2424 1112 quod
2448 1042 2503 1096 in
2528 1041 2772 1097 omnibus
2799 1043 3030 1111 peccatis
3070 1052 3128 1097 ut
3164 1044 3301 1097 mala
3330 1046 3458 1112 sint,
3492 1045 3655 1101 libido

2068 1132 2371 1190 dominatur
2397 1152 2413 1202 ;
2443 1143 2535 1190 aut
2560 1136 2661 1191 erit
2691 1135 2904 1206 allquod
2951 1136 3319 1206 homicidium,
3351 1139 3491 1209 quod
3524 1155 3655 1209 pos-

2070 1226 2141 1283 sit
2165 1242 2273 1282 non
2298 1241 2417 1283 esse
2443 1236 2717 1298 peccatum
2745 1229 2784 1281 ί.
2803 1228 2869 1281 Ε.
2903 1228 2960 1282 Si
2990 1228 3332 1284 homicidium
3373 1239 3457 1287 est
3484 1230 3658 1286 homi-

2069 1334 2195 1375 nem
2216 1318 2481 1387 occidere,
2506 1327 2683 1390 potest
2706 1320 2947 1375 accidere
2967 1320 3250 1392 aliquando
3268 1323 3383 1378 sine
3404 1335 3620 1393 peccato
3641 1341 3658 1381 :

2070 1428 2195 1469 nam
2236 1420 2291 1469 et
2330 1413 2485 1468 miles
2510 1412 2741 1480 hostem,
2768 1421 2823 1469 et
2844 1412 3007 1483 judex
3044 1414 3128 1470 vel
3154 1415 3394 1470 minister
3419 1415 3532 1485 ejus
3561 1430 3663 1471 no—
3720 1434 3725 1485 χ

2072 1516 2310 1572 centem,
2335 1513 2389 1561 et
2427 1505 2515 1560 cui
2541 1504 2680 1561 forte
2706 1506 2869 1561 invito
2914 1516 3073 1577 atque
3113 1508 3441 1579 imprudenti
3489 1510 3660 1565 telum

2073 1613 2234 1654 manu
2275 1597 2428 1668 fugit,
2466 1613 2575 1653 non
2615 1597 2744 1653 mihi
2773 1598 3018 1653 videntur
3046 1615 3292 1669 peccare,
3327 1617 3451 1656 cum
3480 1601 3658 1657 homi-
3732 1580 3734 1584 i

2073 1706 2198 1747 nem
2226 1690 2496 1748 occidunt.
2515 1690 2582 1746 A.
2604 1690 2884 1746 Assentior
2902 1709 2915 1744 :
2934 1692 3026 1746 sed
3055 1692 3335 1748 homicidae
3365 1695 3453 1748 isti
3482 1696 3665 1765 appelo

2074 1783 2175 1839 lari
2198 1798 2304 1839 non
2328 1784 2521 1840 solent.
2547 1783 2829 1855 Responde
2853 1783 3051 1854 itaque,
3077 1794 3251 1839 utrum
3283 1785 3430 1840 illum
3454 1787 3540 1856 qui
3565 1786 3663 1841 do-

2074 1878 2279 1931 minum
2306 1876 2517 1942 occidit,
2550 1892 2580 1931 a
2610 1892 2716 1948 quo
2746 1877 2845 1932 sibi
2865 1877 3133 1932 metuebat
3161 1878 3428 1934 cruciatus
3452 1896 3667 1950 graves,

2075 1968 2129 2023 in
2155 1982 2339 2024 eorum
2363 1984 2587 2023 numero
2613 1968 2918 2026 habendum
2945 1969 3242 2035 existimes,
3273 1971 3361 2040 qui
3382 1970 3459 2025 sic
3488 1970 3667 2025 homi«

2074 2075 2198 2115 nem
2229 2060 2514 2125 occidunt,
2550 2069 2608 2114 ut
2654 2076 2720 2114 ne
2751 2059 3134 2115 homicidarum
3189 2060 3400 2130 quidem
3452 2063 3669 2119 nomine

2075 2151 2219 2222 digni
2253 2152 2399 2206 sint?
2424 2151 2492 2205 E.
2516 2151 2697 2223 Longe
2722 2152 2789 2206 ab
2805 2153 2882 2207 eis
2907 2152 3067 2206 istum
3087 2151 3301 2208 differre
3324 2154 3476 2209 video
3505 2172 3519 2208 :
3543 2169 3669 2209 nam

2076 2242 2153 2297 illi
2181 2244 2264 2299 vel
2293 2260 2359 2300 ex
2407 2245 2609 2316 legibus
2635 2244 2853 2312 faciunt,
2883 2245 2968 2299 vel
3012 2261 3118 2300 non
3147 2255 3330 2303 contra
3355 2248 3537 2318 leges;
3571 2248 3670 2304 hu-

2073 2336 2160 2407 jus
2186 2346 2361 2394 autem
2381 2336 2588 2393 facinus
2614 2338 2758 2393 nulla
2784 2338 2869 2393 lex
2890 2339 3167 2409 approbat.

2150 2429 2237 2484 10.
2272 2429 2337 2482 Α.
2368 2428 2572 2485 Rursus
2617 2445 2703 2484 me
2745 2428 2815 2484 ad
2855 2431 3226 2486 auctoritatem
3275 2446 3493 2488 revocas
3525 2450 3538 2487 :
3570 2431 3669 2490 sed

2077 2522 2387 2578 meminisse
2411 2531 2465 2579 te
2492 2531 2701 2593 oportet
2727 2522 2779 2577 id
2805 2538 2948 2577 nunc
2965 2538 2996 2576 a
3024 2524 3179 2578 nobis
3194 2538 3315 2579 esse
3335 2532 3664 2597 susceptum,

2077 2622 2137 2669 ut
2160 2614 2520 2687 intelligamus
2545 2615 2686 2686 quod
2722 2615 3028 2681 credimus;
3055 2616 3261 2686 legibus
3287 2628 3462 2673 autem
3493 2618 3670 2673 credi-

2077 2722 2234 2762 mus:
2258 2707 2568 2763 tentandum
2590 2707 2769 2777 itaque
2792 2714 2895 2771 est,
2923 2707 2968 2762 si
2996 2722 3102 2778 quo
3125 2708 3283 2763 modo
3310 2724 3593 2779 possumus
3614 2709 3669 2765 id

2078 2799 2251 2869 ipsum
2282 2800 2599 2871 intelligere,
2631 2807 2810 2854 utrum
2841 2798 2927 2855 lex
2977 2816 3095 2870 quae
3137 2800 3290 2869 punit
3322 2803 3421 2855 hoc
3447 2801 3665 2868 factum,

2078 2909 2186 2949 non
2229 2910 2511 2965 perperam
2539 2896 2744 2964 puniat.
2786 2892 2855 2948 E.
2905 2893 3059 2949 Nullo
3084 2895 3246 2950 modo
3272 2911 3548 2966 perperam
3576 2915 3672 2968 pu-

2080 2988 2178 3055 nit,
2203 2987 2633 3059 quandoquidem
2661 2988 2812 3057 punit
2836 3002 2958 3042 eum
2975 2988 3064 3057 qui
3085 2987 3272 3043 volens
3302 2997 3356 3043 et
3385 2989 3559 3043 sciens
3577 2989 3673 3043 do-

2080 3082 2285 3135 minum
2315 3090 2487 3147 necat,
2508 3080 2650 3149 quod
2676 3081 2852 3135 nullus
2874 3080 3117 3136 istorum.
3148 3081 3212 3133 Α.
3242 3081 3466 3151 Ecquid,
3488 3098 3672 3137 recor-

2085 3172 2230 3226 daris
2275 3180 2327 3225 te
2379 3172 2537 3242 paulo
2583 3180 2708 3227 ante
2749 3170 2971 3239 dixisse,
3031 3171 3083 3224 in
3135 3172 3278 3225 omni
3328 3172 3467 3227 facto
3513 3176 3654 3227 malo

2084 3261 2361 3316 libidinem
2405 3261 2706 3329 dominari,
2742 3269 2795 3315 et
2846 3275 2910 3316 eo
2966 3261 3081 3330 ipso
3134 3261 3329 3315 malum
3380 3264 3545 3317 esse?
3598 3264 3670 3317 E.

2081 3354 2355 3410 Recordor
2380 3367 2532 3409 sane.
2558 3350 2626 3407 Α.
2651 3351 2827 3419 Quid?
2852 3350 2981 3405 illud
3002 3366 3180 3406 nonne
3199 3351 3339 3407 idem
3372 3363 3425 3407 tu
3446 3368 3671 3409 conces-

2085 3448 2222 3513 sisti,
2246 3462 2369 3502 eum
2398 3446 2485 3516 qui
2504 3445 2648 3514 cupit
2667 3445 2781 3499 sine
2799 3452 2943 3498 metu
2964 3444 3164 3509 vivere,
3197 3459 3303 3498 non
3332 3444 3530 3499 habere
3550 3459 3670 3499 ma-

2088 3539 2193 3594 lam
2221 3537 2603 3609 cupiditatem?
2631 3536 2698 3590 E.
2729 3536 2796 3590 Et
2835 3535 2937 3589 hoc
2977 3534 3251 3589 recordor.
3283 3533 3349 3589 A.
3382 3535 3511 3589 Cum
3544 3551 3674 3606 ergo

2085 3630 2188 3686 ista
2232 3629 2519 3699 cupiditate
2541 3643 2569 3681 a
2613 3641 2769 3682 servo
2808 3625 3056 3680 dominus
3082 3624 3421 3691 interimitur,
3451 3642 3556 3680 non
3588 3627 3677 3681 illa

2085 3720 2337 3790 culpabili
2377 3718 2664 3791 cupiditate
2692 3716 3033 3771 interimitur.
3083 3715 3441 3781 Quamobrem
3472 3732 3570 3771 cur
3599 3717 3671 3771 sit

2090 3810 2189 3865 hoc
2225 3810 2431 3864 facinus
2460 3808 2681 3874 malum,
2722 3806 2957 3861 nondum
3004 3806 3380 3874 comperimus.
3414 3807 3677 3862 Convenit

2086 3904 2229 3959 enim
2261 3904 2400 3958 inter
2443 3916 2543 3956 nos
2588 3899 2769 3954 omnia
2811 3898 3088 3954 malefacta
3118 3912 3222 3953 non
3254 3899 3322 3952 ob
3359 3898 3500 3953 aliud
3529 3901 3674 3955 mala

2088 4011 2227 4063 esse,
2250 3995 2350 4050 nisi
2378 3994 2521 4066 quod
2541 3992 2779 4059 libidine,
2804 3991 2857 4047 id
2878 4000 2960 4048 est
2986 3991 3333 4061 improbanda
3360 3992 3672 4062 cupiditate,

2088 4088 2241 4144 fiunt.
2273 4087 2342 4142 E.
2368 4088 2486 4143 Jam
2514 4086 2647 4142 mihi
2661 4085 3080 4155 videturinjuria
3110 4086 3209 4140 iste
3228 4084 3467 4140 damnari
3492 4105 3504 4140 :
3530 4089 3676 4158 quod

2088 4179 2304 4249 quidem
2330 4194 2438 4233 non
2464 4178 2716 4233 auderem
2746 4177 2947 4242 dicere,
2986 4177 3032 4231 si
3056 4176 3200 4231 aliud
3244 4176 3496 4233 haberem
3525 4178 3671 4248 quod

2087 4270 2345 4325 dicerem.
2371 4269 2438 4323 A.
2470 4269 2618 4325 Itane
2643 4269 2792 4339 prius
2821 4267 2913 4321 tibi
2943 4266 3251 4336 persuasisti
3278 4276 3480 4322 tantum
3500 4269 3674 4324 scelus

2089 4361 2406 4431 impunitum
2447 4374 2566 4415 esse
2595 4368 2864 4428 oportere,
2896 4374 3056 4428 quam
3084 4358 3455 4414 considerares
3493 4369 3671 4414 utrum

2090 4451 2182 4506 ille
2202 4466 2387 4506 servus
2415 4458 2633 4521 prOpter
2674 4448 2947 4503 satiandas
2977 4448 3222 4504 libidines
3248 4465 3372 4506 suas
3401 4462 3544 4506 metu
3572 4452 3673 4507 do-

2090 4544 2224 4600 mini
2248 4558 2432 4599 carere
2457 4541 2761 4612 cupiverit?
2790 4540 2999 4610 Cupere
3026 4556 3255 4612 namque
3276 4542 3392 4598 sine
3415 4553 3557 4597 metu
3587 4544 3671 4597 vi-

2094 4651 2241 4704 vere,
2294 4650 2401 4690 non
2458 4642 2659 4690 tantum
2707 4633 3003 4700 bonorum,
3051 4631 3147 4687 sed
3196 4633 3356 4689 etiam
3408 4635 3671 4689 malorum

2093 4728 2330 4786 omnium
2360 4734 2476 4783 est:
2509 4741 2695 4784 verum
2727 4723 2829 4780 hoc
2874 4725 3116 4791 interest,
3162 4724 3302 4793 quod
3329 4723 3381 4777 id
3412 4723 3535 4777 boni
3575 4740 3675 4794 ap-

2092 4826 2284 4893 petunt
2306 4816 2594 4874 avertendo
2609 4831 2847 4871 amorem
2869 4815 2937 4869 ab
2959 4815 3021 4869 iis
3040 4814 3220 4877 rebus,
3243 4828 3363 4882 quae
3386 4814 3501 4868 sine
3520 4814 3678 4868 amit-

2094 4912 2241 4969 tendi
2291 4909 2526 4982 periculo
2576 4916 2846 4978 nequeunt
2874 4904 3089 4969 haberi;
3117 4902 3246 4957 mali
3290 4912 3465 4957 autem
3506 4912 3565 4957 ut
3592 4902 3676 4957 his

2094 5004 2333 5062 fruendis
2374 5019 2495 5059 cum
2524 5002 2809 5059 securitate
2851 4998 3121 5064 incubent,
3154 5011 3429 5052 removere
3457 4996 3678 5067 impedi-

2102 5109 2285 5156 menta
2313 5108 2597 5166 conantur,
2629 5105 2683 5152 et
2725 5102 3005 5166 propterea
3048 5091 3401 5147 facinorosam
3448 5090 3679 5146 scelera-

2159 5278 2176 5309 ι
2202 5283 2251 5325 tn
2267 5275 2401 5338 prius
2422 5268 2975 5338 editis__in_terlocutores
3017 5264 3681 5338 persaepein‘terserebantur

2093 5351 2222 5389 unus
2244 5327 2330 5400 pro
2350 5338 2462 5396 alio,
2476 5344 2528 5385 et
2548 5334 2664 5384 alibi
2685 5344 2831 5400 quam
2846 5327 3192 5393 Oporteret;uf
3208 5328 3420 5400 hicloci,
3438 5327 3524 5375 ubi
3536 5328 3681 5400 omit-

2094 5395 2309 5458 tehatur,
2332 5407 2385 5448 Ε.
2411 5395 2466 5447 ac
2504 5404 2669 5459 postea
2694 5396 2996 5459 ponebatur,
3017 5402 3073 5459 Εἶ
3101 5395 3454 5459 ΔΑέςδεηιὶῳς.....
3499 5400 3565 5459 Ατ.
3592 5396 3680 5436 Re-

2093 5463 2272 5525 sponde
2296 5452 2453 5523 itaque
2475 5452 2519 5525 ;_'
2535 5471 2681 5522 quem
2694 5452 2922 5525 errorem
2950 5452 3111 5525 ἐπειξή
3150 5454 3430 5525 juvantith
3471 5452 3682 5512 antitu

2095 5516 2343 5575 o'odicibus
2375 5516 2719 5583 "corrigemus,
2766 5517 2892 5583 haud
2916 5518 3102 5579 pigebit
3146 5516 3679 5583 suis___l_ocis_monere.

2096 5587 2396 5648 Removimus
2418 5576 2559 5645 porrvo
2602 5576 3089 5648 particulam-tanien,
3117 5577 3347 5648 qua:_illic
3368 5576 3520 5648 adest
3558 5577 3682 5648 apud

2094 5646 2319 5709 vulgatos
2335 5680 2350 5707 ,
2372 5640 2519 5708 potest
2560 5640 2717 5696 tdmen
2755 5641 2976 5692 accidere
3011 5640 3271 5705 aliquando
3296 5653 3315 5691 :
3337 5640 3480 5691 abest
3517 5646 3680 5689 autem

2896 5805 3416 5889 (Trente—neuf.)
