4118 6370
466 379 605 437 1827

466 513 685 572 tamque
711 497 899 562 vitam,
921 505 1039 565 quae
1061 503 1204 545 mors
1251 483 1442 542 melius
1467 491 1707 549 vocatur,
1737 473 1945 551 gerunt.
1974 471 2044 530 E.

471 594 766 668 Resipisco,
798 598 850 645 et
872 584 1157 643 admodum
1184 581 1390 656 gaudeo
1409 579 1518 648 jam
1547 593 1632 633 me
1658 575 1813 648 plane
1851 587 2050 668 cogno-

468 665 619 750 visse
639 685 766 761 quid
793 683 862 754 sit
885 682 1043 739 etiam
1070 677 1158 733 illa
1185 672 1466 746 culpabilis
1493 669 1772 742 cupiditas,
1807 665 2052 739 quzelibi-

469 785 541 842 do
569 782 890 838 nominatur.
931 775 1099 842 Quam
1125 785 1246 827 esse
1270 769 1378 840 jam
1401 774 1622 839 apparet
1657 777 1842 820 earum
1872 775 2053 817 rerum

469 889 729 942 amorem,
753 884 882 942 quas
905 863 1079 938 potest
1096 863 1319 935 quisque
1345 860 1542 915 invitus
1559 858 1824 913 amittere.

475 1009 706 1069 CAPUT
742 1006 812 1063 ν.
836 1035 908 1047 -
933 1002 1159 1076 Objectio
1174 999 1336 1056 altera
1354 1000 1416 1054 de
1440 997 1686 1052 occisione
1713 994 1932 1051 hominis
1955 994 2058 1048 vim

760 1098 1020 1167 offerentis
1044 1112 1135 1168 per
1165 1097 1415 1150 humanas
1443 1094 1573 1164 leges
1602 1092 1760 1147 licita.

541 1217 633 1274 Η.
659 1214 835 1282 Quare
879 1225 1040 1275 nunc,
1069 1223 1189 1280 age,
1233 1221 1556 1278 quaeramus,
1586 1207 1630 1261 si
1656 1207 1843 1277 placet,
1880 1215 2059 1262 utrum

475 1311 634 1368 etiam
675 1308 729 1362 in
762 1303 1057 1374 sacrilegiis
1094 1299 1259 1361 libido
1294 1299 1620 1365 dominetur,
1652 1315 1773 1370 quae
1817 1298 2061 1356 videmus

472 1397 624 1476 plura
669 1397 1048 1471 superstitione
1092 1393 1373 1450 committi.
1404 1393 1468 1446 A.
1509 1391 1640 1448 Vide
1665 1408 1734 1447 ne
1756 1399 2062 1463 praeprope-

472 1503 590 1554 rum
612 1495 716 1551 sit:
748 1493 892 1564 prius
917 1493 1056 1546 enim
1083 1487 1212 1544 mihi
1239 1485 1629 1543 discutiendum
1655 1485 1865 1541 videtur
1882 1495 2062 1540 utrum

473 1587 560 1647 vel
592 1586 761 1643 hostis
801 1587 1039 1648 irruens,
1082 1581 1164 1636 vel
1211 1579 1486 1634 insidiator
1526 1577 1783 1642 sicarius,
1814 1577 1925 1632 sive
1965 1589 2063 1643 pro

474 1681 600 1747 vita,
632 1679 746 1734 sive
770 1694 868 1748 pro
910 1677 1172 1738 libertate,
1220 1673 1332 1727 sive
1369 1686 1464 1741 pro
1513 1670 1782 1740 pudicitia,
1816 1670 1931 1724 sine
1958 1669 2064 1724 ulla

476 1771 821 1828 interficiatur
872 1767 1110 1821 libidine.
1136 1764 1202 1818 E.
1235 1762 1517 1830 Quomodo
1562 1777 1782 1834 possum
1815 1759 2064 1815 arbitrari

475 1881 662 1922 carere
691 1865 820 1917 istos
845 1859 1086 1925 libidine,
1119 1855 1208 1928 qui
1251 1871 1348 1926 pro
1381 1855 1445 1910 iis
1484 1856 1646 1910 rebus
1683 1853 2058 1924 digladiantur,

475 1971 609 2029 quas
656 1962 877 2025 possunt
929 1951 1175 2005 amittere
1229 1949 1376 2003 inviti
1405 1966 1417 2002 :
1446 1957 1538 2002 aut
1577 1949 1624 2002 si
1663 1963 1770 2003 non
1817 1956 2058 2017 possunt,

475 2049 601 2121 quid
635 2063 766 2116 opus
795 2053 876 2100 est
909 2057 1005 2114 pro
1038 2043 1118 2095 his
1141 2057 1312 2111 usque
1340 2040 1405 2095 ad
1436 2040 1667 2095 hominis
1701 2055 1886 2095 necem
1934 2055 2062 2108 pro-

475 2140 659 2214 gredi?
680 2137 728 2194 A
751 2138 791 2192 ⁸.
822 2136 939 2193 Non
974 2151 1099 2206 ergo
1128 2136 1210 2189 lex
1234 2134 1377 2205 justa
1403 2143 1503 2201 est,
1549 2150 1668 2205 quae
1694 2135 1784 2188 dat
1826 2142 2063 2204 potesta-

476 2244 584 2288 tem
605 2229 687 2286 vel
717 2229 906 2304 viatqri
926 2237 980 2280 ut
1009 2226 1294 2294 latronem,
1335 2242 1402 2282 ne
1436 2225 1504 2280 ab
1534 2241 1598 2280 eo
1625 2226 1738 2294 ipse
1767 2225 2062 2293 occidatur,

475 2321 716 2388 occidat;
753 2320 838 2376 vel
866 2320 1094 2387 cuipiam
1128 2321 1240 2373 viro
1269 2330 1356 2372 aut
1386 2319 1594 2372 femina:
1614 2329 1671 2372 ut
1696 2319 1958 2373 violenter
1987 2319 2061 2373 si-

473 2417 528 2473 bi
570 2423 927 2485 stupratorem
978 2412 1272 2469 irruentem
1311 2420 1435 2467 ante
1467 2413 1674 2467 illatum
1705 2423 1973 2483 stuprum,
2018 2413 2066 2468 si

473 2507 675 2580 possit,
717 2505 1004 2562 interimat.
1036 2503 1172 2562 Nam
1200 2504 1354 2560 militi
1397 2507 1554 2560 etiam
1580 2505 1797 2575 jubetur
1832 2506 1948 2575 lege
1969 2548 1983 2573 ,
2009 2512 2069 2561 ut

475 2603 682 2655 hostem
711 2608 868 2652 necet
902 2615 913 2648 :
938 2613 968 2650 a
1009 2613 1114 2669 qua
1137 2595 1283 2653 caede
1307 2595 1353 2650 si
1382 2596 1777 2666 temperaverit,
1809 2595 1874 2650 ab
1896 2597 2067 2667 impe-

471 2701 650 2749 ratore
679 2707 863 2763 poenas
888 2692 1006 2748 luit.
1036 2693 1171 2747 Num
1190 2694 1319 2746 istas
1340 2691 1484 2760 leges
1515 2691 1757 2758 injustas,
1778 2691 1858 2744 vel
1889 2691 2067 2760 potius

478 2783 649 2838 nullas
664 2782 841 2838 dicere
865 2782 1222 2839 audebimus?
1249 2779 1379 2835 Nam
1409 2781 1538 2834 mihi
1573 2782 1654 2833 lex
1683 2796 1802 2836 esse
1837 2796 1945 2835 non
1980 2784 2062 2836 vi-

472 2877 650 2942 detur,
675 2890 792 2945 qum
819 2875 958 2944 justa
991 2893 1097 2931 non
1125 2874 1304 2930 fuerit.

544 2968 634 3031 12.
683 2965 751 3021 Ε.
788 2966 985 3041 Legem
1032 2967 1246 3040 quidem
1278 2968 1408 3022 satis
1443 2966 1599 3022 video
1645 2983 1763 3023 esse
1803 2969 2066 3024 munitam

474 3069 658 3129 ροῃιιιδ
684 3059 1050 3132 hujuscemodi
1095 3061 1515 3127 accusationem,
1547 3075 1664 3129 qua:
1697 3060 1750 3114 in
1776 3074 1840 3115 eo
1867 3062 2064 3130 populo

473 3179 630 3237 quem
659 3157 814 3232 regit,
847 3154 1138 3209 minoribus
1170 3152 1460 3206 malefactis
1486 3167 1552 3206 ne
1582 3152 1782 3222 majora
1814 3153 2065 3208 commit-

472 3263 732 3317 terentur,
765 3244 1214 3306 deditlieentiam.
1245 3242 1409 3297 Multo
1437 3252 1520 3296 est
1559 3244 1702 3298 enim
1733 3243 1914 3298 mitius
1940 3259 2065 3299 eum

473 3348 564 3419 qui
587 3347 774 3400 aliense
798 3344 922 3397 vitae
949 3336 1245 3400 insidiatur,
1289 3350 1449 3404 quam
1479 3351 1600 3390 eum
1639 3336 1725 3404 qui
1759 3351 1909 3391 suam
1942 3345 2062 3393 tue-

474 3447 580 3506 tur,
613 3436 802 3493 occidi.
835 3434 904 3488 Et
929 3430 1098 3485 multo
1126 3438 1208 3483 est
1233 3428 1516 3482 immanius
1544 3429 1763 3483 invitum
1788 3429 2062 3487 hominem

474 3540 714 3600 stuprum
757 3523 982 3598 perpeti,
1025 3537 1183 3592 quant
1215 3535 1337 3575 eum
1377 3535 1406 3574 a
1432 3535 1541 3590 quo
1567 3521 1646 3575 vis
1690 3523 1777 3576 illa
1811 3523 2062 3592 infertur,

473 3621 542 3677 ab
571 3636 635 3676 eo
660 3621 743 3674 cui
767 3619 960 3672 inferre
980 3624 1223 3676 conatur,
1259 3613 1512 3666 interimi.
1534 3613 1647 3666 Jam
1679 3632 1802 3668 vero
1833 3617 1984 3671 miles
2010 3619 2064 3671 in

473 3711 626 3767 hoste
651 3708 1020 3766 interficiendo
1051 3706 1297 3760 minister
1325 3714 1408 3761 est
1439 3706 1606 3776 legis;
1640 3721 1805 3778 quare
1827 3707 2062 3762 officium

472 3819 626 3861 suum
656 3801 808 3858 facile
853 3801 997 3856 nulla
1025 3798 1243 3856 libidine
1279 3799 1537 3870 implevit.
1568 3800 1736 3854 Porro
1775 3803 1886 3869 ipsa
1939 3799 2022 3854 lex
2044 3841 2061 3868 ,

471 3913 590 3969 qua!
618 3897 797 3951 tuendi
821 3895 998 3967 pepuli
1025 3908 1186 3950 causa
1210 3892 1312 3945 lata
1347 3903 1448 3958 est,
1476 3892 1674 3948 nullius
1710 3893 1945 3947 libidinis
1972 3909 2066 3947 ar-

471 3990 558 4062 gui
587 3995 782 4060 potest.
813 3985 1087 4055 Siquidem
1121 3985 1208 4038 ille
1238 3985 1325 4054 qui
1357 3984 1494 4050 tulit,
1529 3984 1571 4037 si
1607 3985 1700 4039 Dei
1729 3985 1882 4055 jussu
1921 3986 2061 4052 tulit,

473 4081 528 4137 id
556 4090 641 4138 est
665 4079 806 4150 quod
835 4078 1083 4147 praecepit
1120 4076 1563 4146 mternajustilia,
1605 4092 1798 4146 expers
1843 4079 2065 4135 omnino

472 4172 706 4228 libidinis
753 4169 806 4223 id
852 4182 1009 4238 agere
1039 4167 1209 4235 potuit
1239 4184 1252 4220 :
1279 4166 1322 4219 si
1353 4174 1529 4220 autem
1580 4167 1668 4222 ille
1717 4183 1836 4222 cum
1883 4171 2065 4239 aliqua

475 4263 694 4319 libidine
724 4260 825 4314 hoc
865 4258 1067 4323 statuit,
1099 4273 1202 4311 non
1231 4273 1297 4313 ex
1319 4272 1384 4312 eo
1411 4257 1468 4311 fit
1496 4266 1555 4312 ut
1589 4259 1636 4314 ei
1666 4259 1769 4331 legi
1791 4276 1910 4315 cum
1943 4262 2066 4318 libi-

475 4353 600 4409 dine
616 4352 985 4420 obtemperare
1015 4363 1231 4405 necesse
1257 4349 1354 4414 sit;
1388 4350 1508 4420 quia
1539 4351 1676 4406 bona
1721 4353 1803 4406 lex
1827 4361 1880 4406 et
1904 4369 1932 4407 a
1957 4369 2062 4408 non

478 4449 620 4502 bono
639 4445 762 4500 l’erri
790 4453 983 4514 potest.
1027 4443 1141 4498 Non
1169 4442 1312 4498 enim
1345 4444 1387 4498 si
1418 4444 1557 4513 quis,
1586 4445 1733 4499 verbi
1763 4460 1942 4510 causa,
1975 4455 2062 4516 ty—

478 4539 750 4595 rannicam
778 4545 1094 4606 potestatem
1126 4544 1337 4600 nactus,
1381 4537 1448 4590 ab
1491 4538 1668 4608 aliquo
1694 4541 1776 4592 cui
1807 4538 1905 4593 hoc
1928 4554 2061 4592 con-

474 4631 643 4698 ducit,
676 4629 901 4701 pretium
934 4629 1176 4697 accipiat,
1201 4637 1259 4683 ut
1287 4636 1488 4683 statuat
1515 4631 1645 4685 nulli
1679 4632 1842 4686 licere
1885 4631 1966 4687 vel
1993 4630 2063 4688 ad

475 4723 782 4794 conjugium
811 4721 1062 4776 feminam
1094 4736 1302 4792 rapere,
1330 4732 1614 4792 propterea
1653 4729 1782 4775 lt:.:l;t
1819 4727 1901 4780 h-x
1935 4727 2059 4793 erit,

473 4816 593 4888 quia
625 4815 714 4870 ille
764 4815 992 4886 injustus
1036 4824 1195 4886 atque
1223 4827 1504 4886 corruptus
1540 4818 1674 4872 hanc
1709 4820 1847 4874 tulit.
1880 4818 2063 4876 Potest

473 4925 600 4980 ergo
644 4908 716 4964 illi
757 4907 863 4979 legi
901 4924 1019 4979 quae
1073 4908 1386 4962 tuendorum
1418 4910 1610 4964 civium
1636 4927 1794 4966 causa
1823 4911 1930 4968 vim
1963 4914 2063 4970 ho-

475 5000 650 5056 stilem
679 4999 866 5056 eadem
893 5001 942 5053 vi
970 4999 1158 5070 repelli
1185 4999 1356 5070 jubet,
1389 4999 1504 5055 sine
1531 5000 1753 5058 libidine
1780 5004 2058 5079 obtempe-

471 5093 579 5148 rari
614 5111 625 5146 :
658 5101 712 5148 et
732 5093 800 5148 de
829 5091 1076 5148 omnibus
1105 5093 1387 5163 ministris,
1426 5095 1516 5166 qui
1538 5095 1658 5166 jure
1687 5107 1845 5170 atque
1870 5101 2060 5160 ordine

472 5187 828 5257 potestatibus
867 5188 1165 5258 quibusque
1209 5188 1431 5258 subjecti
1465 5199 1608 5255 sunt,
1645 5191 1695 5246 id
1726 5193 1826 5248 diei
1859 5206 2054 5266 potest.

472 5278 579 5338 Sed
633 5279 712 5335 illi
741 5279 988 5335 homines
1028 5279 1146 5352 lege
1190 5279 1478 5351 inculpata,
1510 5285 1776 5352 quomodo
1803 5287 2059 5359 inculpati

473 5380 671 5440 queant
689 5385 830 5438 esse,
861 5385 968 5427 non
994 5371 1182 5428 video:
1207 5388 1312 5427 non
1339 5374 1480 5427 enim
1509 5375 1594 5429 lex
1627 5391 1719 5432 eos
1748 5379 1886 5450 cogit
1915 5382 2058 5436 occi-

375 5481 378 5484 ·
471 5461 620 5530 dere,
663 5462 758 5518 sed
783 5463 1037 5534 relinquit
1063 5464 1113 5518 in
1144 5473 1428 5534 potestate.
1469 5465 1718 5524 Liberum
1757 5470 1834 5526 eis
1879 5471 2056 5544 itaque

470 5561 555 5608 est
583 5553 849 5610 neminem
890 5572 1082 5612 necare
1112 5572 1207 5626 pro
1233 5557 1297 5612 iis
1324 5558 1479 5614 rebus
1504 5577 1636 5630 quas
1662 5564 1808 5618 inviti
1835 5576 2059 5634 possunt

532 5712 694 5801 2.5.91“
715 5713 1277 5801 ἒξὲἓρηοιξθετξιζξωξξηέ..
1295 5718 1772 5801 amazement,
1796 5735 1852 5801 :i-
1893 5735 2061 5801 ιεραη

713 5778 1086 5855 ,ίδὲδωο
1122 5779 1279 5830 Em“
1303 5793 1434 5843 θεων
1457 5775 1585 5835 (ω’
1861 5775 2058 5855 stafiva:

463 5845 566 5890 tum
587 5845 692 5892 Ias.
712 5845 1003 5892 renuntiant.

1447 365 1538 421 nn
1576 362 1826 420 unane
1863 351 2211 426 ARBITRIO,
2250 327 2308 413 s.
2347 356 2716 416 AUGUSTlNl

3605 339 3747 416 ηεε

2167 471 2443 544 amittere,
2475 471 2528 529 et
2555 475 2625 530 ob
2643 473 2744 529 hoc
2764 487 2944 530 amare
2976 487 3081 528 non
3109 471 3325 530 debent.
3361 473 3440 529 De
3463 471 3568 528 vita
3603 475 3750 530 enim

2156 564 2383 622 fortasse
2409 567 2639 638 cuipiam
2678 565 2748 623 sit
2775 565 3014 632 dubium,
3048 577 3224 622 utrum
3250 565 3442 622 animae
3483 567 3627 621 nullo
3657 583 3751 638 pa-

2157 674 2246 719 cto
2271 676 2300 716 a
2318 661 2575 731 uferatur,
2603 661 2728 718 dum
2756 659 2857 716 hoc
2876 675 3070 732 corpus
3089 659 3410 716 interimitur
3431 679 3442 715 :
3467 659 3560 716 sed
3582 662 3626 716 si
3657 663 3755 715 au—

2157 755 2286 814 ferri
2327 765 2519 828 potest,
2552 753 2941 810 contemnenda
2982 765 3102 822 est;
3135 754 3179 809 si
3233 770 3338 810 non
3383 763 3578 825 potest,
3621 751 3755 809 ‘nihil
3785 771 3806 790 ν

2160 850 2527 908 metuendum.
2566 849 2642 905 De
2669 848 2917 920 pudicitia
2946 863 3072 902 vero
3098 847 3217 919 quis
3254 845 3592 910 dubitaverit,
3623 846 3755 916 quin

2162 959 2225 999 ea
2253 943 2320 998 sit
2348 941 2403 997 in
2427 943 2541 1014 ipso
2571 941 2753 996 animo
2785 941 3093 1006 constituta,
3123 933 3552 1011 quandoquidem
3582 939 3757 992 virtus

2163 1034 2289 1092 est?
2320 1031 2461 1089 unde
2491 1051 2521 1088 a
2548 1034 2782 1090 violento
2809 1042 3112 1105 stupratore
3136 1033 3268 1104 eripi
3291 1048 3389 1088 nec
3415 1033 3527 1104 ipsa
3557 1035 3754 1103 petest.

2164 1125 2430 1196 Quidquid
2486 1125 2647 1198 igitUr
2693 1137 2972 1198 erepturus
3002 1136 3120 1184 erat
3148 1126 3237 1181 ille
3265 1125 3355 1196 qui
3398 1123 3679 1193 occiditur,
3703 1124 3760 1181 id

2166 1225 2336 1272 totum
2387 1219 2442 1272 in
2493 1226 2755 1288 potestate
2785 1227 2966 1275 nostra
2999 1217 3105 1274 non
3131 1227 3212 1274 est
3242 1236 3256 1274 :
3285 1203 3452 1290 quare
3496 1215 3762 1289 quemad-

2168 1309 2385 1364 modum
2412 1319 2652 1364 noslrum
2673 1309 3049 1382 appellandum
3082 1309 3170 1379 sit,
3195 1326 3301 1366 non
3326 1309 3584 1382 intelligo.
3609 1310 3760 1378 Qua-

2167 1411 2387 1474 propter
2441 1403 2612 1474 legem
2655 1404 2871 1475 quidem
2919 1420 3028 1459 non
3067 1401 3428 1475 reprehendo,
3461 1419 3579 1474 quae
3626 1403 3764 1458 tales

2170 1495 2428 1565 permittit
2449 1496 2703 1563 interfici;
2737 1495 2829 1553 sed
2859 1510 2966 1568 quo
3007 1505 3161 1568 pacto
3203 1494 3336 1553 istos
3361 1493 3643 1552 defendam
3667 1491 3764 1567 qui

2169 1589 2510 1658 interficiunt,
2533 1605 2638 1646 non
2669 1591 2902 1646 invenio.

2241 1683 2325 1736 15.
2368 1681 2430 1735 Α.
2475 1682 2636 1737 Multo
2685 1683 2862 1738 minus
2907 1683 2923 1714 ¹
2961 1698 3062 1754 ego
3105 1683 3344 1739 invenire
3387 1699 3624 1754 possunt,
3664 1698 3766 1738 cur

2169 1772 2473 1828 hominibus
2514 1773 2877 1830 defensionem
2908 1791 3134 1846 quaeras,
3168 1791 3302 1847 quos
3343 1791 3466 1831 reos
3505 1775 3646 1830 nulla
3675 1774 3768 1830 lex

2171 1875 2335 1922 tenet.
2377 1865 2443 1921 Ε.
2483 1865 2635 1923 Nulla
2664 1865 2910 1933 fortasse,
2939 1866 3032 1921 sed
3058 1884 3238 1922 earum
3262 1859 3438 1939 legum
3461 1883 3580 1940 quae
3602 1859 3770 1938 appai-

2169 1966 2308 2023 rent,
2333 1967 2386 2014 et
2405 1957 2471 2013 ab
2495 1957 2795 2015 hominibus
2816 1960 3061 2031 leguntur
3085 1978 3096 2014 :
3121 1977 3240 2014 nam
3259 1959 3441 2016 nescio
3458 1961 3635 2015 utrum
3657 1973 3768 2014 non

2169 2053 2345 2122 aliqua
2375 2051 2773 2109 vehementiore
2805 2069 2869 2110 ac
2909 2053 3264 2110 secretissima
3304 2053 3418 2124 lege
3446 2061 3726 2110 teneantur
3746 2094 3768 2123 ,

2171 2145 2217 2200 si
2239 2145 2369 2201 nihil
2399 2162 2576 2202 rerum
2605 2147 2852 2219 estquod
2883 2164 2988 2203 non
3018 2148 3354 2203 administret
3381 2147 3557 2203 divina
3587 2147 3770 2217 provi-

2170 2238 2372 2292 dentia.
2413 2237 2690 2306 Quomodo
2730 2240 2873 2295 enim
2915 2239 3055 2312 apud
3101 2256 3219 2295 eam
3268 2238 3390 2295 sunt
3420 2239 3505 2295 isti
3547 2249 3770 2310 peccato
3823 2223 3834 2230 ~

2171 2330 2343 2398 liberi,
2385 2333 2474 2404 qui
2519 2349 2617 2404 pro
2655 2334 2718 2389 iis
2748 2334 2906 2390 rebus
2941 2351 3076 2405 quas
3102 2335 3370 2390 contemni
3396 2343 3626 2404 oportet,
3669 2332 3772 2388 hu-

2173 2443 2330 2482 mana
2355 2427 2503 2483 e-.ede
2542 2429 2724 2498 polluti
2750 2429 2913 2483 sunt?
2946 2427 3166 2484 Videtur
3201 2443 3330 2500 ergo
3356 2427 3487 2483 mihi
3514 2437 3568 2482 et
3595 2426 3772 2499 legem

2174 2513 2349 2588 istam,
2379 2536 2499 2592 quae
2527 2522 2722 2592 populo
2762 2522 2995 2593 regendo
3036 2521 3308 2584 scribitur,
3351 2529 3495 2575 recte
3521 2520 3620 2574 ista
3644 2534 3772 2590 pcr-

2173 2615 2408 2680 mittere,
2435 2623 2489 2670 et
2515 2614 2747 2669 divinam
2774 2614 3160 2685 providentiam
3191 2612 3481 2668 vindicare.
3524 2611 3603 2666 Ea
3623 2611 3772 2666 enim

2173 2708 2486 2764 vindicanda
2513 2706 2611 2763 sibi
2639 2708 2755 2763 hare
2782 2707 2869 2763 lex
2894 2708 3072 2779 populi
3096 2707 3340 2774 assumit,
3367 2722 3486 2778 qua:
3507 2708 3634 2761 satis
3662 2707 3774 2762 sint

2173 2802 2520 2858 conciliandae
2559 2803 2675 2874 paci
2703 2802 3007 2858 hominibus
3033 2801 3314 2872 imperitis,
3339 2811 3392 2856 et
3417 2811 3614 2872 quanta
3640 2816 3771 2872 pos-

2173 2904 2299 2950 sunt
2327 2909 2422 2966 per
2447 2893 2717 2950 hominem
2747 2895 2877 2966 regi.
2921 2894 3027 2949 Illa:
3067 2909 3194 2949 vero
3219 2895 3390 2966 culpae
3426 2894 3557 2949 alias
3581 2908 3773 2964 pinnas

2174 2998 2324 3058 aptas
2353 2988 2569 3055 habent,
2599 3005 2631 3044 a
2668 2989 2860 3060 quibus
2887 2989 2999 3044 sola
3034 2987 3164 3043 mihi
3193 2988 3402 3044 videtur
3445 3003 3602 3058 posse
3635 2987 3772 3042 libe-

2172 3099 2294 3138 rare
2336 3083 2612 3154 sapientia.
2655 3084 2718 3137 Α.
2759 3082 2942 3138 Laudo
2982 3091 3038 3138 et
3083 3083 3252 3154 probo
3295 3083 3483 3150 istam,
3525 3082 3772 3154 quamvis

2174 3176 2478 3230 inchoatam
2524 3175 2808 3246 minusque
2855 3175 3166 3246 perfectam,
3210 3184 3386 3232 tamen
3418 3175 3672 3232 ﬁdentem
3716 3182 3774 3230 et

2174 3268 2419 3323 sublimia
2448 3270 2693 3340 quaedam
2739 3277 3007 3340 petentem
3047 3268 3446 3326 distinctionem
3481 3279 3643 3322 tuam.
3678 3266 3773 3322 Vi-

2173 3361 2329 3418 detur
2373 3363 2516 3418 enim
2563 3363 2657 3419 tibi
2703 3364 2786 3418 lex
2833 3363 2966 3431 ista,
3012 3380 3132 3434 quae
3174 3364 3423 3436 regendis
3465 3363 3771 3418 civitatibus

2174 3448 2362 3521 fertur,
2395 3455 2560 3510 multa
2589 3456 2888 3512 concedere
2933 3467 3094 3528 atque
3123 3458 3378 3528 impunita
3418 3457 3721 3528 relinquere
3747 3498 3768 3525 ,

2173 3563 2292 3617 qua:
2323 3562 2420 3618 per
2445 3548 2679 3604 divinam
2709 3557 2883 3606 tamen
2911 3551 3298 3621 providentiam
3328 3550 3690 3618 vindicantur;
3712 3557 3770 3605 et

2173 3649 2338 3695 recte.
2379 3639 2560 3712 Neque
2589 3643 2730 3697 enim
2777 3645 2901 3714 quia
2929 3660 3038 3701 non
3073 3647 3253 3700 omnia
3291 3644 3439 3713 facit,
3479 3644 3603 3700 ideo
3645 3658 3772 3714 qua:

2171 3728 2299 3786 facit
2326 3732 2676 3803 improbanda
2703 3746 2847 3791 sunt.

2171 3863 2400 3922 CAPUT
2442 3866 2531 3923 Vl.
2567 3897 2639 3909 —
2675 3867 2784 3924 Lea:
2829 3880 3015 3924 (eterna
3055 3871 3365 3927 moderatrix
3406 3871 3766 3926 humanarum.

2695 3960 2926 4018 Etenim
2952 3965 3075 4036 legis
3103 3965 3262 4019 notio.

2247 4074 2333 4129 l4.
2373 4073 2478 4129 Sed
2499 4074 2840 4145 dispiciamus
2861 4076 3160 4148 diligenter,
3190 4079 3233 4133 si
3262 4057 3451 4149 placet,
3471 4093 3576 4148 quo
3593 4090 3768 4148 usque

2173 4181 2269 4234 per
2297 4165 2469 4236 legem
2493 4166 2645 4220 istam
2674 4183 2791 4238 quae
2813 4168 3037 4238 p0pulos
3062 4169 3116 4222 in
3142 4169 3240 4224 hac
3263 4169 3366 4223 vita
3391 4167 3624 4236 cohibet,
3645 4183 3766 4221 ma-

2172 4258 2359 4313 lefacta
2391 4259 2692 4315 ulciscenda
2735 4261 2841 4314 sint
2869 4279 2880 4314 :
2908 4260 3102 4316 deinde
3137 4259 3265 4332 quid
3285 4269 3469 4328 restet,
3497 4259 3638 4332 quod
3669 4274 3769 4330 per

2171 4350 2406 4405 divinam
2431 4352 2818 4422 providentiam
2848 4353 3205 4408 inevitabilius
3234 4363 3548 4423 secretoque
3579 4349 3768 4421 punim-

2173 4451 2275 4496 tur.
2322 4442 2385 4494 Ε.
2427 4442 2620 4514 Cupio,
2653 4445 2696 4496 si
2721 4443 2879 4498 modo
2910 4445 3174 4515 perveniri
3205 4446 3372 4515 possit
3395 4444 3462 4500 ad
3501 4454 3658 4498 tanta
3684 4443 3767 4500 rei

2174 4535 2429 4590 terminos
2459 4553 2472 4588 :
2504 4552 2626 4591 nam
2668 4537 2769 4592 hoc
2797 4551 2896 4608 ego
2924 4535 3190 4592 infinitum
3233 4547 3382 4607 puto.
3421 4536 3484 4590 A.
3524 4534 3638 4590 [mo
3663 4535 3764 4590 ad-

2171 4638 2288 4684 esto
2314 4631 2516 4699 animo,
2560 4640 2613 4686 et
2643 4632 2866 4686 rationis
2890 4631 3001 4685 vias
3030 4632 3225 4700 pietate
3265 4631 3431 4686 fretus
3460 4629 3762 4700 ingredere.

2171 4721 2312 4777 Nihil
2337 4732 2419 4778 est
2447 4723 2589 4777 cuitu
2631 4731 2737 4777 tam
2767 4723 2990 4778 arduum
3020 4733 3178 4794 atque
3207 4721 3440 4790 difficile,
3475 4721 3617 4792 quod
3653 4737 3766 4778 non

2171 4817 2279 4870 Deo
2335 4816 2617 4886 adjuvante
2669 4817 3037 4888 planissimum
3092 4825 3251 4888 atque
3301 4815 3761 4887 expeditissimum

2169 4910 2280 4964 fiat.
2323 4909 2378 4964 In
2419 4911 2589 4979 ipsum
2633 4911 2809 4979 itaque
2836 4910 3076 4979 suspensi
3107 4918 3265 4980 atque
3298 4909 3366 4963 ab
3402 4925 3471 4967 eo
3503 4907 3762 4968 auxilium

2168 5001 2536 5072 deprecantes,
2576 5000 2717 5071 quod
2757 5002 3100 5068 instituimus,
3133 5016 3457 5071 quaeramus.
3501 4999 3570 5058 Et
3613 4999 3762 5069 prius

2166 5094 2432 5163 responde
2461 5093 2612 5162 mihi,
2637 5102 2811 5149 utrum
2845 5095 2943 5148 ista
2973 5094 3056 5148 lex
3090 5111 3207 5163 qum
3233 5094 3423 5148 litteris
3452 5092 3760 5163 promulga-

2167 5195 2274 5254 tur,
2315 5185 2618 5242 hominibus
2647 5185 2783 5242 hanc
2809 5185 2970 5242 vitam
3000 5185 3303 5242 viventibus
3342 5183 3653 5256 opituletur.
3687 5181 3758 5238 E.

2165 5277 2500 5335 Manifestum
2529 5289 2611 5334 est
2645 5296 2659 5334 :
2692 5294 2813 5333 nam
2839 5295 2903 5334 ex
2933 5278 3014 5334 his
3041 5277 3345 5336 hominibus
3368 5277 3550 5349 utique
3575 5276 3762 5350 populi

2167 5370 2510 5441 civitatesque
2535 5371 2852 5427 consistunt.
2894 5373 2958 5426 Α.
2990 5371 3164 5438 Quid?
3191 5373 3288 5441 ipsi
3318 5371 3565 5426 homines
3589 5378 3644 5425 et
3661 5384 3760 5446 po-

2166 5463 2294 5533 puli,
2326 5463 2640 5534 ejusdemne
2663 5464 2874 5535 generis
2911 5479 3088 5518 rerum
3115 5471 3258 5530 sunt,
3286 5471 3346 5517 ut
3384 5462 3618 5536 interire
3639 5475 3761 5515 mu-

2166 5557 2334 5618 tarive
2359 5572 2466 5612 non
2511 5558 2734 5634 possint,
2766 5558 3054 5629 aeternique
3095 5558 3315 5612 omnino
3361 5557 3500 5612 sint?
3528 5571 3596 5610 an
3627 5571 3759 5632 vero

2163 5647 2451 5704 mutabiles
2475 5646 2908 5718 temporibusque
2945 5647 3169 5717 subjecti
3210 5647 3367 5702 sunt?
3404 5644 3472 5700 E.
3508 5645 3760 5702 Mutab'rle

2229 5792 2312 5838 ιιι]
2349 5788 2586 5838 hactenus
2624 5788 2768 5838 editis
2799 5788 3025 5848 habetur,
3051 5797 3101 5836 E.
3130 5787 3277 5837 Merito
3296 5786 3453 5849 mimis
3477 5798 3494 5835 .°
3519 5775 3760 5849 ωοίιιυᾴ

2164 5867 2222 5905 Α.
2245 5850 2386 5904 nulla
2404 5851 2607 5914 fortasse
2628 5863 2646 5903 .'
2665 5858 2720 5904 et
2738 5849 2882 5916 infra,
2898 5860 2952 5905 Ε.
2980 5847 3175 5906 ridetur
3196 5863 3313 5916 ergo
3328 5847 3466 5902 inihi.
