4118 6370
421 409 558 470 1229

409 536 570 607 plane
615 540 773 599 atque
815 523 1037 594 tempori
1066 517 1351 576 obnoxium
1394 513 1495 568 hoc
1532 523 1699 582 genus
1727 520 1846 561 esse
1873 504 1992 571 quis

411 599 655 682 dubitet?
684 623 749 674 Α.
789 618 952 688 Ergo,
993 615 1038 668 si
1079 609 1307 684 populus
1336 606 1405 661 sit
1431 605 1567 660 bene
1607 599 1912 655 moderatus
1938 602 1993 650 et

402 717 612 790 gravis,
640 710 1041 777 communisque
1060 701 1299 758 utilitatis
1329 695 1761 768 diligentissimus
1789 698 1987 752 custos,

411 788 468 866 in
497 821 604 879 quo
640 801 1001 872 unusquisque
1027 795 1246 850 minoris
1275 806 1386 847 rem
1417 788 1674 860 privatam
1705 796 1860 852 quam
1888 794 1987 849 pu-

411 901 603 961 blicam
643 895 876 968 pendat;
911 905 1084 946 nonne
1108 893 1252 942 recte
1281 885 1362 938 lex
1389 881 1576 944 fertur,
1605 891 1706 947 qua
1743 873 1864 928 huic
1891 871 1989 940 ipsi

410 993 610 1068 populo
651 991 808 1045 liceat
849 989 1034 1040 creare
1072 979 1172 1035 sibi
1207 977 1563 1047 magistratus,
1594 985 1689 1040 per
1733 980 1868 1037 quos
1896 978 1989 1018 sua

411 1063 520 1152 res,
549 1083 603 1139 id
625 1091 707 1138 est
735 1077 961 1150 publica,
1002 1067 1431 1127 administretur?
1460 1063 1524 1118 E.
1558 1063 1721 1116 Recte
1752 1070 1985 1127 prorsus.

413 1183 477 1236 Α.
510 1151 686 1234 Porro
711 1172 754 1228 si
784 1167 1036 1242 paulatim
1075 1164 1392 1233 depravatus
1438 1157 1578 1210 idem
1607 1151 1830 1222 populus
1876 1161 1986 1200 rem

409 1273 670 1345 privatam
714 1237 800 1318 rei
823 1259 1047 1331 publica:
1084 1252 1350 1325 praeferat,
1381 1257 1537 1316 atque
1575 1243 1768 1297 habeat
1808 1237 1988 1292 venale

411 1338 744 1431 suffragium,
786 1359 1168 1421 corruptusque
1197 1346 1263 1399 ab
1285 1344 1362 1398 eis
1392 1341 1479 1411 qui
1512 1338 1743 1393 honores
1767 1339 1946 1386 amant
1970 1371 1985 1396 ,

410 1428 647 1530 regimen
674 1455 728 1509 in
765 1467 822 1507 se
848 1445 1121 1518 ﬂagitiosis
1154 1436 1631 1504 consceleratisque
1659 1428 1986 1491 committat;

412 1565 590 1607 nonne
619 1549 744 1602 item
782 1550 946 1604 recte,
977 1540 1022 1594 si
1061 1536 1177 1606 quis
1205 1542 1330 1588 tunc
1366 1528 1626 1585 exstiterit
1656 1524 1733 1578 vir
1778 1522 1947 1575 bonus
1969 1559 1984 1584 ,

413 1643 501 1714 qui
532 1639 812 1712 plurimum
851 1631 1039 1704 possit,
1073 1628 1270 1682 adimat
1307 1623 1428 1676 huic
1456 1618 1646 1689 populo
1676 1620 1987 1683 potestatem

411 1733 571 1792 dandi
601 1731 850 1793 honores,
900 1733 952 1778 et
994 1724 1045 1776 in
1077 1731 1362 1791 paucorum
1406 1715 1686 1775 bonorum,
1715 1707 1798 1760 vel
1827 1705 1986 1758 etiam

412 1827 568 1881 unius
595 1821 797 1890 redigat
820 1813 1130 1871 arbitrium?
1161 1809 1226 1864 E.
1256 1810 1322 1862 Et
1341 1807 1390 1861 id
1415 1813 1579 1859 recte.
1610 1800 1671 1854 Α.
1701 1798 1832 1855 Cum
1861 1811 1988 1866 ergo

411 1918 532 1974 dua:
557 1917 671 1970 ista:
714 1913 857 1982 leges
904 1909 972 1962 ita
1009 1905 1110 1960 sibi
1139 1903 1414 1957 videantur
1441 1911 1558 1950 esse
1601 1891 1902 1956 contraria),
1934 1896 1989 1941 ut

411 2026 514 2066 una
549 2022 732 2064 earum
760 2005 1019 2058 honorum
1049 1996 1342 2053 dandorum
1383 1990 1577 2061 pepulo
1604 1988 1799 2040 tribuat
1841 1991 1989 2052 pote-

409 2112 623 2167 statem,
649 2096 852 2151 auferat
875 2093 1038 2147 altera
1062 2106 1077 2155 ;
1104 2097 1159 2144 et
1175 2101 1291 2142 eum
1312 2085 1410 2138 ista
1435 2079 1661 2135 secunda
1688 2078 1756 2130 ita
1774 2077 1876 2129 lata
1897 2075 1984 2135 sit,

413 2203 467 2249 ut
496 2192 640 2247 nullo
682 2187 841 2243 modo
867 2185 1036 2240 ambae
1082 2182 1132 2235 in
1165 2193 1264 2234 una
1290 2175 1500 2230 civitate
1529 2170 1684 2225 simul
1711 2183 1828 2223 esse
1869 2180 1991 2234 pos—

411 2285 551 2353 Sint;
581 2299 708 2338 num
735 2281 972 2338 dicemus
1000 2277 1226 2344 aliquam
1271 2284 1452 2326 earum
1494 2266 1740 2335 injustam
1765 2274 1905 2323 esse,
1937 2265 1990 2311 et

412 2350 545 2434 ferri
583 2377 798 2430 minime
833 2366 1114 2425 debuisse?
1145 2365 1209 2419 Ε.
1240 2362 1395 2417 Nullo
1427 2356 1688 2414 modoad.
1739 2350 1988 2420 Appelle-

411 2475 530 2527 inus
568 2482 694 2538 ergo
737 2467 892 2521 istam
930 2463 1124 2532 legem,
1162 2457 1206 2511 si
1241 2455 1432 2526 placet,
1475 2445 1840 2518 temporalem,
1872 2456 1990 2511 quae

412 2576 710 2634 quanquam
745 2559 886 2628 justa
915 2557 1020 2618 sit,
1050 2547 1364 2606 commutari
1395 2553 1570 2598 tamen
1618 2555 1712 2608 per
1753 2548 1989 2604 tempora

407 2653 549 2725 juste
571 2658 762 2722 potest.
799 2647 859 2701 E.
894 2645 1254 2715 Appellemus.

483 2721 586 2801 15.7
613 2745 678 2800 Α.
719 2741 892 2810 Quid?
920 2739 1003 2792 illa
1025 2738 1110 2791 lex
1131 2749 1248 2804 qurc
1268 2743 1474 2786 summa
1499 2725 1636 2780 ratio
1665 2721 1985 2779 nominatur,

409 2839 496 2897 otii
545 2806 761 2908 semper
793 2828 1260 2902 obtemperandum
1297 2831 1411 2887 est,
1456 2826 1512 2875 et
1537 2831 1630 2888 per
1665 2827 1821 2883 quam
1868 2806 1992 2863 mali

413 2933 684 2994 miseram,
714 2926 841 2983 boni
865 2926 1069 2980 beatam
1099 2922 1261 2975 vitam
1282 2922 1574 2977 merentur,
1603 2925 1695 2978 per
1725 2921 1879 2976 quam
1901 2903 1990 2956 de-

413 3026 572 3095 nique
589 3019 682 3077 illa
702 3035 858 3091 quam
891 3015 1232 3085 temporalem
1259 3005 1547 3063 vocandam
1577 3001 1826 3062 diximus,
1851 3005 1993 3050 recte

412 3091 598 3183 fertur,
621 3120 870 3182 recteque
893 3117 1148 3172 mutatur,
1170 3111 1413 3174 potestne
1434 3097 1659 3166 cuipiam
1683 3091 1991 3159 intelligenti

414 3215 521 3263 non
548 3180 990 3262 incommutabilis
1023 3208 1323 3262 {eternaque
1351 3189 1556 3245 videri?
1587 3188 1665 3240 An
1698 3189 1872 3254 potest
1899 3180 1993 3235 ali-

414 3300 624 3372 quando
655 3299 904 3367 injustum
923 3307 1040 3349 esse
1066 3299 1122 3345 ut
1146 3285 1485 3349 malimiseri,
1515 3282 1640 3337 boni
1659 3287 1832 3334 autem
1858 3275 1992 3329 beati

413 3367 547 3455 sint;
574 3393 666 3443 'aut
687 3396 741 3441 ιιι
769 3385 1038 3439 modestus
1061 3390 1115 3436 et
1147 3379 1319 3448 gravis
1352 3373 1580 3447 populus
1608 3373 1722 3441 ipse
1750 3367 1850 3422 sibi
1877 3378 1989 3419 ma;

411 3481 662 3552 gistratus
682 3485 844 3541 crcet,
868 3473 1153 3528 dissolutus
1179 3483 1309 3524 vero
1337 3477 1390 3522 et
1411 3480 1634 3535 nequam
1663 3462 1763 3517 ista
1786 3460 1992 3513 licentia

412 3569 626 3625 careat?
657 3569 720 3622 E.
756 3567 919 3622 Video
942 3565 1078 3618 hanc
1098 3572 1350 3616 aeternam
1379 3572 1499 3614 esse
1522 3565 1678 3624 atque
1700 3554 1994 3607 incommu-

414 3663 627 3717 tabilem
659 3661 852 3730 legem.
877 3655 938 3710 Α.
986 3653 1156 3711 Simul
1185 3653 1342 3708 etiam
1372 3659 1424 3704 te
1459 3648 1639 3703 videre
1667 3644 1896 3700 arbitror
1937 3643 1991 3695 in

413 3755 501 3812 illa
530 3753 803 3823 temporali
825 3749 956 3805 nihil
981 3762 1102 3803 esse
1123 3748 1320 3816 justum
1343 3754 1500 3812 atque
1519 3740 1832 3810 legitimum,
1852 3734 1990 3804 quod

411 3855 518 3903 non
565 3862 628 3900 ex
681 3845 780 3898 hac
831 3851 1028 3896 aeterna
1071 3839 1170 3894 sibi
1222 3836 1464 3891 homines
1503 3830 1792 3886 derivarint
1825 3846 1838 3882 ε
1870 3842 1990 3881 nam

411 3942 459 3996 si
523 3940 744 4009 populus
804 3936 892 3990 ille
968 3932 1195 4003 quodam
1262 3939 1498 3996 tempore
1561 3925 1701 3994 juste
1765 3923 1991 3974 honores

414 4033 592 4098 dedit,
633 4030 860 4101 quodam
901 4040 1084 4080 rursus
1122 4023 1263 4092 juste
1303 4036 1405 4073 non
1457 4017 1635 4080 dedit;
1675 4016 1788 4068 haec
1838 4013 1991 4066 vit-is—

413 4125 590 4180 situdo
643 4120 946 4191 temporalis
984 4127 1042 4172 ut
1079 4117 1218 4185 justa
1266 4121 1429 4178 esset,
1479 4126 1544 4166 ex
1574 4110 1660 4163 illa
1699 4107 1991 4160 aeternitate

411 4226 578 4272 tracta
607 4224 706 4277 est,
749 4229 850 4284 qua
890 4223 1099 4278 semper
1137 4207 1335 4276 justum
1373 4212 1453 4256 est
1492 4214 1706 4271 gravem
1742 4197 1991 4266 populum

416 4309 646 4364 honores
663 4308 809 4370 dare,
839 4305 1009 4358 levem
1034 4317 1137 4354 non
1159 4298 1285 4352 dare
1319 4315 1332 4350 :
1365 4310 1430 4347 an
1458 4294 1547 4346 tibi
1575 4292 1725 4344 aliter
1751 4287 1990 4341 videtur?

515 4400 809 4455 Assentior.
841 4397 902 4448 A.
935 4394 1009 4449 Ut
1045 4391 1204 4462 igitur
1233 4388 1462 4442 breviter
1491 4394 1701 4437 aeternae
1740 4381 1868 4449 legis
1899 4393 1989 4432 no-

414 4492 631 4555 tionem,
663 4503 780 4559 qua:
803 4487 1057 4555 impressa
1084 4480 1235 4536 nobis
1257 4487 1354 4543 est,
1380 4485 1629 4546 quantum
1649 4472 1798 4524 valeo
1818 4469 1992 4522 verbis

415 4583 693 4652 explicem,
722 4598 784 4636 ea
827 4587 911 4634 est
936 4594 1037 4648 qua
1064 4577 1260 4647 justum
1289 4583 1370 4628 est
1399 4581 1454 4624 ut
1493 4567 1668 4623 omnia
1708 4567 1811 4619 sint
1844 4562 1990 4618 ordi-

415 4674 686 4728 natissima
718 4691 729 4724 :
761 4681 814 4725 tu
846 4672 890 4724 si
918 4671 1070 4723 aliter
1088 4667 1381 4732 existimas,
1406 4665 1608 4732 prome.
1639 4658 1704 4713 E.
1736 4655 1870 4723 Quid
1900 4654 1990 4709 tibi

412 4775 536 4817 vera
557 4761 750 4816 dicenti
770 4759 1125 4814 contradicam
1146 4772 1250 4812 non
1277 4756 1466 4810 habeo.
1497 4754 1558 4806 A.
1581 4750 1712 4807 Cum
1736 4763 1860 4819 ergo
1877 4748 1990 4801 haec

417 4855 486 4910 sit
512 4869 614 4908 una
643 4854 747 4919 lex,
767 4867 835 4906 ex
855 4866 956 4921 qua
978 4851 1084 4906 illa:
1105 4863 1290 4904 omnes
1309 4845 1627 4917 temporales
1655 4843 1720 4898 ad
1749 4841 1991 4896 homines

414 4945 671 5015 regendos
693 4943 984 5008 variantur,
1017 4955 1141 4995 num
1187 4937 1307 4995 ideo
1331 4938 1444 5008 ipsa
1471 4935 1664 4991 variari
1694 4934 1798 4988 ullo
1833 4932 1990 4988 modo

409 5036 625 5109 potest?
651 5035 718 5089 E.
750 5035 990 5104 Intelligo
1015 5034 1233 5089 omnino
1273 5047 1378 5087 non
1419 5046 1577 5100 posse
1605 5047 1618 5082 :
1648 5044 1819 5099 neque
1847 5031 1990 5084 enim

413 5131 520 5186 ulla
541 5131 639 5196 vis,
671 5130 810 5184 ullus
836 5143 1009 5192 casus,
1034 5127 1139 5182 ulla
1164 5141 1341 5181 rerum
1368 5125 1513 5180 labes
1539 5138 1771 5194 unquam
1795 5122 1988 5179 eﬂ‘ecec

412 5225 482 5280 l‘it
505 5237 561 5280 ut
584 5225 783 5294 justum
811 5236 916 5277 non
945 5220 1013 5276 sit
1050 5221 1227 5284 omnia
1255 5233 1374 5274 esse
1402 5217 1810 5274 ordinatissima.

1042 5353 1266 5412 CAPUT
1304 5352 1413 5409 vn.
1455 5321 1457 5323 ’

424 5475 587 5530 Homo
612 5490 674 5528 ea:
710 5482 897 5528 (eterna
933 5470 1039 5541 lege
1078 5469 1327 5539 quomodo
1367 5467 1769 5521 ordinatissimus
1794 5464 1988 5533 disqui-

486 5568 720 5633 rendum,
753 5580 906 5636 coque
934 5563 1035 5632 ﬁne
1061 5561 1336 5616 ostenditur
1351 5560 1482 5616 scire
1512 5557 1688 5612 melius
1713 5575 1818 5611 esse
1841 5574 1990 5627 quam

483 5673 661 5713 mare.

406 5773 414 5780 ι
491 5749 574 5823 16.
619 5750 679 5800 Α.
722 5751 830 5818 Age
859 5762 1015 5812 nunc,
1063 5746 1353 5813 videamus,
1386 5745 1543 5799 homo
1577 5745 1688 5814 ipse
1726 5745 1989 5814 quomodo

420 5844 472 5897 in
501 5843 674 5912 seipso
702 5842 770 5896 sit
799 5841 1221 5898 ordinatissimus
1252 5859 1265 5896 :
1292 5855 1413 5894 nam
1453 5856 1516 5894 ex
1562 5841 1780 5895 honiinil
1801 5857 1860 5895 us
1889 5858 1987 5896 una

1793 385 1996 444 LIBER
2032 385 2301 447 PRIMUS.

3547 405 3684 467 9250

2099 500 2216 572 iege
2234 504 2468 573 sociatis,
2491 508 2717 577 populus
2741 520 2986 580 constat;
3018 528 3136 584 qum
3157 517 3260 580 lex,
3286 527 3344 573 ut
3363 519 3558 577 dictum
3576 535 3658 580 est

2099 597 2407 696 temporalis
2451 608 2552 652 est.
2604 601 2669 654 Et
2712 602 2797 657 dic
2838 603 2968 659 mihi
3013 567 3187 660 dtrum
3231 567 3682 670 certissim-timvs'i;

2099 685 2191 739 tibi
2214 687 2391 741 vivere
2418 697 2490 742 te.
2524 688 2588 742 E.
2617 689 2727 745 Hoc
2758 708 2883 748 vero
2909 695 3036 764 quid
3059 699 3260 755 certius
3281 703 3680 771 responderim?

2096 777 2161 832 Α.
2193 780 2366 847 Quid?
2394 781 2517 836 illud
2561 794 2779 852 potesne
2805 786 3135 858 dignoscere,
3163 791 3304 847 aliud
3325 809 3443 848 esse
3469 795 3674 865 vivere,

2097 872 2239 926 aliud
2269 889 2424 976 nosse
2467 890 2524 929 se
2553 877 2767 932 vivere?
2794 877 2860 932 Ε.
2909 879 3032 936 Scio
3071 884 3283 953 quidem
3327 888 3592 942 neminem
3621 901 3680 945 Se

2098 978 2260 1018 nosse
2284 967 2480 1028 vivere,
2516 967 2614 1021 nisi
2648 970 2946 1039 viventem;
2974 973 3068 1028 sed
3093 983 3269 1029 utrum
3297 978 3474 1032 omnis
3499 978 3678 1033 vivens

2095 1055 2304 1154 noverit
2331 1070 2388 1110 se
2417 1057 2614 1121 vivere,
2646 1058 2850 1129 ignoro.
2883 1061 2947 1114 Α.
2977 1063 3145 1128 Quam
3176 1066 3365 1120 vellem
3385 1077 3444 1120 ut
3481 1069 3675 1136 credis,

2095 1147 2168 1247 ita
2207 1147 2366 1247 etiam
2409 1148 2574 1202 scires
2623 1165 2815 1220 pecora
2859 1167 3044 1208 carere
3088 1156 3324 1223 ratione;
3367 1159 3472 1213 cito
3498 1171 3675 1214 nostra

2096 1235 2380 1306 disputatio
2417 1240 2485 1294 ab
2512 1241 2614 1295 ista
2649 1243 2941 1312 quaestione
2977 1247 3266 1302 transiret:
3295 1251 3388 1304 sed
3429 1252 3676 1319 quoniam

2094 1327 2301 1383 nescire
2353 1338 2403 1384 te
2453 1329 2618 1398 dicis,
2672 1331 2881 1404 longam
2931 1338 3429 1396 sermocinationem
3475 1356 3672 1396 moves.

2094 1418 2274 1490 Neque
2299 1422 2438 1475 enim
2466 1423 2587 1478 talis
2613 1439 2700 1479 res
2723 1435 2825 1493 est,
2859 1442 2959 1496 qua
2990 1431 3345 1496 prmtermissa
3376 1447 3604 1501 pergere
3627 1434 3674 1486 in

2095 1525 2156 1566 ea
2181 1525 2299 1580 qua:
2325 1512 2665 1581 intendimus,
2698 1523 2842 1571 tanta
2868 1520 3201 1576 connexione
3222 1522 3462 1589 rationis,
3481 1533 3678 1592 quanta

2095 1615 2228 1703 Opus
2246 1617 2374 1703 esse
2399 1605 2590 1703 sentio,
2615 1605 2871 1662 sinamur.
2903 1608 2998 1663 Dic
3021 1609 3199 1680 itaque
3226 1611 3376 1680 mihi,
3395 1628 3513 1668 cum
3537 1629 3678 1683 saepe

2093 1691 2381 1748 viderimus
2405 1694 2600 1749 bestias
2629 1697 2697 1752 ab
2741 1697 3044 1755 hominibus
3069 1702 3319 1772 domitas,
3359 1704 3413 1758 id
3440 1715 3540 1770 est,
3572 1722 3676 1760 non

2094 1799 2286 1855 corpus
2312 1786 2497 1841 bestiae
2523 1795 2745 1855 tantum,
2771 1790 2867 1846 sed
2891 1800 2946 1847 et
2972 1792 3202 1848 animam
3223 1795 3298 1849 ita
3325 1794 3528 1849 homini
3554 1796 3677 1849 sub-

2089 1873 2344 1945 jugatam,
2375 1885 2430 1932 ut
2454 1879 2711 1936 voluntati
2734 1880 2850 1949 ejus
2872 1897 3030 1937 sensu
3055 1885 3282 1954 quodam
3310 1894 3365 1940 et
3389 1897 3675 1942 consuetu-

2093 1967 2218 2021 dine
2240 1969 2462 2034 scrviat;
2493 1981 2667 2025 utrum
2690 1972 2782 2028 tibi
2799 1973 2906 2028 ullo
2923 1975 3082 2030 modo
3110 1976 3226 2030 fieri
3244 1991 3399 2046 posse
3416 1977 3677 2036 videatur.

2094 2067 2162 2160 ut.
2177 2058 2344 2113 bestia
2355 2061 2604 2130 qumlibet
2626 2063 2871 2119 immanis
2889 2066 2971 2120 vel
2993 2064 3201 2121 feritate
3219 2082 3301 2126 vet
3323 2088 3562 2145 corpore,
3593 2077 3679 2129 vel

2095 2155 2253 2205 etiam
2272 2168 2433 2208 sensu
2452 2155 2686 2223 quolibet
2726 2157 3004 2223 acerrima,
3024 2159 3139 2228 pari.
3164 2164 3274 2219 vice
3294 2165 3394 2219 sibi
3413 2168 3680 2222 hominem

2095 2242 2376 2312 subjugare
2409 2256 2648 2313 conetur,
2684 2261 2806 2302 cum
2830 2262 3023 2319 corpus
3063 2254 3184 2321 ejus
3210 2270 3303 2320 seu
3341 2258 3389 2310 vi
3419 2273 3514 2312 seu
3542 2259 3680 2313 clam

2095 2333 2276 2388 multae
2309 2335 2611 2392 interimere
2635 2339 2862 2393 valeant.
2894 2339 2961 2392 E.
3007 2340 3168 2398 Nullo
3205 2347 3367 2404 modo
3403 2349 3538 2406 istuc
3565 2351 3682 2407 ﬁeri

2095 2440 2252 2494 posse
2295 2429 2588 2482 consentio.
2623 2430 2688 2482 A.
2721 2430 2863 2485 Bene
2907 2446 3040 2490 sane
3075 2455 3085 2488 :
3117 2438 3209 2492 sed
3241 2439 3364 2493 item
3393 2439 3477 2495 dic
3503 2441 3632 2497 mihi
3660 2484 3676 2509 ,

2097 2531 2218 2618 cum
2242 2519 2578 2573 manifestum
2602 2521 2689 2586 sit,
2718 2522 2917 2576 viribus
2942 2530 3258 2598 czeterisque
3283 2530 3470 2585 officiis
3491 2548 3680 2602 corpo-

2096 2609 2171 2661 ris
2199 2623 2229 2661 a
2257 2609 2499 2679 plurimis
2525 2609 2707 2664 bestiis
2742 2611 3010 2670 hominem
3045 2618 3195 2672 facile
3225 2623 3485 2689 superari,
3530 2640 3678 2693 quae-

2097 2712 2219 2801 nam
2248 2716 2336 2754 res
2361 2701 2431 2756 sit
2456 2718 2557 2771 qua
2587 2703 2747 2757 homo
2773 2709 3007 2773 excellit,
3041 2721 3092 2763 ut
3126 2712 3267 2766 nulla
3291 2714 3337 2767 ei
3370 2715 3676 2782 bestiarum,

2097 2794 2212 2860 ipse
2239 2798 2414 2845 autem
2456 2794 2634 2848 multis
2673 2795 2937 2863 imperare
2963 2802 3166 2868 possit?
3193 2818 3262 2856 an
3296 2802 3432 2859 forte
3461 2807 3572 2876 ipsa
3599 2819 3681 2863 est

2097 2898 2216 2952 qua:
2241 2884 2378 2938 ratio
2405 2887 2485 2939 vel
2514 2886 2865 2955 intelligentia
2897 2890 3000 2945 dici
3030 2893 3205 2947 solet?
3234 2892 3299 2946 E.
3327 2895 3440 2952 Non
3472 2897 3680 2954 invenio

2098 2975 2259 3040 aliud,
2286 2977 2706 3046 quandoquidem
2748 2980 2800 3032 in
2828 2984 3006 3036 animo
3035 2994 3118 3038 est
3147 2985 3197 3039 id
3231 3002 3336 3055 quo
3364 2987 3552 3044 belluis
3580 3005 3676 3048 an-

2101 3066 2390 3120 tecellimus
2418 3084 2429 3119 :
2461 3059 2580 3136 quae
2613 3070 2656 3122 si
2688 3073 2966 3128 exanimes
2994 3084 3192 3141 essent,
3219 3077 3453 3134 dicerem
3492 3098 3589 3136 nos
3615 3098 3682 3139 eo

2099 3165 2371 3224 praestare,
2398 3158 2537 3225 quod
2563 3160 2800 3215 animum
2849 3163 3123 3220 habemus.
3163 3166 3314 3223 Nunc
3339 3185 3467 3226 vero
3491 3188 3611 3228 cum
3629 3185 3683 3230 et

2097 3248 2185 3303 illa
2213 3249 2319 3302 sint
2345 3252 2612 3318 animalia,
2637 3251 2690 3306 id
2726 3254 2870 3322 quod
2898 3271 3082 3310 eorum
3113 3260 3304 3314 animis
3326 3277 3433 3316 non
3458 3265 3594 3320 inest
3624 3279 3681 3321 ut

2097 3339 2389 3394 subdantur
2423 3341 2596 3407 nobis,
2626 3343 2766 3398 inest
2809 3354 2982 3400 autem
3013 3350 3208 3404 nostris
3248 3361 3303 3404 ut
3327 3355 3403 3405 eis
3432 3355 3680 3413 meliores

2097 3429 2284 3494 simus,
2314 3433 2574 3535 quoniam
2619 3450 2792 3505 neque
2832 3438 2980 3504 nihil,
3013 3455 3183 3509 neque
3222 3456 3443 3512 parvum
3483 3447 3677 3517 aliquid

2097 3538 2215 3578 esse
2244 3528 2410 3580 cuivis
2444 3538 2701 3596 apparet;
2746 3531 2872 3600 quid
2903 3531 3044 3587 aliud
3071 3535 3288 3602 rectius,
3332 3554 3488 3606 quam
3517 3542 3677 3596 ratio-

2097 3630 2220 3672 nem
2242 3621 2578 3675 vocaverim?
2609 3623 2681 3674 A.
2708 3622 2838 3677 Vide
2877 3639 3036 3693 quam
3080 3625 3228 3680 facile
3257 3630 3347 3682 tiat
3380 3632 3486 3685 Deo
3526 3624 3678 3702 adju-

2097 3718 2272 3777 vante,
2301 3711 2440 3779 quod
2471 3713 2710 3768 homines
2753 3714 3119 3786 difﬁcillimum
3149 3729 3352 3789 putant.
3384 3723 3515 3778 Nam
3543 3742 3640 3796 ego
3661 3771 3673 3792 ,

2095 3799 2269 3901 fateor
2298 3803 2412 3869 tibi,
2440 3805 2788 3872 quaestionem
2816 3808 2989 3875 istam,
3023 3826 3161 3878 quas,
3193 3821 3251 3866 ut
3281 3815 3533 3885 intelligo,
3569 3828 3662 3875 ter-

2097 3894 2295 3946 minata
2324 3903 2424 3957 cst,
2458 3894 2654 3948 tamdiu
2680 3911 2777 3950 nos
2807 3907 3129 3955 retenturam
3161 3915 3488 3972 putaveram,
3517 3925 3674 3978 quam

2097 3984 2320 4040 fortasse
2348 3989 2524 4041 omnia
2549 4004 2670 4057 quae
2697 3989 2836 4045 dicta
2867 4001 2991 4047 sunt
3015 3995 3081 4048 ab
3108 3996 3223 4064 ipso
3266 4011 3462 4055 nostrae
3490 4004 3674 4072 distiu-

2098 4079 2311 4133 tationis
2339 4081 2574 4135 exordio.
2615 4082 2790 4148 Quare
2832 4086 3011 4154 accipe
3049 4088 3180 4155 jam,
3214 4100 3269 4144 ut
3309 4093 3500 4150 deinde
3541 4098 3675 4150 ratio

2097 4181 2475 4230 connectatur:
2496 4191 2616 4228 nam
2644 4177 2804 4231 credo
2821 4193 2924 4232 non
2949 4189 2998 4234 te
3022 4182 3279 4250 ignorare,
3298 4185 3346 4239 id
3371 4189 3506 4254 quod
3539 4191 3675 4246 seire

2097 4266 2342 4332 dicimus,
2381 4268 2510 4322 nihil
2535 4284 2655 4324 esse
2688 4271 2825 4324 aliud
2859 4287 3013 4340 quam
3047 4275 3250 4330 ratione
3275 4279 3465 4332 habere
3488 4295 3674 4340 peree-

2098 4367 2265 4426 ptum.
2303 4358 2369 4412 E.
2393 4360 2465 4413 lta
2480 4368 2578 4415 est.
2604 4362 2662 4413 Α.
2686 4362 2921 4432 Quiergo
2938 4365 3105 4419 scitse
3124 4368 3321 4433 vivere,
3340 4337 3542 4426 ratione
3571 4393 3672 4428 ψη]

2097 4459 2263 4504 caret.
2290 4450 2356 4503 E.
2386 4450 2730 4521 Consequens
2755 4463 2855 4507 est.
2888 4455 2948 4509 Λ.
2985 4457 3177 4511 Vivunt
3197 4471 3370 4516 autem
3392 4465 3592 4530 bestiae,
3622 4477 3673 4521 et

2097 4543 2233 4597 sicut
2243 4543 2352 4613 jam
2365 4544 2594 4609 emicuit,
2612 4546 2830 4600 rationis
2850 4559 3092 4617 expertes
3109 4554 3321 4607 sunt.E.
3340 4555 3670 4612 Manifestum

2097 4643 2198 4688 est.
2222 4634 2286 4689 A‘.
2320 4634 2456 4689 Ecce
2483 4636 2642 4705 igitur
2658 4636 2763 4704 jam
2791 4640 3094 4709 nosti,quod
3126 4653 3173 4697 te
3197 4645 3437 4714 ignorare
3457 4665 3673 4716 respua-

2099 4723 2276 4791 deras,
2299 4740 2403 4780 non
2416 4740 2574 4780 oume
2597 4727 2738 4796 quod
2758 4729 2885 4783 vivit
2902 4731 3039 4786 scire
3063 4749 3121 4788 se
3149 4735 3344 4799 vivere,
3369 4755 3670 4808 quanquaa

2097 4829 2254 4870 omne
2275 4817 2412 4886 quod
2441 4832 2498 4873 se
2521 4818 2700 4873 vivere
2725 4819 2888 4887 sciat,
2905 4823 3046 4877 vivat
3068 4828 3364 4882 necessario

2173 4908 2255 4960 i7.
2288 4906 2354 4960 E.
2383 4907 2500 4962 Non
2538 4909 2669 4965 mihi
2695 4917 2780 4966 est
2801 4912 2912 4981 jam
2952 4911 3202 4982 dubium;
3235 4931 3395 4988 perge
3441 4935 3545 4990 quo
3590 4937 3670 4976 tn-

2098 5001 2341 5056 tenderas
2369 5019 2382 5054 :
2411 5002 2551 5057 aliud
2579 5003 2720 5058 enim
2749 5019 2868 5060 esse
2904 5006 3103 5074 vivere,
3134 5008 3276 5062 aliud
3317 5011 3453 5066 scire
3491 5027 3549 5068 se
3587 5016 3669 5070 vi-

2095 5109 2240 5160 vere,
2280 5094 2407 5148 satis
2436 5094 2615 5149 didici.
2646 5095 2711 5148 A.
2752 5094 2890 5162 Quid
2931 5112 3058 5168 ergo
3095 5099 3186 5154 tibi
3217 5100 3405 5156 borum
3443 5103 3667 5161 duorum

2097 5187 2302 5242 videtur
2341 5202 2461 5241 esse
2489 5189 2860 5256 praestantius?
2899 5189 2965 5244 E.
3006 5191 3142 5257 Quid
3168 5203 3338 5262 putas,
3370 5197 3470 5252 nisi
3497 5197 3670 5253 scien—

2097 5283 2221 5336 tiam
2244 5281 2362 5334 vita:
2378 5281 2403 5332 ?.
2431 5281 2493 5334 A.
2523 5281 2773 5336 Meliorue
2791 5283 2882 5338 tibi
2902 5283 3110 5339 videtur
3125 5288 3245 5341 vitae
3269 5289 3487 5345 scientia
3509 5307 3667 5360 quam

2096 5375 2208 5443 ipsa
2240 5373 2385 5427 vita?
2410 5388 2476 5426 an
2507 5373 2654 5427 forte
2673 5373 2920 5443 intelligis
2947 5378 3273 5446 superiorem
3302 5382 3583 5449 quamdam
3613 5394 3669 5440 et

2095 5468 2437 5522 sinceriorem
2475 5468 2632 5520 vitam
2677 5483 2796 5523 esse
2837 5470 3128 5538 scientiam,
3161 5489 3316 5544 quam
3347 5477 3483 5532 scire
3511 5495 3670 5536 nemo

2097 5569 2289 5630 potest,
2322 5559 2421 5613 nisi
2451 5561 2539 5628 qui
2567 5559 2844 5629 intelligit?
2887 5561 3183 5634 Intelligere
3212 5578 3398 5623 autem
3415 5571 3539 5640 quid
3564 5583 3668 5638 est,

2096 5655 2194 5708 nisi
2223 5653 2335 5721 ipsa
2365 5654 2478 5706 luce
2520 5653 2707 5706 mentis
2739 5654 2990 5710 illustrius
3031 5661 3417 5732 perfectiusque
3453 5667 3668 5721 vivere?

2094 5746 2267 5812 Quare
2293 5754 2348 5799 tu
2376 5745 2522 5810 mihi,
2555 5745 2655 5798 nisi
2685 5743 2855 5811 fallor,
2887 5764 2990 5803 non
3016 5752 3138 5806 vitae
3164 5753 3304 5808 aliud
3328 5753 3542 5823 aliquid,
3575 5761 3670 5812 sed

2097 5842 2303 5896 cuidam
2346 5842 2465 5893 vita:
2491 5840 2764 5894 meliorem
2793 5843 2951 5897 vitam
2985 5847 3335 5915 prwposuisti.
3363 5848 3408 5901 E
3461 5853 3667 5913 Opunte
