4118 6370
448 390 577 450 1231

448 509 665 569 omnino
690 514 743 560 et
768 502 1057 576 cognovisti
1085 508 1140 557 et
1175 497 1451 571 explicasti
1477 495 1795 552 sententiam
1820 508 2035 548 meam:

447 608 494 663 si
518 617 696 660 tamen
726 600 947 656 scientia
966 598 1104 651 mala
1128 610 1249 650 esse
1273 607 1539 662 nunquam
1570 598 1762 660 potest.
1790 589 1855 642 A.
1884 588 2039 643 Nullo

447 698 610 754 modo
636 695 885 756 arbitror,
910 691 1013 745 nisi
1034 704 1153 744 cum
1184 685 1435 740 translato
1454 684 1619 739 verbo
1641 682 1917 737 scientiam
1940 695 2038 749 pro

450 788 777 861 experientia
795 784 1021 840 dicimus
1044 800 1056 834 ε
1080 778 1306 849 experiri
1326 776 1465 832 enim
1485 792 1591 830 non
1609 790 1820 845 semper
1838 774 2038 828 bonum

449 894 564 948 est;
597 883 732 936 sicut
751 877 975 947 experiri
1004 872 1259 943 supplicia
1287 889 1299 925 :
1322 871 1412 924 illa
1438 884 1566 923 vero
1592 884 1706 938 qua:
1736 867 1949 937 proprie
1975 880 2036 920 ac

445 992 580 1048 pure
621 973 839 1029 scientia
869 970 1191 1031 nominatur,
1233 965 1356 1035 quia
1396 964 1599 1018 ratione
1637 972 1794 1031 atque
1835 959 2036 1014 intelli-

446 1067 623 1138 gentia
671 1072 906 1135 paratur,
958 1060 1092 1114 mala
1138 1072 1255 1113 esse
1297 1057 1384 1125 qui
1432 1053 1642 1125 potest?
1674 1052 1738 1106 E.
1769 1052 1949 1107 Teneo
1985 1059 2039 1106 ct

446 1158 606 1214 istam
634 1154 983 1211 diil'erentiam
1016 1170 1028 1205 :
1055 1163 1373 1221 persequere
1396 1156 1608 1201 caetera.

447 1249 671 1307 CAPUT
708 1247 843 1302 Vill.
871 1276 940 1286 —
971 1245 1121 1299 Ratio
1156 1258 1254 1313 qua
1294 1239 1535 1312 prwcetlit
1576 1238 1724 1292 homo
1753 1235 1920 1291 bestiis
1946 1235 2037 1288 dc-

953 1339 1033 1391 bet
1060 1338 1113 1390 in
1140 1337 1248 1406 ipso
1269 1333 1540 1387 dominari.

517 1437 607 1494 18.
638 1436 701 1489 Α.
748 1432 882 1489 lllud
926 1440 1007 1487 est
1052 1428 1191 1500 quod
1236 1428 1355 1481 volo
1396 1425 1616 1481 dicere:
1653 1423 1758 1479 hoc
1786 1419 2038 1493 quidquid

446 1541 550 1598 est,
571 1544 679 1601 quo
706 1526 984 1599 pecoribus
1011 1524 1171 1577 homo
1196 1518 1540 1590 prceponitur,
1583 1516 1694 1571 sive
1720 1529 1891 1578 mens,
1926 1513 2036 1568 sive

445 1624 685 1694 spiritus,
704 1620 814 1675 sive
832 1626 1113 1685 utrumque
1132 1612 1326 1667 rectius
1347 1609 1643 1680 appellatur
1665 1607 1821 1678 (nam
1842 1613 2038 1659 utrum-

447 1732 553 1787 que
582 1716 641 1770 in
678 1714 870 1769 divinis
896 1710 1070 1765 Libris
1098 1702 1451 1776 invenimus),
1481 1704 1527 1757 si
1552 1702 1852 1757 dominetur
1882 1712 2039 1771 atque

445 1809 676 1877 imperet
716 1804 925 1860 caeteris
970 1800 1393 1871 quibuscumque
1433 1795 1596 1850 homo
1639 1802 1866 1859 constat,
1913 1803 2038 1847 tunc

445 1913 569 1955 esse
592 1897 861 1953 hominem
889 1890 1360 1947 ordinatissimum.
1394 1885 1647 1940 Videmus
1672 1884 1811 1938 enim
1837 1884 2035 1937 habere

447 2009 551 2047 nos
573 2007 683 2046 non
713 1990 883 2044 solum
910 2002 1030 2041 cum
1074 1983 1374 2054 pecoribus,
1408 1978 1502 2034 sed
1528 1978 1687 2033 etiam
1717 1992 1835 2031 cum
1876 1976 2037 2029 arbu-

448 2087 547 2142 stis
572 2093 626 2139 et
653 2082 905 2153 stirpibus
932 2078 1097 2133 multa
1120 2073 1421 2131 communia
1444 2084 1704 2139 :namque
1727 2070 2036 2123 alimentum

450 2176 692 2245 corporis
717 2186 948 2235 sumere,
977 2182 1243 2233 crescere,
1268 2166 1505 2235 gignere,
1534 2160 1733 2229 vigere,
1758 2157 2037 2213 arboribus

448 2284 660 2341 quoque
702 2267 952 2320 tributum
991 2261 1251 2325 videmus,
1284 2272 1401 2326 qua:
1441 2255 1621 2308 intima
1662 2250 1888 2321 quadam
1934 2248 2038 2302 vita

447 2360 818 2421 continentur;
849 2354 1025 2409 videre
1054 2360 1230 2406 autem
1272 2356 1433 2418 atque
1458 2346 1665 2411 audire,
1708 2351 1763 2398 et
1797 2343 1990 2396 olfactu
2018 2382 2035 2409 ,

448 2461 625 2523 gustu,
649 2457 791 2504 tactu
814 2445 1106 2517 corporalia
1132 2442 1335 2498 sentire
1353 2454 1513 2511 posse
1538 2436 1759 2497 bestias.
1791 2444 1843 2489 et
1864 2433 2039 2488 acrius

447 2545 731 2614 plerasque
753 2554 911 2610 quam
932 2552 1050 2603 nos,
1079 2533 1346 2590 cernimus
1364 2539 1419 2586 et
1443 2528 1690 2583 fatemur.
1719 2526 1870 2580 Adde
1897 2525 2039 2578 vires

451 2643 507 2690 et
551 2632 834 2687 valentiam
883 2628 1293 2695 ﬁrmitatemque
1337 2620 1719 2685 membrorum,
1768 2626 1822 2671 et
1854 2614 2039 2671 celeri-

448 2732 586 2779 tates
643 2720 1026 2787 facillimosque
1082 2714 1321 2784 corporis
1378 2720 1575 2777 motus,
1624 2708 1816 2778 quibus
1868 2704 2041 2761 omni-

448 2815 551 2871 bus
589 2812 841 2884 quasdam
880 2824 1064 2864 earum
1103 2819 1443 2876 superamus,
1492 2802 1805 2872 quibusdam
1861 2813 2040 2867 aequa-

450 2924 594 2975 mur,
622 2922 652 2960 a
678 2902 948 2959 nonnullis
969 2901 1129 2956 etiam
1150 2898 1430 2953 vincimur.
1464 2896 1643 2950 Genus
1671 2903 1844 2947 tamen
1868 2893 2037 2960 ipsum

450 3013 632 3055 rerum
671 3006 753 3051 est
801 2994 953 3049 nobis
997 2999 1139 3046 certe
1177 3002 1460 3045 commune
1499 3001 1621 3041 cum
1664 2983 1856 3038 belluis
1887 2999 1899 3034 :
1926 2981 2037 3051 jam

454 3106 589 3147 vero
608 3097 860 3160 appetere
878 3085 1176 3155 voluptates
1195 3081 1454 3153 corporis,
1479 3087 1534 3134 et
1551 3078 1720 3133 vitare
1744 3075 2038 3141 molestias,

451 3185 639 3240 feriare
667 3182 787 3236 vitae
816 3179 989 3235 omnis
1017 3177 1155 3232 actio
1205 3182 1304 3231 est.
1347 3175 1481 3229 Sunt
1510 3172 1611 3226 alia
1636 3170 1900 3241 quaedam,
1924 3182 2043 3238 qua:

452 3278 559 3349 jam
589 3275 779 3331 cadere
804 3272 860 3327 in
896 3270 1035 3325 feras
1065 3285 1171 3323 non
1208 3266 1472 3332 videntur,
1505 3280 1604 3320 nec
1633 3274 1807 3317 tamen
1849 3261 1902 3314 in
1944 3259 2044 3313 ho-

452 3369 600 3424 mine
624 3367 739 3436 ipso
766 3378 973 3419 summa
998 3370 1139 3427 sunt,
1172 3367 1229 3412 ut
1252 3358 1418 3427 jocari
1451 3364 1504 3410 et
1528 3354 1704 3409 ridere
1734 3372 1746 3406 :
1775 3351 1919 3423 quod
1941 3350 2044 3405 hu-

454 3473 672 3513 manum
690 3452 1035 3525 quidem,‘sed
1052 3451 1290 3505 intimum
1313 3446 1544 3501 hominis
1559 3444 1780 3513 iudicat,
1804 3442 2044 3514 quisquis

456 3549 525 3604 de
561 3555 746 3602 natura
791 3545 1018 3599 humana
1059 3540 1353 3596 rectissime
1390 3535 1611 3607 judimt.
1662 3534 1864 3591 Deinde
1894 3554 2045 3592 amor

455 3640 630 3697 laudis
653 3648 707 3694 et
734 3639 937 3708 gloriae,
967 3644 1019 3690 et
1039 3632 1304 3689 affectatio
1330 3627 1659 3697 dominandi,
1688 3646 1805 3699 quae
1837 3630 2044 3683 tametsi

460 3732 753 3786 bestiarum
782 3743 885 3783 non
908 3735 1051 3791 sunt,
1076 3739 1181 3779 non
1211 3732 1386 3780 tamen
1410 3738 1593 3778 earum
1621 3737 1796 3776 rerum
1828 3722 2045 3775 libidine

458 3820 644 3878 bestiis
668 3816 918 3877 meliores
942 3832 1043 3875 nos
1062 3832 1181 3873 esse
1201 3814 1560 3869 arbitrandum
1580 3822 1680 3867 est.
1712 3812 1842 3865 Nam
1864 3821 1917 3867 et
1946 3812 2046 3866 iste

458 3915 727 3988 appetitus
755 3930 875 3969 cum
901 3910 1093 3967 rationi
1115 3908 1353 3963 subditus
1382 3922 1489 3962 non
1518 3916 1619 3971 est,
1650 3906 1876 3959 miseros
1897 3904 2039 3958 facit.

458 4008 628 4065 Nemo
652 4015 829 4062 autem
867 4004 1114 4072 cuiquam
1154 3999 1367 4053 miseria
1398 4013 1456 4051 se
1502 3994 1917 4066 przepouendum
1946 4010 2045 4063 pu-

458 4100 611 4155 tavit.
643 4098 799 4152 Hisce
829 4095 987 4164 igitur
1013 4090 1242 4144 motibus
1270 4090 1461 4141 anima:
1490 4102 1609 4140 cum
1642 4086 1775 4139 ratio
1805 4084 2049 4139 domina-

461 4202 570 4260 tur,
618 4191 890 4247 ordinatus
936 4186 1096 4239 homo
1124 4180 1380 4237 dicendus
1423 4188 1523 4235 est.
1570 4178 1683 4232 Non
1736 4178 1875 4232 enim
1914 4175 2046 4231 ordo

465 4295 666 4348 rectus,
694 4291 784 4335 aut
809 4279 939 4334 ordo
965 4274 1310 4346 appellandus
1331 4281 1411 4329 est
1433 4270 1671 4335 omnino,
1704 4269 1790 4323 ubi
1818 4268 2046 4323 deteri0«

465 4380 615 4436 ribus
657 4375 875 4429 meliora
904 4372 1253 4442 subjiciuntur
1280 4386 1295 4421 :
1321 4382 1390 4420 an
1427 4364 1521 4419 tibi
1548 4379 1652 4419 non
1706 4362 1952 4416 videtur?
1978 4360 2045 4415 E.

465 4466 801 4525 Manifestum
827 4471 927 4519 est.
958 4461 1022 4515 A.
1051 4461 1206 4515 Ratio
1227 4458 1327 4513 ista
1348 4472 1495 4527 ergo,
1526 4455 1610 4509 vel
1642 4468 1811 4520 mens,
1837 4453 1919 4507 vel
1941 4452 2048 4522 Spi-

463 4561 600 4617 ritus
628 4574 748 4614 cum
790 4553 1122 4611 irrationales
1166 4550 1329 4604 animi
1358 4556 1534 4602 motus
1558 4545 1715 4617 regit,
1752 4544 1803 4598 id
1848 4544 2050 4598 scilicet

463 4654 768 4712 dominatur
792 4650 846 4703 in
870 4647 1105 4713 homine,
1133 4644 1219 4700 cui
1248 4640 1539 4697 dominatio
1578 4638 1694 4708 lege
1723 4637 1949 4692 debetur
1986 4651 2049 4691 ea

464 4762 623 4821 quam
641 4753 893 4800 mternam
909 4755 1029 4795 esse
1044 4732 1742 4807 comperimus.E.lntelligo
1755 4746 1813 4785 ac
1832 4744 2045 4799 sequor.

465 4838 692 4898 CAPUT
730 4832 1093 4892 lX.-—Stulti
1130 4839 1175 4884 et
1213 4827 1453 4898 sapientis
1480 4826 1746 4878 discrimen
1783 4838 1845 4876 ea:
1884 4822 2048 4874 domi-

416 4910 423 4982 έ
907 4936 1031 4983 natu
1055 4932 1143 4978 aut
1164 4922 1395 4977 servitute
1419 4918 1613 4971 mentis.

538 5028 630 5085 19.
679 5024 743 5079 Α.
772 5023 903 5078 Cum
930 5032 1056 5089 ergo
1085 5016 1159 5069 ita
1188 5013 1350 5068 homo
1378 5009 1694 5064 constitutus
1719 5014 1875 5075 atque
1903 5003 2049 5059 ordi-

466 5132 623 5179 natus
647 5126 729 5176 est
746 5158 762 5185 ,
786 5128 964 5171 nonne
993 5110 1086 5166 tibi
1108 5107 1321 5177 sapiens
1346 5102 1589 5158 videtur?
1610 5100 1676 5154 E.
1706 5099 1895 5155 Nescio
1914 5098 2051 5152 alius

468 5216 587 5285 quis
624 5210 754 5267 mihi
796 5206 1009 5276 sapiens
1044 5202 1207 5257 homo
1234 5196 1402 5253 videri
1428 5196 1624 5267 possit,
1656 5194 1699 5247 si
1730 5192 1812 5246 hic
1838 5206 1942 5245 non
1973 5191 2052 5244 vi-

468 5281 643 5360 detur.
675 5302 734 5358 A.
761 5297 937 5354 Credo
965 5295 1127 5351 etiam
1154 5300 1205 5346 te
1233 5288 1362 5345 illud
1384 5288 1540 5353 scire,
1569 5285 1853 5355 plerosque
1879 5281 2050 5336 homi-

468 5412 566 5452 nes
591 5394 783 5450 stultos
817 5404 958 5446 esse.
996 5387 1063 5441 Ε.
1096 5385 1210 5441 Hoc
1234 5396 1447 5453 quoque
1474 5380 1603 5434 satis
1630 5385 1858 5433 constat.
1889 5376 1953 5429 Α.
1980 5376 2049 5430 At

467 5487 515 5541 si
543 5485 733 5539 stultus
762 5480 989 5553 sapienti
1013 5486 1096 5534 est
1117 5474 1413 5532 contrarius
1432 5513 1445 5537 ,
1476 5471 1724 5541 quoniam
1754 5468 2049 5537 sapientem

466 5576 827 5648 comperimus
847 5615 861 5639 ,
894 5573 1012 5644 quis
1037 5570 1198 5627 etiam
1227 5566 1417 5622 stultus
1444 5565 1547 5629 sit,
1574 5560 1811 5632 profecto
1832 5560 1943 5631 jam
1963 5559 2049 5614 in-

466 5670 682 5741 telligis.
712 5668 778 5723 E.
806 5667 903 5723 Cui
925 5680 1034 5721 non
1062 5669 1315 5733 appareat
1337 5658 1479 5713 hunc
1506 5671 1623 5711 esse
1640 5695 1654 5721 ,
1686 5656 1737 5708 in
1765 5668 1871 5723 quo
1898 5666 2047 5706 mens

466 5774 730 5819 summam
771 5764 1085 5830 potestatem
1126 5767 1233 5808 non
1272 5748 1469 5805 habet?
1504 5748 1567 5801 A.
1595 5744 1731 5813 Quid
1775 5743 1930 5814 igitur
1968 5741 2048 5795 di-

464 5852 716 5922 cendum,
746 5866 867 5910 cum
897 5848 1058 5905 homo
1087 5846 1157 5905 ita
1187 5853 1269 5900 est
1292 5840 1547 5898 affectus?
1577 5839 1764 5895 deesse
1792 5835 1866 5891 illi
1893 5850 2044 5891 meu-

1462 381 1549 435 DE
1588 376 1836 433 LIBERO
1874 372 2218 444 ARBITRIO,
2256 374 2313 432 S.
2354 374 2719 433 AUGUSTINI

3601 381 3736 440 1252

2147 499 2289 560 tem;
2330 508 2431 561 an,
2474 494 2715 564 quamvis
2759 491 2912 559 insit,
2942 507 3061 548 eam
3102 507 3287 550 carere
3327 494 3640 553 dominatu?
3666 499 3733 556 E.

2147 585 2260 643 Hoc
2301 588 2475 655 p0tius
2516 587 2656 656 quod
2699 586 2939 641 ultimum
2984 586 3254 657 subjecisli
3286 590 3325 641 ί.
3350 589 3413 643 Α.
3438 590 3735 648 Pervellem

2146 681 2242 735 abs
2272 690 2323 735 te
2349 680 2535 735 audire
2554 723 2567 746 ,
2597 682 2791 751 quibus
2811 680 3149 735 documentis
3173 691 3484 753 perceptum
3513 684 3735 753 habeas,

2144 780 2378 826 mentem
2405 772 2580 827 inesse
2618 771 2850 833 homini,
2882 787 3002 842 qua:
3029 786 3184 827 suum
3210 789 3316 829 non
3347 764 3558 829 exserat
3588 777 3733 846 prin-

2145 865 2397 934 cipatum.
2444 863 2512 918 E.
2555 864 2770 920 Utinam
2801 873 2917 920 tuas
2948 864 3075 919 istas
3103 874 3283 936 partes
3317 864 3496 922 facere
3520 867 3729 924 velles:

2145 971 2267 1008 nam
2315 971 2421 1009 non
2462 955 2591 1010 mihi
2638 956 2789 1011 facile
2836 966 2918 1011 est
2964 957 3227 1013 sustinere
3252 958 3393 1028 quod
3419 959 3634 1030 ingeris.
3664 959 3731 1013 A.

2148 1047 2277 1103 lllud
2306 1050 2495 1103 saltem
2527 1048 2680 1104 facile
2706 1058 2789 1103 est
2815 1049 2909 1102 tibi
2934 1049 3226 1115 recordari,
3257 1050 3398 1120 quod
3427 1052 3583 1121 paulo
3609 1061 3733 1109 ante

2145 1140 2395 1208 diximus,
2414 1138 2857 1212 quemadmodum
2875 1141 3057 1196 bestia:
3078 1142 3448 1197 mansuefacta;
3464 1142 3530 1197 ab
3555 1142 3731 1198 homi-

2146 1236 2302 1290 nibus
2345 1252 2407 1291 ac
2452 1236 2667 1291 domitae
2712 1236 2983 1291 serviant:
3012 1235 3152 1307 quod
3176 1236 3243 1291 ab
3269 1236 3346 1291 eis
3374 1237 3602 1291 vicissim
3634 1236 3733 1292 hoc

2145 1329 2318 1384 mines
2340 1370 2354 1395 ,
2387 1339 2444 1384 ut
2476 1329 2861 1384 demonstravit
2905 1328 3061 1395 ratio,
3096 1336 3403 1398 paterentur
3428 1329 3526 1383 nisi
3553 1329 3730 1399 aliquo

2144 1422 2487 1477 excellerent.
2518 1420 2576 1476 ld
2601 1431 2777 1476 autem
2805 1436 2910 1475 non
2955 1420 3353 1475 inveniebamus
3380 1421 3431 1474 in
3460 1435 3687 1490 corpore
3714 1438 3729 1475 :

2145 1518 2219 1571 ita
2251 1532 2370 1571 cum
2402 1517 2454 1570 in
2484 1516 2662 1571 animo
2691 1531 2811 1571 esse
2841 1522 3158 1585 appareret,
3202 1514 3328 1584 quid
3366 1513 3506 1568 aliud
3549 1514 3730 1584 appel-

2144 1610 2360 1663 landum
2409 1618 2552 1664 esset
2592 1624 2750 1679 quam
2799 1609 2968 1673 ratio,
3000 1622 3107 1662 non
3150 1608 3541 1677 comperimus;
3570 1622 3729 1676 quam

2144 1710 2327 1770 postea
2358 1709 2412 1755 et
2433 1710 2663 1754 mentem
2688 1709 2743 1755 et
2762 1700 3006 1771 spiritum
3033 1698 3210 1755 vocari
3240 1698 3501 1753 recordati
3521 1713 3728 1752 sumus.

2144 1794 2248 1849 Sed
2279 1794 2322 1848 si
2353 1792 2499 1847 aliud
2537 1794 2691 1859 ratio,
2724 1793 2865 1847 aliud
2904 1808 3089 1857 mens,
3112 1799 3321 1847 constat
3348 1800 3492 1846 certe
3516 1791 3727 1847 nonnisi

2143 1896 2376 1941 mentem
2419 1886 2493 1940 uti
2542 1901 2700 1955 posse
2744 1885 2975 1940 ratione.
3010 1885 3089 1939 Ex
3118 1902 3220 1955 quo
3261 1884 3388 1938 illud
3424 1882 3725 1948 coniicitur,

2144 1996 2266 2036 eum
2306 1981 2392 2049 qui
2436 1980 2697 2034 rationem
2732 1979 2923 2047 habet,
2953 1988 3130 2034 mente
3167 1994 3351 2033 carere
3392 1994 3497 2033 non
3546 1992 3726 2046 posse.

2143 2073 2207 2126 E.
2258 2073 2430 2127 Probe
2476 2072 2573 2125 ista
2613 2071 2928 2126 reminiscor
2971 2086 3034 2126 ac
3077 2079 3251 2126 teneo.
3298 2071 3360 2122 Α.
3392 2069 3569 2136 Quid?
3596 2067 3730 2122 illud

2142 2164 2406 2228 credisne,
2432 2162 2722 2218 domitores
2746 2162 3041 2217 belluarum
3062 2160 3161 2215 nisi
3188 2161 3453 2231 sapientes
3478 2174 3597 2214 esse
3617 2174 3729 2214 non

2142 2258 2332 2327 posse?
2359 2258 2465 2311 Eos
2494 2255 2636 2310 enim
2668 2254 2932 2325 sapientes
2961 2269 3112 2319 voco,
3139 2269 3272 2324 quos
3312 2254 3510 2309 veritas
3546 2252 3730 2308 vocari

2138 2348 2317 2418 jubet,
2348 2348 2397 2402 id
2425 2357 2506 2403 est
2524 2390 2539 2415 ,
2566 2348 2657 2418 qui
2691 2362 2857 2417 regno
2894 2346 3089 2401 mentis
3113 2346 3257 2400 omni
3282 2344 3515 2399 libidinis
3542 2342 3730 2412 subju-

2141 2443 2352 2512 gatione
2397 2441 2568 2513 pacati
2607 2452 2748 2496 sunt.
2895 2439 3191 2495 Ridiculum
3238 2447 3319 2493 est
3364 2438 3497 2493 tales
3539 2445 3728 2506 putare

2143 2535 2295 2601 istos,
2329 2549 2462 2603 quos
2484 2534 2641 2603 vulgo
2676 2532 3065 2588 mansuetarios
3091 2538 3429 2600 nuncupant,
3457 2529 3541 2583 vel
3562 2529 3726 2583 etiam

2146 2635 2389 2697 pastores
2432 2636 2523 2681 aut
2568 2626 2845 2692 bubulcos,
2877 2632 2966 2679 aut
2992 2623 3231 2694 aurigas,
3262 2623 3453 2692 quibus
3479 2620 3727 2675 omnibus

2147 2721 2402 2776 domitum
2431 2734 2591 2790 pecus
2621 2719 2916 2789 subjectum
2943 2716 3211 2780 videmus,
3239 2722 3292 2768 et
3312 2726 3536 2783 quorum
3563 2711 3719 2767 indu-

2145 2812 2274 2867 stria
2301 2811 2614 2866 indomitum
2641 2809 2847 2878 subjici.
2879 2809 2940 2862 Α.
2966 2807 3045 2861 Εη
3070 2806 3225 2876 igitur
3248 2805 3413 2861 habes
3439 2804 3713 2859 documen-

2145 2912 2256 2960 tum
2287 2904 2660 2970 certissimum,
2688 2917 2793 2971 quo
2813 2898 3152 2955 manifeStum
3182 2897 3273 2953 fiat
3298 2897 3473 2957 inesse
3492 2911 3727 2957 mentem

2146 2998 2346 3052 homini
2375 2996 2490 3051 sine
2514 2995 2807 3050 dominatu.
2840 2993 2933 3047 His
2970 2992 3164 3067 quippe
3192 2990 3357 3061 inest;
3396 3002 3557 3066 agunt
3580 2994 3727 3049 enim

2148 3093 2270 3147 talia
2290 3132 2305 3156 ,
2336 3106 2455 3160 quae
2484 3089 2567 3159 agi
2605 3089 2721 3147 sine
2757 3100 2934 3147 mente
2970 3104 3076 3146 non
3125 3096 3379 3159 possent:
3409 3102 3515 3143 non
3545 3096 3727 3142 tamen

2146 3194 2334 3256 regnat
2359 3186 2414 3249 ';
2444 3198 2566 3241 nam
2593 3185 2738 3240 stulti
2768 3193 2922 3249 sunt,
2948 3198 3125 3253 neque
3148 3197 3368 3252 regnum
3393 3181 3587 3236 mentis
3625 3178 3733 3233 nisi

2148 3277 2462 3349 sapientium
2489 3292 2636 3343 esse,
2669 3277 3033 3347 percognitum
3060 3284 3161 3331 est.
3191 3274 3256 3329 E.
3288 3275 3478 3329 Mirum
3515 3280 3598 3329 est
3626 3272 3729 3326 hoc

2143 3369 2254 3443 jam
2282 3370 2443 3426 fuisse
2468 3388 2497 3425 a
2526 3370 2677 3425 nobis
2702 3370 2757 3425 in
2786 3368 3153 3440 superioribus
3174 3366 3493 3430 confectum,
3522 3371 3575 3419 et
3598 3362 3731 3418 mihi

2147 3464 2272 3534 quid
2300 3462 2697 3533 responderem,
2727 3476 2833 3515 non
2864 3462 3097 3531 potuisse
3122 3460 3174 3513 in
3200 3467 3430 3515 mentem
3452 3458 3656 3513 venire.

2184 3555 2409 3611 CAPUT
2446 3553 2515 3608 X.
2536 3582 2608 3594 -—
2630 3552 2775 3606 Mens
2804 3570 2836 3605 a
2860 3553 3000 3606 nullo
3024 3551 3219 3622 cogitur
3258 3550 3439 3604 servire
3473 3546 3690 3602 libidini.

2219 3647 2309 3702 9.0.
2351 3645 2457 3701 Sed
2504 3645 2604 3698 alia
2651 3651 3014 3699 contexamus.
3062 3642 3179 3696 Jam
3227 3641 3371 3696 enim
3413 3648 3467 3695 et
3507 3652 3731 3709 regnum

2150 3740 2341 3795 mentis
2384 3739 2629 3792 humanae
2671 3736 2956 3791 humanam
2996 3748 3114 3789 esse
3157 3733 3501 3803 sapientiam,
3531 3740 3585 3785 et
3611 3744 3733 3785 eam

2151 3847 2307 3902 posse
2330 3831 2490 3884 etiam
2517 3844 2621 3883 non
2643 3842 2867 3898 regnare
2886 3867 2901 3893 ,
2937 3832 3267 3894 compertum
3289 3832 3388 3878 est.
3409 3822 3473 3876 Α.
3502 3822 3735 3876 Putasne

2152 3926 2251 3979 ista
2278 3932 2476 3990 mente,
2504 3923 2587 3977 cui
2612 3936 2835 3991 regnum
2863 3918 2915 3972 in
2938 3917 3183 3973 libidines
3217 3923 3415 3970 teterna
3446 3913 3563 3983 lege
3599 3928 3732 3967 con-

2152 4030 2362 4070 cessum
2412 4028 2530 4068 esse
2583 4010 2984 4081 cognoscimus,
3037 4007 3386 4077 potentiorem
3445 4018 3563 4059 esse
3608 4001 3733 4056 libi-

2156 4104 2368 4160 dinem?
2419 4118 2518 4173 ego
2566 4103 2707 4156 enim
2765 4100 2911 4155 nullo
2958 4106 3111 4167 pacto
3168 4104 3316 4167 puto.
3366 4094 3545 4164 Neque
3587 4092 3734 4147 enim

2156 4205 2299 4253 esset
2344 4195 2799 4251 ordinatissimum
2838 4200 2897 4246 ut
2932 4189 3304 4259 impotentiora
3347 4184 3736 4256 potentioribus

2157 4291 2497 4359 imperarent.
2526 4286 2700 4354 Quare
2720 4298 2938 4340 necesse
2961 4282 3189 4336 arbitror
3209 4294 3327 4336 esse
3347 4286 3406 4333 ut
3428 4279 3543 4349 plus
3561 4274 3736 4349 possit

2156 4396 2307 4435 mens
2338 4394 2495 4451 quam
2524 4377 2783 4448 cupiditas
2808 4416 2822 4441 ,
2864 4390 2929 4430 eo
2972 4374 3088 4443 ipso
3127 4388 3230 4443 quo
3272 4369 3543 4440 cupiditati
3584 4377 3736 4423 recte

2150 4472 2400 4542 justeque
2441 4470 2760 4525 dominatur.
2808 4465 2873 4519 E.
2918 4466 3029 4535 Ego
3071 4478 3281 4533 quoque
3323 4462 3394 4516 ita
3434 4460 3625 4515 sentio.
3663 4459 3731 4512 Α.

2156 4567 2599 4635 Quid?virtutem
2643 4576 2855 4618 omnem
2899 4575 3027 4614 num
3071 4557 3371 4612 dubitamus
3415 4554 3556 4609 omni
3604 4550 3734 4605 vitio

2158 4661 2233 4716 sic
2255 4669 2596 4728 anteponere,
2624 4664 2682 4710 ut
2706 4656 2875 4711 virtus
2902 4659 3098 4722 quanto
3141 4648 3329 4704 melior
3367 4655 3525 4715 atque
3564 4642 3733 4697 subli-

2157 4751 2314 4815 mior,
2350 4758 2496 4803 tanto
2524 4748 2727 4802 ﬁrmior
2768 4744 3113 4812 invictiorque
3137 4740 3245 4795 sit?
3274 4738 3339 4792 E.
3368 4736 3497 4803 Quis
3525 4734 3735 4789 dubita-
3777 4769 3786 4815 ί

3777 4797 3790 4861 l

2156 4844 2334 4899 verit?
2372 4844 2434 4897 A.
2456 4841 2640 4896 Nullus
2666 4839 2825 4909 igitur
2847 4837 3069 4892 vitiosus
3094 4833 3303 4887 animus
3326 4831 3519 4885 virtute
3552 4840 3735 4882 arma-
3778 4831 3788 4907 ς

2156 4945 2267 4991 tum
2308 4935 2542 4989 animum
2586 4937 2821 5001 superat.
2871 4927 2937 4983 E.
2987 4924 3335 4981 Verissimum
3381 4929 3481 4977 est.
3522 4920 3586 4974 Α.
3614 4917 3737 4974 Jam
3780 4918 3794 4947 ι

2156 5041 2383 5098 corpore
2423 5024 2567 5080 omni
2609 5019 2950 5094 qualemlibet
2972 5022 3207 5072 animum
3245 5014 3516 5070 meliorem
3546 5018 3739 5081 poten-

2160 5123 2456 5188 tioremque
2484 5131 2620 5181 esse,
2640 5130 2745 5169 non
2775 5122 2825 5167 te
2853 5111 3083 5166 arbitror
3109 5116 3441 5178 negaturum.
3468 5101 3537 5157 E.
3567 5101 3738 5157 Nemo

2157 5212 2210 5265 id
2240 5218 2424 5279 negat,
2456 5207 2544 5277 qui
2575 5203 2736 5277 (quod
2775 5201 2932 5257 facile
2954 5200 3056 5269 est)
3080 5197 3226 5253 videt
3267 5205 3360 5251 aut
3388 5191 3737 5251 substantiam

2162 5302 2429 5356 viventem
2460 5313 2565 5351 non
2588 5295 2819 5357 viventi,
2841 5301 2933 5346 aut
2956 5306 3071 5347 eam
3097 5304 3215 5359 qua:
3244 5299 3407 5341 vitam
3434 5285 3525 5339 dat
3548 5283 3596 5338 ei
3616 5294 3738 5352 qua

2161 5391 2373 5461 accipit,
2403 5403 2522 5444 esse
2544 5382 2946 5457 praeferendam.
2971 5382 3033 5434 Α.
3061 5379 3225 5434 Multo
3250 5375 3426 5433 minus
3450 5373 3608 5445 igitur
3625 5384 3742 5425 cor-

2220 5592 2238 5623 ί
2257 5597 2306 5638 tn
2325 5590 2461 5649 prius
2475 5584 2685 5648 vulgatis
2713 5579 2969 5649 deest-hic,
2994 5587 3068 5636 Α.,
3094 5584 3148 5626 et
3178 5582 3286 5639 Ροεῑ
3305 5579 3741 5649 roseam

2156 5630 2767 5711 zum‘EiE'iasaiﬁiﬁ,’
2795 5630 3021 5702 (dirimit;
3056 5630 3325 5701 ramisque
3356 5630 3590 5685 omittitur
3611 5630 3665 5680 AL
3687 5630 3743 5681 in

2153 5712 2260 5763 loco
2282 5709 2501 5776 proxime
2519 5709 2762 5772 sequenti.

2218 5757 2504 5833 iisiiss
2521 5757 2681 5822 tamen
2718 5774 2932 5834 regnant.
2957 5764 3049 5817 Sed
3070 5762 3249 5816 melius
3268 5760 3350 5813 alii
3365 5757 3501 5821 Οὐὰ,
3532 5759 3743 5823 regnat:

2154 5837 2340 5889 scilicet
2355 5848 2509 5886 mens.

3779 4704 3789 4730 9
