4118 6370
458 384 603 446 1253

458 512 593 570 pus,
619 497 1007 568 qualecumque
1044 495 1099 552 id
1141 495 1243 562 sit,
1286 493 1518 549 animum
1543 489 1737 545 virtute
1762 486 2041 558 praeditum

459 590 641 644 vincit.
663 587 731 642 E.
764 588 1233 643 Evidentissimum
1262 595 1363 641 est.
1401 586 1461 638 A.
1490 583 1666 652 Quid?
1705 580 1911 635 animus
1949 579 2039 648 ju-

457 690 594 749 stus,
615 696 871 752 mensque
891 682 979 751 jus
1005 680 1275 751 proprium
1295 676 1677 749 imperiumque
1713 671 2037 737 custodiens,

460 790 589 833 num
619 782 796 845 potest
830 773 988 829 aliam
1031 780 1264 828 mentem
1308 771 1422 842 pari
1462 770 1708 840 aequitate
1744 782 1808 822 ac
1848 766 2041 819 virtute

458 874 787 937 regnantem,
812 878 879 919 ex
899 878 1022 918 arce
1043 863 1291 933 dejicere,
1314 871 1472 932 atque
1491 858 1695 915 libidini
1722 854 2039 926 subjugare?

458 955 528 1010 E.
556 955 711 1011 Nullo
736 954 927 1016 modo;
956 968 1059 1008 non
1087 954 1259 1009 solum
1282 962 1497 1022 propter
1516 949 1756 1006 eamdem
1797 948 1850 1001 in
1891 955 2037 1001 utra-

460 1063 563 1117 que
590 1045 980 1113 excellentiam,
1011 1044 1105 1101 sed
1132 1046 1293 1100 etiam
1322 1044 1464 1115 quod
1491 1060 1518 1097 a
1545 1041 1748 1113 justitia
1774 1040 1920 1110 prior
1947 1038 2040 1093 de-

457 1138 618 1204 cidet,
648 1138 845 1209 ﬁetque
871 1137 1059 1192 vitiosa
1084 1152 1256 1204 mens,
1287 1153 1405 1207 quae
1430 1136 1587 1192 aliam
1612 1134 1789 1190 facere
1818 1132 2036 1189 conabi-

459 1242 562 1300 tur,
594 1247 766 1303 eoque
792 1233 907 1301 ipso
932 1232 1033 1285 erit
1057 1230 1337 1287 inﬁrmior.

526 1325 618 1379 21.
640 1323 705 1377 Α.
730 1324 872 1378 Bene
892 1323 1179 1393 intelligis;
1205 1336 1367 1393 quare
1394 1320 1521 1375 illud
1546 1326 1710 1374 restat
1734 1325 1791 1373 ut
1815 1331 2035 1387 respon-

458 1418 604 1481 deas,
629 1419 673 1472 si
700 1425 870 1488 potes,
889 1426 1063 1471 utrum
1086 1416 1177 1470 tibi
1202 1415 1441 1470 videatur
1465 1411 1707 1468 rationali
1735 1419 1790 1466 et
1814 1408 2037 1480 sapienti

458 1519 635 1565 mente
671 1510 957 1581 quidquam
1006 1525 1123 1565 esse
1168 1508 1526 1579 praestantius.
1562 1505 1627 1560 E.
1659 1504 1801 1559 Nihil
1843 1512 2037 1574 praeter

458 1602 624 1656 Deum
666 1601 912 1655 arbitror.
955 1600 1016 1653 Α.
1068 1601 1134 1654 Et
1178 1613 1295 1654 mea
1335 1598 1432 1652 ista
1477 1594 1737 1652 sententia
1782 1603 1885 1649 est.
1930 1592 2037 1649 Sed

457 1694 706 1764 quoniam
741 1707 830 1747 res
856 1692 1019 1746 ardua
1056 1699 1169 1756 est,
1200 1705 1372 1761 neque
1398 1703 1539 1743 nunc
1565 1694 1861 1757 opportune
1886 1700 2034 1754 qua:-

457 1787 611 1850 ritur,
653 1792 714 1839 ut
752 1784 817 1839 ad
855 1785 1251 1854 intelligentiam
1297 1783 1503 1847 veniat,
1533 1794 1832 1852 quanquam
1870 1778 2034 1835 robu-

461 1876 689 1930 stissima
720 1885 965 1931 teneatur
994 1875 1116 1941 ﬁde,
1146 1875 1346 1945 integra
1386 1873 1539 1928 nobis
1578 1872 1647 1927 sit
1687 1872 1842 1942 hujus
1884 1886 2032 1941 qua:-

459 1968 665 2036 stionis,
692 1968 914 2039 diligens
940 1976 994 2023 et
1020 1976 1173 2022 cauta
1205 1966 1467 2021 tractatio.

457 2097 682 2155 CAPUT
705 2097 794 2155 XI.
814 2129 884 2140 -—
902 2098 1049 2153 Mens
1069 2114 1131 2152 ea:
1154 2098 1311 2154 libera
1328 2100 1583 2154 voluntate
1603 2095 1799 2152 libidini
1821 2095 2035 2152 serviens

1053 2192 1260 2262 punitur
1277 2192 1431 2263 iuste.

530 2324 589 2380 ln
618 2324 901 2395 praesentia
928 2324 1069 2380 enim
1100 2326 1237 2382 scire
1262 2340 1547 2397 possumus
1570 2336 1919 2394 quaecumque
1946 2321 2034 2377 illa

458 2422 643 2470 natura
669 2416 769 2483 sit,
795 2431 953 2486 quam
979 2416 1144 2471 menti
1185 2415 1378 2470 virtute
1405 2415 1621 2484 pollenti
1646 2415 1723 2468 fas
1749 2420 1829 2468 est
1855 2411 2034 2467 excel-

456 2505 586 2571 lere,
616 2508 860 2577 injustam
902 2523 1021 2562 esse
1063 2507 1207 2562 nullo
1237 2506 1394 2563 modo
1421 2520 1599 2577 posse.
1634 2506 1811 2574 Quare
1839 2519 1905 2559 ne
1934 2504 2034 2571 ista

457 2600 702 2669 quidem,
747 2601 954 2655 tametsi
999 2600 1190 2656 haheat
1225 2609 1573 2672 potestatem,
1606 2607 1759 2669 coget
1798 2606 2034 2653 mentem

458 2693 658 2747 servire
698 2692 919 2746 libidini.
955 2692 1016 2746 E.
1050 2692 1194 2746 Istud
1233 2707 1450 2762 prorsus
1478 2706 1635 2747 nemo
1677 2699 1759 2745 est
1796 2690 1885 2760 qui
1928 2704 2035 2745 non

458 2781 571 2837 sine
595 2783 699 2837 ulla
724 2783 1057 2838 cunctatione
1082 2782 1330 2838 fateatur.
1360 2783 1423 2837 A.
1470 2784 1606 2853 Ergo
1636 2782 1951 2851 relinquitur
1976 2788 2036 2835 ut

457 2877 703 2947 quoniam
729 2877 968 2946 regnanti
994 2875 1159 2932 menti
1178 2876 1514 2945 compotique
1537 2875 1762 2941 virtutis,
1781 2872 2034 2943 quidquid

458 2983 551 3039 par
578 2978 667 3022 aut
696 2968 974 3038 prmlatum
1001 2976 1111 3033 est,
1136 2982 1241 3022 non
1272 2982 1388 3021 eam
1414 2966 1540 3020 facit
1567 2980 1773 3020 servam
1803 2964 2033 3019 libidinis

458 3069 672 3130 pr0pter
700 3059 990 3128 justitiam;
1020 3056 1272 3129 quidquid
1314 3066 1491 3112 autem
1540 3056 1760 3111 inferius
1786 3064 1897 3123 est,
1928 3072 2034 3110 non

458 3151 626 3221 possit
663 3152 763 3207 hoc
792 3153 965 3207 facere
994 3159 1211 3222 propter
1239 3150 1601 3204 inﬁrmitatem
1623 3189 1638 3215 ,
1663 3147 1798 3202 sicut
1823 3162 1884 3202 ea
1914 3162 2034 3217 quae

456 3244 594 3299 inter
618 3261 717 3300 nos
744 3245 1097 3299 constiterunt
1124 3244 1351 3309 docent;
1380 3243 1523 3297 nulla
1558 3256 1644 3295 res
1672 3241 1771 3295 alia
1800 3248 2034 3294 mentem

458 3334 763 3405 cupiditatis
786 3335 1035 3389 comitem
1073 3333 1254 3400 faciat,
1286 3349 1440 3404 quam
1470 3333 1683 3404 propria
1711 3331 1952 3386 voluntas
1982 3339 2036 3386 et

458 3426 682 3481 liberum
720 3426 1017 3480 arbitrium.
1050 3423 1118 3479 E.
1148 3424 1292 3480 Nihil
1318 3433 1424 3479 tam
1449 3424 1809 3479 necessarium
1832 3431 2034 3478 restare

458 3515 634 3571 video.

528 3608 618 3664 22.
647 3607 709 3662 Α.
743 3608 993 3679 Sequitur
1033 3607 1143 3678 jam
1186 3616 1245 3661 ut
1291 3607 1384 3663 tibi
1426 3605 1668 3661 videatur
1707 3605 1845 3676 juste
1889 3605 2033 3660 illam

458 3715 553 3773 pro
599 3712 813 3772 peccato
860 3710 1006 3758 tanto
1052 3716 1235 3772 poenas
1272 3700 1521 3771 pendere.
1567 3698 1634 3753 E.
1681 3700 1884 3769 Negare
1927 3715 2032 3754 non

459 3808 695 3863 possum.
728 3794 789 3846 A.
820 3793 955 3859 Quid
982 3792 1173 3862 igitur?
1201 3791 1339 3846 Num
1374 3792 1474 3845 ista
1516 3793 1628 3861 ipsa
1676 3806 1829 3860 paena
1876 3805 2033 3859 parva

459 3884 803 3939 existimanda
830 3892 944 3949 est,
985 3884 1125 3953 quod
1155 3884 1204 3939 ei
1231 3883 1394 3937 libido
1421 3884 1739 3949 dominatur,
1768 3884 2034 3953 exspolian

462 3984 671 4046 tamque
708 3978 917 4031 virtutis
945 3977 1210 4045 opulentia
1229 4017 1243 4042 ,
1272 3992 1368 4045 per
1393 3976 1601 4031 diversa
1632 3977 1839 4045 inopem
1875 3985 2035 4046 atque

460 4069 781 4139 indigentem
802 4068 983 4132 trahit,
1011 4081 1153 4122 nunc
1183 4068 1308 4121 falsa
1341 4082 1434 4136 pro
1458 4068 1598 4121 veris
1628 4068 2027 4136 approbantem,

459 4175 599 4214 nunc
624 4160 782 4214 etiam
810 4157 1215 4212 defensitantem
1239 4198 1252 4221 ,
1301 4171 1441 4211 nunc
1487 4158 1872 4226 improhantcm
1915 4174 2033 4228 quae

458 4262 609 4307 antea
636 4252 982 4322 probavisset,
1007 4258 1063 4306 et
1086 4250 1426 4304 nihilominus
1464 4250 1516 4303 in
1549 4250 1650 4304 alia
1678 4250 1803 4303 falsa
1833 4251 2037 4306 irruen-

461 4356 598 4412 tem;
630 4362 769 4400 nunc
791 4345 1153 4401 assensionem
1197 4342 1607 4411 suspendentem
1633 4356 1780 4395 suam
1801 4384 1815 4409 ,
1848 4350 1900 4397 et
1926 4344 2036 4411 ple-

458 4453 679 4508 rumque
700 4436 1003 4506 perspicuas
1023 4433 1453 4489 ratiocinationes
1474 4431 1842 4488 formidantem
1863 4449 1878 4498 ;
1898 4448 2036 4487 nunc

458 4531 828 4599 chperautem
856 4528 922 4583 de
949 4535 1057 4582 tota
1088 4525 1391 4581 inventione
1429 4523 1689 4605 veritatis,
1716 4533 1767 4578 ct
1797 4524 2035 4579 stultitiae

460 4622 694 4676 tenebris
726 4623 935 4690 penitus
968 4620 1346 4685 inhaerentem;
1376 4634 1514 4674 nunc
1539 4626 1818 4672 conantem
1860 4619 1911 4671 in
1949 4618 2035 4672 lu-

462 4727 578 4767 cem
623 4712 978 4781 intelligendi,
1007 4728 1295 4782 rursusque
1322 4711 1627 4781 fatigatione
1652 4711 1986 4767 decidentem
2018 4730 2030 4765 :

461 4818 582 4858 cum
607 4804 805 4857 interea
830 4803 1174 4872 cupiditatum
1206 4804 1336 4859 illud
1362 4819 1582 4874 regnum
1621 4806 1893 4877 tyrannice
1932 4820 2034 4859 sas-

462 4898 598 4963 viat,
622 4907 675 4951 et
702 4896 860 4950 variis
889 4896 1275 4965 contrariisque
1316 4897 1717 4966 tempestatibus
1745 4906 1915 4953 totum
1942 4897 2037 4954 ho-

464 4988 622 5041 minis
647 4987 881 5040 animum
908 4986 1175 5056 vitamque
1202 4987 1505 5055 perturbet,
1530 4986 1653 5043 hinc
1676 4989 1882 5053 timore,
1912 4989 2036 5045 inde

463 5078 760 5142 desiderio;
790 5078 911 5133 hinc
938 5078 1223 5145 anxietate,
1254 5078 1376 5133 inde
1398 5078 1539 5133 inani
1560 5079 1796 5150 falsaque
1820 5082 2031 5149 laetitia;

464 5169 587 5225 hinc
609 5170 844 5224 cruciatu
868 5170 943 5224 rei
965 5170 1175 5224 amissa:
1195 5185 1312 5239 quze
1334 5169 1667 5240 diligebatur,
1692 5172 1814 5227 inde
1844 5173 2034 5230 ardore

460 5260 812 5332 adipiscendae
829 5276 946 5331 qua:
962 5274 1067 5315 non
1084 5259 1410 5326 habebatur;
1432 5259 1556 5315 hinc
1577 5272 1807 5331 accepta:
1828 5263 2035 5334 injuriae

459 5356 760 5421 doloribus,
793 5354 917 5410 inde
958 5354 1158 5410 facibus
1198 5355 1563 5411 vindicandae:
1612 5373 2035 5428 quaquaversum

461 5458 634 5520 potest
660 5457 929 5503 coarctare
957 5448 1173 5501 avaritia
1204 5448 1463 5517 dissipare
1501 5449 1705 5504 luxuria
1726 5492 1740 5517 ,
1789 5451 2037 5507 addicere

461 5539 710 5606 ambitio,
756 5538 941 5593 inflare
976 5538 1222 5611 superbia
1245 5581 1258 5603 ,
1301 5548 1550 5609 torquere
1575 5540 1806 5609 invidia,
1834 5541 2037 5598 desidia

461 5631 706 5701 sepelire,
734 5629 1026 5701 pervicacia
1060 5629 1344 5697 concitare,
1375 5629 1630 5686 afﬂictare
1659 5632 1915 5701 subjectio
1936 5675 1949 5697 ,
1986 5643 2038 5689 ct

463 5738 809 5794 quaecumque
832 5724 935 5777 alia
958 5722 1365 5777 innumerabilia
1388 5739 1611 5795 regnum
1640 5724 1781 5780 illius
1807 5726 2038 5783 libidinis

466 5813 804 5885 frequentant
830 5823 885 5871 et
906 5815 1188 5874 exercent?
1217 5830 1570 5886 possumusne
1598 5816 1811 5874 tandem
1842 5819 2037 5876 nullam

1835 367 2038 425 LIBER
2073 364 2348 425 PRIMUS.

3585 372 3721 431 “3.1

2148 482 2304 538 istam
2337 499 2546 555 pcenam
2588 494 2805 557 putare,
2849 502 3038 559 quam,
3081 496 3135 544 ut
3163 492 3371 557 cernis,
3410 506 3594 548 omnes
3631 495 3719 563 qui

2145 589 2250 629 non
2276 575 2541 633 inhzerent
2565 578 2856 649 sapientiae,
2881 594 3100 636 necesse
3127 591 3208 635 est
3235 584 3475 651 perpeti?

2215 665 2304 721 25.
2350 664 2417 721 Ε.
2462 668 2702 739 Magnam
2754 671 2964 740 quidem
3014 672 3167 726 istam
3212 686 3422 742 poenam
3469 688 3587 728 esse
3631 674 3721 744 ju-

2145 755 2264 812 dico
2288 799 2301 823 ,
2343 767 2398 814 et
2437 761 2656 816 omnino
2675 761 2873 832 justam
2894 805 2909 831 ,
2940 763 2982 817 si
3025 764 3144 833 quis
3166 764 3276 833 jam
3307 764 3359 818 in
3398 764 3721 820 sublimitate

2142 849 2415 918 sapientiae
2443 852 2750 919 collocatus,
2781 855 2903 909 inde
2930 855 3253 911 descendere
3282 871 3344 911 ac
3373 856 3577 911 libidini
3607 872 3721 911 ser-

2142 941 2255 996 vire
2283 941 2538 1014 delegerit
2563 962 2576 998 :
2605 944 2698 1000 sed
2725 955 2898 1000 utrum
2921 960 3038 1001 esse
3060 947 3335 1016 quisquam
3362 947 3530 1016 possit
3550 948 3722 1002 incer-

2144 1042 2253 1089 tum
2280 1046 2380 1103 est,
2407 1039 2497 1109 qui
2526 1038 2642 1095 haec
2668 1048 2757 1094 aut
2782 1040 3008 1094 voluerit
3033 1040 3223 1108 facere,
3255 1049 3346 1095 aut
3373 1041 3516 1096 velit.
3540 1039 3720 1107 Quan-

2142 1143 2299 1197 quam
2349 1130 2491 1185 enim
2536 1132 2816 1187 credamus
2856 1131 3122 1188 hominem
3164 1141 3270 1187 tam
3309 1132 3540 1203 perfecte
3588 1148 3720 1189 con-
3814 1169 3821 1179 ι

2143 1222 2313 1277 ditum
2364 1238 2395 1277 a
2439 1223 2570 1290 Deo,
2619 1235 2673 1280 et
2720 1225 2771 1279 in
2792 1224 2945 1280 beata
2993 1225 3101 1279 vita
3138 1226 3508 1288 constitutum,
3551 1234 3609 1280 ut
3654 1224 3721 1281 ad

2141 1328 2405 1367 aerumnas
2444 1316 2679 1369 mortalis
2719 1318 2842 1370 vitae
2889 1316 3001 1386 ipse
3046 1316 3168 1370 inde
3212 1317 3424 1385 propria
3451 1317 3719 1370 voluntate

2142 1402 2386 1473 delapsus
2416 1405 2513 1470 sit;
2556 1415 2727 1461 tamen
2759 1406 2859 1460 hoc
2881 1422 3001 1460 cum
3029 1406 3329 1460 ﬁrmissima
3360 1405 3462 1460 ﬁde
3489 1414 3716 1470 teneam,

2142 1495 2486 1565 intelligentia
2523 1498 2757 1552 nondum
2800 1506 3072 1553 assecutus
3098 1513 3214 1553 sum
3245 1497 3433 1567 :cnjus
3478 1497 3557 1551 rei
3600 1496 3720 1550 dili-

2139 1599 2350 1659 gentem
2380 1589 2795 1659 inquisitionem,
2828 1591 2872 1645 si
2900 1606 3038 1646 nunc
3063 1589 3404 1645 differendam
3432 1598 3607 1659 putas,
3632 1605 3717 1642 me

2140 1680 2305 1735 invito
2335 1679 2482 1736 facis.

2138 1769 2364 1827 CAPUT
2412 1772 2525 1827 ΧΠ.
2551 1803 2621 1812 —
2641 1771 2877 1826 Mortalis
2912 1773 3025 1827 vita:
3061 1788 3232 1843 pmnas
3260 1770 3342 1841 qui
3373 1770 3566 1826 libidini
3603 1786 3710 1823 ser-

2209 1866 2379 1929 viunt,
2412 1866 2585 1920 merito
2628 1866 2905 1936 patiuntur,
2930 1866 3123 1919 etiamsi
3168 1865 3415 1934 sapientes
3455 1878 3711 1931 nunquam

2210 1958 2412 2028 fuerint.

2209 2050 2295 2103 24.
2328 2049 2524 2105 Verum
2552 2050 2673 2105 illud
2702 2050 2842 2121 quod
2866 2063 2955 2105 me
2982 2048 3213 2104 maxime
3241 2055 3449 2112 movet,
3481 2061 3576 2101 cur
3611 2044 3713 2099 hu-

2133 2145 2427 2216 juscemodi
2454 2144 2823 2199 acerbissimas
2847 2156 3030 2213 poenas
3052 2140 3311 2211 patiamur
3331 2153 3446 2203 nos,
3464 2138 3553 2208 qui
3574 2145 3717 2192 certe

2137 2236 2282 2291 stulti
2312 2250 2515 2301 sumus,
2538 2250 2637 2290 nec
2657 2235 2923 2305 sapientes
2950 2248 3181 2303 unquam
3206 2232 3420 2295 fuimus,
3448 2239 3505 2284 ut
3525 2229 3714 2283 merito

2137 2326 2253 2383 haec
2272 2329 2511 2382 dicamur
2534 2328 2733 2397 perpeti
2761 2336 2974 2398 propter
2993 2326 3260 2380 desertam
3280 2322 3487 2376 virtutis
3513 2335 3713 2385 arcem,

2138 2428 2193 2475 et
2219 2420 2442 2475 electam
2469 2418 2566 2473 sub
2596 2419 2811 2473 libidine
2854 2418 3159 2473 servitutem
3176 2456 3189 2481 ,
3219 2415 3345 2485 quin
3373 2414 3577 2482 aperias
3603 2411 3716 2465 dis-

2139 2510 2395 2582 putando,
2438 2511 2482 2565 si
2525 2512 2699 2577 vales,
2728 2510 2871 2563 nullo
2897 2509 3055 2564 modo
3084 2508 3179 2563 tibi
3205 2506 3553 2562 differendum
3596 2518 3716 2559 esse

2138 2602 2513 2658 concesserim.
2542 2602 2606 2654 Α.
2638 2601 2714 2655 Ita
2744 2600 2877 2655 istuc
2900 2600 3052 2666 dicis,
3080 2600 3227 2668 quasi
3254 2597 3450 2667 liquido
3475 2610 3718 2664 comper-

2140 2706 2249 2751 tum
2295 2697 2491 2751 habeas
2527 2709 2797 2764 nunquam
2826 2709 2921 2748 nos
2948 2692 3111 2747 fuisse
3154 2692 3456 2761 sapientes:
3483 2687 3711 2743 attendis

2139 2790 2281 2844 enim
2311 2797 2519 2858 tempus
2557 2802 2623 2841 ex
2656 2802 2760 2855 quo
2790 2786 2845 2838 in
2868 2784 3004 2838 hanc
3029 2784 3188 2837 vitam
3227 2783 3335 2836 nati
3378 2798 3579 2839 sumus.
3605 2782 3716 2838 Sed

2137 2896 2259 2936 cum
2304 2880 2560 2950 sapientia
2601 2880 2653 2933 in
2696 2877 2873 2931 animo
2910 2877 3009 2939 sit,
3039 2885 3212 2929 utrum
3243 2883 3364 2929 ante
3390 2866 3714 2929 conSortium

2139 2973 2296 3042 iiujus
2324 2973 2561 3042 corporis
2589 2971 2689 3024 alia
2719 2969 2946 3041 quadam
2974 2967 3078 3021 vita
3104 2960 3293 3021 vixerit
3315 2966 3541 3030 animus,
3572 2974 3625 3019 et
3647 2981 3714 3018 an

2139 3065 2418 3135 aliquando
2444 3065 2707 3133 sapienter
2736 3062 2953 3125 vixerit,
2982 3076 3169 3130 magna
3210 3059 3431 3129 quaestio
3458 3067 3572 3123 est,
3594 3074 3710 3112 ma-

2138 3172 2297 3227 gnum
2328 3162 2620 3220 secretum,
2648 3162 2701 3209 et
2738 3168 2835 3207 suo
2877 3150 3316 3207 considerandum
3355 3151 3471 3205 loco
3499 3168 3511 3203 :
3540 3165 3715 3219 neque

2139 3246 2259 3301 ideo
2285 3254 2459 3300 tamen
2502 3246 2601 3300 hoc
2637 3243 2779 3315 quod
2816 3259 2953 3298 nunc
2984 3242 3240 3297 habemus
3268 3244 3322 3296 in
3347 3241 3592 3297 manibus
3616 3242 3715 3295 im-

2140 3336 2362 3407 peditur,
2388 3336 2669 3406 quominus
2694 3335 2959 3404 aperiatur
2984 3344 3039 3388 ut
3063 3341 3253 3404 potest.

2208 3430 2297 3485 25.
2331 3430 2461 3483 Nam
2491 3445 2669 3499 quaero
2691 3428 2785 3482 abs
2810 3436 2880 3493 te,
2913 3427 3053 3480 sitne
3078 3426 3252 3497 aliqua
3279 3425 3429 3480 nobis
3445 3424 3709 3480 voluntas.

2140 3522 2209 3578 Ε.
2251 3523 2460 3579 Nescio.
2494 3524 2557 3577 A.
2590 3523 2753 3577 Visne
2783 3523 2884 3577 hoc
2907 3522 3079 3577 scire?
3106 3520 3171 3574 E.
3200 3523 3266 3575 Et
3291 3520 3392 3575 hoc
3416 3520 3616 3575 nescio.
3644 3519 3711 3571 Α.

2140 3614 2279 3669 Nihil
2302 3629 2429 3684 ergo
2454 3614 2703 3683 deinceps
2728 3628 2813 3667 me
2834 3613 3146 3681 interroges.
3170 3611 3235 3664 E.
3264 3611 3477 3679 Quare?
3498 3611 3560 3662 A.
3581 3608 3713 3675 Quia

2144 3708 2347 3779 roganti
2377 3708 2469 3762 tibi
2498 3706 2819 3775 respondere
2858 3721 2964 3759 non
3002 3705 3190 3769 debeo,
3224 3704 3327 3759 nisi
3350 3702 3549 3757 volenti
3578 3700 3716 3755 scire

2140 3799 2279 3869 quod
2302 3814 2475 3868 rogas.
2496 3797 2695 3852 Deinde
2719 3797 2819 3850 nisi
2839 3796 2968 3850 velis
2989 3796 3052 3849 ad
3075 3795 3385 3864 sapientiam
3406 3793 3710 3865 pervenire,

2140 3906 2319 3947 sermo
2356 3901 2525 3945 tecum
2547 3891 2613 3945 de
2644 3889 2943 3960 hujusmodi
2968 3888 3127 3943 rebus
3171 3903 3275 3942 non
3312 3897 3393 3942 est
3419 3885 3710 3945 habendus.

2139 3983 2415 4038 Postremo
2441 3999 2590 4037 meus
2616 3983 2815 4037 amicus
2843 3997 2961 4037 esse
2986 3996 3092 4035 non
3118 3982 3344 4050 poteris,
3376 3980 3475 4033 nisi
3499 3978 3631 4033 velis
3656 3985 3715 4032 ut

2137 4074 2274 4128 bene
2302 4074 2370 4127 sit
2394 4074 2541 4127 mihi.
2574 4074 2688 4128 Jam
2720 4086 2847 4127 vero
2874 4072 2943 4126 de
2971 4081 3022 4126 te
3049 4080 3101 4125 tu
3132 4071 3243 4140 ipse
3277 4069 3499 4135 videris,
3532 4076 3711 4123 utrum

2139 4166 2232 4221 tibi
2252 4167 2495 4220 voluntas
2525 4165 2665 4219 nulla
2695 4165 2763 4220 sit
2789 4164 2956 4218 beatae
2978 4164 3100 4216 vita:
3127 4171 3247 4215 tuae.
3280 4160 3345 4213 E.
3376 4161 3586 4225 Fateor,
3613 4175 3707 4215 ue-

2138 4259 2248 4327 gari
2266 4273 2369 4311 non
2389 4267 2564 4327 potest
2580 4257 2774 4311 habere
2790 4272 2885 4311 nos
2910 4256 3232 4310 voluntatem
3260 4272 3271 4306 :
3301 4269 3458 4324 perge
3478 4253 3608 4322 jam,
3631 4253 3711 4307 vi-

2139 4346 2357 4402 deamus
2379 4347 2505 4416 quid
2529 4347 2651 4400 hinc
2671 4346 2939 4401 conﬁcias.
2964 4346 3024 4397 A.
3054 4344 3264 4398 Faciam
3290 4362 3301 4397 :
3329 4343 3421 4398 sed
3443 4343 3525 4397 dic
3548 4343 3709 4398 etiam

2140 4439 2301 4508 prius,
2338 4448 2511 4492 utrum
2538 4448 2589 4493 et
2630 4439 2819 4493 bonam
2848 4439 3169 4491 voluntatem
3197 4445 3247 4492 te
3272 4437 3469 4493 habere
3494 4439 3713 4493 sentias.

2140 4504 2206 4583 Ε.
2225 4529 2358 4596 Quid
2388 4539 2463 4584 est
2492 4530 2625 4585 bona
2642 4530 2916 4583 voluntas?
2944 4528 3006 4581 A.
3032 4529 3284 4584 Voluntas
3303 4544 3405 4598 qua
3418 4529 3714 4599 appetimus

2142 4630 2286 4676 recte
2313 4621 2639 4689 honesteque
2672 4620 2878 4685 vivere,
2914 4629 2967 4673 et
3001 4618 3068 4673 ad
3095 4634 3357 4674 summam
3402 4619 3714 4689 sapientiam

2139 4713 2437 4782 pervenire.
2470 4711 2623 4767 Modo
2650 4721 2701 4765 tu
2730 4711 2850 4766 vide
2878 4723 3049 4766 utrum
3096 4719 3292 4768 rectam
3314 4744 3315 4747 η
3335 4711 3717 4780 honestamque

2142 4820 2247 4858 non
2275 4812 2491 4875 appetas
2518 4805 2675 4859 vitam
2698 4844 2711 4869 ,
2740 4812 2829 4858 aut
2854 4818 2974 4859 esse
3003 4804 3213 4874 sapiens
3239 4818 3343 4858 non
3372 4803 3716 4859 vehementer

2142 4896 2304 4961 velis,
2336 4903 2427 4951 aut
2466 4905 2611 4952 certe
2654 4912 2849 4966 negare
2888 4894 3115 4961 audeas,
3150 4910 3270 4949 cum
3297 4893 3412 4947 hmo
3440 4894 3714 4960 volumus,

2141 5006 2240 5047 nos
2268 4991 2462 5045 habere
2485 4991 2810 5047 voluntatem
2830 4989 3045 5044 bonam.
3073 4986 3142 5040 E.
3164 4985 3307 5040 Nihil
3337 4985 3527 5042 horum
3556 4998 3711 5055 nego,

2141 5093 2193 5137 et
2238 5092 2514 5153 propterea
2557 5098 2642 5136 me
2685 5097 2788 5135 non
2822 5081 3002 5146 solum
3045 5078 3397 5143 voluntatem,
3426 5077 3520 5132 sed
3554 5077 3717 5132 etiam

2140 5173 2333 5228 bonam
2371 5172 2691 5227 voluntatem
2732 5172 2839 5239 jam
2884 5168 3079 5223 habere
3125 5168 3399 5222 conﬁteor.
3431 5168 3494 5221 Α.
3525 5166 3718 5234 Quanti

2143 5265 2347 5334 pendis,
2368 5280 2463 5319 oro
2494 5273 2564 5328 te,
2599 5264 2733 5317 hanc
2750 5262 3105 5317 voluntatem?
3130 5260 3514 5331 Numquidnam
3533 5260 3583 5315 ei
3611 5261 3717 5316 ulla

2142 5374 2207 5412 ex
2237 5366 2387 5427 parte
2413 5356 2651 5422 divitias,
2679 5364 2769 5409 aut
2796 5354 3058 5422 honores,
3085 5364 3175 5408 aut
3201 5355 3493 5425 voluptates
3530 5367 3718 5422 corpo-

2141 5451 2236 5517 ris,
2268 5458 2361 5503 aut
2402 5449 2514 5502 hmo
2556 5448 2713 5503 simul
2755 5448 2930 5501 omnia
2959 5446 3276 5502 conferenda
3306 5445 3617 5500 arbitraris?
3646 5443 3717 5499 E.

2143 5540 2407 5597 Averterit
2441 5542 2577 5595 Deus
2622 5540 2777 5594 istam
2806 5540 3116 5595 sceleratam
3154 5538 3494 5594 dementiam.
3524 5536 3587 5591 Α.
3621 5537 3721 5592 Pa-
3756 5590 3761 5595 _

2142 5652 2328 5691 rumne
2368 5650 2493 5705 ergo
2534 5633 2868 5705 gaudendum
2899 5642 2980 5688 est
3017 5633 3213 5688 habere
3253 5648 3349 5689 nos
3377 5634 3623 5705 quiddam
3664 5635 3717 5689 in

2142 5728 2339 5791 animo,
2373 5727 2510 5782 hanc
2536 5728 2703 5797 ipsam
2727 5726 2847 5782 dico
2870 5726 3063 5781 bonam
3101 5726 3419 5781 voluntatem
3443 5768 3458 5793 ,
3486 5726 3537 5780 in
3568 5726 3720 5795 cujus

2146 5821 2543 5881 comparatione
2581 5819 2935 5890 abjectissima
2958 5818 3063 5876 sint
3089 5833 3150 5875 ea
3178 5834 3298 5889 quae
3334 5832 3719 5875 commemora-
