4118 6370
409 361 542 418 1255

403 482 596 540 vimus,
621 489 716 544 pro
741 471 930 546 quibus
955 471 1306 544 adipiscendis
1333 468 1718 522 multitudinem
1747 465 1986 518 videmus

411 571 682 626 hominum
710 567 886 624 nullos
911 567 1140 630 labores,
1169 564 1308 618 nulla
1345 562 1577 632 pericula
1607 561 1892 615 recusare?
1919 559 1982 612 E.

407 662 754 718 Gaudendum
785 675 931 726 vero,
955 673 1016 713 ac
1045 656 1348 726 plurimum.
1383 655 1446 708 A.
1477 653 1650 720 Quid?
1675 653 1774 707 hoc
1796 652 1986 720 gaudio

408 757 494 828 qui
535 771 642 810 non
685 755 956 817 fruuntur,
1005 765 1165 820 parvo
1210 751 1406 804 damno
1445 763 1541 804 eos
1578 747 1796 802 atl‘ectos
1835 755 1986 815 putas

411 850 539 902 tanti
571 847 729 902 boni?
756 845 821 898 E.
852 843 962 898 lino
991 843 1240 896 maxime.

479 941 570 994 '26.
601 940 661 993 A.
697 937 856 991 Vides
877 935 1034 1005 igitur
1059 934 1166 1004 jam
1187 974 1200 994 ,
1231 941 1286 986 ut
1317 931 1562 986 existimo
1581 972 1594 992 ,
1630 929 1684 984 in
1721 930 1988 983 voluntate

413 1041 594 1086 nostra
637 1043 754 1084 esse
790 1028 1161 1090 constitutum,
1199 1033 1255 1076 ut
1285 1024 1386 1076 hoc
1410 1023 1495 1076 vel
1525 1021 1762 1076 fruamur
1789 1021 1868 1074 vel
1897 1035 1988 1074 ca-

413 1137 628 1180 reamus
656 1131 800 1176 tanto
821 1130 875 1176 et
901 1128 1008 1172 tam
1031 1133 1156 1172 vero
1179 1117 1338 1170 bono.
1363 1115 1498 1183 Quid
1525 1115 1662 1168 enim
1693 1123 1794 1166 tant
1819 1114 1870 1166 in
1897 1127 1990 1164 νου

414 1219 633 1280 laniate,
655 1229 810 1284 quam
835 1213 944 1282 ipsa
967 1211 1208 1264 voluntas
1235 1209 1332 1262 sita
1361 1216 1440 1260 est
1459 1205 1560 1279 (a)?
1579 1207 1742 1270 (mtuam
1769 1205 1990 1274 quisque

413 1325 529 1362 cum
553 1309 720 1359 habet
741 1307 952 1367 bonam,
975 1301 1024 1355 id
1045 1309 1188 1356 certe
1219 1299 1376 1352 habet
1401 1297 1538 1366 quod
1565 1297 1792 1350 terrenis
1821 1293 1992 1348 omni-

416 1403 510 1454 bus
549 1399 746 1467 regnis.
781 1392 1242 1464 voluptatibusque
1276 1389 1520 1444 munibus
1553 1387 1792 1455 corporis
1835 1387 1990 1454 longe

415 1486 842 1556 anteponendum
872 1485 958 1540 sit.
989 1481 1236 1550 Quisquis
1267 1487 1442 1534 autem
1481 1493 1586 1532 non
1625 1477 1814 1540 habet,
1844 1483 1994 1528 caret

417 1581 655 1652 profecto
681 1581 768 1632 illa
795 1594 882 1642 re,
911 1592 1068 1646 quam
1101 1573 1520 1645 praestantiorem
1557 1571 1804 1626 omnibus
1837 1569 1992 1623 bonis

415 1675 466 1727 in
511 1679 769 1742 potestate
809 1677 988 1724 nostra
1017 1682 1122 1721 non
1153 1665 1481 1728 constitutis,
1515 1663 1622 1716 sola
1651 1661 1722 1714 illi
1751 1660 1992 1712 voluntas

417 1777 512 1832 per
547 1763 773 1830 seipsam
811 1759 977 1812 daret.
1007 1759 1186 1826 Itaque
1226 1770 1345 1808 cum
1384 1769 1441 1806 se
1483 1755 1592 1822 ipse
1637 1751 1992 1805 miserrimum

415 1856 639 1924 jndicet,
673 1855 718 1906 si
747 1853 986 1908 amiserit
1013 1851 1294 1919 gloriosam
1323 1847 1514 1900 famam
1539 1889 1551 1908 ,
1581 1848 1817 1916 ingentes
1843 1859 1990 1912 opes,

419 1959 472 1999 «ιι
510 1945 758 2014 quadihet
796 1943 1032 2010 corporis
1061 1942 1232 2004 bona;
1269 1949 1320 1992 tu
1348 1955 1466 1994 eum
1503 1955 1606 1991 non
1639 1939 1991 1991 miserrimum

416 2037 678 2105 judicabis
699 2077 712 2101 ,
747 2033 953 2087 etiamsi
995 2033 1182 2086 talibus
1211 2031 1439 2084 abundet
1473 2031 1746 2088 omnibus,
1781 2045 1900 2082 eum
1933 2029 1996 2082 iis

421 2131 646 2184 iiilnuret
667 2145 782 2198 qua:
805 2129 1044 2182 amittere
1073 2126 1314 2180 facillime
1337 2134 1524 2193 potest.
1553 2140 1719 2192 neque
1741 2124 1864 2175 dum
1889 2125 1998 2177 vult

423 2219 614 2283 habet,
645 2227 790 2272 caret
814 2225 990 2271 autem
1023 2219 1154 2270 bona
1183 2217 1450 2270 voluntate
1469 2257 1481 2280 ,
1513 2231 1630 2284 quae
1657 2229 1754 2266 nec
1779 2228 1996 2278 coema-

421 2309 584 2364 randa
613 2318 696 2362 est
723 2323 840 2362 cum
875 2309 987 2361 istis
1007 2350 1020 2372 ,
1043 2317 1232 2362 etcum
1263 2309 1330 2360 sit
1361 2315 1464 2360 tam
1495 2321 1738 2368 magnum
1769 2306 1958 2356 bonum
1977 2343 1994 2368 ,

421 2403 557 2456 velle
581 2403 746 2455 solum
771 2415 903 2470 opus
926 2409 1023 2462 est,
1051 2409 1104 2453 ut
1128 2397 1416 2452 habeatur?
1443 2397 1502 2450 Ιί.
1524 2397 1870 2452 Verissimum
1894 2404 1994 2448 est.

421 2493 484 2544 A.
509 2491 635 2546 Jure
667 2492 824 2560 igitur
849 2505 910 2544 ac
937 2491 1126 2544 merito
1156 2491 1300 2543 stulti
1331 2489 1592 2553 homines,
1621 2487 1826 2542 tametsi
1859 2502 1996 2540 nun-

421 2597 576 2651 quam
609 2581 820 2634 fuerunt
847 2583 1110 2649 sapientes
1133 2581 1256 2651 (hoc
1283 2581 1422 2634 enim
1450 2579 1666 2632 dubium
1688 2579 2001 2632 etoccultis—

421 2675 612 2726 simum
643 2671 780 2744 est),
810 2673 1170 2741 hujuscemodi
1207 2673 1506 2726 afficiuntur
1541 2671 1770 2724 miseria.
1803 2669 1864 2722 E.
1895 2669 1996 2722 As-

419 2766 637 2819 sentior.

421 2857 644 2912 CAPUT
693 2857 832 2912 XIII.
863 2887 933 2897 -—
967 2857 1235 2910 Volunlute
1279 2858 1430 2909 ritum
1471 2855 1698 2920 beatam,
1745 2857 2001 2910 voluntate

953 2948 1182 2999 miserum
1227 2947 1468 3016 (legimus.

490 3039 578 3091 27.
621 3039 682 3092 A.
729 3039 1018 3094 Considera
1059 3055 1200 3093 nunc
1243 3048 1416 3092 utrum
1469 3039 1558 3091 tibi
1599 3039 1840 3092 videatur
1879 3052 2004 3092 esse.

422 3131 700 3200 prudentia
732 3133 1148 3202 appetendarum
1176 3141 1228 3186 et
1253 3132 1582 3186 vitandarum
1620 3149 1798 3186 rerum
1829 3133 2000 3187 scien-

425 3223 512 3275 tia.
553 3221 618 3275 E.
653 3223 898 3278 Videtur.
941 3225 1000 3276 Λ.
1047 3223 1218 3290 Quid?
1262 3223 1514 3278 fortitudo
1567 3239 1742 3278 nonne
1789 3225 1875 3278 illa
1919 3235 2000 3278 est

421 3314 612 3366 animae
642 3313 876 3380 affectio,
907 3331 1007 3384 qua
1035 3316 1212 3368 omnia
1249 3315 1578 3368 incommoda
1605 3323 1660 3368 et
1683 3315 1872 3368 damna
1910 3330 1998 3370 re-

419 3419 538 3456 rum
563 3419 668 3460 non
697 3405 748 3458 in
777 3415 954 3458 nostra
985 3414 1247 3474 potestate
1271 3407 1674 3458 constitutarum
1701 3408 2000 3460 contemni-

421 3495 581 3550 mus?
613 3495 676 3549 E.
705 3497 776 3550 Ita
807 3497 1074 3551 existimo.
1105 3497 1168 3550 Α.
1198 3497 1364 3550 Porro
1409 3500 1750 3565 temperantia
1795 3507 1876 3552 est
1924 3499 2001 3552 af-

421 3587 580 3642 fectio
617 3603 870 3643 coercens
907 3597 962 3642 et
998 3588 1254 3642 cohibens
1297 3589 1586 3656 appetitum
1625 3589 1690 3642 ab
1739 3591 1800 3643 iis
1843 3591 2000 3644 rebus

419 3696 538 3752 qua:
568 3682 790 3750 turpiter
817 3689 1136 3751 appetuntur
1166 3699 1178 3733 :
1208 3697 1272 3733 an
1307 3689 1360 3734 tu
1388 3680 1544 3734 aliter
1577 3683 1765 3750 putas?
1793 3681 1860 3736 E.
1889 3683 1999 3738 lino

421 3775 492 3828 ita
515 3785 568 3829 ut
589 3774 720 3828 dicis
742 3775 933 3829 sentio.
953 3775 1014 3826 Α.
1033 3773 1150 3826 .Iam
1173 3773 1427 3840 justitiam
1450 3775 1572 3842 quid
1599 3774 1834 3828 dicamus
1855 3789 1994 3836 esse,

419 3867 520 3920 nisi
563 3868 810 3921 virtutem
855 3879 954 3934 qua
1001 3879 1094 3918 sua
1143 3864 1332 3932 cuique
1371 3865 1710 3918 tribuuntur?
1851 3865 1998 3921 Nulla

422 3961 550 4013 mihi
589 3960 688 4012 alia
723 3959 942 4028 justitize
981 3958 1126 4011 notio
1158 3965 1258 4010 est.
1283 3955 1343 4008 Α.
1369 3957 1616 4026 Quisquis
1644 3973 1770 4027 ergo
1803 3959 1996 4013 bonam

421 4051 624 4104 habens
653 4051 1007 4112 voluntatem,
1039 4048 1107 4102 de
1135 4048 1286 4114 cujus
1315 4049 1624 4102 excellentia
1657 4049 1764 4117 jam
1793 4050 1882 4104 diu
1917 4051 1998 4103 lo-

419 4141 654 4208 quimur,
683 4139 820 4193 hanc
843 4155 1004 4193 unam
1033 4139 1314 4193 dilectione
1341 4140 1694 4208 amplexetur,
1727 4155 1828 4208 qua
1859 4141 1996 4196 inte-

421 4231 520 4283 rim
549 4231 738 4284 melius
761 4231 888 4284 nihil
914 4231 1090 4296 habet,
1116 4230 1216 4284 hac
1233 4246 1350 4284 sese
1373 4232 1620 4298 oblectet,
1649 4231 1744 4288 hac
1769 4233 1998 4302 denique

419 4323 720 4392 perfruatur
757 4333 808 4376 et
849 4323 1104 4392 gaudeat,
1133 4325 1472 4380 considerans
1513 4339 1628 4380 eam
1665 4335 1718 4380 et
1754 4327 1998 4396 judicans

419 4426 614 4485 quanta
643 4417 739 4480 sit,
774 4432 1034 4487 quamque
1075 4418 1238 4472 invito
1277 4420 1350 4474 illi
1390 4421 1522 4488 eripi
1553 4421 1636 4475 vel
1671 4421 1866 4490 surripi
1905 4437 1998 4475 ne-

421 4515 611 4577 queat;
639 4519 770 4562 num
783 4507 1028 4566 dubitare
1051 4511 1342 4578 poterimus
1363 4511 1520 4564 istum
1547 4512 1814 4566 adversari
1841 4513 1998 4566 rebus

419 4601 666 4656 omnibus
687 4643 699 4667 ,
729 4617 848 4672 qum
878 4602 1000 4656 huic
1029 4604 1116 4656 nni
1161 4604 1300 4657 bono
1345 4605 1572 4658 inimica:
1617 4607 1776 4659 sunt?
1801 4605 1868 4658 E.
1897 4606 1998 4658 Ne-

417 4705 570 4747 cesse
594 4701 676 4746 est
699 4691 918 4746 omnino
947 4701 1004 4746 ut
1027 4693 1362 4748 adversetur.
1389 4693 1451 4747 Α.
1473 4694 1694 4749 Nullane
1723 4695 1862 4749 hunc
1898 4709 1996 4764 pu-

419 4789 594 4837 tamus
617 4783 894 4852 prazditum
922 4797 1040 4838 esse
1063 4784 1358 4852 prudentia,
1383 4786 1470 4854 qui
1493 4785 1594 4840 hoc
1621 4785 1816 4840 bonum
1835 4801 1996 4855 appe-

418 4874 636 4930 tendum
659 4917 672 4940 ,
704 4884 758 4929 et
783 4875 994 4930 vitanda
1022 4891 1082 4930 ea
1113 4893 1230 4946 quae
1259 4877 1380 4932 huic
1417 4877 1626 4932 inimica
1668 4887 1790 4932 sunt
1819 4879 1996 4934 videt?

417 4963 485 5022 E.
512 4965 668 5021 Nullo
693 4965 854 5022 modo
875 4965 1005 5020 mihi
1035 4967 1244 5022 videtur
1269 4968 1370 5022 hoc
1393 4982 1550 5037 posse
1573 4970 1850 5039 quisquam
1881 4971 1995 5026 sine

416 5057 714 5128 prudentia.
745 5059 808 5112 Α.
843 5058 1006 5113 Recte
1035 5075 1048 5110 :
1079 5059 1170 5112 sed
1197 5075 1292 5114 cur
1315 5074 1420 5112 non
1450 5059 1571 5114 huic
1597 5061 1754 5114 etiam
1787 5061 1994 5116 fortitu-

415 5149 594 5205 dinem
623 5149 956 5204 tribuamus?
981 5149 1070 5204 llla
1097 5150 1290 5218 quippe
1315 5151 1492 5204 omnia
1519 5165 1635 5219 qua:
1663 5153 1712 5205 in
1737 5161 1996 5220 potestate

416 5251 592 5296 nostra
621 5257 726 5296 non
757 5251 912 5304 sunt,
935 5257 1114 5294 amare
1140 5241 1237 5294 iste
1259 5257 1322 5294 ac
1349 5243 1556 5310 plurimi
1599 5245 1862 5298 :estimare
1889 5259 1992 5298 non

419 5339 610 5400 potest.
639 5332 773 5386 Mala
814 5331 954 5386 enim
1003 5333 1270 5386 voluntate
1314 5345 1585 5400 amantur,
1618 5335 1702 5388 cui
1747 5345 1993 5406 tanquam

418 5421 644 5475 inimica:
687 5421 1002 5476 eharissimo
1049 5437 1146 5476 suo
1195 5423 1334 5478 bono
1381 5423 1593 5478 resistat
1637 5441 1856 5481 necesse
1891 5437 1992 5482 est.

415 5510 552 5565 Cum
603 5519 778 5564 autem
829 5525 932 5566 non
983 5524 1118 5566 amat
1167 5515 1314 5578 luce,
1355 5529 1458 5566 non
1499 5497 1642 5568 dolet
1684 5517 1910 5583 amissa,
1943 5527 1996 5571 et

417 5603 636 5658 omnino
663 5585 988 5668 cdntemnit;
1017 5605 1156 5674 quod
1193 5621 1326 5672 opus
1361 5621 1478 5660 esse
1517 5606 1874 5674 fortitudinis,
1917 5609 1994 5660 di-

417 5705 560 5750 ctum
590 5699 748 5763 atque
771 5709 1082 5750 concessum
1113 5710 1212 5752 est.
1249 5697 1312 5750 Ε.
1343 5699 1660 5755 Tribuamus
1687 5717 1814 5754 sane
1843 5721 1856 5756 :
1889 5715 1992 5756 non

479 5805 554 5866 (a)
573 5803 674 5854 vid.
699 5809 902 5855 Retnct.
925 5805 1010 5856 lib.
1041 5811 1084 5868 ι,
1109 5821 1212 5868 ων.
1237 5811 1288 5868 9,
1313 5823 1360 5858 n.
1387 5811 1432 5857 δ.

1441 354 1525 408 DE
1557 351 1800 407 [ΔΒΕΒο
1837 345 2178 412 ARBITBIO,
2215 347 2274 404 S.
2317 347 2676 406 AUGUSTINI

3541 351 3678 416 ιςκ

2094 464 2234 517 enim
2267 463 2504 533 intelligo
2527 467 2684 534 quem
2717 463 2908 520 fortem
2935 463 3116 520 verius
3141 465 3414 536 appellere
3439 466 3640 536 possim
3657 507 3679 538 ,

2093 572 2248 626 quam
2276 573 2400 612 eum
2429 557 2520 626 qui
2559 555 2720 611 rebus
2749 556 2812 610 iis
2839 571 2974 626 quas
2997 571 3172 626 neque
3209 566 3268 612 ut
3300 557 3676 628 adipiscamur,

2077 665 2266 732 neque
2308 659 2364 704 ut
2401 650 2738 704 obtineamus
2781 650 2838 704 in
2881 650 3034 706 nobis
3073 649 3234 706 situ
3273 661 3392 718 est,
3429 667 3584 722 aequo
3625 663 3684 710 et

2095 743 2382 812 tranquillo
2408 743 2588 798 animo
2613 751 2792 808 caret;
2820 742 2962 812 quod
2993 744 3136 798 hunc
3167 744 3470 800 necessario
3501 743 3682 804 facere

2093 843 2420 904 compertum
2447 845 2546 889 est.
2571 835 2634 888 Α.
2665 835 2798 890 Vide
2833 835 2940 906 jam
2971 851 3111 890 nunc
3139 845 3314 892 utrum
3342 837 3410 892 ab
3443 853 3510 892 eo
3547 849 3684 894 tem-

2095 927 2386 996 perantiam
2417 926 2650 980 alienare
2679 927 2946 998 possimus
2967 969 2981 992 ,
3009 943 3128 982 cum
3169 944 3229 982 ea
3271 930 3342 983 sit
3370 930 3536 984 virtus
3563 947 3682 1001 quae

2095 1019 2342 1074 libidines
2381 1019 2612 1072 cohibet.
2647 1018 2784 1084 Quid
2823 1027 3002 1072 autem
3051 1028 3160 1074 tam
3205 1021 3476 1076 inimicum
3525 1022 3682 1077 bona

2095 1110 2352 1164 voluntati
2387 1117 2468 1164 est
2505 1111 2662 1179 quam
2703 1109 2908 1164 libido?
2929 1111 3006 1164 Ex
3035 1125 3142 1181 quo
3167 1111 3404 1180 profecto
3435 1113 3686 1184 intelligis

2097 1201 2256 1256 istmn
2291 1203 2443 1256 bonae
2471 1203 2758 1256 voluntatis
2787 1217 2897 1257 suae
2926 1211 3216 1258 amatorem
3255 1204 3510 1260 resistere
3537 1207 3682 1260 enini

2095 1295 2276 1360 modo,
2307 1303 2468 1364 atque
2493 1295 2764 1350 adversari
2795 1295 3138 1362 libidinibus,
3165 1304 3221 1350 et
3247 1295 3366 1350 ideo
3393 1297 3509 1366 iure
3544 1307 3684 1352 tem~

2099 1379 2376 1455 pel-antem
2401 1387 2600 1440 vocari.
2627 1385 2697 1440 E.
2723 1387 2925 1458 Perge;
2957 1387 3240 1442 assentior.
3267 1385 3331 1442 A.
3359 1387 3566 1444 Iustitia
3593 1405 3684 1444 re-

2101 1488 2224 1546 stat,
2247 1493 2366 1548 quie
2389 1479 2658 1549 quomodo
2677 1479 2818 1535 desit
2843 1479 2962 1534 huic
2985 1479 3210 1546 homini,
3227 1493 3334 1534 non
3355 1495 3486 1534 sane
3507 1481 3682 1536 video.

2097 1569 2199 1637 Qui
2227 1571 2368 1625 enim
2399 1569 2558 1624 habet
2589 1579 2646 1624 et
2682 1570 2856 1640 diligit
2882 1571 3208 1626 voluntatem
3251 1571 3444 1626 bonam
3463 1612 3476 1637 ,
3504 1580 3560 1625 et
3583 1571 3684 1626 ob-

2098 1662 2238 1716 sistit
2268 1662 2366 1728 eis,
2389 1670 2446 1715 ut
2466 1661 2662 1716 dictum
2689 1669 2800 1726 est,
2829 1677 2948 1732 quae
2973 1661 3094 1716 huic
3121 1662 3332 1717 inimica
3359 1671 3514 1729 sunt,
3543 1663 3686 1718 male

2099 1755 2344 1824 cuiquam
2375 1754 2512 1808 velle
2539 1769 2644 1810 non
2667 1763 2858 1823 potest.
2885 1753 3138 1824 Sequitur
3161 1767 3290 1824 ergo
3315 1763 3372 1808 ut
3391 1755 3592 1810 nemini
3609 1754 3688 1808 fa-

2100 1845 2206 1898 ciat
2249 1845 2528 1913 injuriam;
2563 1845 2704 1916 quod
2735 1845 2882 1900 nullo
2919 1855 3072 1915 pacto
3107 1854 3314 1915 potest,
3345 1846 3448 1900 nisi
3473 1846 3562 1916 qui
3589 1861 3686 1902 sua

2101 1938 2290 2005 cuique
2337 1937 2618 1991 tribuerit:
2652 1936 2754 1992 hoc
2789 1947 2966 1992 autem
3007 1939 3076 1992 ad
3113 1937 3372 2007 juStitiam
3417 1939 3688 2006 pertinere

2101 2045 2217 2082 cum
2251 2029 2486 2086 dicerem
2505 2071 2522 2096 ,
2553 2031 2876 2102 approbasse
2905 2041 2984 2098 te,
3015 2039 3072 2084 ut
3099 2041 3242 2100 puto,
3273 2031 3582 2086 meministi.
3613 2029 3685 2086 E.

2103 2119 2215 2190 Ego
2241 2137 2365 2174 vero
2395 2123 2612 2175 memini
2641 2130 2694 2176 et
2725 2121 2892 2176 fateor
2927 2121 2976 2174 in
3019 2121 3118 2176 hoc
3148 2121 3390 2186 homine,
3421 2122 3510 2191 qui
3533 2136 3686 2174 suam

2103 2215 2294 2267 bonam
2335 2215 2658 2269 voluntatem
2709 2217 2882 2284 magni
2933 2213 3114 2284 pendit
3153 2223 3206 2268 et
3251 2213 3454 2284 diligit,
3499 2227 3688 2268 omnes

2103 2316 2330 2376 quatuor
2355 2309 2577 2362 virtutes
2605 2323 2724 2380 quae
2763 2309 2858 2361 abs
2899 2315 2950 2362 te
2989 2307 3144 2377 paulo
3179 2315 3340 2373 ante,
3371 2321 3458 2361 me
3497 2321 3688 2360 assen-

2105 2401 2286 2465 tiente,
2311 2399 2590 2468 descripta:
2617 2409 2762 2466 sunt,
2787 2413 2906 2455 esse
2923 2409 3242 2470 compertas.

2173 2489 2260 2544 ~28.
2305 2491 2366 2544 Α.
2395 2491 2531 2557 Quid
2581 2491 2738 2561 igitur
2783 2489 3004 2560 impedit
3043 2505 3142 2544 cur
3183 2489 3340 2560 hujus
3377 2491 3535 2544 vitam
3579 2501 3688 2543 non

2105 2582 2460 2638 concedamus
2488 2596 2608 2636 esse
2635 2581 2996 2636 laudabilem?
3025 2580 3094 2634 E.
3125 2580 3264 2634 Nihil
3293 2595 3546 2650 prorsus;
3579 2580 3690 2634 imo

2107 2674 2388 2728 hortantur
2423 2675 2510 2728 vel
2561 2675 2718 2729 etiam
2763 2683 2958 2745 cogunt
3003 2675 3200 2730 omnia.
3231 2674 3296 2728 A.
3325 2675 3502 2740 Quid?
3525 2675 3687 2728 vitam

2107 2767 2354 2818 miseram
2388 2775 2608 2835 potesne
2635 2767 2746 2822 ullo
2769 2767 2930 2822 modo
2951 2783 3056 2821 non
3083 2767 3326 2837 judicare
3349 2766 3690 2837 fugiendam?

2107 2853 2172 2909 Ε.
2199 2855 2268 2910 Ει
2293 2872 2610 2926 magnopere
2635 2857 2848 2928 quidem
2875 2859 3074 2928 judico,
3101 2859 3336 2928 nihilque
3363 2858 3504 2914 aliud
3527 2873 3694 2927 agen-

2105 2947 2232 3002 dum
2263 2949 2528 3004 existimo.
2559 2949 2624 3002 Α.
2648 2950 2718 3003 At
2746 2950 3064 3005 laudabilem
3097 2965 3200 3004 non
3233 2949 3530 3019 fugiendam
3557 2964 3686 3018 pro-

2107 3037 2248 3094 fecto
2279 3051 2448 3108 putas.
2478 3041 2543 3093 E.
2567 3042 2702 3109 Quin
2731 3045 2890 3097 etiam
2917 3044 3264 3114 appetendam
3297 3043 3482 3098 sedulo
3505 3042 3692 3098 existi-

2107 3145 2216 3184 mo.
2241 3131 2306 3184 Α.
2335 3131 2448 3184 Non
2479 3147 2605 3202 ergo
2643 3133 2833 3186 misera
2863 3141 2946 3188 est
2973 3147 3090 3202 quae
3135 3133 3414 3187 laudabilis
3449 3133 3554 3186 vita
3581 3139 3685 3186 est.

2107 3219 2174 3273 E.
2193 3221 2302 3274 Hoc
2325 3221 2504 3290 utique
2525 3223 2781 3291 sequitur.
2799 3221 2862 3275 A.
2881 3221 3022 3276 Nihil
3039 3221 3172 3291 jam,
3195 3231 3450 3290 quantum
3473 3222 3686 3292 Opinor,

2107 3313 2322 3368 difﬁcile
2365 3314 2458 3368 tibi
2507 3322 2565 3368 ut
2608 3315 2914 3370 assentiaris
2956 3315 3292 3385 relinquitur,
3321 3330 3440 3370 eam
3485 3316 3688 3370 scilicet

2105 3419 2226 3474 quae
2267 3406 2460 3459 misera
2503 3421 2608 3460 non
2650 3415 2752 3472 est,
2782 3407 2988 3461 beatam
3018 3419 3136 3460 esse
3161 3407 3346 3462 vitam.
3376 3407 3440 3461 Ε.
3465 3406 3687 3461 Manife-

2106 3496 2397 3551 stissimum
2421 3506 2523 3552 est.
2546 3497 2611 3551 Α.
2636 3498 2813 3552 Placet
2843 3497 3002 3566 igitur
3029 3498 3241 3551 beatum
3269 3512 3389 3553 esse
3416 3497 3684 3552 hominem

2106 3585 2416 3641 dilectorem
2461 3588 2614 3642 bonae
2651 3589 2936 3642 voluntatis
2981 3603 3124 3654 sum,
3157 3597 3212 3643 et
3241 3605 3350 3658 prae
3387 3590 3472 3644 illa
3499 3601 3684 3644 conte-

2107 3685 2376 3732 mnentem
2389 3677 2758 3748 quodcumque
2773 3678 2914 3732 aliud
2928 3678 3122 3732 bonum
3137 3679 3352 3746 dicitur,
3365 3681 3516 3749 cujus
3535 3678 3686 3734 amis-

2106 3768 2186 3820 sio
2203 3777 2378 3836 potest
2395 3768 2638 3823 accidere
2661 3769 2820 3824 etiam
2841 3783 2960 3823 cum
2979 3769 3224 3824 voluntas
3245 3769 3457 3824 tenendi
3483 3777 3679 3824 manet.

2199 3861 2392 3928 Quidni
2421 3862 2656 3930 placeat,
2688 3875 2794 3930 quo
2833 3862 3104 3931 superiora
3134 3877 3252 3930 qua:
3289 3862 3682 3928 concessimus,

2105 3955 2408 4008 necessario
2455 3954 2706 4008 trahunt?
2755 3955 2820 4008 Α.
2867 3955 3012 4009 Bene
3061 3955 3312 4025 intelligis
3355 3972 3370 4008 :
3423 3955 3518 4009 sed
3565 3953 3682 4021 dic,

2105 4063 2306 4117 quresu,
2351 4063 2528 4104 nonne
2576 4048 2770 4104 bonam
2801 4049 3123 4104 voluntatem
3163 4064 3312 4104 suam
3353 4047 3600 4118 diligere,
3629 4055 3686 4102 et

2103 4147 2210 4192 tam
2233 4139 2406 4208 magni
2431 4139 2694 4194 mstimare
2714 4155 2870 4210 quam
2889 4141 3086 4195 dictum
3107 4149 3208 4206 est,
3231 4141 3390 4194 etiam
3413 4141 3524 4210 ipsa
3545 4139 3684 4194 bona

2103 4230 2346 4284 voluntas
2372 4231 2485 4284 est?
2517 4229 2580 4283 Ε.
2605 4231 2798 4285 Verum
2826 4231 2978 4285 dicis.
3003 4230 3066 4284 A.
3095 4233 3166 4286 At
3206 4233 3252 4286 si
3285 4231 3426 4286 hunc
3471 4231 3684 4284 beatum

2103 4331 2248 4375 recte
2269 4321 2586 4390 judicamus,
2616 4336 2790 4376 nonne
2816 4331 2960 4377 recte
2987 4323 3264 4388 miserum,
3285 4322 3374 4392 qui
3402 4324 3684 4377 contrarie

2103 4416 2388 4470 voluntatis
2411 4415 2532 4470 est?
2555 4413 2622 4468 E.
2649 4415 2978 4469 Rectissime.
3003 4414 3066 4469 Α.
3093 4414 3230 4482 Quid
3249 4429 3378 4484 ergo
3397 4428 3572 4468 causa;
3599 4422 3686 4468 est

2101 4521 2198 4560 cur
2221 4506 2562 4561 dubitandum
2593 4515 2860 4577 putemus,
2889 4507 3094 4562 etiamsi
3124 4521 3388 4577 antiquam
3418 4515 3572 4560 antea
3593 4521 3682 4559 sa-

2102 4602 2306 4668 pientes
2347 4599 2572 4663 fuimus,
2605 4599 2876 4654 voluntate
2913 4613 3012 4654 nos
3055 4610 3226 4654 tamen
3271 4599 3585 4654 laudabilem
3629 4605 3685 4654 et

2099 4691 2308 4745 beatam
2339 4691 2535 4753 vitam,
2567 4689 2838 4744 voluntate
2867 4698 3072 4758 turpem
3101 4705 3166 4744 ac
3203 4691 3450 4746 miseram
3489 4689 3682 4744 mereri

2101 4799 2164 4838 ac
2187 4784 2380 4854 degere
2407 4781 2508 4856 (a)?
2528 4781 2596 4836 E.
2621 4782 2811 4838 Fateor
2840 4782 2942 4837 huc
2972 4784 3134 4838 certis
3158 4793 3213 4838 et
3236 4773 3454 4839 minime
3479 4797 3682 4853 negan-

2099 4875 2182 4930 dis
2207 4877 2366 4930 rebus
2392 4890 2510 4930 esse
2537 4883 2868 4944 perventum.

2169 4966 2256 5022 29.
2297 4965 2362 5019 Α.
2391 4965 2524 5020 Vide
2553 4966 2710 5020 etiam
2741 4964 2884 5020 aliud
2917 4983 2928 5020 :
2959 4981 3080 5020 nam
3125 4965 3286 5020 credo
3331 4975 3384 5020 te
3423 4965 3679 5020 memoria

2099 5065 2282 5112 tenere
2307 5072 2466 5128 quam
2491 5056 2784 5110 dixerimus
2806 5071 2924 5112 esse
2953 5056 3148 5110 bonam
3177 5055 3500 5112 voluntatem
3526 5071 3540 5109 :
3567 5056 3682 5125 opi-

2099 5163 2200 5204 nor
2228 5149 2390 5214 enim,
2421 5163 2483 5202 ea
2514 5147 2650 5201 dicta
2679 5156 2760 5202 est
2785 5162 2886 5216 qua
2913 5155 3056 5200 recte
3082 5157 3238 5218 atque
3263 5147 3484 5202 honeste
3503 5147 3682 5203 vivere

2098 5238 2416 5307 appetimus.
2439 5237 2503 5290 E.
2531 5237 2604 5290 Ita
2631 5238 2866 5292 tueamini.
2889 5238 2954 5290 Α.
2975 5237 3122 5292 Hanc
3145 5239 3305 5308 igitur
3325 5239 3678 5306 voluntatem,

2099 5333 2144 5388 si
2186 5333 2324 5387 bona
2368 5331 2552 5386 itidem
2583 5333 2850 5386 voluntate
2889 5333 3170 5401 diligamus
3205 5341 3364 5402 atque
3391 5333 3682 5401 amplecta-

2099 5438 2238 5484 mur.
2271 5423 2534 5492 rebusque
2559 5423 2806 5478 omnibus
2825 5437 2957 5492 quas
2985 5423 3213 5478 retinere
3243 5439 3347 5476 non
3377 5425 3500 5493 quia
3525 5424 3680 5477 volu-

2099 5531 2218 5571 mus
2247 5531 2554 5585 possumus,
2583 5523 3001 5584 anteponamus;
3029 5527 3416 5584 consequenter
3443 5516 3544 5570 illan
3569 5516 3682 5570 vir—

2099 5615 2260 5666 totes,
2287 5615 2344 5660 ut
2365 5606 2499 5660 ratio
2519 5603 2720 5670 docuit,
2749 5605 2982 5659 animum
3014 5617 3252 5660 nostrum
3283 5607 3682 5675 incolent,quas

2099 5697 2298 5752 habere
2330 5697 2556 5766 idipsum
2587 5703 2670 5750 est
2699 5681 2847 5750 recte
2877 5696 3206 5766 honesteque
3233 5699 3436 5754 vivere.
3463 5698 3544 5753 Ex
3573 5712 3684 5769 quo

2165 5809 2236 5871 (a)
2259 5811 2364 5858 Vid.
2387 5815 2588 5860 netnct.
2617 5807 2698 5857 lib.
2713 5809 2774 5868 ’1,
2797 5821 2904 5872 cap.
2928 5809 2977 5872 9,
3001 5823 3050 5858 n.
3073 5810 3120 5860 3.
