4118 6370
384 381 518 440 125⁵1

381 495 664 556 conficitur
691 499 752 549 ut
774 488 1014 563 quisquis
1038 493 1183 544 recte
1206 484 1535 555 honesteque
1557 480 1671 540 vult
1693 480 1893 546 vivere,
1908 478 1952 534 si

382 593 438 649 id
462 606 523 646 se
545 588 684 646 velle
712 601 824 657 prae
853 583 1122 656 fugacibus
1146 578 1300 642 bonis
1327 578 1474 645 velit,
1505 584 1814 646 assequatur
1838 581 1956 628 tan-

384 695 494 741 tam
518 697 632 739 rem
660 689 803 738 tanta
826 676 1103 741 facilitate,
1129 683 1190 732 ut
1214 673 1342 730 nihil
1370 672 1513 728 aliud
1536 672 1587 728 ei
1607 685 1762 742 quam
1790 669 1961 740 ipsum

383 775 527 832 velle
551 774 621 830 sit
645 771 842 830 habere
867 767 1007 842 quod
1031 767 1198 824 voluit
1217 767 1315 838 (α).
1342 765 1410 822 Ε.
1434 764 1572 820 Vere
1595 763 1690 819 tibi
1717 761 1858 827 dico,
1875 760 1963 826 vix

385 883 475 928 me
521 866 772 926 contineo
809 862 941 934 quin
980 861 1272 917 exclamem
1316 859 1532 924 laetitia,
1576 863 1796 927 repente
1832 849 1964 908 mihi

386 959 578 1016 oborto
616 967 722 1012 tam
762 969 990 1025 magno,
1019 960 1075 1010 et
1102 961 1212 1008 tam
1240 952 1295 1008 in
1321 950 1460 1006 facili
1486 949 1772 1005 constituto
1800 944 1962 999 bono.

387 1051 453 1106 A.
477 1049 635 1122 Atqui
666 1048 765 1102 hoc
795 1046 966 1116 ipsum
1006 1043 1250 1114 gaudium
1272 1083 1286 1108 ,
1313 1040 1452 1112 quod
1489 1039 1646 1109 hujus
1687 1035 1811 1092 boni
1837 1033 1965 1089 ade-

389 1143 572 1214 ptione
611 1139 862 1210 gignitur,
891 1151 1010 1190 cum
1043 1134 1321 1206 tranquille
1349 1141 1403 1188 et
1430 1133 1605 1202 quiete
1643 1138 1800 1197 atque
1834 1141 1966 1182 con-

389 1241 595 1288 stanter
620 1229 775 1300 erigit
799 1226 1054 1291 animum,
1074 1224 1226 1279 beata
1249 1225 1353 1278 vita
1375 1223 1598 1277 dicitur:
1621 1219 1719 1274 nisi
1743 1227 1795 1273 tu
1815 1226 1968 1289 putas

390 1321 533 1378 aliud
573 1335 692 1376 esse
735 1319 889 1374 beate
917 1317 1132 1382 vivere,
1169 1329 1324 1385 quam
1353 1311 1494 1368 veris
1527 1311 1680 1370 bonis
1706 1309 1971 1378 certisque

392 1411 642 1483 gaudere.
670 1408 737 1464 Ε.
764 1407 837 1462 lta
863 1407 1054 1464 sentio.

392 1500 618 1558 CAPUT
649 1499 788 1555 XIV.
819 1529 887 1539 —
911 1497 1015 1554 Cur
1056 1512 1173 1569 ergo
1220 1496 1367 1566 pauci
1411 1493 1623 1548 evadant
1664 1490 1825 1556 beati,
1858 1504 1972 1542 cum

931 1604 1101 1642 omnes
1129 1601 1233 1642 esu
1257 1586 1424 1640 velint.

467 1682 556 1740 50.
597 1682 660 1737 A.
690 1682 856 1739 Recte
885 1699 898 1738 :
926 1681 1020 1736 sed
1051 1695 1307 1736 censesne
1345 1691 1662 1750 quemquam
1697 1673 1972 1728 hominum

398 1792 507 1832 non
535 1777 779 1832 omnibus
805 1775 976 1830 modis
996 1774 1131 1829 vcllc
1159 1782 1316 1843 atque
1343 1779 1526 1842 optare
1545 1770 1705 1824 vitam
1727 1764 1975 1822 beatam?

396 1868 462 1922 E.
487 1867 614 1937 Quis
643 1867 848 1932 dubitat
869 1881 1081 1921 omnem
1105 1864 1372 1920 hominem
1399 1861 1574 1918 velle?
1598 1860 1664 1914 Α.
1688 1858 1797 1914 Cur
1820 1857 1976 1928 igitur

397 1975 514 2015 eam
543 1975 650 2015 non
678 1959 1042 2029 adipiscuntur
1065 1956 1287 2013 omnes?
1314 1957 1622 2012 Dixeramus
1649 1953 1790 2009 enim
1819 1961 1976 2023 atque

396 2061 716 2114 convenerat
737 2052 876 2106 inter
895 2066 1011 2116 nos,
1036 2051 1307 2104 voluntate
1328 2048 1468 2104 illam
1492 2045 1685 2102 mereri
1707 2043 1972 2110 homines,

399 2143 668 2198 voluntate
688 2143 845 2210 etiam
867 2142 1138 2206 miseram,
1167 2148 1220 2194 et
1243 2142 1321 2196 sic
1349 2139 1543 2194 mereri
1573 2147 1632 2194 ut
1669 2135 1931 2202 accipiant
1957 2152 1972 2188 :

403 2250 543 2288 nunc
568 2249 695 2290 vero
720 2235 900 2288 existit
930 2234 1108 2288 nescio
1135 2248 1254 2304 quae
1284 2232 1655 2302 repugnantia,
1684 2239 1736 2284 et
1765 2229 1865 2282 nisi
1893 2227 1976 2282 di-

399 2323 626 2394 ligenter
663 2323 1038 2394 dispiciamus,
1075 2322 1382 2394 perturbare
1423 2321 1608 2375 nititur
1646 2320 1976 2389 superiorem

399 2424 506 2469 tam
535 2415 831 2486 evigilatam
871 2415 1182 2485 firmamque
1223 2415 1503 2469 rationem.
1531 2411 1808 2478 Quomodo
1833 2411 1975 2466 enim

400 2508 675 2562 voluntate
692 2508 915 2578 quisque
932 2508 1177 2562 miseram
1195 2507 1352 2560 vitam
1379 2505 1593 2576 patitur,
1611 2520 1729 2559 cum
1760 2505 1978 2558 omnino

399 2613 558 2666 nemo
599 2599 723 2654 velit
760 2599 953 2653 misere
989 2596 1204 2652 vivere?
1248 2598 1354 2653 Aut
1403 2595 1669 2667 quomodo
1712 2595 1980 2650 voluntate

342 2728 348 2732 -
401 2688 610 2744 beatam
637 2689 796 2744 vitam
827 2691 1169 2761 consequitur
1197 2689 1380 2756 homo,
1410 2704 1531 2743 cum
1563 2698 1670 2742 tam
1699 2689 1846 2742 multi
1876 2689 1977 2742 mi-

401 2780 508 2835 seri
547 2779 687 2846 sint,
721 2788 774 2836 et
802 2779 940 2834 beati
971 2795 1157 2836 omnes
1192 2795 1310 2834 esse
1333 2780 1529 2836 velint?
1555 2780 1636 2834 An
1667 2794 1730 2834 eo
1769 2779 1977 2846 evenit,

401 2871 540 2941 quod
569 2871 708 2926 aliud
737 2881 823 2928 est
847 2871 984 2927 velle
1015 2872 1152 2926 bene
1177 2881 1269 2925 aut
1294 2870 1454 2936 male,
1485 2870 1626 2924 aliud
1657 2871 1849 2924 mereri
1880 2870 1979 2923 ali-

400 2961 526 3032 quid
560 2977 652 3032 per
678 2961 872 3017 bonam
902 2962 986 3017 vel
1016 2964 1208 3018 malam
1229 2962 1587 3018 voluntatem?
1615 2962 1745 3015 Nam
1783 2962 1855 3016 illi
1890 2961 1981 3031 qui

400 3050 540 3106 beati
571 3062 725 3117 sunt,
755 3069 888 3122 quos
916 3053 1075 3108 etiam
1107 3053 1275 3108 bonos
1304 3067 1423 3108 esse
1451 3063 1689 3122 oportet,
1721 3068 1824 3106 non
1852 3068 1980 3123 pro-

401 3154 580 3215 pterea
618 3153 742 3200 sunt
771 3145 942 3212 beati,
978 3146 1098 3217 quia
1134 3145 1285 3200 beate
1310 3144 1488 3198 vivere
1516 3145 1829 3209 voluerunt;
1859 3159 1980 3202 nam

402 3234 505 3290 hoc
531 3235 714 3289 volunt
740 3237 896 3290 etiam
923 3236 1043 3289 mali
1075 3255 1087 3290 :
1116 3235 1208 3290 sed
1231 3235 1353 3305 quia
1381 3243 1545 3301 recte,
1571 3233 1709 3304 quod
1737 3234 1859 3288 mali
1889 3251 1983 3288 no-

402 3325 537 3381 lunt.
567 3325 921 3394 Quamobrem
954 3325 1086 3381 nihil
1114 3327 1303 3380 mirum
1330 3335 1410 3380 est
1432 3325 1571 3395 quod
1599 3326 1779 3379 miseri
1808 3325 1982 3378 homi-

403 3434 499 3474 nes
525 3435 630 3474 non
661 3420 1025 3489 adipiscuntur
1051 3418 1189 3490 quod
1220 3419 1424 3484 volunt,
1452 3418 1504 3473 id
1535 3428 1635 3484 est,
1669 3418 1878 3472 beatam
1906 3418 1984 3471 vi.

404 3518 533 3564 tam.
563 3509 695 3565 Illud
724 3511 865 3565 enim
897 3511 980 3566 cui
1009 3525 1189 3586 comes
1218 3518 1330 3577 est,
1359 3519 1412 3564 et
1444 3511 1556 3564 sine
1593 3525 1698 3580 quo
1736 3525 1796 3564 ea
1828 3525 1982 3566 nemo

405 3603 593 3673 dignus
619 3611 718 3668 est,
745 3618 1008 3674 nemoque
1037 3603 1356 3674 assequitur,
1385 3610 1528 3658 recte
1557 3603 1756 3658 scilicet
1782 3603 1984 3671 vivere,

405 3712 510 3752 non
540 3696 720 3752 itidem
749 3697 952 3752 volunt.
977 3696 1088 3752 Hoc
1113 3696 1255 3751 enim
1282 3706 1479 3751 mterna
1509 3695 1588 3752 lex
1619 3697 1726 3760 illa,
1749 3696 1814 3749 ad
1835 3696 1985 3765 cujus

405 3789 882 3845 considerationem
910 3789 1084 3844 redire
1106 3789 1214 3860 jam
1244 3797 1452 3860 tempus
1489 3798 1598 3853 est,
1630 3789 1984 3846 incominutae

405 3881 497 3935 bili
529 3881 816 3948 stabilitate
847 3883 1109 3950 ﬁrmavit,
1143 3889 1199 3935 ut
1230 3883 1278 3935 in
1308 3882 1576 3936 voluntate
1605 3883 1848 3936 meritqu
1877 3882 1983 3948 sit;

407 3971 460 4025 in
491 3971 740 4026 beatitate
772 3983 947 4027 autern
976 3981 1031 4028 et
1056 3973 1269 4026 miseria
1296 3973 1567 4040 praemium
1599 3981 1753 4041 atque
1782 3973 1986 4044 suppli-

407 4066 546 4120 cium
577 4065 670 4139 (b).
698 4065 877 4137 Itaque
905 4081 1025 4120 cum
1055 4065 1281 4120 dicimus
1305 4066 1572 4119 voluntate
1598 4063 1842 4119 homines
1866 4079 1986 4122 esse

408 4159 633 4213 miseros
653 4199 666 4222 ,
699 4173 805 4214 non
837 4157 958 4213 ideo
983 4157 1237 4222 dicimus,
1271 4156 1408 4227 quod
1439 4156 1616 4210 miseri
1643 4171 1764 4212 esse
1789 4156 1984 4224 velint,

408 4249 501 4303 sed
527 4249 665 4320 quod
692 4249 745 4306 in
773 4266 834 4305 ea
861 4250 1130 4306 voluntate
1156 4257 1278 4305 sunt
1297 4289 1312 4313 ,
1335 4264 1492 4319 quam
1519 4249 1678 4302 etiam
1705 4249 1782 4303 eis
1810 4249 1987 4304 invitis

409 4341 621 4396 miseria
668 4349 918 4411 sequatur
961 4355 1182 4395 necesse
1219 4347 1319 4394 est.
1362 4338 1535 4406 Quare
1583 4354 1685 4392 non
1731 4348 1988 4408 repugnat

411 4433 672 4505 superiori
702 4434 915 4498 rationi,
944 4433 1085 4504 quod
1111 4433 1296 4488 volunt
1327 4447 1514 4487 omnes
1539 4431 1676 4486 beati
1707 4447 1825 4486 esse
1845 4474 1858 4498 ,
1892 4447 1990 4487 nec

412 4535 668 4595 possunt;
699 4541 803 4581 non
852 4526 996 4581 enim
1037 4525 1220 4584 volunt
1263 4537 1448 4579 omnes
1495 4530 1638 4577 recte
1672 4522 1873 4588 vivere,
1904 4522 1987 4578 cui

413 4618 502 4671 uni
527 4617 780 4671 voluntati
816 4618 922 4671 vita
962 4617 1114 4672 beata
1143 4615 1367 4677 debetur
1391 4631 1402 4667 :
1426 4613 1528 4668 nisi
1553 4612 1678 4684 quid
1705 4611 1867 4667 habes
1892 4611 1986 4666 ιιιὶ-

413 4722 596 4762 versus
617 4709 730 4763 tunc
751 4708 946 4763 dicere.
970 4707 1038 4762 E.
1062 4708 1173 4778 Ego
1196 4719 1326 4762 vero
1351 4705 1502 4760 nihil.

411 4799 637 4860 CAP-UT
675 4799 789 4858 XV.
818 4830 889 4841 —-
913 4799 1020 4856 Lee:
1040 4810 1248 4870 eterna,
1286 4801 1368 4853 lea:
1396 4799 1688 4870 temporalis
1712 4801 1765 4853 in
1789 4814 1914 4870 quos
1943 4805 1991 4850 et

957 4902 1196 4962 quantum
1215 4893 1431 4945 valeant.

485 4986 574 5042 51.
609 4984 716 5042 Sed
737 4983 1014 5040 videamus
1029 4985 1136 5054 jam
1155 4984 1421 5054 quomodo
1444 4983 1558 5037 bzec
1578 4983 1642 5037 ad
1662 4986 1985 5054 pr0positam

414 5078 556 5132 illam
606 5076 950 5147 qumstionem
996 5075 1061 5130 de
1090 5075 1292 5129 duabus
1334 5074 1536 5144 legibus
1575 5074 1890 5128 referantur.
1923 5075 1988 5130 Α.

415 5165 676 5222 Fiatzsed
704 5166 789 5221 dic
818 5166 945 5220 mihi
976 5166 1141 5235 prius,
1175 5177 1349 5220 utrum
1383 5165 1469 5234 qui
1500 5174 1639 5218 recte
1666 5165 1844 5218 vivere
1868 5165 1989 5218 dili-

414 5257 507 5327 git,
533 5271 703 5328 eoque
727 5257 798 5312 ita
822 5257 1132 5326 delectatur,
1167 5265 1223 5310 ut
1252 5271 1356 5309 non
1391 5257 1561 5309 solum
1589 5256 1636 5310 ei
1669 5265 1867 5309 rectum
1898 5257 1988 5324 sit,

415 5349 507 5403 sed
547 5349 706 5404 etiam
736 5348 888 5403 dulce
924 5357 1083 5417 atque
1121 5347 1431 5417 jucundum,
1463 5355 1602 5400 amet
1635 5347 1769 5400 hanc
1796 5349 1987 5418 legem,

417 5439 710 5510 habeatque
731 5441 1118 5507 charissimam,
1136 5455 1236 5511 qua
1253 5440 1394 5494 videt
1419 5440 1663 5493 tributam
1693 5456 1812 5494 esse
1841 5441 1992 5495 bonae

420 5531 669 5586 voluntati
711 5531 916 5585 beatam
966 5531 1147 5595 vitam,
1198 5529 1351 5584 make
1397 5531 1678 5586 miseram?
1717 5530 1781 5584 E.
1835 5533 1990 5586 Amat

417 5624 633 5679 omnino
658 5639 720 5678 ac
744 5625 1121 5680 vehementer:
1149 5639 1270 5695 nam
1295 5626 1445 5679 istam
1478 5625 1643 5695 ipsam
1669 5637 1897 5696 sequens
1922 5625 1992 5680 ita

477 5743 553 5868 ξῗῖ
696 5749 902 5855 ἰῐὲξὸηοι.
928 5744 1013 5795 lib.
1042 5745 1086 5805 1,
1110 5758 1215 5810 cap.
1240 5746 1291 5807 9,
1326 5759 1376 5796 n.
1401 5746 1448 5796 3.

1761 328 1964 445 Lutati
1997 360 2266 422 namus.
3274 355 3304 419 ξ

3499 375 3642 436 1238

2064 478 2210 536 vivit.
2235 480 2296 536 Α.
2327 480 2496 550 Quid?
2521 496 2639 538 cum
2668 481 2806 539 hanc
2825 492 2987 551 amat,
3011 486 3263 544 mutabile
3285 488 3482 562 aliquid
3500 499 3644 550 amat

2066 583 2129 624 ac
2154 573 2466 642 temporale.
2508 589 2574 628 an
2605 575 2794 632 stabile
2817 590 2881 632 ac
2903 580 3325 648 sempiternum?
3352 580 3418 636 E.
3459 582 3639 639 Alter-

2068 677 2191 718 num
2234 679 2364 720 sane
2404 674 2564 736 atque
2600 667 3053 726 incommutabile.
3081 670 3145 724 Δ.
3195 671 3330 740 Quid
3370 673 3444 728 illi
3473 675 3562 745 qui
3588 676 3641 731 in

2067 755 2207 810 mala
2238 756 2510 813 voluntate
2539 773 2959 828 perseverantes,
2992 762 3336 820 nihilominus
3362 763 3501 819 beati
3527 779 3646 822 esse

2069 849 2319 919 cupiunt?
2348 861 2637 920 possuntne
2665 867 2843 908 amare
2883 854 3035 909 istam
3075 854 3267 926 legem,
3311 870 3414 927 qua
3454 855 3645 912 talibus

2070 943 2374 1000 hominibus
2389 945 2601 1000 miseria
2618 947 2808 1002 merito
2824 947 3161 1018 rependitur?
3193 947 3254 1002 E.
3285 947 3438 1004 Nullo
3463 948 3648 1017 modo,

2070 1033 2315 1088 arbitror.
2345 1035 2410 1088 A.
2439 1035 2647 1092 Nihilne
2677 1046 2854 1092 amant
2878 1038 3054 1092 aliud?
3085 1038 3151 1092 E.
3175 1038 3286 1094 lmo
3306 1040 3561 1109 plurima;
3584 1054 3648 1095 ea

2072 1125 2275 1182 scilicet
2299 1128 2350 1181 in
2377 1127 2565 1198 quibus
2593 1128 2946 1202 adipiscendis
2971 1131 3052 1184 vel
3075 1132 3364 1187 retinendis
3392 1133 3526 1186 mala
3552 1141 3648 1186 vo-

2073 1216 2247 1274 luntas
2272 1221 2356 1276 illa
2387 1224 2637 1292 persistit.
2680 1223 2744 1278 A.
2787 1222 2986 1294 Opinor
3010 1233 3062 1278 te
3093 1224 3268 1279 dicere
3294 1224 3528 1291 divitias,
3556 1224 3651 1279 ho-

2074 1328 2254 1379 nores,
2284 1315 2600 1384 voluptates,
2630 1323 2686 1370 et
2724 1316 3167 1386 pulchritudinem
3198 1317 3456 1385 corporis,
3488 1325 3648 1372 cane-

2076 1419 2240 1474 raque
2264 1406 2438 1459 omnia
2469 1422 2586 1476 quae
2612 1417 2831 1476 possunt
2856 1418 2909 1462 et
2936 1408 3172 1463 volentes
3202 1423 3305 1462 non
3331 1408 3572 1478 adipisci,
3599 1418 3652 1462 et

2075 1497 2319 1551 amittere
2349 1498 2515 1551 inviti.
2547 1497 2609 1550 E.
2634 1498 2732 1552 Ista
2760 1499 2868 1566 ipsa
2890 1507 3030 1554 sunt.
3061 1499 3123 1551 Α.
3159 1498 3293 1553 Num
3320 1500 3432 1553 hazc
3452 1508 3654 1556 aeterna

2077 1600 2196 1641 esse
2216 1600 2422 1651 censes,
2445 1601 2564 1641 cum
2590 1591 2841 1658 temporis
2862 1590 3172 1644 volubilitati
3196 1590 3372 1644 videas
3395 1589 3656 1644 obnoxia?

2078 1676 2145 1731 Ε.
2175 1677 2303 1744 Quis
2330 1677 2430 1733 hoc
2464 1679 2548 1734 vel
2571 1680 2997 1736 dementissimus
3025 1682 3285 1736 senserit?
3313 1682 3374 1734 Α.
3403 1679 3534 1736 Cum
3563 1682 3657 1752 igi-

2079 1775 2162 1822 tur
2179 1768 2512 1823 manifestum
2540 1771 2608 1825 sit
2631 1770 2763 1824 alios
2790 1786 2906 1826 esse
2933 1772 3173 1828 homines
3189 1782 3454 1828 amatores
3477 1788 3658 1832 rerum

2079 1872 2418 1929 teternarum,
2466 1863 2600 1920 alios
2635 1865 3026 1934 temporalium,
3072 1880 3296 1935 cumque
3343 1865 3475 1921 duas
3513 1865 3659 1936 leges

2079 1969 2198 2010 esse
2222 1957 2546 2022 convenerit,
2578 1971 2735 2010 unam
2765 1968 3038 2023 aeternam,
3080 1959 3235 2012 aliam
3276 1957 3657 2028 temporalem;

2079 2047 2123 2100 si
2159 2048 2280 2116 quid
2311 2049 2571 2116 :equitatis
2598 2049 2759 2118 sapis,
2790 2064 2922 2120 quos
2951 2052 3168 2104 istorum
3193 2049 3399 2118 judicas
3445 2058 3661 2104 aeternae

2080 2138 2214 2209 legi,
2259 2156 2391 2210 quos
2440 2143 2717 2210 temporali
2767 2143 3276 2199 esse-subdendos?
3322 2142 3388 2197 Ε.
3431 2143 3564 2198 Puto
3606 2144 3660 2200 in

2079 2240 2326 2303 promptu
2356 2248 2474 2288 esse
2501 2235 2640 2303 quod
2667 2234 2892 2305 quaeris:
2921 2251 3042 2288 nam
3067 2236 3251 2290 beatos
3277 2235 3396 2290 illos
3422 2235 3492 2290 ob
3514 2250 3662 2290 amo-

2081 2339 2197 2378 rem
2240 2325 2470 2394 ipsorum
2502 2334 2820 2380 aeternorum
2851 2326 2948 2379 sub
2978 2335 3173 2380 aeterna
3205 2325 3320 2395 lege
3349 2339 3510 2395 agere
3546 2325 3660 2380 exi-

2081 2416 2273 2481 stimo;
2302 2418 2509 2472 miseris
2551 2431 2677 2472 vero
2714 2419 3022 2486 temporalis
3063 2418 3374 2486 imponitur.
3402 2419 3465 2470 A.
3497 2417 3662 2472 Recte

2079 2507 2303 2575 judicas,
2348 2509 2639 2563 dummodo
2685 2510 2811 2564 illud
2855 2511 3227 2564 inconcussum
3272 2519 3478 2576 teneas,
3520 2508 3666 2578 quod

2083 2600 2415 2668 apertissime
2435 2600 2546 2669 jam
2572 2603 2706 2654 ratio
2728 2601 3127 2666 demonstravit,
3152 2616 3244 2656 eos
3269 2602 3358 2670 qui
3385 2601 3662 2670 temporali

2083 2691 2182 2760 legi
2213 2691 2471 2757 serviunt,
2506 2708 2608 2746 non
2635 2707 2754 2746 esse
2777 2708 2932 2761 posse
2955 2693 3021 2747 ab
3048 2702 3244 2748 interna
3265 2693 3493 2756 liberes;
3522 2692 3664 2746 unde

2083 2785 2260 2837 omnia
2292 2799 2407 2852 quae
2439 2783 2580 2852 justa
2623 2791 2770 2851 sunt,
2815 2784 3058 2853 justeque
3106 2786 3396 2853 variantur,
3441 2785 3666 2856 exprimi

2085 2874 2313 2930 diximus
2339 2893 2351 2928 :
2378 2890 2470 2928 eos
2496 2891 2621 2930 vero
2651 2877 2739 2946 qui
2767 2876 2867 2946 legi
2895 2884 3107 2930 :cternae
3133 2891 3228 2946 per
3255 2876 3448 2932 bonam
3476 2878 3666 2934 volun-

2088 2975 2246 3019 tatem
2277 2967 2500 3030 haerent,
2526 2968 2836 3036 temporalis
2862 2968 2994 3038 legis
3019 2983 3124 3022 non
3153 2967 3408 3039 indigere,
3438 2969 3586 3034 satis,
3611 2977 3670 3024 ut

2086 3066 2324 3127 apparet,
2356 3057 2624 3126 intelligis.
2655 3056 2721 3110 E.
2753 3058 2931 3112 Teneo
2957 3059 3096 3128 quod
3122 3058 3274 3114 dicis.

2157 3149 2243 3204 32.
2288 3151 2351 3203 A.
2391 3150 2549 3204 Jubct
2576 3150 2731 3221 igitur
2759 3160 2954 3206 aeterna
2981 3152 3063 3205 lex
3097 3162 3338 3207 avertere
3374 3168 3614 3209 amorem
3639 3169 3668 3210 ει

2087 3240 2488 3310 temporalibus,
2504 3249 2556 3295 et
2571 3256 2691 3296 eum
2708 3241 3018 3305 mundatum
3035 3250 3348 3298 convertere
3363 3244 3430 3297 ad
3445 3252 3670 3300 aeterna.

2090 3332 2154 3385 E.
2188 3332 2346 3387 Jubet
2365 3347 2513 3387 vero.
2535 3338 2599 3386 Α.
2629 3333 2764 3398 Quid
2793 3332 2984 3388 deinde
3009 3348 3198 3389 censes
3218 3335 3566 3404 temporalem
3584 3335 3670 3405 ju-

2089 3424 2235 3489 bere,
2269 3423 2368 3480 nisi
2402 3432 2456 3477 ut
2487 3423 2600 3478 haec
2620 3439 2735 3493 qua)
2765 3423 2833 3480 ad
2862 3433 3072 3493 tempus
3095 3433 3272 3479 nostra
3299 3425 3402 3479 dici
3428 3437 3669 3496 possunt,

2067 3505 2300 3587 iquando
2323 3515 2402 3570 eis
2429 3514 2669 3570 homines
2695 3515 2982 3584 cupiditate
3003 3515 3284 3582 inhaerent,
3313 3531 3376 3570 eo
3404 3516 3520 3585 iure
3541 3531 3667 3587 pos-

2089 3610 2318 3677 sideant,
2341 3626 2446 3680 quo
2471 3625 2566 3678 pax
2594 3618 2648 3664 et
2676 3607 3161 3688 societaghuriiaiia
3184 3618 3446 3676 servetur,
3476 3619 3676 3679 quanta

2091 3703 2142 3755 in
2176 3701 2259 3756 his
2288 3703 2446 3756 rebus
2474 3701 2672 3755 servari
2699 3691 3026 3784 potestha
3076 3710 3198 3754 sunt
3235 3710 3448 3754 autem:
3477 3702 3670 3770 primo,

2090 3793 2191 3847 hoc
2219 3807 2430 3862 corpus,
2481 3802 2533 3846 et
2575 3793 2690 3862 ejus
2733 3807 2852 3861 quae
2898 3801 3150 3845 vocantur
3180 3792 3338 3857 bona,
3371 3801 3428 3846 ut
3469 3793 3670 3862 integra

2091 3885 2356 3948 valetudo,
2386 3899 2610 3940 acumen
2640 3898 2914 3948 sensuum,
2960 3886 3122 3950 vires,
3155 3884 3517 3952 pulchritudo,
3543 3893 3600 3940 et
3625 3885 3671 3940 si

2093 3991 2194 4047 qua
2216 3985 2340 4032 sunt
2359 3985 2571 4043 cetera,
2603 3975 2794 4047 partim
2837 3975 3139 4030 necessaria
3177 3976 3331 4030 bonis
3367 3976 3589 4042 artibus,
3617 3983 3674 4031 et

2094 4069 2214 4124 ideo
2236 4069 2398 4137 pluris
2429 4067 2720 4140 pensanda,
2754 4069 2946 4137 partim
2972 4066 3177 4120 viliora.
3209 4067 3411 4122 Deinde
3430 4067 3674 4132 libertas,

2095 4179 2213 4233 quae
2253 4163 2469 4233 quidem
2512 4162 2654 4216 nulla
2698 4177 2823 4216 vera
2865 4169 2968 4226 est,
3018 4161 3119 4215 nisi
3163 4160 3459 4225 beatorum,
3490 4169 3546 4214 et
3570 4160 3678 4230 legi

2095 4265 2308 4312 aeterna:
2331 4256 2749 4310 adluerentium:
2779 4254 2874 4309 sed
2903 4268 3020 4309 eam
3042 4267 3185 4308 nunc
3204 4253 3499 4308 libertatem
3521 4267 3673 4308 com-

2096 4363 2359 4415 memoro,
2390 4364 2493 4418 qua
2519 4365 2576 4404 se
2604 4349 2799 4403 liberos
2827 4356 3016 4416 putant
3042 4347 3131 4415 qui
3157 4347 3401 4400 dominos
3431 4345 3676 4401 homines

2097 4455 2201 4495 non
2234 4439 2446 4502 habent,
2483 4450 2536 4492 et
2560 4455 2716 4508 quam
2746 4438 3048 4492 desiderant
3078 4437 3111 4489 ii
3139 4436 3227 4506 qui
3261 4453 3292 4490 a
3321 4437 3552 4491 dominis
3576 4437 3678 4491 ho-

2097 4530 2328 4585 minibus
2352 4528 2654 4584 manumitti
2681 4529 2887 4583 volunt.
2922 4527 3122 4582 Deinde
3149 4537 3419 4598 parentes,
3460 4528 3675 4596 fratres,

2096 4621 2318 4691 conjux,
2350 4621 2521 4687 liberi,
2562 4619 2865 4690 pr0pinqui.
2893 4619 3097 4684 affines,
3124 4617 3435 4683 familiares,
3477 4628 3532 4675 et
3555 4620 3680 4689 qui-

2098 4729 2325 4785 cumque
2350 4714 2502 4768 nobis
2528 4715 2700 4782 aliqua
2734 4711 3121 4768 necessitudine
3143 4712 3376 4782 adjuncti
3395 4719 3539 4766 sunt.
3561 4710 3678 4779 Ipsa

2097 4811 2324 4880 denique
2351 4809 2555 4872 civitas,
2589 4823 2705 4877 quae
2733 4805 2968 4876 parentis
2995 4805 3111 4860 loco
3141 4804 3323 4860 haberi
3367 4803 3531 4869 solet;
3577 4803 3676 4857 lio-

2100 4919 2255 4958 norcs
2267 4903 2439 4984 etiam
2469 4910 2522 4956 et
2553 4897 2758 4965 laudes,
2782 4907 2836 4953 et
2863 4913 2924 4954 ea
2951 4915 3069 4968 qua:
3098 4897 3288 4950 dicitur
3313 4897 3476 4967 gloria
3508 4911 3677 4966 popu-

2099 4987 2364 5058 laris.§Ad
2397 5003 2690 5049 extremum
2721 4991 2962 5060 pecunia,
2995 5003 3099 5058 quo
3127 5003 3232 5041 uno
3263 4986 3479 5042 nomine
3502 4987 3677 5041 conti-

2100 5069 2494 5144 nenturﬂomnia
2524 5099 2748 5155 quorum
2768 5083 2889 5152 jure
2915 5081 3114 5134 domini
3141 5095 3345 5146 sumus,
3369 5090 3422 5135 et
3450 5094 3677 5150 quorum

2101 5182 2498 5236 vendendorum
2521 5187 2609 5232 aut
2633 5175 2999 5230 donandorum
3034 5173 3229 5227 habere
3253 5179 3570 5242 potestatem
3594 5170 3679 5226 vi-

2103 5276 2310 5330 demur.
2346 5275 2540 5327 Iloruni
2586 5270 2822 5324 omnium
2867 5266 3310 5338 quemadmodum
3342 5265 3428 5321 lex
3470 5267 3556 5321 illa
3584 5279 3680 5321 sua

2095 5346 2292 5436 cuique
2315 5364 2616 5426 dlSlI‘lllllt'll,
2643 5359 2854 5415 difﬁcile
2880 5368 2934 5414 et
2959 5358 3172 5428 longum
3204 5366 3286 5413 est
3310 5358 3594 5428 explicare,
3626 5366 3681 5412 et

2103 5461 2258 5528 plane
2279 5456 2346 5511 ad
2368 5456 2419 5510 id
2440 5453 2580 5524 quod
2605 5451 2984 5530 proposuimus
3008 5465 3115 5505 non
3136 5451 3515 5505 necessarium.
3544 5448 3682 5504 Satis

2104 5557 2186 5603 cst
2212 5547 2352 5602 enim
2380 5545 2559 5599 videre
2584 5559 2687 5597 non
2716 5543 2850 5596 ultra
2879 5541 3073 5612 porrigi
3104 5539 3257 5610 hujus
3287 5540 3417 5610 legis
3445 5547 3682 5609 potesta-

2111 5653 2215 5694 tem
2261 5639 2312 5691 in
2351 5634 2688 5698 vindicando,
2729 5647 2886 5702 quam
2913 5641 2973 5687 ut
3017 5632 3131 5686 haec
3159 5632 3238 5686 vel
3269 5630 3464 5701 aliquid
3495 5631 3682 5685 horum

2104 5730 2303 5785 adimat
2338 5741 2497 5798 atque
2543 5727 2748 5782 auferat
2785 5726 2835 5780 ei
2877 5739 3032 5796 quem
3081 5724 3248 5792 punit.
3291 5723 3429 5778 Metu
3471 5729 3684 5780 coercet

2105 5835 2253 5892 ergo,
2282 5830 2335 5875 et
2363 5820 2428 5874 ad
2456 5819 2507 5875 id
2543 5818 2684 5892 quod
2712 5816 2840 5883 vult,
2883 5824 3092 5888 torquet
3119 5830 3182 5872 ac
3223 5824 3492 5886 retorquet
3519 5815 3682 5869 mise-

2085 5993 2107 6019 Ι
