4118 6370
488 370 629 428 1259

486 500 670 540 rerum
717 485 944 550 animos,
993 485 1183 554 quibus
1231 484 1475 555 regendis
1520 484 1918 540 accommodata
1962 491 2065 539 est.

486 580 620 633 Dum
651 580 792 634 enim
822 578 937 633 hmo
974 580 1218 635 amittere
1248 580 1452 645 timent,
1487 587 1665 633 tenent
1706 578 1759 633 in
1797 576 1881 632 his
1907 585 2066 631 uten-

487 670 569 726 dis
599 672 883 741 quemdam
925 673 1142 726 modum
1176 681 1356 741 aptum
1384 672 1592 726 vinculo
1623 671 1865 735 civitatis,
1895 669 2065 741 'qualis

487 778 550 818 ex
584 763 948 833 hujuscemodi
980 764 1278 820 hominibus
1314 765 1561 819 constitui
1592 772 1783 834 potest.
1812 762 1926 817 Non
1968 777 2063 816 au-

486 863 594 909 tem
622 857 891 911 ulciscitur
933 864 1203 925 peccatum
1242 871 1362 911 cum
1394 865 1636 910 amantur
1665 855 1783 919 ista,
1821 854 1914 909 sed
1942 869 2065 909 cum

485 946 603 1001 aliis
632 963 727 1016 per
763 947 1153 1016 improbitatem
1184 946 1512 1002 auferuntur.
1555 946 1911 1013 Quamobrem
1941 943 2064 999 vide

484 1045 661 1091 utrum
682 1037 789 1107 jam
820 1047 1131 1107 perventum
1160 1039 1229 1093 sit
1252 1038 1320 1093 ad
1360 1038 1412 1093 id
1440 1037 1582 1109 quod
1621 1036 1879 1091 infinitum
1906 1044 2061 1105 puta-

482 1127 599 1183 bas.
642 1128 1042 1183 lnstitueramus
1082 1130 1223 1184 enim
1264 1145 1523 1200 quaerere,
1569 1137 1827 1199 quatenus
1870 1126 2064 1183 habeat

477 1219 565 1289 jus
594 1220 883 1276 ulciscendi
911 1239 972 1277 ea
1011 1224 1092 1277 lex
1132 1240 1231 1294 qua
1267 1226 1451 1295 populi
1492 1223 1688 1279 terreni
1714 1223 2062 1293 civitatesque

479 1310 857 1380 gubernantur.
887 1313 948 1366 Ε.
981 1314 1151 1369 Video
1181 1326 1511 1385 perventum.

549 1402 637 1457 55.
679 1403 742 1456 Α.
787 1404 944 1459 Vides
966 1421 1090 1473 ergo
1120 1407 1279 1461 etiam
1305 1406 1454 1474 illud,
1483 1405 1625 1476 quod
1658 1420 1811 1475 poena
1838 1419 1943 1459 non
1969 1419 2058 1459 es-

477 1502 579 1557 set,
603 1493 714 1548 sive
744 1510 859 1564 quae
882 1511 978 1566 per
1008 1497 1271 1566 injuriain,
1305 1499 1415 1552 sive
1441 1514 1558 1568 quae
1582 1513 1675 1567 per
1694 1498 1854 1552 talem
1885 1496 2059 1552 vindi-

476 1594 615 1638 ctam
648 1587 869 1641 infertur
899 1589 1219 1657 bominibus,
1247 1589 1293 1646 si
1318 1605 1408 1645 eas
1427 1605 1515 1645 res
1534 1606 1652 1660 qua:
1682 1590 1845 1645 invito
1864 1590 2059 1645 auferri

474 1687 717 1745 possunt,
752 1697 855 1733 non
894 1683 1167 1737 amarent?
1198 1680 1262 1734 E.
1297 1681 1353 1736 ld
1375 1697 1584 1752 quoque
1610 1682 1785 1737 video.
1826 1681 1890 1734 Α.
1923 1682 2056 1737 Cum

472 1768 631 1839 igitur
650 1772 853 1827 eisdem
880 1776 1038 1828 rebus
1060 1775 1193 1830 alius
1221 1777 1379 1841 male,
1413 1776 1549 1829 alius
1587 1776 1723 1830 bene
1764 1784 1970 1840 utatur;
2002 1784 2058 1831 et

471 1862 517 1915 is
553 1864 763 1931 quidem
796 1867 881 1933 qui
913 1867 1070 1933 male,
1101 1882 1280 1921 amore
1306 1867 1387 1920 his
1412 1867 1668 1921 inhzereat
1691 1877 1848 1937 atque
1875 1867 2056 1936 impli-

470 1963 639 2016 cetur,
672 1956 874 2010 scilicet
895 1957 1131 2011 subditus
1159 1958 1234 2012 eis
1263 1958 1422 2012 rebus
1446 1973 1575 2027 quas
1605 1958 1653 2012 ei
1677 1957 1914 2013 subditas
1935 1974 2055 2015 esse

470 2047 793 2114 oportebat,‘
813 2057 863 2102 et
891 2065 950 2103 ea
980 2051 1116 2103 bona
1147 2050 1247 2104 sibi
1290 2053 1631 2117 constituens,
1675 2053 1867 2122 quibus
1905 2053 2054 2108 ordi-

468 2135 658 2190 nandis
696 2137 935 2208 beneque
967 2141 1252 2195 tractandis
1291 2142 1403 2210 ipse
1449 2158 1568 2197 esse
1609 2144 1789 2213 utique
1834 2144 2054 2200 deberet

468 2224 667 2280 bonum
691 2245 702 2280 :
727 2228 818 2283 ille
843 2238 1016 2284 autem
1044 2233 1133 2301 qui
1160 2241 1303 2287 recte
1332 2233 1416 2286 his
1442 2236 1622 2301 utitur,
1660 2236 1904 2291 ostendat
1933 2237 2051 2307 qui-

467 2317 586 2371 dem
614 2320 749 2374 bona
780 2337 917 2385 esse,
956 2324 1048 2377 sed
1080 2340 1186 2378 non
1218 2326 1345 2392 sibi;
1375 2342 1478 2380 non
1511 2329 1651 2382 enim
1676 2338 1809 2383 ‘eum
1852 2330 2049 2387 bonum

464 2410 806 2466 melioremve
848 2412 1070 2480 faciunt,
1102 2416 1193 2469 sed
1218 2417 1285 2471 ab
1313 2434 1377 2472 eo
1408 2419 1581 2487 potius
1612 2420 1745 2474 fiunt
1776 2438 1788 2473 :
1833 2430 1885 2475 et
1929 2422 2048 2478 ideo

464 2514 569 2554 non
599 2502 676 2555 eis
701 2518 882 2558 amore
909 2508 1280 2575 agglutinetur,
1314 2526 1483 2579 neque
1525 2513 1671 2566 velut
1699 2514 1934 2567 membra
1964 2517 2047 2571 sui

461 2592 624 2646 animi
656 2592 830 2662 faciat,
859 2598 998 2666 quod
1027 2600 1083 2652 fit
1103 2600 1350 2665 amando,
1382 2618 1447 2655 ne
1473 2618 1591 2656 cum
1618 2605 1849 2659 resecari
1871 2622 2048 2675 coepe~

460 2682 588 2750 rint,
620 2702 742 2739 eum
767 2689 999 2742 cruciatu
1040 2705 1101 2743 ac
1132 2691 1250 2745 tabe
1277 2692 1507 2755 Redeat;
1540 2694 1633 2747 sed
1663 2695 1742 2749 eis
1784 2705 1923 2751 totus
1950 2714 2044 2752 su-

460 2776 778 2843 perferatur,
809 2791 861 2833 et
887 2779 1079 2835 habere
1104 2782 1189 2835 illa
1233 2793 1389 2852 atque
1411 2800 1615 2853 regere,
1640 2802 1759 2841 cum
1786 2803 1921 2857 opus
1940 2798 2041 2858 est,

458 2877 693 2935 paratus,
714 2878 765 2922 et
790 2871 1031 2925 amittere
1048 2886 1108 2924 ac
1126 2888 1233 2927 non
1260 2874 1455 2928 habere
1483 2876 1746 2943 paratior:
1773 2894 1895 2932 cum
1918 2894 2045 2951 ergo

458 2955 574 3010 haec
601 2958 671 3011 ita
692 2960 817 3023 sint,
846 2977 969 3013 num
992 2970 1081 3015 aut
1100 2972 1373 3032 argentum
1400 2976 1451 3019 et
1476 2982 1662 3021 aurum
1686 2980 1901 3040 propter
1920 2986 2043 3025 ava-

458 3062 550 3101 ros
574 3050 929 3105 accusandum
961 3063 1133 3122 putas,
1159 3065 1248 3109 aut
1277 3057 1424 3111 cibos
1446 3068 1662 3128 propter
1687 3076 1924 3127 voraces,
1953 3074 2043 3120 aut

457 3138 639 3192 vinum
671 3151 888 3210 propter
915 3144 1173 3212 ebriosos,
1223 3156 1312 3201 aut
1355 3148 1639 3205 muliebres
1670 3152 1865 3208 formas
1914 3170 2041 3224 pro-

454 3240 575 3300 pter
597 3243 917 3289 scortatores
943 3246 994 3291 et
1020 3239 1306 3309 adulteros,
1335 3252 1492 3313 atque
1519 3246 1620 3299 hoc
1647 3248 1804 3301 modo
1824 3260 2037 3315 caetera,

455 3340 575 3380 cum
608 3330 899 3397 prmsertim
926 3332 1106 3387 videas
1144 3345 1196 3389 et
1226 3336 1343 3406 igne
1383 3339 1517 3393 bene
1557 3342 1631 3394 uti
1660 3343 1942 3409 medicum,
1986 3358 2041 3404 ct

454 3434 590 3487 pane
620 3424 876 3477 scelerate
904 3427 1235 3481 veneficum?
1278 3428 1345 3482 E.
1394 3430 1742 3488 Verissimum
1782 3447 1862 3491 est
1884 3481 1899 3506 ,
1932 3457 2038 3498 non

453 3525 543 3565 res
573 3511 733 3581 ipsas,
768 3515 858 3569 sed
890 3515 1133 3573 homines
1162 3520 1251 3591 qui
1280 3521 1359 3575 eis
1386 3522 1522 3578 male
1549 3531 1765 3582 utuntur
1787 3543 1906 3586 esse
1927 3534 2039 3588 cul-

449 3605 671 3675 pandos.

557 3720 783 3781 CAPUT
824 3724 963 3780 XVI.
996 3757 1068 3766 —
1098 3726 1340 3800 Epilogus
1368 3738 1592 3787 tractata:
1616 3738 1926 3805 quwstionis.

524 3853 614 3908 54.
657 3855 721 3907 Α.
762 3856 960 3911 Recte:
990 3858 1083 3913 sed
1113 3862 1363 3929 quoniam
1392 3872 1444 3918 et
1487 3867 1611 3936 quid
1637 3870 1807 3926 valeat
1836 3880 2036 3930 aeterna

451 3943 556 4010 lex,
589 3954 645 3999 ut
669 3948 876 4015 opinor,
911 3949 1090 4005 videre
1124 3952 1235 4021 jam
1274 3957 1555 4026 coepimus,
1587 3969 1641 4016 et
1664 3974 1918 4032 quantum
1950 3967 2035 4024 lex

451 4038 759 4106 temporalis
806 4040 857 4092 in
901 4040 1220 4098 vindicando
1253 4048 1491 4117 progredi
1534 4054 1716 4120 possit,
1761 4054 2033 4114 inventum

450 4136 566 4194 est;
588 4138 641 4183 et
666 4145 842 4183 rerum
868 4131 975 4185 duo
996 4148 1210 4204 genera,
1229 4147 1547 4197 aeternarum
1569 4154 1621 4199 et
1643 4149 2030 4220 temporalium,

449 4218 661 4288 duoque
692 4237 877 4276 rursus
920 4224 1215 4296 hominum,
1259 4232 1481 4288 aliorum
1513 4245 1761 4306 mternas,
1806 4242 2031 4300 aliorum

446 4313 768 4380 temporales
793 4318 1123 4385 sequentium
1151 4330 1203 4375 et
1226 4323 1575 4395 diligentiuni,
1598 4333 1727 4388 satis
1747 4345 2033 4408 aperteque

446 4403 698 4459 distincta
726 4416 879 4461 sunt:
903 4410 1028 4478 quid
1058 4422 1234 4468 autem
1263 4417 1485 4489 quisque
1508 4425 1815 4480 sectandum
1843 4436 1896 4482 et
1918 4403 2032 4485 ain-

445 4494 780 4564 plectendum
808 4500 984 4570 eligat,
1020 4502 1073 4557 in
1099 4505 1373 4565 voluntate
1402 4526 1522 4568 esse
1565 4517 1798 4585 positum
1840 4524 2033 4578 consti-

444 4586 510 4641 tit
535 4584 645 4660 (a);
671 4590 923 4662 nullaque
951 4609 1010 4650 re
1039 4595 1103 4650 de
1130 4612 1254 4654 arce
1292 4584 1621 4673 dominandi,
1658 4623 1909 4682 rectoque
1938 4630 2030 4670 or-

431 4678 569 4737 dine
584 4693 817 4739 mentem
833 4684 1048 4757 deponi,
1068 4690 1168 4744 nisi
1189 4693 1459 4751 voluntate
1476 4708 1555 4754 :et
1572 4709 1652 4756 est
1666 4678 2028 4776 manifestum,

509 4813 583 4879 (η)
606 4815 708 4865 Vid.
734 4823 938 4869 Retract.
964 4818 1049 4871 lib.
1075 4822 1123 4885 l,
1147 4836 1250 4888 cap.
1277 4826 1325 4889 9,
1351 4841 1399 4876 n.
1424 4828 1471 4879 5.

1496 370 1585 427 DE
1621 366 1876 427 LIBERO
1910 365 2264 439 ARBITRIO,
2303 368 2361 427 S.
2401 370 2769 429 AUGUSTINI

3620 391 3756 450 1240

2173 498 2281 540 non
2300 500 2411 541 rem
2431 487 2613 556 ullam,
2630 503 2751 544 cum
2773 503 2835 546 ea
2850 491 3075 563 quisque
3090 494 3230 551 male
3250 497 3435 565 utitur,
3462 502 3558 558 sed
3584 504 3759 575 ipsum

2172 579 2312 634 male
2330 588 2564 636 utentem
2590 596 2711 637 esse
2733 584 3061 655 arguendum
3084 605 3096 642 :
3120 589 3417 649 referamus
3436 611 3555 664 nos,
3578 600 3623 653 si
3640 600 3761 669 pla-

2171 678 2277 739 cet,
2307 671 2373 726 ad
2397 675 2747 743 quaestionem
2770 675 2823 730 in
2852 677 3074 733 exordio
3105 680 3257 751 hujus
3277 688 3538 743 sermonis
3562 704 3762 759 propoo

2170 761 2349 831 sitam,
2380 773 2435 818 et
2468 763 2741 821 videamus
2769 776 2946 823 utrum
2986 770 3157 825 soluta
3195 771 3295 838 sit;
3344 790 3471 830 nam
3516 792 3759 847 quaerere

2172 852 2571 910 institueramus
2614 857 2740 925 quid
2791 858 2861 913 sit
2899 860 3038 914 male
3085 860 3279 929 facere,
3311 875 3367 919 et
3408 880 3625 937 propter
3655 871 3760 928 hoc

2170 947 2349 1000 omnia
2379 963 2496 1017 quae
2522 949 2664 1004 dicta
2710 960 2854 1019 sunt,
2890 953 3141 1010 diximus.
3175 956 3432 1023 Quocirca
3470 962 3593 1018 licet
3616 980 3758 1022 nunc

2169 1038 2591 1097 animadvertere
2631 1053 2686 1098 et
2725 1045 3063 1101 considerare
3085 1088 3101 1115 ,
3151 1060 3326 1105 utrum
3354 1053 3423 1106 sit
3449 1055 3588 1110 aliud
3616 1059 3759 1115 male

2169 1127 2381 1197 facere,
2424 1124 2602 1203 quam
2627 1136 2883 1205 neglectis
2925 1138 3085 1194 rebus
3129 1144 3378 1210 aeternis,
3424 1146 3614 1214 quibus
3660 1165 3758 1219 per

2167 1220 2398 1291 seipsam
2420 1239 2572 1279 mens
2601 1224 2813 1293 fruitur,
2837 1238 2890 1283 et
2915 1244 3011 1299 per
3030 1231 3259 1300 seipsam
3284 1236 3526 1305 percipit,
3550 1247 3603 1293 et
3623 1255 3757 1309 quas

2166 1325 2353 1367 amans
2395 1315 2640 1371 amittere
2686 1333 2795 1372 non
2847 1329 3053 1389 potest,
3097 1325 3405 1392 temporalia
3434 1336 3489 1381 et
3516 1344 3633 1398 qua:
3660 1346 3758 1400 per

2165 1417 2361 1475 corpus
2380 1406 2609 1463 hominis
2631 1422 2838 1481 partem
2865 1414 3177 1470 vilissimam
3197 1420 3513 1486 sentiuntur,
3540 1433 3594 1477 et
3618 1440 3755 1479 nun-

2165 1509 2325 1565 quam
2351 1512 2469 1553 esse
2498 1510 2641 1554 certa
2688 1512 2922 1570 possunt,
2974 1508 3124 1575 quasi
3172 1524 3359 1578 magna
3406 1520 3461 1566 et
3504 1513 3749 1569 miranda

2165 1589 2377 1643 sectari.
2410 1590 2541 1645 Nam
2569 1591 2669 1648 hoc
2693 1610 2801 1649 uno
2827 1611 3024 1665 genere
3052 1599 3227 1653 omnia
3257 1600 3555 1669 malefacta,
3590 1605 3643 1660 id
3668 1617 3753 1662 est

2165 1688 2400 1747 peccata,
2443 1682 2571 1736 mihi
2600 1683 2846 1755 videntur
2886 1687 3104 1743 includi.
3142 1689 3261 1745 Tibi
3300 1701 3474 1748 autem
3505 1696 3629 1765 quid
3667 1699 3750 1752 vi-

2163 1768 2367 1837 deatur,
2401 1785 2653 1843 exspecto
2677 1792 3017 1848 cognoscere.

2234 1861 2321 1917 55.
2364 1861 2431 1916 Ε.
2474 1865 2566 1919 Est
2594 1866 2664 1921 ita
2688 1878 2745 1922 ut
2771 1869 2923 1937 dicis,
2947 1879 3000 1925 et
3020 1874 3312 1943 assentior,
3334 1876 3512 1934 omnia
3535 1892 3749 1950 peccata

2161 1947 2263 2005 hoc
2288 1967 2393 2006 uno
2411 1968 2607 2023 genere
2632 1959 2915 2027 contineri,
2944 1976 3063 2015 eum
3088 1964 3313 2035 quisque
3333 1947 3594 2026 avertitur
3613 1988 3642 2026 a
3662 1974 3748 2027 di-

2160 2041 2297 2095 vinis
2326 2058 2555 2116 vereque
2580 2051 2934 2115 manentibus,
2968 2062 3020 2107 et
3062 2055 3128 2108 ad
3172 2059 3444 2113 mutabilia
3474 2072 3635 2132 atque
3664 2064 3748 2118 iii-

2160 2146 2304 2189 certa
2331 2140 2677 2196 convertitur.
2706 2142 2834 2210 Quae
2862 2160 3163 2216 quanquam
3196 2150 3247 2203 in
3270 2151 3455 2207 ordine
3484 2169 3580 2207 suo
3603 2169 3749 2213 recte

2159 2224 2331 2280 locata
2372 2229 2511 2295 sint,
2546 2239 2601 2286 et
2645 2247 2794 2287 suam
2822 2238 3106 2305 quamdam
3139 2241 3582 2309 pulchritudinem
3622 2264 3744 2316 per-

2157 2326 2344 2385 agant;
2375 2324 2610 2388 perversi
2633 2334 2812 2379 tamen
2837 2328 3000 2381 animi
3028 2340 3110 2385 est
3133 2342 3188 2386 et
3212 2333 3517 2402 inordinati,
3550 2339 3629 2393 eis
3654 2356 3746 2394 se-

2157 2409 2382 2477 quendis
2409 2413 2620 2482 subjici,
2648 2417 2839 2485 quibus
2869 2419 2935 2472 ad
2963 2431 3146 2475 nutum
3174 2437 3328 2479 suum
3359 2426 3614 2483 ducendis
3645 2446 3745 2500 po-

2158 2498 2261 2554 tius
2286 2501 2466 2557 divino
2493 2504 2681 2561 ordine
2710 2522 2771 2562 ac
2794 2508 2915 2578 jure
2942 2512 3193 2580 praelatus
3223 2526 3325 2570 est.
3352 2518 3415 2572 Et
3437 2520 3560 2574 illud
3583 2498 3745 2579 simul

2155 2590 2286 2645 mihi
2318 2592 2497 2648 videre
2521 2595 2633 2664 jam
2656 2598 2839 2653 videor
2863 2601 3163 2659 absolutum
3199 2615 3356 2677 atque
3383 2622 3740 2682 compertum,

2154 2682 2296 2752 quod
2323 2693 2442 2754 post
2471 2686 2615 2743 illam
2656 2691 3027 2760 quaestionem,
3079 2698 3204 2766 quid
3251 2700 3321 2754 sit
3358 2704 3496 2759 male
3540 2705 3740 2774 facere,

2152 2773 2406 2845 deinceps
2430 2793 2671 2847 quaerere
2692 2781 3111 2855 institueramus,
3135 2790 3276 2846 unde
3297 2794 3437 2849 male
3459 2795 3736 2854 faciamus.

2150 2865 2261 2921 Nisi
2284 2870 2424 2923 enim
2454 2870 2627 2939 fallor,
2658 2883 2718 2927 ut
2743 2877 2878 2930 ratio
2910 2885 3134 2935 tractata
3160 2888 3496 2955 monstravit,
3530 2890 3580 2944 id
3611 2890 3742 2947 faci-

2150 2975 2269 3015 mus
2297 2977 2361 3017 ex
2390 2964 2556 3019 libero
2583 2967 2868 3023 voluntatis
2898 2972 3136 3031 arbitrio.
3196 2976 3300 3032 Sed
3342 2995 3520 3049 qumro
3557 2992 3739 3041 utrum

2150 3051 2325 3120 ipsum
2371 3054 2597 3110 liberum
2640 3059 2947 3125 arbitrium,
2993 3079 3098 3133 quo
3142 3072 3392 3134 peccandi
3437 3072 3740 3131 facultatem

2149 3140 2343 3199 habere
2370 3147 2750 3214 convincimur,
2785 3155 3081 3219 oportuerit
3124 3158 3276 3213 nobis
3316 3160 3431 3216 dari
3463 3163 3530 3218 ab
3556 3181 3621 3219 eo
3645 3167 3739 3237 qui

2149 3250 2247 3290 nos
2271 3236 2413 3291 fecit.
2449 3238 2701 3296 Videmur
2729 3244 2869 3298 enim
2902 3262 3005 3300 non
3033 3247 3195 3305 fuisse
3223 3258 3519 3323 peccaturi,
3561 3260 3606 3314 si
3633 3236 3739 3317 isto

2148 3340 2449 3384 careremus
2466 3348 2482 3397 ;
2509 3340 2562 3386 et
2576 3336 2920 3392 metuendum
2936 3350 3019 3393 est
3034 3356 3103 3395 ne
3120 3342 3221 3398 hoc
3238 3346 3397 3400 modo
3421 3348 3556 3405 Deus
3572 3352 3736 3409 etiam

2146 3418 2545 3477 malefactorum
2570 3433 2875 3483 nostrorum
2902 3440 3088 3487 auctor
3111 3436 3462 3494 existimetur.
3487 3444 3552 3494 Α.
3572 3443 3735 3501 Nullo

2145 3513 2305 3568 modo
2348 3515 2483 3572 istuc
2512 3517 2783 3576 timueris:
2809 3523 2903 3577 sed
2950 3534 3008 3580 ut
3053 3526 3356 3599 diligentius
3406 3538 3729 3606 requiratur,

2143 3609 2284 3664 aliud
2316 3619 2519 3681 tempus
2549 3616 2868 3671 sumendum
2911 3628 3011 3674 est.
3055 3622 3187 3677 Nam
3214 3626 3327 3681 haec
3355 3631 3734 3687 sermocinatio

2144 3702 2359 3756 modum
2392 3706 2781 3778 terminumque
2801 3709 2911 3779 jam
2943 3712 3244 3783 desiderat;
3288 3734 3392 3788 qua
3420 3722 3572 3776 velim
3604 3738 3732 3780 cre-

2141 3791 2239 3848 das
2265 3809 2575 3865 magnarum
2615 3799 3022 3874 abditarumque
3064 3822 3245 3862 rerum
3295 3809 3729 3881 inquirendarum

2141 3888 2293 3956 quasi
2323 3886 2463 3943 fores
2492 3904 2611 3945 esse
2640 3894 2895 3960 pulsatas.
2944 3895 3000 3949 In
3031 3913 3255 3968 quarum
3287 3908 3575 3971 penetralia
3606 3924 3732 3966 eum

2141 3976 2252 4032 Deo
2276 3977 2412 4034 duce
2440 3982 2624 4037 venire
2653 3986 2992 4054 coeperimus,
3019 3988 3283 4057 judicabis
3306 3996 3542 4062 profecto
3562 3999 3733 4068 quan-

2142 4077 2254 4125 tum
2281 4071 2419 4125 inter
2444 4072 2582 4127 hanc
2609 4074 3046 4144 disputationem,
3091 4091 3146 4136 et
3173 4098 3263 4137 eas
3289 4100 3407 4154 qua:
3436 4101 3731 4158 sequuntur

2140 4160 2370 4229 intersit,
2402 4169 2767 4234 quantumque
2798 4166 2900 4221 illa:
2929 4178 3188 4238 prmstent
3215 4172 3255 4239 ¹,
3303 4190 3411 4230 ηοη
3454 4180 3613 4233 modo
3643 4182 3729 4236 in-

2141 4254 2505 4323 vestigatiouis
2538 4257 2845 4325 sagacitate,
2879 4259 2973 4314 sed
3011 4262 3171 4315 etiam
3217 4266 3491 4334 majestate
3526 4287 3727 4340 rerum,

2140 4356 2195 4402 et
2233 4349 2524 4403 clarissima
2565 4350 2683 4405 luce
2714 4353 2989 4409 veritatis:
3023 4355 3191 4424 pietas
3233 4367 3435 4413 tantum
3476 4362 3631 4428 adsit,
3671 4377 3731 4421 ut

2140 4456 2237 4497 nos
2268 4442 2442 4496 divina
2471 4443 2801 4513 providentia
2826 4460 3039 4502 cursum
3080 4465 3236 4519 quem
3267 4451 3614 4523 instituimus,
3649 4467 3732 4511 te-

2141 4548 2269 4588 nere
2294 4542 2348 4588 et
2375 4534 2631 4604 perficere
2659 4537 2948 4605 permittat.
2979 4538 3047 4592 E.
3080 4539 3224 4595 Cedo
3247 4543 3501 4599 voluntati
3534 4557 3655 4615 tum,
3675 4560 3731 4605 et

2139 4625 2189 4682 ei
2217 4641 2388 4681 meam
2409 4626 2607 4697 judicio
2631 4638 2684 4683 et
2713 4642 2837 4686 voto
2863 4630 3213 4691 libentissime
3237 4635 3489 4709 adjungo.

2200 4785 2286 4895 ξω
2311 4789 2379 4844 B.,
2406 4781 2756 4896 ἱιιαΜρτωδιεηι.
2780 4792 2856 4837 Er.
2880 4789 3029 4852 Lugd.
3053 4797 3171 4841 ven.
3196 4797 3309 4844 Lov.
3355 4793 3616 4847 lectionem
3654 4811 3733 4849 se-

2220 4860 2235 4894 ι
2257 4859 2441 4896 sumus.
2532 4891 2536 4895 .

2137 4859 2235 4895 οιιιι
2257 4859 2441 4896 sumus.
2480 4859 2519 4896 Μ
2532 4891 2536 4895 .

3754 4902 3771 4944 3

1353 5065 1831 5175 LIBER
1924 5074 2107 5180 SE
2120 5077 2210 5178 Ο
2226 5074 2536 5181 UND
2560 5075 2762 5184 US.

425 5224 483 5271 ω
505 5230 622 5283 quo,
645 5219 1260 5306 dilﬁgtate‘egﬁeoquod
1278 5223 1604 5306 libertas,qua
1625 5239 1869 5306 peccatur,
1894 5248 1923 5284 a
1946 5241 2046 5287 Deo
2060 5237 2171 5287 data
2193 5237 2256 5284 sit
2279 5244 2589 5306 emergente,
2614 5239 2706 5306 tria
2728 5238 2832 5289 hare
2855 5240 3185 5306 disquiruntur
3212 5261 3225 5296 :

3316 5261 3344 5297 a
3366 5250 3551 5300 ratione
3574 5258 3726 5301 Deum

739 5295 851 5334 esse
872 5283 1179 5338 manifestum
1200 5289 1291 5351 sit;
1316 5302 1377 5339 an
1400 5291 1461 5339 ab
1487 5283 1591 5353 ipso
1612 5283 1708 5343 sint
1731 5283 2229 5362 bona’thﬁﬁiis;
2244 5283 3007 5356 iutrumviuibouis—ceiisend-a‘sit

1869 5396 2290 5429 ———-oo-———

432 5497 658 5555 CAPUT
686 5498 1045 5557 PRIMUM.—
1067 5499 1316 5569 Libertas,
1332 5518 1434 5571 qua
1460 5513 1715 5574 peccatur,
1737 5521 1828 5559 cur
1853 5522 1885 5559 (ι
1912 5504 2021 5561 Deo

1177 5593 1316 5647 data.

502 5751 556 5805 l.
585 5749 652 5805 E.
683 5748 821 5818 Jam,
852 5749 897 5805 si
922 5750 1034 5806 ﬁeri
1062 5728 1259 5821 potest,
1288 5752 1490 5823 explica
1514 5751 1645 5807 mihi
1672 5768 1837 5825 quare
1864 5752 2018 5810 dede-

428 5840 497 5900 rit
536 5846 674 5902 Deus
701 5844 901 5900 hemini
939 5845 1165 5901 liberum
1189 5845 1480 5903 voluntatis
1520 5845 1796 5903 arbitrium
1831 5865 1842 5903 :
1874 5846 2017 5918 quod

2128 5482 2309 5554 utique
2339 5485 2382 5539 si
2408 5501 2511 5540 non
2551 5489 2863 5560 accepisset,
2894 5507 3116 5562 peccare
3146 5512 3251 5551 non
3278 5508 3479 5568 posset.
3512 5502 3573 5555 Α.
3601 5501 3719 5557 1am

2133 5575 2274 5629 enim
2318 5586 2521 5632 certum
2554 5580 2645 5634 tibi
2674 5593 2833 5652 atque
2869 5586 3135 5656 cognitum
3166 5598 3267 5655 est,
3312 5591 3475 5647 Deum
3506 5592 3720 5649 dedisse

2124 5666 2325 5723 homini
2354 5670 2472 5737 hoc,
2498 5673 2639 5743 quod
2669 5674 2783 5729 dari
2809 5676 3056 5734 debuisse
3079 5696 3183 5735 non
3218 5684 3413 5752 put-as?
3440 5684 3504 5738 E.
3534 5686 3719 5753 Quan-

2124 5767 2234 5813 tum
2263 5760 2316 5814 in
2352 5763 2611 5831 superiori
2655 5765 2790 5821 libro
2832 5768 3125 5840 intelligere
3154 5774 3283 5829 mihi
3314 5774 3455 5831 visus
3495 5791 3631 5845 sum,
3661 5787 3717 5836 et

2127 5853 2383 5911 habemus
2412 5856 2637 5915 liberum
2658 5861 2942 5919 voluntatis
2971 5866 3266 5940 arbitrium,
3295 5880 3347 5927 et
3384 5888 3487 5928 non
3514 5874 3613 5930 nisi
3640 5886 3707 5932 eo
