2059 3185
195 183 265 213 1261

196 244 352 277 peccamus.
368 238 400 264 Α.
415 236 472 273 Ego
483 242 588 273 quoque
608 235 717 265 memini
735 236 791 272 jam
807 236 883 265 nobis
905 237 931 265 id
946 237 986 265 fa-

197 290 271 314 ctum
282 291 342 312 esse
353 284 535 319 perspicuum.
555 283 609 311 Sed
626 291 695 311 nunc
712 283 876 318 interrogavi
896 287 984 311 utrum

199 331 251 360 hoc
263 331 334 367 quod
347 337 395 357 nos
411 330 520 363 habere,
530 334 618 365 etquo
630 337 678 357 nos
689 337 800 365 peccare
814 330 984 358 manifestum

199 383 251 413 est,
263 377 347 405 Deum
359 377 436 405 nobis
446 377 552 404 dedisse
562 377 640 404 scias.
654 376 688 407 Ε,
700 377 806 404 Nullum
819 378 899 405 alium
910 380 984 413 puto.

200 424 242 452 Ab
264 423 323 459 ipso
342 423 412 451 enim
427 429 535 455 sumus;
549 426 576 450 ct
591 422 647 450 sive
665 427 821 457 peccantes,
839 422 894 450 sive
915 426 987 450 recte

193 480 320 511 agentes,
344 473 378 500 ab
405 472 450 500 illo
475 478 581 507 poenam
608 478 742 498 meremur
768 474 814 497 aut
837 470 985 505 praemium.

193 522 228 549 Α.
246 521 302 549 Hoc
316 526 420 555 quoque
434 523 523 545 utrum
535 517 633 553 liquido
647 517 762 549 noveris,
782 524 815 543 an
827 516 988 543 auctoritate

193 570 343 594 commotus
360 564 475 592 libenter
500 563 580 591 etiam
599 563 762 598 incognitum
780 561 884 593 eredas,
908 561 987 596 cupio

192 613 270 639 scire.
286 611 318 637 E.
338 610 495 637 Auctoritati
513 609 619 644 quidem
635 616 677 635 me
698 608 811 642 primum
836 607 869 634 de
891 607 939 633 hac
956 614 985 633 re

192 657 338 684 credidisse
352 656 489 683 conﬁrmo.
505 655 557 682 Sed
570 655 632 689 quid
647 655 735 681 verius
746 661 825 688 quam
842 660 920 680 omne
934 653 982 679 bo~

192 711 254 731 num
265 711 297 730 ex
309 704 362 729 Deo
376 710 445 734 esse,
456 706 482 728 et
492 709 570 728 omne
578 701 679 735 justum
692 700 790 727 bonum
802 707 871 731 esse,
886 705 912 725 et
923 706 985 733 pec-

192 749 311 777 cantibus
332 756 437 783 pwnam
462 751 585 781 recteque
609 746 765 773 facientibus
786 745 924 780 praunium
942 745 984 779 ju-

178 790 180 793 ’
192 800 261 822 stum
276 795 352 822 esse?
369 796 406 821 lix
425 802 477 829 quo
490 794 628 820 conﬁcitur
641 801 655 819 a
669 793 721 820 Deo
735 792 815 826 afﬁci,
829 796 855 819 et
870 798 983 826 peccan—

190 846 230 869 tes
243 841 358 873 miseria,
375 844 401 867 et
416 844 487 867 recte
502 839 628 866 facientes
639 838 774 865 beatitate.

225 886 251 912 ‘2.
266 886 296 912 A.
309 885 377 912 Nihil
392 885 506 912 resisto:
523 884 568 911 sed
591 891 682 918 quaero
701 883 763 910 illud
778 883 901 915 alterum,
915 890 982 917 quo-

190 932 269 959 modo
283 932 386 959 noveris
399 939 447 958 nos
455 932 488 958 ab
503 931 560 965 ipso
569 938 638 957 esse.
648 930 738 965 Neque
747 930 818 957 enim
833 930 884 956 hoc
895 937 965 956 nunc
974 939 982 953 ν

189 977 236 1004 sed
256 977 289 1004 ab
310 978 366 1011 ipso
385 984 433 1004 nos
451 977 492 1003 vel
520 984 635 1011 poenam,
663 976 706 1003 vel
728 976 865 1010 praemium
887 975 983 1002 mereri

189 1024 336 1058 explicasti.
353 1023 384 1049 E.
401 1024 455 1050 Hoc
469 1031 572 1057 quoque
586 1030 638 1050 non
653 1022 759 1050 aliunde
769 1023 846 1049 video
857 1030 916 1049 esse
927 1030 983 1049 ina-

190 1070 327 1103 nifestum,
344 1069 394 1096 nisi
406 1069 476 1104 quod
494 1071 547 1103 jam
566 1069 761 1096 constatDeum
775 1069 908 1096 vindicare
926 1076 984 1103 pec-

189 1120 258 1143 cata.
270 1116 404 1150 Siquidem
413 1116 446 1142 ab
459 1116 503 1142 illo
516 1120 555 1142 est
571 1115 658 1142 omnis
673 1115 784 1149 justitia.
800 1115 857 1141 Non
868 1115 939 1142 enim
954 1118 982 1141 ut

189 1163 300 1197 alicujus
312 1167 352 1189 est
360 1162 581 1189 bonitatisalienis
593 1166 717 1196 prmstare
728 1161 853 1188 beneﬁcia
865 1162 898 1187 ita
906 1161 984 1195 justi-

190 1210 232 1235 litt:
246 1209 378 1236 vindicare
390 1209 414 1235 in
428 1209 538 1236 alienos.
555 1208 629 1235 Unde
642 1207 810 1234 manifestum
826 1212 866 1234 est
879 1207 911 1233 ad
922 1215 982 1234 cum

189 1263 237 1282 nos
251 1256 393 1290 pertinere,
405 1255 464 1290 quia
480 1262 532 1281 non
545 1255 630 1281 solum
646 1254 670 1281 in
683 1262 730 1280 nos
740 1254 882 1288 benignissi
891 1261 948 1280 mus
956 1254 982 1280 in

189 1301 354 1337 praestando,
381 1301 426 1328 sed
441 1301 519 1328 etiam
539 1300 701 1334 jus-tissimus
717 1300 742 1326 in
760 1299 916 1326 vindicando
932 1304 981 1326 est.

195 1347 294 1375 Deinde
303 1355 334 1375 ex
344 1356 375 1374 eo
391 1347 460 1382 quod
471 1355 519 1382 ego
531 1347 618 1381 posui,
633 1351 712 1381 tuque
726 1347 891 1380 concessisti,
905 1353 982 1373 omne

189 1394 285 1421 bonum
294 1402 326 1421 ex
333 1395 388 1421 Deo
396 1401 465 1427 esse,
473 1394 550 1420 etiam
560 1393 694 1420 hominem
703 1401 732 1419 ex
743 1392 796 1419 Deo
804 1401 863 1420 esse
873 1392 982 1427 intelligi

189 1446 285 1476 potest.
298 1441 383 1468 llomo
395 1441 466 1468 enim
480 1441 536 1474 ipse
546 1440 571 1467 in
582 1444 709 1474 quantum
722 1439 801 1466 homo
811 1444 861 1471 est,
876 1438 983 1473 aliquod

189 1482 287 1513 bonum
301 1491 354 1519 est;
366 1486 426 1521 quia
442 1490 514 1513 recte
527 1485 632 1517 vivere,
655 1492 714 1511 cum
730 1485 801 1516 vult,
825 1488 912 1518 potest
931 1484 981 1518 (a).

225 1534 250 1560 5.
266 1533 296 1559 Α.
308 1534 387 1560 Plane
399 1533 420 1560 si
431 1533 487 1559 hil‘C
502 1532 537 1559 ita
548 1535 620 1564 sunt,
635 1531 719 1557 soluta
730 1531 841 1565 qurestio
851 1536 891 1557 est
902 1538 982 1564 quam

189 1580 358 1614 proposuisti.
373 1579 401 1605 Si
413 1580 483 1605 enim
498 1579 579 1605 homo
590 1577 695 1612 aliquod
711 1577 808 1603 bonum
820 1580 871 1609 est,
888 1581 914 1603 et
928 1584 981 1602 non

190 1629 289 1660 posset,
314 1625 364 1651 nisi
387 1632 446 1651 cum
461 1624 549 1656 vellet,
572 1628 643 1650 recte
659 1622 754 1655 facere,
769 1622 861 1648 debuit
884 1621 982 1648 habere

189 1670 301 1698 liberam
314 1671 487 1704 voluntatem,
499 1670 556 1696 sine
566 1677 617 1704 qua
624 1672 697 1696 recte
707 1669 792 1695 facere
808 1676 862 1695 non
879 1671 979 1703 posset.

189 1717 246 1744 Non
261 1717 330 1744 enim
345 1716 405 1751 quia
428 1724 475 1751 per
489 1716 561 1743 illam
577 1715 655 1742 etiam
668 1720 802 1750 peccatur,
814 1714 847 1741 ad
861 1714 910 1741 hoc
923 1722 982 1742 eam

190 1763 272 1790 Deum
282 1763 387 1790 dedisse
399 1762 560 1790 credendum
571 1766 620 1789 est.
629 1761 699 1789 Satis
707 1769 770 1796 ergo
780 1768 867 1788 causa:
878 1765 920 1788 est
935 1768 983 1788 cur

190 1809 247 1836 dari
261 1809 393 1843 debuerit,
409 1809 533 1844 quoniam
555 1808 612 1835 sine
626 1808 669 1835 illa
685 1808 763 1839 homo
783 1812 855 1835 recte
868 1815 920 1835 non
933 1815 982 1842 po-

190 1861 242 1884 test
253 1857 350 1884 vivere.
363 1856 403 1884 Ad
419 1857 469 1884 hoc
483 1860 570 1883 autem
584 1855 672 1882 datam
682 1855 724 1882 vel
736 1855 797 1882 hinc
812 1854 921 1889 intelligi
934 1862 983 1889 po-

192 1906 253 1935 test,
267 1902 328 1936 quia
343 1902 363 1928 si
383 1902 442 1936 quis
458 1909 488 1928 ea
503 1908 566 1928 usus
582 1900 661 1927 fuerit
676 1900 708 1927 ad
724 1900 897 1935 peccandum,
913 1899 983 1926 divi-

191 1948 262 1974 nitus
276 1948 302 1974 in
323 1956 382 1974 eum
402 1947 561 1974 vindicatur.
578 1947 653 1980 Quod
669 1947 765 1981 injuste
788 1947 872 1979 ﬁeret,
893 1947 914 1973 si
928 1954 982 1973 non

192 1994 278 2022 solum
302 1998 330 2021 ut
349 1998 421 2021 recte
437 1994 580 2027 viveretur,
605 1993 651 2020 sed
676 1993 755 2020 etiam
769 1998 798 2020 ut
817 1998 980 2027 peccaretur,

191 2040 273 2067 libera
288 2044 358 2067 esset
379 2039 501 2066 voluntas
515 2039 586 2065 data.
603 2038 741 2071 Quomodo
755 2039 825 2066 enim
841 2040 910 2073 juste
923 2039 982 2066 vin-

189 2086 323 2113 dicaretur
336 2086 361 2112 in
376 2092 445 2117 eum,
462 2085 505 2119 qui
519 2084 551 2111 ad
562 2084 630 2111 hanc
651 2092 707 2111 rem
721 2092 784 2111 usus
799 2089 870 2111 esset
887 2085 981 2111 volun-

190 2136 252 2164 tate,
269 2131 302 2158 ad
323 2139 401 2166 quam
421 2138 477 2158 rem
496 2131 556 2157 data
578 2131 635 2158 est?
653 2130 729 2157 Nunc
747 2138 811 2158 vero
831 2132 899 2158 Deus
921 2139 981 2159 cum

189 2182 342 2212 peccantem
365 2178 450 2212 punit,
467 2177 528 2212 quid
545 2176 647 2203 videtur
660 2177 705 2204 tibi
723 2176 793 2203 aliud
808 2176 899 2204 dicere
919 2177 978 2210 nisi,

188 2224 242 2251 Cur
269 2232 321 2252 non
345 2224 377 2251 ad
400 2232 459 2252 eam
478 2232 534 2251 rem
554 2231 618 2251 usus
638 2230 666 2251 es
682 2223 765 2251 libera
780 2223 925 2256 voluntate,
949 2223 981 2250 ad

189 2279 266 2305 quam
286 2271 332 2297 tibi
351 2279 409 2298 eam
424 2270 505 2304 dedi,
524 2270 574 2297 hoc
596 2274 637 2297 est
658 2270 690 2297 ad
713 2274 786 2297 recte
812 2269 981 2297 faciendum?

191 2316 291 2344 Deinde
316 2316 379 2343 illud
396 2317 505 2350 bonum,
522 2324 575 2351 quo
595 2316 796 2343 commendatur
810 2316 865 2350 ipsa
880 2315 981 2350 justitia

191 2362 218 2389 in
241 2362 398 2389 damnandis
424 2362 539 2397 peccatis
564 2367 689 2397 recteque
709 2362 783 2389 factis
799 2361 979 2394 honorandis,

188 2408 322 2443 quomodo
335 2412 415 2441 esset,
435 2408 456 2434 si
470 2407 551 2434 homo
565 2412 669 2434 careret
683 2408 766 2435 libero
780 2408 923 2435 voluntatis
935 2416 979 2434 ar~

188 2454 290 2482 bitrio?
303 2454 362 2481 Non
383 2454 453 2481 enim
468 2457 512 2480 aut
533 2458 670 2488 peccatum
687 2458 767 2487 esset,
786 2459 830 2480 aut
854 2458 926 2481 recte
940 2453 980 2480 fa-

187 2506 270 2533 ctum,
284 2500 354 2535 quod
367 2508 419 2527 non
439 2500 514 2527 ﬁeret
527 2500 671 2527 voluntate.
686 2499 724 2527 Ac
739 2507 786 2534 per
799 2499 849 2527 hoc
861 2504 888 2527 et
902 2508 979 2534 paena

189 2547 286 2582 injusta
301 2552 373 2574 esset
387 2552 413 2574 et
434 2546 583 2581 praemium,
608 2546 630 2572 si
647 2546 727 2572 homo
745 2546 908 2573 voluntatem
922 2554 975 2573 non

188 2594 298 2622 haberet
317 2594 438 2621 liberam.
453 2593 547 2620 Debuit
567 2597 654 2620 autem
670 2597 696 2619 et
711 2592 736 2619 in
751 2592 892 2627 supplicio,
910 2597 936 2619 et
951 2593 979 2620 in

187 2641 298 2676 prazmio
308 2647 368 2668 esse
377 2640 478 2674 justitia
489 2648 495 2672 ;
510 2639 633 2674 quoniam
645 2639 695 2666 hoc
705 2647 784 2665 unum
796 2643 838 2665 est
848 2639 978 2666 bonorum

187 2692 246 2719 qua:
259 2687 366 2711 suntex
380 2683 444 2710 Deo.
462 2682 557 2709 Debuit
567 2682 645 2717 igitur
656 2682 726 2709 Deus
741 2681 804 2709 dare
825 2681 927 2708 homini
948 2681 979 2708 li-

189 2730 278 2757 beram
291 2730 464 2757 voluntatem.

189 2776 302 2804 CAPUT
329 2775 361 2803 Il.
386 2790 421 2796 —
449 2774 583 2810 Objectio:
600 2773 719 2801 Liberum
740 2773 879 2806 arbitrium,
902 2773 924 2800 si
946 2773 980 2800 ad

258 2821 350 2849 bonum
362 2821 449 2848 datum
459 2825 506 2854 est,
520 2819 644 2856 quomodo
659 2820 692 2846 ad
704 2819 799 2846 malum
813 2819 907 2855 ﬂexile.

222 2869 250 2897 4.
265 2867 298 2895 Ε.
314 2867 372 2895 Jam
385 2867 504 2895 concedo
521 2874 581 2894 eam
596 2866 680 2893 Deum
693 2865 807 2894 dedisse.
824 2864 877 2894 Sed
891 2871 980 2894 nonne

218 2929 257 2960 (α)
269 2928 320 2954 vid.
335 2931 438 2954 setmet.
450 2927 495 2955 lib.
508 2928 531 2959 l,
543 2934 595 2959 cap.
609 2927 634 2959 9,
646 2934 670 2954 n.
682 2927 706 2953 ὅ.

847 179 947 209 LIBER
981 180 1168 212 SECUNDUS.

1761 188 1831 218 1242

1046 240 1092 268 tibi
1106 240 1218 274 videtur,
1232 248 1323 277 quaeso
1335 244 1372 276 te,
1387 242 1410 271 si
1419 242 1453 270 ad
1465 247 1538 272 recte
1546 243 1695 274 faciendum
1705 246 1765 276 data
1777 252 1829 282 est,

1043 285 1114 321 quod
1125 292 1179 313 non
1186 285 1308 314 debuerit
1320 287 1353 315 ad
1367 288 1533 323 peccandum
1542 297 1622 325 posse
1633 293 1773 320 converti?
1785 294 1824 321 sic

1043 335 1073 358 ut
1095 331 1150 366 ipsa
1162 332 1264 367 iustitia
1279 341 1338 368 quae
1350 334 1411 362 data
1427 339 1468 363 est
1479 335 1580 364 homini
1607 337 1641 365 ad
1653 338 1721 366 bene
1734 339 1828 367 viven-

1042 378 1125 406 dum:
1150 380 1278 415 numquid
1293 381 1366 409 enim
1381 386 1469 417 potest
1488 383 1618 419 quispiam
1634 392 1683 420 per
1700 385 1828 420 justitiam

1042 432 1116 453 suam
1131 427 1200 455 male
1213 427 1321 455 vivere?
1335 427 1380 455 Sic
1402 436 1482 457 nemo
1500 434 1591 465 posset
1609 437 1657 466 per
1668 431 1828 461 voluntatem

1042 478 1164 505 peccare,
1178 472 1200 499 si
1222 473 1344 501 voluntas
1363 473 1423 501 data
1445 479 1517 503 esset
1533 475 1566 503 ad
1583 480 1655 504 recte
1669 476 1828 505 faciendum.

1040 515 1072 542 Α.
1088 517 1316 553 Donabitquidem
1330 519 1410 554 Deus,
1426 525 1454 547 ut
1467 528 1555 555 spero,
1572 526 1601 548 ut
1614 522 1660 549 tibi
1672 522 1773 550 valeam
1786 530 1829 551 re-

1041 562 1183 597 spondere,
1195 564 1237 592 vel
1250 565 1337 600 potius
1352 569 1381 593 ut
1399 565 1455 601 ipse
1471 567 1516 594 tibi
1529 566 1634 602 eadem,
1651 575 1710 603 quae
1725 576 1827 596 summa

1040 608 1157 635 omnium
1169 610 1292 645 magistra
1311 615 1362 645 est,
1373 611 1484 640 veritate
1503 613 1573 641 intus
1586 613 1699 641 docente
1717 621 1829 649 respon-

1039 652 1112 680 deas.
1125 653 1178 682 Sed
1192 656 1325 691 paulisper
1337 657 1403 684 mihi
1416 658 1476 686 volo
1485 658 1569 690 dicas,
1577 659 1601 687 si
1617 659 1644 687 id
1656 659 1727 694 quod
1742 660 1789 687 abs
1799 663 1827 688 te

1039 699 1223 734 quaesiveram,
1237 706 1339 729 certum
1354 707 1381 730 et
1393 704 1527 739 cognitum
1547 708 1632 738 tenes,
1649 704 1732 732 Deum
1748 705 1825 732 nobis

1039 745 1143 774 dedisse
1165 747 1276 775 liberam
1293 749 1466 784 voluntatem,
1491 755 1579 778 utrum
1600 755 1721 786 oporteat
1735 751 1826 779 dicere

1037 790 1095 818 (lari
1120 799 1173 819 non
1194 792 1327 829 debuisse,
1345 795 1414 830 quod
1431 796 1536 824 dedisse
1555 796 1713 824 confitemur
1733 797 1827 824 Deum.

1024 836 1067 869 ,Si
1082 838 1151 865 enim
1166 839 1297 867 incertum
1311 846 1353 868 est
1362 846 1450 869 utrum
1464 842 1578 876 dederit,
1594 847 1669 871 recte
1682 844 1826 879 qurerimus

1039 887 1128 910 utrum
1142 883 1210 912 bene
1220 885 1255 913 sit
1269 886 1340 920 data,
1355 891 1383 913 ut
1395 895 1455 915 cum
1466 888 1646 916 invenerimus
1656 889 1724 916 bene
1736 889 1825 916 datam

1037 936 1107 963 esse,
1124 929 1275 958 inveniatur
1295 932 1375 960 etiam
1393 932 1469 960 illum
1492 933 1607 967 dedisse,
1623 941 1637 960 a
1651 941 1703 969 quo
1726 934 1826 961 homini

1037 974 1099 1002 data
1120 980 1183 1003 sunt
1194 976 1281 1004 omnia
1298 978 1367 1005 bona
1384 979 1392 994 ⁸
1407 987 1414 1005 :
1430 979 1452 1006 si
1473 982 1564 1008 autem
1580 980 1759 1008 invenerimus
1771 988 1825 1007 non

1036 1020 1103 1048 bene
1112 1021 1199 1050 datam
1211 1030 1279 1057 esse,
1293 1031 1344 1051 non
1355 1032 1416 1052 eum
1428 1025 1533 1053 dedisse
1545 1026 1731 1060 intelligamus,
1745 1033 1825 1061 quem

1036 1067 1143 1101 culpare
1158 1069 1232 1096 nefas
1245 1074 1294 1097 est.
1311 1070 1340 1098 Si
1354 1079 1417 1099 vero
1429 1076 1531 1099 certum
1545 1076 1586 1099 est
1595 1072 1665 1108 quod
1680 1073 1738 1108 ipse
1750 1072 1822 1100 illam

1036 1112 1147 1147 dederit,
1159 1120 1264 1150 oportet
1276 1116 1415 1159 fateamur,
1429 1125 1534 1153 quoquo
1547 1119 1627 1146 modo
1640 1119 1700 1146 data
1714 1124 1764 1151 est,
1777 1126 1825 1147 ne-

1036 1168 1088 1195 que
1097 1168 1150 1188 non
1170 1161 1237 1196 dari,
1251 1170 1338 1198 neque
1360 1164 1436 1192 aliter
1450 1164 1507 1191 dari
1525 1172 1583 1192 eam
1603 1165 1727 1193 debuisse
1745 1173 1825 1200 quam

1035 1205 1096 1233 data
1111 1210 1161 1234 est.
1177 1207 1223 1235 Ille
1236 1208 1308 1235 enim
1331 1209 1421 1243 dedit,
1436 1209 1512 1245 cujus
1531 1209 1628 1238 factum
1643 1215 1715 1239 recte
1733 1218 1824 1246 repre-

1035 1250 1114 1279 hendi
1128 1253 1199 1280 nullo
1212 1259 1290 1288 pacto
1302 1260 1400 1290 potest.

1072 1296 1097 1323 5.
1113 1297 1145 1324 E.
1165 1298 1322 1335 Quanquam
1336 1301 1393 1329 haec
1414 1302 1571 1331 inconcussa
1586 1302 1639 1332 ﬁde
1658 1308 1773 1337 teneam,
1786 1308 1826 1331 ta-

1035 1351 1096 1371 men
1119 1345 1179 1379 quia
1203 1347 1353 1381 cognitione
1372 1349 1489 1376 nondum
1511 1354 1588 1377 teneo
1600 1371 1607 1384 ,
1624 1351 1660 1378 ita
1674 1359 1824 1386 qum-ramus

1035 1389 1110 1425 quasi
1123 1391 1211 1418 omnia
1222 1391 1322 1419 incerta
1334 1393 1396 1421 sint.
1410 1394 1493 1422 Video
1507 1395 1578 1422 enim
1591 1403 1623 1423 ex
1638 1395 1689 1423 hoc
1699 1396 1770 1431 quod
1783 1396 1825 1424 iu-

1035 1439 1137 1463 certum
1151 1440 1201 1470 est,
1214 1441 1303 1465 utrum
1315 1438 1349 1466 ad
1363 1443 1436 1467 recte
1447 1439 1595 1468 faciendum
1609 1441 1731 1469 voluntas
1743 1442 1826 1471 libera

1035 1480 1097 1509 data
1112 1481 1156 1515 sit,
1171 1489 1232 1509 cum
1244 1491 1292 1519 per
1304 1483 1375 1512 illam
1389 1485 1470 1513 etiam
1489 1493 1601 1521 peccare
1613 1486 1755 1522 possimus,
1769 1487 1826 1515 ﬁeri

1035 1526 1115 1554 etiam
1128 1526 1192 1554 illud
1207 1527 1349 1563 incertum,
1372 1534 1460 1558 utrum
1474 1530 1533 1558 dari
1553 1531 1683 1560 debuerit.
1707 1532 1736 1560 Si
1755 1532 1826 1560 enim
1856 1557 1859 1559 .

1035 1571 1166 1599 incertum
1179 1576 1221 1600 est
1241 1573 1275 1601 ad
1296 1578 1369 1602 recte
1383 1575 1532 1603 faciendum
1546 1576 1637 1605 datam
1650 1585 1720 1610 esse,
1738 1578 1825 1606 incer-

1035 1622 1090 1645 tum
1103 1622 1144 1645 est
1156 1618 1236 1646 etiam
1249 1619 1306 1648 dari
1320 1620 1443 1649 debuisse
1457 1630 1464 1648 :
1478 1629 1510 1649 ac
1523 1629 1572 1657 per
1582 1622 1634 1650 hoc
1645 1623 1724 1651 etiam
1735 1627 1824 1651 utrum

1035 1673 1094 1694 eam
1108 1667 1182 1695 Deus
1212 1666 1335 1701 dederit,
1349 1667 1478 1696 incertum
1494 1668 1561 1701 erit;
1575 1668 1637 1704 quia
1656 1669 1679 1696 si
1697 1668 1826 1696 incertum

1035 1717 1077 1741 est
1097 1713 1155 1741 dari
1176 1713 1301 1741 debuisse
1312 1733 1321 1746 ,
1343 1713 1472 1741 incertum
1492 1718 1535 1742 est
1550 1714 1585 1742 ab
1602 1721 1635 1742 eo
1647 1713 1736 1742 datam
1754 1721 1825 1749 esse,

1034 1767 1113 1796 quem
1127 1760 1202 1788 nefas
1215 1763 1256 1787 est
1269 1759 1379 1789 credere
1389 1759 1495 1788 dedisse
1507 1761 1607 1796 aliquid
1618 1760 1689 1797 quod
1703 1761 1760 1789 dari
1771 1768 1827 1790 non

1035 1805 1137 1834 debuit.
1159 1805 1192 1832 A.
1209 1805 1276 1832 Illud
1289 1805 1383 1833 saltem
1396 1806 1444 1833 tibi
1463 1810 1565 1834 certum
1586 1811 1638 1840 est,
1658 1807 1742 1835 Deum
1755 1814 1826 1836 esse.

1035 1850 1068 1878 E.
1083 1850 1168 1879 Etiam
1178 1850 1229 1878 hoc
1236 1858 1290 1878 non
1303 1851 1517 1886 contemplando,
1531 1851 1579 1879 sed
1591 1851 1725 1880 credendo
1737 1852 1827 1880 incon-

1034 1904 1142 1924 cussum
1159 1900 1247 1924 teneo.
1261 1896 1293 1923 A.
1308 1896 1336 1925 Si
1347 1897 1407 1932 quis
1426 1905 1491 1932 ergo
1513 1897 1619 1925 illorum
1634 1898 1825 1934 insipientium,

1034 1943 1069 1971 de
1081 1943 1176 1979 quibus
1198 1942 1326 1978 scriptum
1349 1946 1400 1975 est,
1418 1941 1490 1969 Dixit
1507 1943 1629 1978 insipiens
1640 1943 1668 1970 in
1680 1944 1755 1970 corde
1767 1952 1824 1978 suo,

1035 1990 1096 2017 Non
1109 1994 1143 2017 est
1156 1989 1227 2016 Deus
1237 1988 1323 2024 (Psal.
1337 1997 1383 2022 ιιι,
1396 1989 1423 2024 1)
1433 2010 1442 2023 ,
1455 1988 1506 2017 hoc
1518 1989 1564 2017 tibi
1576 1989 1694 2024 diceret,
1707 1997 1757 2017 nec
1769 1990 1826 2018 vel-

1034 2035 1070 2064 let
1084 2040 1171 2064 tecum
1186 2035 1295 2063 credere
1305 2034 1376 2071 quod
1388 2034 1486 2069 credis,
1502 2035 1550 2063 sed
1568 2043 1727 2071 cognoscere
1738 2040 1826 2063 utrum

1034 2088 1097 2109 vera
1118 2081 1280 2114 credideris;
1301 2080 1502 2116 relinqueresne
1524 2081 1670 2116 hominem,
1686 2089 1720 2109 an
1735 2081 1824 2117 aliquo

1034 2128 1125 2161 modo,
1138 2128 1208 2163 quod
1222 2128 1411 2156 inconcussum
1427 2132 1502 2156 tenes
1514 2149 1521 2161 ,
1536 2128 1750 2164 persuadendum
1765 2136 1827 2157 esse

1034 2175 1372 2210 arbitrareris;pr:esertim
1387 2175 1410 2202 si
1419 2174 1462 2203 ille
1476 2182 1531 2203 non
1541 2174 1669 2203 obluctari
1682 2175 1827 2211 pervicaci-

1034 2225 1084 2253 ter,
1107 2221 1154 2248 sed
1175 2221 1294 2249 studiose
1312 2221 1339 2248 id
1353 2221 1433 2248 vellet
1446 2222 1608 2257 agnoscere?
1623 2222 1657 2248 E.
1680 2222 1735 2250 Iloc
1755 2221 1827 2258 quod

1035 2268 1156 2296 ultimum
1171 2267 1294 2303 posuisti,
1317 2268 1384 2295 satis
1396 2275 1439 2295 me
1452 2267 1578 2296 admonet
1591 2268 1655 2303 quid
1667 2268 1692 2296 ei
1714 2275 1827 2304 respon-

1034 2316 1098 2344 dere
1110 2315 1246 2343 deberem.
1262 2315 1340 2342 Certe
1352 2314 1424 2342 enim
1444 2314 1565 2350 quamvis
1583 2318 1654 2343 esset
1665 2314 1825 2343 absurdissi-

1033 2368 1104 2394 mus,
1126 2359 1287 2389 concederet
1305 2359 1387 2393 mihi,
1402 2367 1463 2387 cum
1477 2359 1571 2387 doloso
1591 2364 1619 2387 ct
1636 2359 1768 2395 pervicaci
1790 2359 1825 2388 de

1033 2408 1104 2436 nulla
1117 2407 1226 2436 omnino
1239 2411 1266 2434 et
1279 2407 1392 2434 maxime
1404 2406 1438 2434 de
1450 2414 1479 2434 re
1493 2410 1566 2434 tanta
1578 2427 1586 2440 ,
1598 2414 1653 2434 non
1667 2413 1725 2434 esse
1740 2406 1825 2434 disse-

1032 2454 1155 2483 rendum.
1170 2453 1228 2488 Quo
1242 2460 1387 2487 concesso,
1403 2453 1477 2489 prior
1490 2459 1595 2481 mecum
1608 2456 1714 2488 ageret,
1729 2456 1759 2480 ut
1771 2452 1824 2481 sibi

1032 2502 1170 2531 crederem
1184 2501 1255 2529 bono
1270 2501 1359 2528 animo
1371 2508 1433 2528 eum
1446 2500 1515 2527 istuc
1528 2506 1658 2535 quaerere,
1672 2506 1760 2535 neque
1772 2498 1825 2527 ali-

1032 2549 1096 2585 quid
1111 2548 1137 2576 in
1150 2555 1190 2582 se,
1206 2547 1276 2582 quod
1289 2547 1323 2574 ad
1336 2554 1392 2574 rem
1407 2546 1475 2573 hanc
1487 2545 1601 2577 attinet,
1617 2544 1673 2572 doli
1686 2552 1718 2572 ac
1731 2545 1822 2581 pervi-

1032 2595 1113 2622 caciae
1132 2594 1225 2621 latere.
1240 2593 1307 2620 Tum
1332 2599 1382 2628 ego
1404 2592 1633 2625 demonstrarem,
1647 2590 1719 2627 quod
1741 2591 1824 2619 cuivis

1031 2639 1184 2667 facillimum
1200 2642 1281 2673 puto,
1297 2642 1396 2673 quanto
1416 2640 1489 2665 esset
1510 2636 1628 2672 aequius.
1649 2644 1709 2664 cum
1727 2637 1777 2664 sibi
1789 2636 1824 2665 de

1033 2685 1144 2713 occultis
1151 2684 1233 2712 animi
1246 2684 1286 2710 sui
1297 2690 1357 2718 quae
1370 2683 1428 2718 ipse
1440 2686 1542 2715 nosset,
1551 2682 1630 2710 vellet
1639 2683 1751 2710 alterum
1765 2690 1823 2711 cre-

1033 2732 1097 2760 dere
1111 2731 1156 2766 qui
1166 2737 1220 2758 non
1234 2733 1336 2763 nosset,
1353 2733 1382 2756 ut
1395 2729 1476 2757 etiam
1489 2729 1546 2764 ipse
1561 2733 1695 2757 tantorum
1705 2729 1822 2757 virorum

1034 2777 1131 2811 Libris,
1146 2776 1191 2812 qui
1202 2783 1231 2803 se
1244 2783 1305 2803 cum
1318 2775 1387 2802 Filio
1402 2774 1447 2805 Dei
1465 2774 1564 2802 vixisse
1578 2778 1701 2803 testatum
1715 2774 1823 2803 Litteris

1031 2824 1207 2859 reliquerunt,
1231 2829 1292 2850 esse
1315 2821 1398 2849 Deum
1420 2820 1558 2853 crederet;
1572 2821 1635 2857 quia
1650 2826 1677 2849 et
1690 2829 1721 2849 ea
1734 2828 1764 2849 se
1780 2822 1822 2849 vi-

1032 2870 1105 2899 disse
1118 2869 1293 2905 scripserunt,
1314 2875 1373 2903 quas
1396 2867 1471 2895 nullo
1490 2866 1570 2895 modo
1588 2867 1647 2895 ﬁeri
1662 2871 1785 2903 possent,
1800 2868 1823 2895 si
1860 2862 1862 2866 ’

1066 2927 1074 2943 ι
1086 2925 1269 2957 quamet-decim
1283 2928 1369 2958 ηδε-,α
1378 2923 1521 2957 mamma:
1531 2924 1589 2950 data
1598 2925 1654 2950 uel!
1663 2922 1742 2950 maia
1753 2922 1821 2949 boris.
