2059 3185
262 172 334 205 1245

255 237 310 260 non
321 233 394 262 esset
412 230 501 264 Dant;
514 234 544 260 et
559 230 671 262 nimium
692 229 791 258 stultus
809 233 891 262 esset,
907 229 929 256 si
948 235 991 255 me
1005 235 1048 256 re-

256 275 435 312 prehenderet
455 276 528 312 quod
540 276 593 307 illis
613 275 784 307 crediderim.
797 275 843 310 qui
864 274 914 305 sibi
926 273 1005 305 vellet
1020 278 1048 301 ut

256 321 405 353 crederem.
416 322 478 354 ,Jam
489 329 554 352 vero
562 321 634 357 quod
644 325 718 351 recte
724 320 921 356 reprehendere
935 327 988 356 non
1001 327 1048 349 va-

255 368 335 402 leret,
348 369 421 397 nullo
442 368 523 400 modo
541 368 673 404 reperiret
688 375 738 398 cur
747 367 825 397 etiam
844 366 927 398 nollet
939 366 1046 397 imitari.

255 415 289 443 Α.
302 415 332 444 Si
344 423 410 451 ergo
423 419 512 447 unum
523 415 560 443 sit
573 415 650 446 Deus.
665 414 731 444 satis
744 420 804 441 esse
815 413 961 444 existimas,
977 412 1047 447 quod

255 468 310 492 non
326 466 428 491 temore
442 461 521 491 tantis
535 461 601 489 viris
612 459 774 492 credendum
785 466 844 488 esse
853 458 1046 494 judicavimus;

257 514 306 534 cur
318 514 382 540 non,
396 514 488 541 quaeso
502 511 545 539 te,
559 506 594 534 de
614 506 647 534 iis
661 513 766 541 quoque
786 505 866 533 rebus
876 526 883 538 ,
899 512 965 540 quas
990 508 1049 531 tan-

255 559 335 588 quam
343 552 457 585 incertas
464 556 491 580 et
499 552 578 587 plane
587 552 736 587 incognitas
745 559 865 587 querere
874 551 1046 583 instituimus,

254 597 378 626 similiter
389 602 470 633 putas
476 597 631 626 eorumdem
642 598 759 626 virorum
772 596 924 625 auctoritati
938 597 976 625 sic
988 604 1048 625 esse

254 644 427 677 credendum,
439 649 471 673 ut
488 644 522 673 de
536 645 738 680 investigatione
750 652 842 672 earum
855 644 922 672 nihil
935 643 1048 678 amplius

254 690 426 720 laboremus?
439 690 473 721 E.
489 691 542 720 Sed
559 699 608 721 nos
630 692 657 720 id
677 691 747 727 quod
761 691 897 721 credimus
907 711 915 724 ,
930 697 1010 719 nosse
1021 694 1049 718 et

253 737 404 773 intelligere
414 738 546 774 cupimus.

290 784 317 812 6.
332 784 362 811 Δ.
376 784 458 813 Recte
471 784 634 817 meministi,
649 783 721 819 quod
740 784 820 813 etiam
835 784 863 812 in
876 783 988 826 exordio
1001 791 1048 811 su-

255 829 370 864 perioris
388 830 575 865 disputationis
594 838 611 859 ι
630 830 708 859 nobis
729 830 843 865 positum
862 837 921 857 esse
939 828 1007 865 (Lib.
1020 830 1047 863 l,

255 884 314 911 cap.
327 875 356 911 2)
368 896 377 910 ,
393 884 490 912 negare
500 884 553 904 non
567 884 718 911 possumus.
738 876 794 905 Nisi
808 876 879 903 enint
892 875 964 903 aliud
972 880 1049 903 esset

254 923 379 956 credere.
395 928 422 951 et
434 923 504 951 aliud
519 923 677 958 intelligere,
691 927 717 951 et
731 923 816 958 primo
830 922 991 951 credendum
1002 930 1049 951 esp

254 975 306 1003 set,
318 968 389 1005 quod
405 976 528 1003 magnum
541 972 569 997 et
582 968 700 996 divinum
714 968 863 1003 intelligere
877 976 1047 1003 cuperemus,

254 1015 354 1044 frustra
368 1014 497 1051 propheta
510 1014 636 1046 dixisset,
651 1014 710 1041 Nisi
721 1014 876 1041 credideritis
888 1034 897 1047 ,
912 1022 962 1041 non
974 1013 1050 1040 intel-

256 1061 339 1096 ligetis
354 1061 429 1098 (lsai.
446 1068 482 1087 vlt
496 1080 502 1091 ,
517 1060 542 1091 9,
558 1068 609 1086 sec.
623 1059 717 1095 LXX).
733 1060 791 1094 Ipse
804 1067 910 1095 quoque
922 1060 1048 1088 Dominus

252 1110 349 1135 noster
360 1111 388 1134 et
400 1106 477 1135 dictis
490 1111 518 1133 et
534 1105 610 1133 factis
624 1105 658 1133 ad
679 1106 841 1134 credendum
856 1107 942 1141 primo
955 1106 1048 1134 horta-

256 1156 299 1180 tus
312 1157 353 1182 est
362 1173 371 1186 ,
384 1160 451 1188 quos
464 1151 497 1180 ad
511 1151 623 1180 salutem
638 1151 751 1179 vocavit.
765 1146 820 1179 Sed
836 1156 927 1186 postea
939 1160 999 1180 cum
1015 1152 1048 1180 de

257 1199 315 1234 ipso
333 1199 403 1227 dono
415 1199 576 1235 loqueretur,
589 1198 659 1234 quod
673 1203 730 1226 erat
740 1198 851 1226 daturus
865 1199 1046 1232 credentibus,

256 1254 309 1273 non
324 1247 370 1279 ait,
386 1246 447 1273 Haec
459 1251 501 1274 est
512 1252 600 1274 autem
615 1247 668 1274 vita
683 1250 782 1274 aeterna
798 1251 827 1274 ut
838 1246 966 1278 credant;
982 1246 1028 1273 sed
1038 1266 1046 1279 ,

257 1292 322 1320 Ηαιι
334 1298 386 1326 at,
401 1294 504 1329 inquit,
521 1294 571 1321 vita
590 1298 685 1321 (eterna
696 1314 703 1326 ,
718 1298 745 1320 ut
765 1299 917 1329 cognoscant
930 1299 954 1320 te
966 1293 1048 1320 solum

254 1338 337 1367 Dum
349 1348 444 1373 verum,
465 1344 488 1367 et
507 1348 580 1374 quem
595 1340 685 1367 misisti
696 1340 785 1367 lerant
809 1339 937 1368 Christum
955 1339 1045 1373 (Joan.

255 1393 313 1413 xvn
324 1406 332 1419 ,
348 1385 388 1421 ὅ).
409 1386 510 1413 Deinde
527 1386 582 1420 jam
604 1385 776 1413 credentibus
795 1385 877 1418 dicit,
899 1385 1010 1417 Quaerite
1023 1389 1047 1412 et

253 1431 383 1459 invenietis
398 1431 504 1467 (Matth.
520 1440 574 1465 vn,
589 1431 617 1467 7)
635 1441 642 1460 :
658 1440 720 1459 nam
737 1439 824 1467 neque
842 1432 978 1459 inventum
995 1431 1048 1459 dici

255 1480 355 1511 potest,
376 1476 446 1511 quod
468 1477 629 1512 incognitum
644 1477 780 1509 creditur;
801 1484 888 1511 neque
908 1477 1046 1512 quisquam

211 1543 219 1551 .
255 1522 416 1550 inveniendo
427 1523 482 1551 Deo
493 1523 521 1550 fit
534 1523 656 1557 idoneus,
668 1524 719 1551 nisi
732 1528 808 1551 antea
823 1523 964 1550 crediderit
976 1523 1047 1558 quod

255 1571 299 1596 est
309 1573 400 1603 postea
415 1569 578 1604 cogniturus.
594 1569 762 1605 Quapropter
780 1569 885 1597 Domini
907 1569 1047 1604 pmeeptis

255 1614 471 1649 obtemperantes
489 1623 640 1650 quaeramus
651 1616 789 1643 instanter.
802 1615 878 1649 Quod
898 1615 968 1642 enim
983 1615 1046 1642 hor-

255 1664 328 1687 tante
346 1661 405 1696 ipso
422 1661 567 1696 querimus
578 1682 585 1694 ,
605 1661 699 1689 eodem
720 1662 778 1697 ipso
792 1662 993 1689 demonstrante
1006 1662 1047 1690 in-

254 1707 402 1740 veniemus,
417 1712 543 1742 quantum
557 1707 615 1736 haec
628 1708 654 1734 in
665 1707 715 1735 hac
727 1709 791 1741 vita,
802 1711 830 1735 et
839 1715 854 1734 a
865 1708 940 1735 nobis
951 1708 1046 1736 talibus

255 1752 366 1780 inveniri
380 1758 480 1788 queunt
494 1762 501 1781 :
516 1761 577 1781 nam
589 1759 617 1781 et
628 1761 643 1781 ι
656 1754 810 1781 melioribus
823 1754 903 1781 etiam
921 1753 985 1782 dum
999 1754 1046 1782 has

244 1802 340 1826 .terras
353 1799 472 1829 incolunt
483 1820 489 1830 ,
504 1804 531 1827 et
541 1804 613 1827 certe
625 1807 639 1826 a
650 1800 728 1827 bonis
741 1803 770 1827 et
782 1799 832 1834 piis
844 1800 968 1827 omnibus
987 1804 1046 1834 post

254 1844 322 1872 hanc
338 1845 429 1877 vitam,
442 1845 593 1873 evidentius
606 1849 685 1880 atque
698 1845 841 1880 perfectius
852 1845 900 1873 ista
911 1846 984 1873 cerni
998 1846 1046 1873 ob-

256 1891 389 1927 tinerique
409 1892 570 1920 credendum
585 1897 647 1925 est;
666 1897 694 1920 et
709 1892 785 1919 nobis
808 1893 842 1919 ita
855 1892 911 1919 fore
932 1899 1043 1926 speran-

252 1936 316 1964 dum
337 1942 397 1971 est,
424 1942 451 1965 et
470 1937 521 1965 ista
542 1938 703 1972 contemptis
725 1938 838 1965 terrenis
856 1942 883 1965 et
901 1937 1042 1971 humanis,

244 1983 327 2011 omni
338 1983 418 2012 modo
428 1982 605 2011 desideranda
618 1987 645 2011 et
655 1983 787 2019 diligenda
802 1988 873 2011 sunt.

251 2028 363 2057 CAPUT
383 2028 426 2056 ll].
440 2044 474 2049 -—-
490 2028 573 2055 Deum
592 2037 645 2056 esse
657 2034 684 2056 ut
697 2030 857 2065 manifestum
869 2029 958 2056 euadat
969 2050 975 2062 ,
991 2030 1044 2057 dis-

322 2075 430 2109 qttiritur
447 2074 510 2109 quid
523 2074 556 2101 sit
569 2075 596 2100 in
609 2075 710 2102 homine
727 2076 971 2111 praestantissimum.

288 2121 313 2147 7.
326 2120 482 2154 Qumramus
489 2124 577 2148 autem
590 2121 640 2148 hoc
650 2121 753 2155 ordine,
765 2122 787 2149 si
801 2122 886 2156 placet
897 2131 904 2148 :
915 2122 1042 2158 primum,

253 2166 389 2204 quomodo
401 2165 569 2194 manifestum
584 2170 626 2194 est
639 2166 721 2194 Deum
736 2174 815 2199 esse;
831 2167 938 2201 deinde,
954 2172 1043 2196 tttrum

250 2215 286 2243 ab
312 2214 357 2242 illo
386 2213 439 2241 sint
462 2220 635 2250 quacumque
662 2213 688 2241 iu
712 2217 955 2249 quantumcumque
982 2218 1044 2243 sunt

252 2261 338 2291 bona;
352 2264 486 2295 postremo
498 2281 506 2294 ,
523 2265 610 2288 utntm
626 2260 652 2288 in
672 2260 749 2288 bonis
768 2260 932 2288 numeranda
948 2260 984 2288 sit
996 2268 1043 2288 v0-

252 2306 341 2334 luntas
358 2306 450 2334 libera.
473 2306 574 2340 Quibus
595 2306 740 2341 compertis
758 2306 823 2334 satis
844 2306 997 2341 apparebit,
1014 2311 1043 2334 ut

251 2354 356 2388 opinor,
370 2357 459 2380 utrum
474 2358 546 2380 recte
561 2352 661 2379 homini
675 2351 736 2380 data
753 2352 797 2380 sit.
809 2353 897 2386 Quare
909 2353 982 2388 prius
994 2354 1042 2382 abs

252 2403 278 2425 te
291 2406 394 2434 quam),
410 2403 439 2426 ut
450 2399 484 2427 de
497 2398 719 2426 manifestissimis
732 2399 868 2434 capiamus
882 2400 1040 2434 exordium;

251 2449 338 2471 utrum
352 2450 380 2472 tu
396 2445 453 2480 ipse
473 2445 520 2472 sis.
544 2445 584 2471 An
602 2449 630 2472 tu
645 2444 757 2473 fortasse
772 2445 870 2474 metuis
881 2466 889 2480 ,
905 2453 939 2474 ne
953 2447 979 2475 in
993 2446 1042 2474 hac

252 2492 460 2527 interrogatione
472 2490 571 2518 fallaris
581 2511 588 2521 .
601 2497 662 2518 cum
676 2491 767 2526 utique
780 2491 801 2519 si
815 2499 868 2520 non
881 2499 954 2520 esses
964 2513 971 2525 ,
986 2492 1041 2521 t‘alli

240 2539 360 2565 omnino
375 2545 429 2565 non
449 2536 562 2571 posses?
575 2536 609 2564 E.
626 2536 709 2572 Perge
729 2536 816 2571 potius
832 2537 865 2564 ad
886 2542 991 2565 caetera.
1007 2538 1039 2565 Δ.

251 2585 323 2620 Ergo
335 2584 460 2620 quoniam
475 2582 643 2611 manifestum
659 2587 700 2610 est
712 2591 772 2611 esse
785 2587 820 2617 te,
836 2591 886 2611 nec
905 2584 952 2611 tibi
965 2584 1042 2612 aliter

252 2630 421 2658 Inanifestum
434 2634 515 2662 esset,
531 2630 580 2657 nisi
592 2630 707 2663 viveres,
719 2628 745 2657 id
756 2637 860 2665 quoque
873 2630 1040 2658 manifestum

252 2681 311 2708 est,
328 2675 419 2703 vivere
437 2680 463 2702 te
477 2685 484 2702 :
500 2675 658 2710 intelligisne
672 2675 722 2703 ista
741 2675 795 2703 duo
808 2682 868 2703 esse
886 2676 1041 2705 verissima?

253 2721 286 2748 Ε.
302 2721 415 2749 Prorsus
427 2721 556 2757 intelligo.
573 2721 603 2748 A.
622 2721 692 2757 Ergo
703 2721 783 2749 etiam
801 2720 852 2748 hoc
864 2721 970 2749 tertium
986 2729 1041 2749 ma-

252 2766 376 2794 nifestum
395 2772 447 2800 est,
466 2767 517 2794 hoc
528 2771 570 2795 est
583 2767 730 2802 intelligere
752 2771 787 2795 te.
811 2766 845 2794 E.
860 2767 1039 2795 Manifestum.

251 2813 282 2840 Α.
297 2813 366 2848 Quid
378 2813 406 2841 in
419 2813 461 2841 his
474 2813 559 2842 tribus
568 2814 615 2842 tibi
632 2813 736 2841 videtur
745 2813 897 2842 excellere?
911 2813 945 2841 Ε.
961 2814 1041 2842 intol-

252 2859 369 2896 ligentia.
389 2860 422 2888 Δ.
442 2859 497 2888 Cur
515 2860 563 2888 tibi
578 2860 628 2888 hoc
641 2859 766 2888 videtur?
780 2859 813 2888 E.
830 2860 896 2894 Quia
910 2868 970 2889 cum
991 2860 1040 2893 tria

201 2933 204 2936 .
250 2907 307 2937 sint
316 2908 392 2943 haec.
404 2915 481 2941 esse.
500 2908 609 2942 vivere,
629 2907 792 2943 intelligere;
809 2911 837 2937 et
856 2906 923 2943 lapis
941 2912 999 2942 est,
1013 2911 1041 2935 et

753 168 797 199 DE
815 169 939 198 LIBERO
958 168 1132 203 ARBITRIO,
1152 170 1185 199 S.
1206 171 1391 202 AUGUSTI!“

1102 235 1184 263 pecus
1198 229 1273 263 vivit,
1288 238 1339 259 nec
1354 235 1446 260 tamen
1459 232 1576 268 lapidem
1591 238 1655 270 puto
1667 235 1775 271 vive“.
1786 242 1833 266 aut
1847 247 1898 274 βα

1102 281 1151 302 cus
1164 275 1330 311 intelligere;
1349 278 1394 313 qui
1408 283 1501 307 autem
1520 280 1661 317 intdligit,
1674 290 1736 311 eum
1748 288 1779 312 et
1793 292 1855 314 esse
1867 290 1900 314 et

1101 321 1191 350 vivere
1209 324 1386 354 certissimum
1405 330 1448 354 est
1462 334 1567 361 :quare
1578 328 1640 364 [non
1660 329 1753 358 dubito
1767 331 1793 359 id
1807 333 1899 361 excel-

1102 366 1201 395 lentius
1213 368 1349 404 iudicare,
1365 372 1407 399 cui
1424 373 1514 401 omnia
1532 374 1582 402 tria
1595 374 1702 410 insunt,
1716 384 1795 412 quam
1811 378 1838 406 id
1852 379 1899 408 cui

1100 413 1155 441 duo
1167 415 1208 442 vel
1223 422 1304 443 unum
1324 416 1403 445 desit.
1418 417 1484 446 Nam
1503 419 1575 454 quod
1600 420 1679 453 vivit,
1695 422 1785 458 utique
1797 428 1825 451 et
1837 430 1897 458 est,

1101 458 1149 486 sed
1167 467 1220 487 non
1239 461 1359 496 sequitur
1379 467 1408 490 ut
1426 464 1507 491 etiam
1523 464 1675 502 intelligat:
1689 468 1796 503 qualem
1812 470 1898 498 vitam

1101 512 1161 532 esse
1176 507 1280 540 pecoris
1301 508 1424 536 arbitror.
1441 510 1516 542 Quod
1538 516 1626 539 autem
1649 518 1710 545 est,
1733 521 1786 541 non
1804 516 1897 550 utique

1101 559 1268 587 consequens
1288 561 1327 581 est
1348 561 1375 582 ut
1389 561 1415 583 et
1437 557 1506 583 vivat
1527 563 1555 585 et
1577 558 1727 594 intelligat:
1749 568 1809 588 nam
1834 569 1897 589 esse

1100 598 1227 625 cadavera
1244 608 1350 633 possum
1367 601 1443 629 fateri
1457 623 1463 634 ,
1479 603 1568 631 vivere
1582 609 1670 631 autem
1686 606 1773 633 nullus
1787 606 1895 634 dixerit.

1100 643 1299 679 Jomveroquod
1314 655 1364 674 non
1376 648 1455 680 vivit,
1473 650 1555 676 multo
1566 650 1653 678 minus
1662 652 1833 687 intelligit.A.
1842 653 1896 681 Te-

1102 698 1196 718 nctnus
1214 693 1393 727 igiturhorum
1413 695 1550 723 triumduo
1569 696 1661 725 deesse
1669 698 1802 731 cadaveri,
1812 707 1896 727 unum

1105 738 1210 771 pet-ori,
1235 739 1299 765 nihil
1319 740 1429 767 homini.
1452 741 1483 767 E.
1509 741 1606 770 Verum
1628 748 1677 770 est.
1702 744 1734 771 Α.
1760 744 1897 773 Tenemus

1101 783 1180 809 etiam
1202 784 1226 810 id
1239 792 1299 812 esse
1312 786 1339 813 in
1360 786 1399 813 his
1420 787 1504 815 tribus
1524 791 1692 823 praestantius
1704 811 1712 824 ,
1728 791 1797 826 quod
1812 791 1896 819 homo

1101 838 1160 856 cum
1183 831 1285 859 duobus
1301 835 1405 861 catteris
1421 834 1509 867 habet,
1531 836 1557 863 id
1580 841 1621 864 est
1640 838 1805 872 intelligere,
1822 839 1897 874 quod

1102 876 1242 905 habentem
1252 880 1370 913 sequitur
1381 886 1409 907 ct
1418 889 1477 908 esse
1489 888 1514 909 ct
1523 882 1620 910 vivere.
1632 883 1665 911 E.
1678 883 1810 912 Tenemus
1818 893 1896 913 sane.

1137 924 1163 950 ὃ.
1178 925 1209 950 Α.
1235 926 1280 952 Dic
1293 926 1358 953 mihi
1372 927 1426 960 jam
1439 933 1525 954 utrum
1543 929 1602 956 illos
1619 930 1814 965 vulgatissimos
1833 939 1896 959 cor-

1103 971 1174 1003 poris
1188 979 1283 999 sensus
1299 972 1396 1000 habere
1412 979 1436 1001 lc
1450 976 1566 1007 noveris,
1582 976 1701 1010 videndi,
1717 982 1745 1004 et
1758 978 1895 1011 audiendi,

1101 1020 1127 1042 ct
1142 1017 1280 1045 ollaciendi
1292 1040 1298 1051 ,
1314 1024 1339 1045 et
1359 1021 1500 1054 gustandi,
1514 1026 1540 1048 et
1558 1024 1691 1058 tangendi.
1714 1023 1748 1051 E.
1770 1024 1847 1052 Novi.
1862 1025 1896 1052 Α.

1101 1063 1167 1094 Quid
1186 1069 1260 1098 putas
1275 1066 1406 1099 pertinere
1421 1068 1453 1094 ad
1466 1068 1572 1095 videndi
1587 1077 1694 1097 sensum
1705 1070 1717 1096 ἳ
1730 1070 1755 1098 id
1765 1076 1817 1104 est,
1831 1072 1896 1106 quid

1102 1113 1177 1141 putas
1193 1118 1241 1136 nos
1259 1111 1370 1139 videndo
1386 1114 1505 1141 sentire?
1520 1113 1553 1140 E.
1576 1116 1756 1151 Qumcumque
1770 1125 1897 1152 corpora-

1101 1153 1145 1179 lia.
1160 1154 1190 1180 Α.
1208 1155 1274 1182 Num
1298 1159 1376 1183 etiam
1393 1158 1456 1185 duro
1472 1164 1499 1186 et
1513 1161 1601 1187 mollia
1618 1161 1732 1188 videndo
1744 1163 1896 1190 sentimus?

1101 1200 1134 1226 E.
1158 1201 1225 1228 Non.
1246 1203 1277 1228 Α.
1293 1204 1360 1236 Quid
1382 1213 1446 1239 ergo
1469 1207 1574 1240 proprie
1594 1207 1627 1234 ad
1649 1208 1740 1235 oculos
1762 1210 1895 1243 pertinet,

1100 1248 1169 1281 quod
1187 1256 1232 1282 per
1247 1257 1292 1275 cos
1306 1251 1456 1278 sentimus?
1474 1252 1504 1279 E.
1520 1252 1610 1280 Color.
1621 1254 1653 1279 Α.
1667 1254 1737 1287 Quid
1751 1254 1784 1282 ad
1797 1262 1874 1283 aures
1884 1257 1897 1283 ?

1102 1293 1133 1318 Ε.
1157 1294 1251 1321 Sonus.
1274 1296 1305 1322 Α.
1323 1297 1389 1330 Quid
1405 1298 1437 1324 ad
1453 1298 1600 1326 oll’actutn?
1621 1299 1653 1326 E.
1676 1300 1758 1328 Odor.
1777 1301 1809 1328 A.
1824 1302 1895 1335 Quid

1100 1339 1131 1365 ad
1147 1342 1274 1373 gustum?
1289 1342 1319 1367 E.
1335 1343 1429 1376 Sapor.
1446 1344 1477 1370 Α.
1494 1344 1561 1377 Quid
1579 1345 1610 1371 ad
1629 1347 1750 1374 tactum?
1765 1345 1798 1374 Ε.
1814 1347 1896 1375 Molle

1102 1385 1142 1410 vcl
1152 1385 1259 1417 durum,
1271 1387 1330 1414 leue
1341 1388 1381 1414 vel
1396 1396 1530 1422 astrorum,
1545 1394 1572 1417 ct
1586 1391 1666 1417 multa
1681 1391 1754 1419 talia.
1767 1392 1798 1418 Α.
1806 1392 1896 1426 Quid?

1100 1438 1240 1465 corporum
1257 1432 1371 1467 fortnas,
1391 1443 1514 1469 magnas,
1530 1436 1640 1469 breves,
1656 1437 1787 1472 quadras,
1803 1443 1896 1466 rotun-

1100 1476 1162 1509 das,
1177 1482 1203 1504 et
1218 1479 1239 1504 si
1255 1479 1317 1512 quid
1333 1479 1482 1511 huiusmodi
1500 1486 1559 1514 cst,
1575 1490 1664 1510 nonne
1678 1488 1705 1510 et
1718 1484 1849 1518 tangendo
1868 1489 1895 1513 et

1100 1522 1214 1550 videndo
1229 1525 1357 1552 sentimus
1367 1546 1374 1558 ,
1392 1531 1418 1553 et
1433 1527 1492 1554 ideo
1506 1536 1556 1555 nec
1570 1529 1637 1555 visui
1651 1531 1771 1565 proprie,
1787 1538 1838 1559 nec
1854 1536 1894 1559 la-

1099 1569 1152 1595 clui
1168 1570 1245 1596 tribui
1261 1577 1388 1605 possunt,
1413 1573 1459 1599 sed
1475 1575 1597 1609 utrique?
1612 1574 1645 1602 E.
1660 1575 1790 1612 intelligo.
1804 1577 1836 1604 Α.
1852 1577 1895 1605 In-

1100 1615 1196 1650 telligis
1212 1624 1275 1651 ergo
1287 1623 1312 1645 et
1325 1619 1445 1653 quaedam
1462 1621 1581 1655 singulos
1599 1630 1693 1651 sensus
1709 1625 1807 1652 habere
1830 1633 1892 1660 pro-

1100 1661 1166 1694 prid,
1192 1662 1226 1690 de
1248 1664 1345 1697 quibus
1370 1667 1542 1699 renuntient,
1568 1673 1594 1697 et
1615 1668 1737 1703 qumdam
1762 1671 1892 1705 quosdam

1100 1707 1196 1735 habere
1211 1712 1381 1738 communia?
1395 1712 1427 1739 Ε.
1442 1713 1475 1740 Et
1488 1713 1539 1740 hoc
1553 1715 1680 1750 intelligo.
1694 1717 1725 1744 Α.
1737 1717 1804 1750 Quid
1813 1718 1894 1753 igitur

1099 1754 1131 1780 ad
1145 1763 1277 1789 quemque
1298 1764 1404 1785 sensum
1422 1760 1571 1794 pertineat,
1591 1766 1623 1793 ~et
1639 1762 1702 1797 quid
1718 1764 1786 1792 inter
1803 1772 1834 1792 se
1849 1766 1892 1793 vel

1099 1808 1191 1829 omnes
1211 1802 1251 1828 vel
1269 1804 1374 1837 quidam
1389 1812 1480 1832 corutn
1496 1808 1674 1835 (‘OlllnltlnllCl‘
1688 1809 1810 1843 habeant,
1826 1819 1892 1839 num

1099 1853 1239 1879 possumus
1266 1849 1320 1875 ullo
1346 1858 1439 1877 eorutn
1467 1858 1547 1879 sensu
1567 1853 1732 1887 dijudicarc?
1755 1855 1787 1882 Ε.
1812 1856 1892 1885 Nullo

1098 1892 1187 1924 modo,
1201 1894 1247 1920 sed
1258 1896 1372 1929 quodam
1387 1896 1511 1925 interiore
1522 1898 1569 1925 ista
1581 1899 1767 1934 dijudicantur.
1778 1901 1810 1928 Α.
1821 1902 1891 1930 Num

1099 1940 1212 1968 fortasse
1236 1942 1291 1976 ipsa
1307 1947 1349 1970 est
1366 1944 1450 1977 ratio,
1467 1953 1517 1979 qua
1533 1945 1625 1974 bestia:
1639 1948 1748 1975 carent?
1764 1955 1841 1982 nam,
1862 1955 1892 1977 ut

1099 1985 1203 2019 opinor,
1219 1987 1320 2014 ratione
1336 1988 1384 2015 ista
1400 1991 1662 2024 comprehendimus,
1674 1997 1701 2020 et
1712 1993 1748 2019 ita
1763 2000 1824 2022 sese
1838 1994 1890 2022 Ita-

1098 2031 1161 2058 bere
1173 2034 1367 2066 cognoscimus.
1381 2035 1412 2062 E.
1425 2036 1505 2071 Magis
1519 2045 1566 2064 nos
1579 2038 1694 2066 arbitror
1703 2040 1807 2068 ratione
1816 2048 1891 2069 eom-

1097 2078 1264 2112 prehcnderc
1287 2088 1347 2108 esse
1368 2082 1521 2110 interiorem
1544 2085 1684 2118 quemdam
1706 2093 1834 2119 sensum,
1855 2088 1890 2116 ad

1098 2132 1176 2158 quem
1197 2125 1230 2151 ab
1245 2126 1301 2153 istis
1315 2127 1430 2161 quinque
1452 2129 1598 2157 notissimis
1614 2135 1709 2158 cuncta
1729 2132 1887 2162 refcrantur.

1095 2169 1214 2204 Namque
1227 2171 1297 2198 aliud
1312 2177 1352 2198 est
1365 2181 1416 2207 quo
1432 2173 1503 2201 videt
1514 2174 1608 2208 bestia,
1623 2175 1695 2203 aliud
1714 2184 1767 2211 quo
1782 2185 1813 2206 ea
1828 2186 1889 2214 qua

1095 2217 1210 2244 videndo
1223 2219 1313 2250 sentit,
1325 2219 1367 2246 vel
1382 2219 1446 2246 vitat
1458 2220 1500 2247 vel
1512 2221 1613 2256 appetit
1629 2231 1635 2249 :
1651 2222 1696 2251 ille
1709 2224 1781 2252 enim
1792 2231 1888 2254 senem

1096 2263 1121 2289 in
1138 2264 1221 2290 oculis
1243 2269 1301 2297 est,
1324 2265 1369 2292 ille
1387 2270 1475 2293 autem
1497 2267 1566 2294 intus
1589 2268 1614 2295 in
1635 2269 1690 2303 ipsa
1710 2270 1814 2302 anima;
1833 2279 1888 2306 quo

1096 2316 1147 2335 non
1162 2309 1246 2336 solum
1257 2318 1287 2336 ca
1301 2318 1359 2345 tunc
1370 2312 1502 2346 videntur,
1514 2313 1561 2340 sed
1573 2313 1653 2341 etiam
1663 2321 1724 2350 quae
1733 2315 1886 2350 audiuntur,

1095 2362 1206 2390 qumque
1220 2357 1324 2384 cmteris
1338 2357 1478 2391 capiuntur
1493 2360 1613 2393 corporis
1625 2360 1761 2394 sensibus,
1779 2362 1821 2392 vel
1836 2370 1886 2398 ap-

1096 2405 1187 2434 petunt
1200 2401 1323 2428 animalia
1333 2403 1462 2430 delectata
1473 2408 1501 2431 et
1513 2411 1663 2439 assumtutt,
1674 2406 1716 2435 vel
1725 2406 1826 2438 olens.
1838 2408 1888 2438 de-

1095 2446 1178 2473 vitant
1190 2451 1215 2473 et
1227 2453 1363 2482 respuunt.
1381 2449 1428 2476 llic
1443 2455 1530 2477 autem
1546 2459 1596 2478 nec
1608 2452 1691 2486 visus,
1707 2460 1757 2482 nec
1767 2453 1884 2489 auditus,

1095 2500 1143 2519 nec
1157 2493 1286 2526 olfactus,
1313 2502 1363 2522 nec
1383 2499 1518 2529 gustatus,
1540 2504 1589 2524 nec
1607 2502 1693 2526 tactus
1706 2498 1758 2527 dici
1778 2504 1884 2534 potest.

1094 2539 1140 2566 sed
1155 2540 1246 2566 nescio
1257 2540 1319 2574 quid
1334 2541 1403 2568 aliud
1417 2542 1487 2576 quod
1498 2544 1622 2570 omnibus
1632 2546 1809 2577 communiter
1821 2554 1885 2581 pra-

1094 2585 1172 2613 sitlet.
1191 2586 1266 2619 Quod
1286 2595 1346 2613 cum
1366 2589 1468 2616 ratione
1480 2589 1756 2624 comprehendamus,
1773 2595 1802 2620 ut
1812 2591 1883 2626 dixi,

1095 2632 1144 2658 hoc
1160 2632 1244 2666 ipsum
1262 2638 1348 2661 tamen
1363 2634 1490 2662 rationem
1505 2643 1600 2663 vocare
1611 2644 1664 2664 non
1678 2644 1802 2672 possunt;
1814 2646 1884 2673 quo-

1094 2678 1163 2704 niam
1179 2682 1207 2704 et
1220 2678 1310 2705 bestiis
1323 2679 1410 2706 inesse
1424 2680 1590 2709 manifestum
1604 2685 1654 2709 cst.

1129 2724 1156 2750 9.
1171 2725 1202 2750 Α.
1218 2725 1340 2759 Agnosco
1355 2726 1423 2753 istud
1439 2727 1566 2762 quidquid
1581 2733 1637 2762 est,
1650 2733 1677 2757 et
1695 2737 1756 2758 eum
1771 2729 1884 2759 interio-

1094 2777 1150 2796 rcm
1163 2777 1269 2798 sensum
1282 2773 1415 2806 appellare
1429 2781 1481 2801 non
1496 2774 1597 2803 dubito.
1611 2774 1664 2804 Sed
1683 2776 1733 2804 nisi
1755 2782 1782 2807 et
1802 2778 1884 2807 istum

1095 2820 1225 2849 transeat,
1240 2817 1310 2851 quod
1330 2818 1362 2845 ad
1377 2826 1427 2846 nos
1441 2819 1556 2848 refertur
1572 2828 1587 2848 a
1607 2822 1731 2851 sensibus
1746 2824 1883 2859 corporis,

1096 2862 1232 2895 pervenire
1252 2863 1284 2890 ad
1308 2864 1446 2892 scientiam
1466 2873 1519 2893 non
1541 2871 1637 2901 potest.
1656 2867 1791 2904 Quidquid
1811 2869 1884 2899 etim
1893 2894 1903 2915 δ

1094 2908 1192 2935 scimus
1204 2929 1212 2942 ,
1229 2909 1255 2936 id
1274 2911 1376 2939 ratione
1395 2912 1618 2947 comprehensum
1634 2919 1765 2953 tenemus,
1779 2915 1885 2954 ξριτιας
