2059 3185
170 188 239 219 Βιὸ
829 190 906 219 LIBE
911 191 931 218 Β

997 189 1136 220 EUNDUS.
1609 166 1612 171 Ι
1727 195 1795 224 1246

168 257 268 285 autem,
282 257 312 280 ut
322 252 357 280 de
369 253 474 281 caeteris
487 257 597 285 taceam,
610 259 660 280 nec
672 252 775 279 colores
790 251 893 283 auditu,
909 258 958 279 nec

167 306 248 329 voces
260 299 316 326 visu
327 306 406 333 posse
419 299 521 326 sentiri.
537 299 642 326 Etcum
652 298 701 325 hoc
711 298 819 330 seimus,
831 305 881 324 nec
890 304 955 324 ocu-

168 345 201 372 lis
212 366 219 378 ,
233 352 283 372 nec
296 344 405 372 auribus
417 345 522 378 scimus,
550 352 635 380 neque
654 345 699 372 illo
714 351 793 371 sensu
813 344 954 377 interiore,

166 398 220 426 quo
235 399 284 419 nec
296 390 388 418 bestia:
402 396 503 418 carent.
522 390 579 417 Non
595 391 665 417 enim
679 389 840 417 credendum
854 393 895 417 est
909 397 955 416 eas

167 445 263 471 nosse,
279 445 328 465 nec
343 437 454 464 auribus
466 437 558 464 sentiri
572 437 672 470 lucem,
689 444 738 463 nec
752 436 835 464 oculis
846 443 952 468 vocem;

166 485 290 520 quoniam
307 484 355 511 ista
369 484 473 511 nonnisi
491 484 612 511 rationali
625 483 854 510 animadversione
868 486 895 509 et
906 489 954 509 co-

166 531 293 565 gitatione
307 529 493 557 discernimus.
511 529 542 555 E.
557 529 613 556 Non
627 536 733 563 possum
745 528 833 555 dicere
844 528 893 554 hoc
911 534 954 553 me

166 575 265 603 habere
276 580 440 610 perceptum.
454 574 523 608 Quid
538 575 560 601 si
575 575 645 602 enim
660 581 738 601 sensu
752 572 951 606 illo-interiore,

165 628 218 655 quo
230 628 276 648 eas
289 628 342 647 non
355 628 446 647 carere
462 619 597 651 concedis,
613 619 663 647 hoc
677 626 781 654 quoque
793 618 951 653 dljudicant,

165 674 214 693 nec
227 666 328 692 colores
349 666 438 692 auditu
463 673 511 693 nec
532 666 589 691 visu
609 673 687 691 voces
701 672 778 698 posse
797 664 905 703 sentiri?
919 664 950 689 Α.

164 713 230 738 Num
252 712 330 739 etiam
352 716 426 746 putas
445 720 490 739 cas
510 720 587 746 posse
606 712 767 749 discernere,
786 711 820 738 ab
840 711 950 737 invicem

163 758 278 784 colorem
292 758 335 791 qui
352 758 472 785 sentitur.
490 762 514 783 et
534 765 640 783 sensum
658 758 700 791 qui
717 757 741 783 in
756 758 833 784 oculo
845 761 900 787 est,
924 760 952 783 el.

163 802 314 828 interiorem
337 803 408 828 illum
424 810 530 829 sensum
552 803 619 837 apud
635 803 748 829 animam
760 824 766 835 ,
782 807 805 829 et
821 802 949 829 rationem

163 856 211 881 qua
227 849 274 874 ista
295 849 446 883 singillatim
463 849 623 875 deliniontnr
636 854 661 876 et
680 849 899 875 dinumerantur?
914 849 946 875 E.

162 894 238 920 Nullo
257 894 344 920 modo.
359 894 390 921 Α.
407 895 497 927 Quid?
516 896 562 921 ista
578 896 644 921 ratio
660 899 749 929 posset
769 895 825 921 haec
837 899 949 928 quatuor

161 941 310 967 di—ccruere
331 942 363 967 ab
387 942 497 967 invicem
518 946 543 967 et
566 941 764 968 definitionibus
787 941 946 971 terminare,

161 986 209 1011 nisi
223 986 254 1012 ad
267 994 323 1012 eam
336 986 477 1013 referretur
490 992 515 1012 et
529 987 601 1013 color
614 994 661 1020 per
673 987 810 1012 oculorum
827 993 945 1019 sensum,

160 1037 185 1058 et
202 1033 257 1067 ipse
272 1040 362 1059 rursus
377 1041 424 1067 per
441 1033 513 1059 illum
532 1033 682 1059 interiorem
706 1032 749 1067 qui
765 1032 788 1058 ei
804 1032 927 1066 pra-Sidet
938 1052 945 1065 ,

159 1084 185 1105 et
201 1079 268 1105 idem
283 1079 392 1106 interior
403 1086 449 1112 per
457 1080 583 1113 seipsum,
600 1078 621 1105 si
635 1083 720 1104 latitet]
733 1078 787 1112 jam
803 1078 864 1104 nihil
876 1078 947 1105 aliud

160 1125 343 1159 interpOsitnm
357 1126 416 1152 est?
431 1125 464 1152 E.
488 1125 543 1151 Non
560 1125 635 1151 video
651 1125 782 1159 quomodo
796 1125 870 1151 aliter
885 1133 946 1158 pos-

159 1175 208 1197 set.
226 1171 256 1196 Α.
274 1171 363 1204 Quid?
382 1172 431 1198 hoc
444 1172 564 1203 videsne,
582 1179 660 1198 sensu
676 1172 812 1198 oculorum
828 1171 944 1197 colorem

158 1217 267 1250 sentiri,
294 1217 414 1244 eumdem
439 1222 527 1244 autem
548 1225 655 1243 sensum
679 1217 772 1244 eodem
792 1224 871 1243 sensu
893 1224 945 1243 non

159 1262 269 1289 sentiri?
292 1263 349 1289 Non
377 1263 447 1290 enim
470 1271 521 1297 quo
543 1270 622 1289 sensu
645 1262 760 1289 colorem
784 1263 872 1293 vides,
897 1262 946 1288 hoc

159 1307 251 1334 eodem
273 1307 347 1334 vides
371 1308 449 1334 etiam
473 1310 558 1342 ipsum
579 1308 679 1342 videre.
700 1307 732 1333 E.
750 1307 807 1334 Non
825 1307 943 1334 omnino.

158 1353 188 1379 Α.
206 1353 312 1380 Eniterc
334 1355 412 1381 etiam
429 1356 476 1381 ista
491 1355 635 1388 dijudicarc
651 1363 657 1381 :
674 1362 732 1381 nam
750 1355 830 1381 credo
846 1360 870 1381 te
892 1362 945 1382 non

159 1408 254 1434 negare
265 1401 334 1427 aliud
343 1401 459 1427 colorem
475 1409 544 1431 esse.
560 1406 586 1428 et
598 1401 666 1427 aliud
679 1401 793 1427 Colorem
805 1401 903 1432 videre,
919 1406 946 1427 et.

158 1446 296 1473 itemaliud
306 1448 462 1480 etiam,cum
472 1447 606 1473 colornon
620 1446 719 1478 subest,
733 1447 944 1473 hahercsensnm

157 1498 208 1524 quo
222 1490 304 1518 videri
318 1496 424 1526 posset,
442 1491 462 1517 si
485 1492 615 1517 subesset.
635 1490 668 1517 E.
692 1490 816 1517 Discerno
831 1495 858 1517 et
876 1491 943 1523 ista,

157 1539 183 1562 at
203 1536 271 1563 inter
286 1544 314 1563 se
337 1537 443 1563 diil'erre
463 1536 590 1563 concedo.
612 1536 634 1562 A
661 1536 726 1562 Num
749 1536 842 1562 horum
867 1536 944 1562 trium

157 1583 296 1617 quidquam
313 1583 386 1610 vides
401 1583 499 1614 oculis,
515 1583 563 1609 nisi
577 1582 717 1609 colorem?
732 1582 765 1608 E.
780 1582 849 1608 Nihil
863 1582 943 1608 aliud.

155 1625 188 1655 Α.
205 1628 251 1655 Dic
264 1636 327 1663 ergo
344 1629 413 1655 unde
428 1629 518 1655 videas
531 1628 582 1654 alia
600 1628 668 1660 dno;
691 1635 742 1653 non
760 1628 831 1654 enim
847 1636 876 1653 ea
891 1635 943 1654 non

157 1672 210 1699 visa
226 1680 316 1707 passes
333 1673 493 1700 discernere.
521 1673 554 1699 E.
577 1672 672 1699 Nescio
691 1673 752 1707 quid
775 1673 862 1706 aliud;
884 1681 944 1700 esse

156 1720 231 1751 scio,
259 1718 322 1745 nihil
349 1718 470 1753 amplius.
498 1718 529 1744 Α.
560 1718 651 1745 Nescis
673 1719 750 1752 igitur
777 1724 864 1746 utrum
889 1720 943 1753 jam

156 1765 211 1799 ipsa
226 1765 260 1792 sit
275 1765 356 1797 ratio,
368 1773 401 1791 an
418 1766 460 1792 illa
475 1765 527 1792 vita
537 1765 571 1792 sit
582 1773 659 1799 quam
672 1772 777 1791 sensum
792 1765 942 1792 interiorem

155 1819 278 1837 vocamus
293 1811 485 1845 prmcdlentem
504 1811 625 1838 sensibus
643 1811 772 1845 corporis,
793 1819 825 1837 an
847 1811 943 1845 aliquid

155 1857 244 1884 aliud?
267 1857 299 1883 E.
320 1858 423 1885 Nescio.
447 1858 479 1884 Α.
500 1858 565 1884 Illud
582 1862 668 1884 tamen
689 1858 759 1887 Seis.
787 1866 816 1884 ea
840 1858 942 1884 deliniri

156 1902 205 1928 nisi
218 1902 319 1929 ratione
334 1911 384 1929 non
402 1911 491 1937 posse;
508 1910 593 1937 neque
607 1903 735 1929 rationem
748 1902 772 1929 id
785 1902 881 1935 facere,
892 1903 942 1929 nisi

155 1947 188 1974 de
200 1948 231 1973 iis
239 1955 297 1982 qnze
309 1948 357 1974 sibi
367 1948 541 1974 examinanda
555 1948 709 1974 offeruntur.
724 1947 756 1974 E.
772 1948 878 1975 Certum
892 1953 941 1976 est.

154 1993 185 2019 Α.
199 1993 330 2027 Quidquid
349 1993 425 2028 igitur
439 1997 481 2020 est
495 1993 565 2019 aliud
579 2001 631 2027 quo
652 1993 744 2020 sentiri
759 1998 845 2027 potest
864 2001 943 2020 omne

154 2040 223 2073 quod
237 2040 347 2072 scimus,
364 2040 537 2066 ministerium
560 2039 669 2067 rationis
683 2044 723 2066 est
735 2061 741 2071 ,
763 2040 803 2065 cui
827 2039 905 2066 offert
917 2045 943 2066 et

155 2086 287 2111 renuntiat
308 2085 433 2119 quidquid
460 2085 580 2118 attingit,
604 2088 632 2111 ut
653 2092 684 2111 ea
711 2092 769 2118 qua:
796 2085 943 2111 sentiuntur

155 2130 267 2157 discerni
281 2130 335 2156 suis
347 2129 441 2157 finibus
457 2130 568 2164 possint,
583 2134 609 2155 et
622 2137 673 2155 non
684 2129 820 2155 sentiendo
830 2133 940 2160 tantum,

154 2176 199 2202 sed
215 2176 293 2203 etiam
307 2176 414 2203 sciendo
428 2175 626 2210 comprehendi.
640 2175 673 2202 E.
690 2175 727 2202 lta
740 2180 789 2201 est.
806 2175 838 2201 Α.
852 2175 942 2207 Quid?

154 2222 209 2255 ipsa
229 2222 295 2248 ratio
309 2229 366 2256 qua!
379 2222 513 2248 ministros
527 2228 602 2251 suos,
619 2225 646 2248 et
664 2228 694 2248 ea
708 2229 766 2255 quae
785 2226 940 2255 suggerunt,

154 2267 281 2293 discernit
306 2268 340 2294 ab
367 2268 499 2300 invicem,
528 2272 554 2294 et
578 2268 639 2294 item
660 2267 723 2302 quid
746 2267 812 2294 inter
838 2267 894 2294 hmo
916 2272 943 2294 et

152 2313 265 2345 seipsam
279 2313 373 2345 distet,
389 2313 520 2347 agnoscit,
535 2320 616 2347 seque
639 2312 689 2340 illis
712 2313 941 2347 praepotentiorem

152 2365 211 2384 esse
225 2357 377 2388 confirmat;
399 2365 460 2384 num
480 2358 528 2383 alia
550 2366 578 2384 re
597 2358 709 2391 seipsam
732 2358 781 2384 nisi
799 2358 901 2393 seipsa,
916 2359 941 2385 id

154 2409 194 2430 est
209 2403 311 2430 ratione
326 2403 525 2436 comprehendit
538 2403 546 2418 ί
557 2403 568 2428 ?
579 2411 612 2429 an
622 2403 699 2429 aliter
712 2404 793 2430 scires
804 2408 830 2430 te
846 2404 942 2431 habere

152 2450 293 2479 rationem,
321 2449 370 2475 nisi
396 2448 420 2474 id
449 2449 549 2474 ratione
571 2448 743 2482 perciperes?
765 2448 797 2475 E.
829 2449 940 2476 Verissi-

153 2504 224 2522 nmm
245 2500 293 2522 est.
314 2495 345 2521 A.
361 2494 489 2528 Quoniam
509 2502 571 2529 ergo
587 2502 646 2521 cum
662 2495 777 2522 colorem
792 2496 920 2522 sentimus
932 2517 939 2528 ,

156 2549 207 2568 non
228 2542 316 2568 itidem
337 2549 416 2568 sensu
439 2541 496 2575 ipso
518 2547 566 2567 nos
580 2541 678 2567 sentire
699 2540 777 2567 etiam
792 2541 940 2572 sentimus;

155 2596 239 2622 neque
256 2595 315 2615 cum
329 2587 448 2614 audimus
460 2594 571 2618 sonum,
589 2591 708 2613 nostrum
728 2586 806 2613 etiam
820 2587 942 2614 audimus

155 2634 271 2660 auditum
283 2642 289 2665 ;
304 2635 388 2668 neque
403 2640 461 2660 cum
477 2633 614 2660 olfacimus
627 2639 725 2664 rosam,
739 2632 794 2659 olet
804 2632 880 2658 nobis
893 2632 942 2658 ali-

155 2679 214 2713 quid
240 2683 266 2705 ct
279 2679 335 2713 ipse
355 2678 478 2709 olfacms;
505 2686 590 2713 neque
611 2678 753 2712 quidquam
775 2678 941 2712 gustantibus

154 2726 221 2759 sapit
234 2725 315 2751 inore
328 2725 383 2759 ipse
394 2729 499 2759 gustus;
515 2732 561 2751 nee
574 2728 712 2758 tangentes
727 2724 835 2758 aliquid,
854 2725 940 2759 ipsum

155 2771 233 2797 eti::m
250 2770 371 2805 tangendi
391 2778 497 2797 sensum
517 2777 657 2804 possumus
682 2774 810 2804 tangere:
827 2769 939 2797 manife-

185 2847 194 2864 ί
207 2850 230 2872 tn
240 2850 274 2880 B_.:
287 2852 346 2880 Nam
358 2846 406 2872 alia
416 2854 443 2880 re
453 2847 556 2880 seipsam
572 2846 620 2872 nis:
629 2846 722 2879 seipsa,
735 2847 763 2874 id
781 2846 941 2880 estran

151 2877 338 2934 gmprehgidit.
352 2882 418 2907 Hunc
427 2877 505 2904 locum
513 2879 665 2904 restituimus
672 2877 708 2904 ἐι
716 2882 753 2902 FJ'.
762 2878 835 2910 Lugd.
846 2882 904 2903 Ven.
915 2877 940 2904 et

183 2916 205 2935 ν.
285 2926 291 2933 .

1013 255 1082 278 stum
1108 256 1150 280 est
1169 252 1285 288 quinque
1307 253 1372 282 istos
1393 261 1486 282 sensus
1507 254 1580 290 nullo.
1600 261 1691 287 eorum
1714 262 1794 283 sensu

1010 302 1088 329 posse
1109 297 1212 330 sentiri,
1231 298 1354 332 quamvis
1374 298 1413 326 eis
1431 299 1578 334 corporalia
1598 307 1709 335 qumque
1731 294 1804 336 seu?

1010 340 1115 373 tiantur.
1130 341 1164 369 E.
1178 342 1344 371 Manifestum
1359 348 1410 372 est.

1020 385 1132 415 CAPUT
1151 387 1195 416 [ν.
1209 403 1245 409 -—
1259 389 1354 416 Sensus
1368 390 1471 417 interior
1483 391 1557 421 sentit
1570 390 1653 427 ipsum
1667 391 1759 419 sentire
1771 399 1781 419 .'

1282 442 1315 461 an
1324 439 1348 461 et
1359 443 1385 461 se
1395 435 1528 464 discernat.

1042 477 1085 505 10.
1100 477 1133 505 Δ.
1148 478 1271 507 Arbitror
1283 480 1361 507 etiam
1381 480 1445 509 illud
1460 489 1519 508 esse
1534 482 1713 514 manifestum,
1729 490 1791 510 sen-

1005 530 1063 554 sum
1083 524 1154 551 illum
1179 525 1330 554 interiorem
1354 534 1405 554 non
1427 534 1456 554 ea
1478 532 1579 555 tantum
1601 529 1709 563 sentire,
1733 537 1790 564 qure

1005 569 1138 603 acceperit.
1160 577 1174 598 a
1199 571 1314 607 quinque
1341 573 1463 613 sensibus
1486 575 1616 609 corporis,
1644 575 1690 602 sed
1711 576 1790 602 etiam

1005 614 1076 649 ipsos
1089 616 1122 643 ab
1144 624 1176 643 eo
1195 618 1297 645 sentiri.
1320 618 1376 646 Non
1392 620 1462 646 enim
1477 620 1553 648 aliter
1573 620 1655 648 bestia
1671 626 1791 649 moveret

1005 667 1049 694 se,
1066 661 1108 689 vel
1121 663 1269 697 appetendo
1283 664 1392 700 aliquid,
1410 666 1451 693 vel
1465 665 1602 701 fugiendo,
1620 668 1669 694 nisi
1686 675 1714 694 se
1728 676 1789 695 sen-

1004 706 1053 733 tire
1065 707 1189 741 sentiret;
1204 716 1256 736 non
1269 710 1303 737 ad
1317 710 1463 745 sciendum,
1478 720 1538 738 nam
1554 712 1604 739 hoc
1617 713 1725 740 rationis
1738 718 1788 745 est,

1002 753 1050 780 sed
1065 759 1166 781 tantum
1187 755 1220 782 ad
1237 757 1406 791 movendmn,
1430 758 1500 792 quod
1521 767 1573 786 non
1596 759 1688 795 utique
1702 760 1788 794 aliquo

1003 798 1107 827 illorum
1123 801 1239 835 quinque
1251 802 1340 829 sentit.
1356 803 1431 836 Quod
1446 804 1468 830 si
1483 803 1569 831 adhuc
1582 804 1723 832 obscurum
1737 810 1788 838 est,

1002 845 1154 879 elucescet,
1169 847 1192 874 si
1210 847 1404 875 animadvertas
1424 849 1493 883 quod
1514 850 1626 884 exempli
1646 851 1727 885 gratia
1748 855 1790 878 sat

1001 895 1042 919 est
1054 890 1080 919 in
1095 900 1148 920 uno
1162 893 1250 928 aliquo
1265 901 1356 927 sensu,
1372 895 1443 922 velut
1464 897 1489 921 in
1505 895 1572 922 visu.
1587 895 1704 932 Namque
1724 904 1787 931 ape-

1001 938 1052 965 rire
1066 939 1181 972 oculum,
1195 944 1221 967 et
1236 948 1346 968 movere
1359 940 1510 976 aspicienda
1526 942 1557 968 ad
1574 941 1600 968 id
1613 942 1682 976 quod
1696 943 1787 969 videre

1000 985 1110 1020 appetit,
1126 986 1199 1014 nullo
1213 987 1293 1015 modo
1308 992 1406 1022 posset,
1420 988 1469 1014 nisi
1485 988 1562 1015 Oculo
1577 988 1667 1015 clauso
1682 989 1721 1015 vel
1736 997 1788 1015 non

1000 1030 1035 1058 ita
1050 1035 1123 1058 moto
1136 1039 1166 1059 se
1179 1032 1206 1059 id
1220 1040 1273 1060 non
1285 1033 1375 1060 videre
1391 1034 1511 1060 sentiret.
1527 1033 1554 1061 Si
1565 1038 1652 1060 autem
1667 1034 1746 1061 sentit
1760 1041 1788 1061 se

999 1085 1051 1104 non
1066 1078 1155 1106 videre
1167 1080 1229 1106 dum
1246 1087 1299 1106 non
1314 1080 1402 1113 videt,
1418 1087 1526 1107 necesse
1539 1086 1579 1107 est
1601 1081 1679 1107 etiam
1693 1081 1789 1108 sentiat

999 1130 1028 1151 se
1040 1123 1131 1151 videre
1143 1124 1206 1152 dum
1221 1125 1379 1174 videt‘quia
1399 1133 1459 1153 cum
1478 1133 1510 1153 eo
1523 1126 1640 1160 appetitu
1661 1134 1713 1154 non
1728 1134 1787 1154 mo-

999 1173 1045 1196 νει
1057 1170 1164 1198 oculum
1178 1171 1287 1204 videns,
1302 1170 1360 1206 "quo
1382 1176 1470 1198 movet
1491 1179 1543 1198 non
1564 1171 1656 1199 videns
1668 1192 1675 1203 ,
1692 1171 1789 1199 indicat

998 1222 1029 1244 se
1041 1219 1181 1251 utrumque
1194 1217 1303 1244 sentire.
1319 1217 1371 1245 Sed
1385 1221 1472 1244 utrum
1485 1222 1512 1245 et
1525 1225 1553 1245 se
1568 1217 1652 1252 ipsam
1665 1217 1722 1245 haec
1734 1218 1787 1245 vita

997 1262 1103 1296 sentiat,
1117 1270 1176 1298 qua:
1195 1270 1224 1291 se
1240 1263 1388 1297 corporalia
1404 1264 1502 1291 sentire
1513 1264 1603 1296 sentit,
1619 1271 1671 1290 non
1686 1263 1720 1290 ita
1731 1263 1785 1291 cla-1

998 1316 1057 1338 rum
1068 1313 1118 1342 est,
1132 1309 1182 1336 nisi
1195 1309 1264 1343 quod
1278 1317 1306 1336 se
1317 1310 1428 1344 quisque
1440 1310 1510 1336 intus
1525 1310 1700 1344 interrogans,
1713 1309 1787 1335 inve-

999 1354 1038 1381 nit
1050 1361 1157 1381 omnem
1171 1362 1227 1381 rem
1241 1354 1372 1381 viventem
1392 1354 1483 1389 fugere
1497 1359 1627 1387 mortem;
1648 1363 1707 1390 quae
1725 1362 1785 1382 cum

996 1400 1031 1427 sit
1046 1400 1107 1428 vita:
1126 1401 1271 1434 contraria,
1287 1408 1396 1428 necesse
1408 1405 1449 1428 est
1465 1405 1495 1428 ut
1509 1401 1560 1428 vita
1574 1402 1653 1429 etiam
1672 1402 1785 1437 seipsam

998 1446 1105 1478 sentiat,
1116 1453 1175 1481 quae
1183 1447 1344 1473 contrariqu
1354 1454 1430 1473 suum
1442 1446 1516 1482 fugit.
1525 1447 1600 1480 Quod
1609 1447 1631 1475 si
1640 1447 1725 1474 adhuc
1734 1455 1786 1475 non

997 1491 1093 1525 liquet,
1102 1492 1248 1525 omittatur,
1261 1496 1290 1519 ut
1302 1500 1353 1519 non
1366 1493 1481 1520 nitantur
1491 1492 1524 1519 ad
1539 1492 1564 1519 id
1575 1493 1645 1528 quod
1654 1492 1785 1527 volumus,

998 1536 1049 1563 nisi
1063 1537 1142 1564 certis
1155 1537 1353 1572 manifestisque
1366 1537 1542 1565 documentis.
1560 1537 1695 1565 Manifesta
1716 1538 1786 1566 enim

996 1585 1067 1615 sunt,
1080 1589 1160 1609 sensu
1168 1582 1287 1617 corporis
1297 1583 1388 1610 sentiri
1399 1583 1556 1617 corporalia;
1568 1583 1691 1611 eumdem
1699 1587 1786 1611 autem

997 1634 1104 1654 sensum
1124 1627 1174 1654 hoc
1194 1627 1288 1655 eodem
1310 1635 1391 1655 sensu
1411 1635 1463 1655 non
1483 1635 1561 1662 posse
1580 1628 1686 1661 sentiri;
1707 1636 1786 1656 sensu

996 1677 1084 1700 autem
1094 1673 1219 1701 interiore
1229 1678 1255 1701 et
1265 1674 1412 1708 corporalia
1424 1681 1470 1709 per
1483 1681 1590 1701 sensum
1600 1673 1717 1709 corporis
1726 1681 1786 1701 sen-

996 1718 1054 1751 tiri,
1070 1722 1097 1745 et
1113 1718 1198 1753 ipsum
1219 1720 1338 1753 corporis
1354 1726 1461 1746 sensum
1477 1728 1483 1746 :
1498 1719 1601 1747 ratione
1618 1726 1680 1747 vero
1700 1723 1726 1746 et
1741 1719 1785 1746 illa

995 1763 1094 1795 omnia,
1104 1769 1131 1791 et
1140 1763 1259 1791 eamdem
1270 1764 1353 1799 ipsam
1362 1768 1451 1791 notam
1463 1764 1530 1797 ﬁeri,
1543 1769 1570 1792 et
1581 1765 1689 1793 scientia
1699 1765 1785 1792 conti-

997 1809 1051 1836 neri
1065 1818 1071 1835 :
1087 1817 1120 1835 an
1136 1809 1182 1836 tibi
1198 1817 1248 1836 non
1262 1809 1386 1836 videtur?
1406 1809 1439 1836 E.
1459 1810 1567 1837 Videtur
1578 1818 1650 1838 sane.
1666 1809 1699 1837 A.
1713 1812 1783 1846 Age,

996 1862 1066 1881 nunc
1082 1854 1212 1888 responde
1223 1855 1292 1882 unde
1306 1855 1340 1882 sit
1353 1856 1474 1891 qua'stio,
1490 1856 1522 1882 ad
1536 1856 1610 1890 cujus
1625 1856 1783 1884 solutionem

996 1899 1133 1933 pervenire
1156 1900 1291 1934 cupientes
1303 1921 1311 1933 ,
1325 1900 1379 1934 jam
1399 1900 1442 1927 diu
1465 1900 1543 1927 istam
1562 1901 1687 1928 molimur
1703 1901 1782 1928 viam.

995 1965 1107 1993 CAPUT
1124 1966 1196 1993 V.——
1211 1966 1306 1994 Sensus
1317 1967 1421 1993 interior
1431 1971 1534 2001 praestat
1544 1967 1651 1994 externis
1661 1967 1782 2000 setisibus,

1171 2018 1277 2045 quarunt
1287 2016 1323 2037 est
1332 2011 1474 2038 moderator
1486 2017 1509 2038 et
1514 2012 1606 2047 judez.

1029 2078 1073 2105 11.
1087 2076 1121 2105 Ε.
1131 2077 1262 2112 Quantum
1274 2078 1392 2110 memini,
1403 2079 1483 2105 trium
1494 2078 1598 2106 illarum
1608 2078 1783 2114 quaestionum

994 2133 1060 2160 quas
1072 2125 1151 2159 paulo
1166 2129 1227 2153 ante
1240 2125 1272 2152 ad
1285 2125 1481 2153 contexendum
1504 2124 1622 2152 ordinem
1636 2125 1715 2160 hujus
1727 2125 1783 2152 dis-

994 2172 1137 2206 putationis
1148 2173 1294 2206 posuimus,
1306 2179 1376 2198 nunc
1386 2172 1469 2206 prima
1481 2175 1609 2203 versatur,
1620 2171 1644 2198 id
1653 2175 1702 2201 est.
1718 2178 1783 2207 quo-

993 2217 1073 2243 modo
1091 2216 1258 2243 manifestum
1284 2216 1340 2243 ﬁeri
1365 2217 1458 2251 possit,
1483 2217 1602 2251 quamvis
1616 2217 1783 2244 tenacissime

995 2262 1199 2296 firmissimeque
1213 2262 1375 2289 credendum
1390 2262 1435 2300 sit,
1452 2262 1534 2289 Deum
1552 2270 1619 2290 esse.
1641 2262 1672 2289 Α.
1699 2262 1783 2290 Recte

994 2308 1045 2335 hoc
1059 2311 1134 2336 tenes
1147 2317 1153 2335 :
1170 2308 1216 2336 sed
1231 2309 1311 2335 etiam
1331 2308 1395 2336 illud
1409 2308 1549 2344 diligenter
1570 2313 1662 2336 tenere
1675 2313 1700 2336 te
1710 2309 1780 2342 volo,

993 2362 1052 2382 cum
1068 2354 1101 2381 de
1113 2355 1196 2389 teipso
1205 2362 1353 2391 quaererem
1366 2358 1454 2381 utrum
1470 2358 1495 2381 te
1516 2362 1574 2381 esse
1598 2355 1714 2385 noveris,
1728 2362 1780 2381 non

993 2401 1078 2429 solum
1093 2401 1153 2439 hoc,
1166 2400 1212 2429 sed
1229 2401 1308 2428 etiam
1322 2401 1371 2428 alia
1382 2400 1435 2428 duo
1446 2400 1522 2428 nobis
1542 2400 1695 2435 apparuisse
1710 2399 1778 2434 quod

993 2447 1107 2474 noveris.
1129 2445 1162 2473 E.
1188 2445 1215 2480 id
1230 2453 1335 2482 quoque
1348 2451 1436 2473 teneo.
1457 2446 1489 2472 A.
1503 2445 1577 2472 Nunc
1597 2452 1659 2479 ergo
1674 2444 1734 2471 vide
1747 2444 1779 2471 ad

993 2482 1073 2528 quam.
1086 2501 1141 2520 rem
1167 2493 1275 2521 istarum
1298 2492 1376 2519 trium
1401 2491 1529 2526 intelligas
1551 2492 1681 2525 pertinere
1702 2497 1781 2517 omne

993 2538 1063 2573 quod
1080 2538 1200 2574 corporis
1214 2545 1307 2566 sensus
1324 2538 1445 2572 attingit;
1462 2536 1487 2563 id
1500 2540 1550 2568 est,
1576 2536 1602 2562 in
1625 2543 1678 2570 quo
1691 2543 1779 2563 rerum

992 2591 1090 2620 genere
1111 2585 1156 2612 tibi
1172 2584 1321 2619 ponendum
1337 2583 1465 2616 videatur,
1491 2582 1617 2617 quidquid
1633 2582 1674 2609 vel
1690 2582 1780 2609 oculo-

993 2623 1062 2663 rum,
1078 2630 1118 2657 vel
1140 2630 1191 2657 alio
1214 2630 1333 2665 quolibet
1355 2629 1474 2664 corporis
1488 2629 1663 2655 instrumento
1690 2632 1780 2655 noster

993 2683 1086 2703 sensus
1098 2676 1202 2710 attingit
1217 2684 1223 2702 :
1238 2679 1326 2701 utrum
1341 2675 1367 2701 in
1378 2682 1410 2701 eo
1423 2673 1491 2709 quod
1506 2677 1606 2700 tantum
1622 2677 1671 2706 est,
1697 2681 1730 2700 an
1753 2673 1778 2700 in

993 2721 1025 2749 eo
1036 2722 1106 2757 quod
1127 2721 1205 2748 etiam
1227 2721 1299 2752 vivit,
1315 2728 1348 2747 an
1365 2720 1389 2747 in
1403 2728 1436 2747 eo
1457 2720 1527 2754 quod
1551 2719 1630 2746 etiam
1646 2719 1776 2753 intelligit.

992 2766 1026 2793 E.
1043 2767 1071 2793 lu
1095 2774 1126 2793 eo
1140 2766 1210 2800 quod
1226 2769 1325 2792 tantum
1350 2769 1399 2792 est.
1414 2764 1446 2791 Α.
1462 2764 1552 2798 Quid?
1571 2765 1654 2798 ipsum
1671 2771 1778 2791 sensum

993 2813 1018 2839 in
1035 2819 1087 2847 quo
1107 2819 1205 2846 genere
1229 2811 1307 2838 trium
1323 2810 1416 2837 horum
1438 2817 1498 2838 esse
1520 2809 1633 2838 censes?
1646 2808 1679 2836 Ε.
1695 2809 1723 2836 ln
1745 2816 1778 2836 eo

993 2858 1062 2893 quod
1078 2858 1149 2884 vivit.
1162 2856 1193 2884 Α.
1207 2856 1275 2891 Quid
1291 2857 1369 2891 igiUr
1382 2857 1473 2883 horum
1488 2855 1600 2883 duorum
1615 2855 1708 2882 melius
1719 2861 1779 2882 esse

991 2904 1112 2940 judicas‘!
1128 2911 1237 2931 sensum
1251 2904 1349 2939 ipsum,
1360 2911 1393 2931 an
1406 2902 1478 2939 quod
1497 2909 1590 2932 sensus
1604 2901 1728 2942 attingit?
1742 2900 1776 2929 E.
