4118 6370
557 398 694 458 1947

555 518 782 573 Sensum
829 509 1054 579 scilicet.
1086 507 1151 563 Α.
1197 502 1408 573 Quare?
1459 499 1528 555 E.
1571 498 1705 566 Quia
1729 495 1917 551 melius
1960 499 2043 547 est
2083 487 2137 544 id

557 607 700 681 quod
724 606 885 661 etiam
914 602 1063 669 vivit,
1092 614 1249 672 quam
1272 597 1324 652 id
1352 593 1493 666 quod
1518 594 1721 648 tantum
1747 598 1850 643 est.
2090 675 2103 689 ο

627 699 716 756 12.
748 700 813 752 Α.
844 695 1019 764 Quid?
1040 693 1187 749 illum
1224 703 1440 745 sensum
1479 684 1805 746 interiorem,
1836 691 1993 750 quem
2017 684 2136 747 qui-

555 794 677 849 dem
703 791 837 847 infm
866 790 1145 852 rationem,
1175 794 1228 841 et
1255 784 1428 839 adhuc
1465 779 1617 835 nobis
1639 787 1974 832 communem
2004 784 2136 857 cum

564 886 751 941 bestiis
775 882 1014 953 superius
1036 878 1417 949 iudagavimus,
1445 870 1778 929 dubitabisne
1805 866 1930 920 huic
1955 861 2135 919 sensui

557 992 868 1050 praeponere
895 990 1000 1046 quo
1043 988 1237 1042 corpus
1267 968 1590 1038 attingimus,
1622 973 1675 1020 et
1708 976 1865 1032 quem
1900 959 2009 1028 jam
2036 955 2135 1050 ipsi

555 1049 764 1141 corpori
783 1066 1195 1140 praeponendum
1218 1079 1338 1120 esse
1354 1060 1569 1117 dixisti?
1596 1058 1658 1112 E.
1684 1056 1839 1111 Nullo
1860 1052 2018 1107 modo
2037 1049 2136 1104 du-

555 1161 855 1217 bitaverim.
883 1161 942 1212 A.
978 1158 1149 1213 Etiam
1174 1157 1273 1210 hoc
1296 1170 1389 1209 cur
1413 1168 1516 1205 non
1549 1147 1775 1211 dubites,
1809 1144 1931 1198 volo
1958 1142 2054 1196 abs
2083 1152 2135 1195 te

554 1254 757 1309 audire.
801 1251 915 1307 Non
962 1252 1104 1306 enim
1140 1247 1341 1320 poteris
1372 1246 1550 1299 dicere
1579 1242 1719 1295 hunc
1747 1251 1961 1292 sensum
1996 1234 2132 1287 inte-

554 1346 749 1401 riorem
775 1346 882 1415 jam
913 1344 969 1399 in
999 1360 1062 1399 eo
1090 1357 1286 1413 genere
1333 1340 1491 1393 trium
1538 1338 1746 1390 illorum
1777 1347 1897 1387 esse
1928 1343 2135 1399 ponen—

556 1439 707 1506 dtuu,
733 1438 871 1509 quod
897 1439 1055 1492 etiam
1099 1434 1359 1503 intelligit.
1393 1432 1485 1485 sed
1513 1430 1685 1484 adhuc
1728 1427 1780 1480 in
1819 1440 1884 1480 eo
1913 1421 2051 1492 quod
2081 1427 2136 1475 et

554 1539 637 1584 est
660 1537 713 1584 et
741 1530 889 1595 vivit,
913 1528 1119 1583 etiamsi
1141 1525 1414 1580 intellectu
1442 1528 1586 1575 caret
1620 1537 1630 1571 :
1658 1520 1756 1573 iste
1782 1516 1920 1569 cnim
1947 1526 2133 1567 sensus

554 1621 693 1676 inest
734 1630 789 1676 et
834 1620 1037 1685 bestiis,
1093 1618 1284 1688 quibus
1337 1614 1630 1668 intellectus
1673 1625 1778 1663 non
1822 1607 1977 1660 inest.
2004 1603 2133 1668 Qum

555 1729 676 1768 cum
706 1714 775 1768 ita
804 1712 929 1777 sint,
961 1726 1140 1781 quacro
1166 1725 1260 1763 cur
1290 1720 1565 1777 pra‘ponas
1595 1716 1806 1756 sensum
1828 1696 2132 1751 interiorem

554 1804 675 1857 huic
705 1804 887 1858 sensui
904 1818 1008 1872 quo
1025 1800 1316 1869 corporalia
1346 1797 1662 1857 sentiuntur,
1684 1807 1801 1847 cum
1827 1790 1894 1844 sit
1913 1798 2132 1857 uterque

553 1894 605 1948 in
638 1911 701 1949 co
730 1910 924 1963 genere
947 1892 1085 1963 quod
1112 1892 1252 1945 vivit.
1274 1890 1495 1944 Sensum
1528 1895 1702 1939 autem
1730 1884 1886 1937 istui'n
1906 1880 2132 1951 quicor-

552 2001 680 2055 pora
726 1986 952 2054 attingit,
998 1984 1115 2038 ideo
1158 1980 1485 2053 praeposuisti
1528 1976 1858 2047 corporibus,
1891 1974 2010 2044 quia
2040 1973 2131 2027 illa

552 2086 676 2132 sunt
702 2077 751 2129 in
779 2093 842 2129 eo
872 2091 1065 2147 genere
1113 2074 1252 2145 quod
1298 2081 1499 2127 tantum
1548 2079 1648 2135 est,
1678 2070 1776 2122 istc
1822 2082 1944 2121 vero
1982 2067 2034 2120 in
2063 2080 2131 2121 eo

550 2168 690 2238 quod
720 2169 877 2222 etiam
908 2167 1031 2220 vivit
1063 2185 1076 2221 :
1116 2167 1167 2219 in
1200 2180 1304 2235 quo
1340 2178 1458 2217 cum
1509 2170 1563 2215 et
1612 2160 1700 2213 ille
1728 2158 1946 2212 interior
1973 2172 2129 2225 repe-

554 2261 735 2325 riatur,
765 2274 861 2314 cur
888 2276 1004 2313 cum
1045 2258 1318 2311 meliorem
1366 2252 1652 2345 putes,dic
1691 2251 1839 2305 mihi.
1894 2250 1947 2305 Si
1987 2249 2129 2304 enim

549 2352 747 2406 dixeris
768 2393 781 2418 ,
826 2352 948 2420 quia
992 2350 1081 2405 ille
1122 2350 1275 2403 istum
1308 2348 1469 2401 sentit
1490 2343 1641 2409 ,‘uon
1676 2354 1725 2399 te
1750 2343 1909 2397 credo
1940 2343 2129 2396 inven-

550 2453 721 2497 turum
749 2444 978 2513 regulam
1008 2459 1109 2513 qua
1142 2442 1302 2512 ﬁgere
1330 2440 1596 2510 possimus
1625 2439 1663 2503 ί,
1693 2452 1851 2492 omne
1890 2434 2129 2490 sentiens

548 2536 732 2591 melius
757 2552 875 2593 esse
909 2550 1063 2607 quam
1094 2535 1143 2588 id
1170 2533 1308 2604 quod
1336 2534 1403 2588 ab
1432 2548 1495 2586 eo
1518 2532 1762 2597 sentitur,
1792 2545 1858 2583 ne
1887 2528 2128 2583 fortassis

546 2646 610 2685 ex
637 2631 739 2686 hoc
759 2632 914 2685 etiam
938 2646 1188 2700 cogamur
1212 2629 1411 2694 dicere,
1437 2643 1595 2682 omne
1621 2626 1918 2695 intelligens
1939 2623 2127 2678 melius

547 2737 666 2777 esse
706 2738 866 2792 quam
908 2722 957 2776 id
989 2722 1128 2792 quod
1155 2721 1221 2776 ab
1250 2736 1314 2775 co
1362 2720 1691 2789 intelligitur.
1724 2719 1834 2772 lloc
1863 2718 2005 2772 enim
2030 2717 2127 2771 fal-

549 2828 664 2867 sum
685 2822 801 2876 est;
833 2814 954 2884 quia
976 2813 1134 2867 homo
1160 2812 1404 2881 intelligit
1431 2810 1766 2880 sapientiam,
1806 2818 1859 2864 et
1898 2824 2002 2863 non
2045 2817 2127 2863 est

548 2906 734 2962 melior
772 2921 926 2975 quam
972 2906 1082 2975 ipsa
1132 2904 1409 2975 sapientia.
1463 2902 1817 2969 Quamobrem
1856 2901 1978 2955 vide
2021 2917 2125 2972 qua

547 3011 705 3050 causa
734 2996 826 3050 tibi
853 2996 1018 3050 visum
1074 2996 1163 3061 sit,
1196 3010 1408 3050 sensum
1457 2993 1764 3047 interiorem
1796 2991 1918 3047 huic
1942 2992 2124 3047 sensui

545 3102 651 3156 quo
700 3088 953 3141 sentimus
999 3102 1253 3157 corpora,
1301 3102 1419 3140 esse
1461 3084 1868 3155 prml'erendum.
1896 3083 1961 3137 E.
1990 3084 2123 3151 Quia

549 3176 934 3232 moderatorem
964 3186 1015 3231 et
1051 3177 1284 3247 judicem
1312 3176 1592 3247 quemdam
1622 3174 1776 3244 hujus
1813 3175 1956 3228 illum
2005 3190 2123 3230 esse

546 3282 831 3335 cognosco.
860 3267 989 3322 Nam
1013 3277 1067 3323 et
1096 3269 1139 3321 si
1170 3268 1294 3338 quid
1326 3268 1447 3321 huic
1476 3268 1526 3321 in
1558 3266 1733 3320 officio
1754 3282 1849 3319 suo
1875 3266 2119 3335 defuerit,

546 3359 632 3414 ille
660 3367 909 3430 tanquam
942 3360 1176 3415 debitum
1207 3375 1237 3414 a
1276 3360 1520 3413 ministro
1549 3358 1769 3427 ﬂagitat,
1803 3359 1939 3412 sicut
1968 3359 2123 3428 paulo

545 3460 665 3505 ante
690 3451 1009 3521 disputatum
1040 3462 1139 3508 est.
1164 3453 1278 3507 Non
1307 3456 1446 3507 enim
1477 3467 1535 3506 se
1563 3451 1760 3516 videre,
1793 3461 1881 3504 aut
1904 3467 2007 3505 non
2037 3452 2121 3506 vi-

545 3542 670 3598 dere
700 3559 887 3599 sensus
912 3546 1051 3600 oculi
1072 3546 1234 3607 videt,
1264 3554 1316 3599 et
1340 3544 1461 3614 quia
1492 3559 1594 3597 non
1626 3542 1790 3609 videt,
1820 3560 1926 3597 non
1948 3554 2123 3614 potest

545 3636 668 3706 quid
691 3637 789 3690 sibi
813 3637 973 3704 desit,
1000 3646 1090 3691 aut
1116 3636 1237 3706 quid
1256 3636 1391 3690 satis
1424 3635 1489 3688 sit
1512 3634 1779 3704 judicare;
1813 3635 1903 3689 sed
1928 3636 2013 3689 ille
2044 3636 2123 3689 in-

547 3727 727 3793 terior,
753 3744 853 3799 quo
875 3729 1188 3783 admonetur
1209 3735 1263 3784 et
1286 3727 1459 3780 anima
1482 3728 1663 3781 bestim
1685 3728 1889 3799 aperire
1910 3729 2117 3783 oculum

548 3810 803 3887 clausum,
832 3832 884 3877 et
910 3822 1049 3892 quod
1075 3822 1262 3876 deesse
1287 3822 1449 3874 sentit
1496 3821 1733 3889 implere.
1776 3821 1913 3875 Nulli
1943 3830 2120 3876 autem

544 3913 759 3967 dubium
804 3922 886 3968 est
916 3930 1036 3967 eum
1066 3913 1153 3982 qui
1198 3912 1399 3981 judicat
1423 3953 1438 3977 ,
1470 3926 1533 3964 eo
1557 3912 1625 3966 de
1649 3926 1753 3981 quo
1778 3911 1977 3981 judicat
2001 3927 2120 3968 esse

544 4006 839 4060 meliorem.
872 4006 934 4057 Α.
976 4004 1160 4059 Cernis
1187 4019 1312 4072 ergo
1354 4004 1510 4056 istum
1540 4006 1699 4057 etiam
1727 4004 1966 4071 corporis
1998 4018 2120 4056 sen-

544 4105 659 4151 sum
685 4096 751 4152 de
779 4096 1085 4165 corporibus
1112 4094 1502 4165 quodammodo
1543 4094 1819 4163 judicare?
1850 4094 1927 4148 Ad
1970 4095 2118 4148 ilium

543 4189 683 4243 enim
717 4188 943 4256 pertinet
981 4190 1221 4255 voluptas
1259 4196 1312 4241 et
1347 4185 1519 4253 dolor,
1559 4202 1677 4241 cum
1706 4188 1785 4242 vei
1820 4188 2007 4242 leniter
2039 4187 2119 4242 vel

544 4294 731 4348 aspere
754 4293 977 4349 corpore
997 4278 1289 4347 attingitur.
1318 4278 1448 4333 Nam
1475 4279 1606 4334 sicut
1640 4280 1729 4334 ille
1750 4279 1970 4333 interior
1992 4278 2119 4349 quid

545 4368 682 4422 desit
717 4369 802 4423 vel
840 4369 968 4423 satis
1007 4370 1073 4424 sit
1119 4370 1389 4424 oculorum
1417 4371 1592 4425 sensui
1632 4371 1862 4440 judicat;
1894 4371 1969 4425 sic
2008 4372 2121 4441 ipse

545 4474 734 4515 sensus
759 4460 1029 4514 oculorum
1058 4459 1183 4531 quid
1209 4460 1346 4514 desit
1375 4462 1417 4525 ',
1450 4460 1533 4515 vel
1563 4462 1692 4516 satis
1735 4462 1804 4515 sit
1852 4461 2119 4517 coioribus

542 4548 759 4618 judicat.
790 4549 915 4603 item
947 4550 1082 4605 sicut
1112 4551 1199 4605 ille
1227 4551 1446 4606 interior
1470 4551 1537 4606 de
1566 4553 1747 4605 auditu
1778 4551 2120 4619 uostrojudi-

544 4651 648 4706 cal,
675 4652 848 4696 utrum
875 4644 1047 4697 minus
1072 4660 1137 4697 an
1156 4644 1481 4698 sufficienter
1510 4644 1743 4698 intentus
1770 4644 1833 4695 sit
1856 4658 1869 4705 ;
1893 4642 2121 4711 sicjudi-

544 4742 629 4788 cat
653 4735 861 4789 auditus
883 4735 1068 4806 ipsede
1084 4738 1317 4799 vocibus,
1349 4737 1471 4803 quid
1493 4751 1672 4791 earum
1704 4735 1890 4790 ienitcr
1917 4736 2114 4795 influat.

543 4834 634 4879 aut
664 4842 849 4897 aspere
872 4838 1185 4897 perstrepat.
1218 4827 1329 4881 Non
1361 4843 1579 4882 necesse
1600 4836 1678 4880 est
1694 4835 1915 4881 caeteros
1932 4842 2119 4882 sensus

544 4919 780 4988 corporis
809 4919 1051 4988 persequi
1081 4937 1093 4972 ;
1115 4918 1221 4987 jam
1250 4920 1413 4985 enim,
1432 4926 1488 4972 ut
1509 4919 1718 4987 Opinor,
1745 4918 2119 4974 animadvertis

544 5007 669 5077 quid
689 5008 842 5061 velim
866 5007 1064 5075 dicere,
1094 5013 1163 5063 ita
1186 5009 1387 5063 scilicet
1409 5024 1621 5063 sensum
1646 5008 1791 5062 illum
1814 5007 2119 5062 interiorem

452 5138 463 5149 .
544 5099 611 5153 de
643 5099 755 5152 istis
780 5104 1016 5168 corporis
1040 5100 1282 5154 sensibus
1306 5099 1567 5169 judicare,
1602 5114 1725 5153 cum
1750 5113 1934 5153 eorum
1960 5108 2014 5152 et
2040 5098 2118 5152 in-

552 5197 850 5266 tegritatem
877 5194 1082 5264 probat,
1099 5205 1152 5249 et
1173 5196 1406 5248 debitum
1432 5196 1654 5263 flagitat,
1678 5192 2124 5260 quemadmodum

552 5299 605 5347 et
628 5288 729 5360 ipsi
751 5288 991 5357 corporis
1022 5301 1210 5341 sensus
1237 5286 1304 5340 de
1332 5286 1643 5355 corporibus
1664 5284 1938 5354 judicant,
1969 5296 2129 5340 assu-

550 5392 759 5438 mentes
788 5382 838 5436 in
869 5380 948 5435 eis
987 5379 1159 5434 lenem
1202 5386 1429 5441 tactum,
1461 5377 1867 5447 rejicientesque
1912 5390 2128 5437 contra.

552 5476 711 5531 rium.
745 5474 809 5529 Ε.
838 5472 1015 5530 Cerno
1044 5484 1193 5537 sane,
1228 5479 1280 5526 et
1312 5469 1585 5525 verissima
1611 5485 1731 5526 esse
1755 5474 2056 5527 consentio.

614 5633 631 5663 ι
659 5631 782 5681 Editt
804 5644 815 5678 :
843 5625 1075 5691 Regulam
1094 5639 1190 5691 qua
1210 5624 1366 5688 ﬁdere
1388 5624 1636 5691 possimus.
1658 5626 1793 5685 Mss,
1812 5626 1978 5691 ﬁgere.

614 5697 634 5726 ’
658 5694 843 5759 Regius
872 5689 1033 5759 (iudex
1063 5690 1371 5759 aliique'duo
1397 5690 1469 5759 ψ
1501 5689 1713 5759 habent:
1742 5689 1871 5759 Nam
1894 5691 2016 5741 sicut
2050 5690 2130 5759 itte

552 5749 759 5806 interim"
773 5754 835 5820 de
859 5754 959 5803 visu
981 5757 1140 5820 uestro
1155 5749 1338 5820 iudicat
1364 5749 1523 5820 utrum
1547 5751 1703 5820 minus
1726 5751 1878 5815 clare,
1905 5766 1967 5802 an
1994 5750 2130 5813 su/ﬁ-

553 5820 732 5869 eieuter
752 5814 938 5877 uideat;
962 5814 1032 5866 sic
1058 5812 1183 5864 visus
1207 5812 1308 5876 ipse
1329 5812 1446 5875 quid
1473 5812 1618 5864 desit.

1576 377 1669 436 DE
1703 372 1956 433 LIBERO
1992 366 2340 438 ARBITBIO,
2378 369 2439 427 S.
2481 366 2850 426 AUGUSTlNl

3684 373 3833 430 i248

2245 486 2469 544 CAPUT
2497 488 2583 543 Vl.
2614 518 2685 528 —
2709 488 2862 543 Ratio
2888 488 3080 543 centeri:
3131 492 3186 545 ιω
3213 488 3415 549 homine
3441 499 3649 563 prestat
3664 510 3686 562 ;
3732 511 3838 565 qua

2619 582 2665 635 ei
2683 582 2805 651 quid
2832 582 3180 651 prmtantius,
3211 581 3349 637 Deus
3372 592 3469 637 est.

2314 671 2401 726 15.
2433 671 2498 726 Α.
2522 671 2752 727 Attende
2778 672 2886 741 jam
2913 680 3088 727 utrum
3110 672 3247 728 ratio
3269 674 3430 729 etiam
3472 673 3541 730 de
3565 674 3669 731 hoc
3695 676 3837 732 inte-

2240 762 2383 817 riore
2411 777 2568 818 sensu
2592 763 2814 833 judicet.
2842 762 2961 818 Jam
2989 764 3131 818 enim
3158 780 3263 819 non
3287 781 3471 836 quaero
3499 777 3677 823 utrum
3708 784 3835 823 eam

2241 854 2514 912 meliorem
2539 855 2628 911 illo
2650 871 2769 911 esse
2804 854 3034 923 dubites,
3076 857 3197 927 quia
3230 873 3334 912 non
3359 857 3543 913 dubito
3583 860 3634 914 id
3666 871 3719 915 te
3738 861 3833 930 ju-

2240 948 2420 1004 dicare
2449 967 2463 1003 :
2492 965 2791 1021 quanquam
2816 964 2885 1005 ne
2910 950 2964 1004 id
2988 950 3201 1020 quidem
3223 951 3333 1022 jam
3356 954 3700 1023 quaerendum
3730 970 3833 1024 pu-

2243 1047 2371 1107 tem,
2395 1049 2569 1095 utrum
2598 1042 2664 1096 de
2694 1041 2796 1095 isto
2814 1056 2975 1095 sensu
2987 1042 3187 1110 judicet
3212 1044 3366 1097 ratio.
3396 1043 3632 1114 Namque
3661 1043 3715 1098 in
3762 1044 3833 1099 iis

2241 1131 2369 1203 ipsis
2394 1148 2511 1201 quze
2539 1133 2671 1187 infra
2713 1147 2831 1187 eam
2860 1140 3002 1197 sunt,
3036 1132 3086 1187 id
3111 1142 3194 1188 est
3235 1134 3288 1187 in
3338 1134 3647 1204 corporibus
3676 1144 3732 1190 et
3773 1137 3832 1189 in

2241 1224 2485 1278 sensibus
2522 1224 2763 1293 corporis
2802 1233 2857 1279 ct
2893 1224 2994 1278 isto
3041 1224 3292 1279 interiore
3332 1239 3511 1291 sensu,
3557 1226 3833 1295 quomodo

2241 1316 2311 1370 sit
2335 1315 2476 1370 aliud
2508 1317 2611 1395 alio
2636 1317 2847 1384 melius,
2868 1325 2921 1371 et
2945 1331 3101 1386 quam
3118 1316 3184 1370 sit
3209 1316 3309 1371 illis
3332 1319 3663 1387 pnestantior
3687 1319 3826 1388 ipsa,

2240 1421 2357 1475 quze
2387 1406 2617 1475 tandem,
2662 1408 2761 1462 nisi
2791 1410 2902 1477 ipsa
2934 1408 3231 1464 renuntiat?
3260 1408 3399 1477 quod
3422 1409 3658 1478 profecto
3678 1410 3831 1464 nullo

2241 1497 2398 1551 modo
2418 1508 2617 1567 posset,
2641 1500 2741 1555 nisi
2768 1500 2834 1555 de
2854 1500 2936 1554 his
2953 1502 3065 1571 ipsa
3086 1501 3367 1570 judicaret.
3390 1500 3457 1554 Ε.
3486 1502 3829 1558 Manifestum

2240 1600 2341 1645 est.
2378 1591 2442 1643 Α.
2474 1590 2606 1645 Cum
2637 1608 2764 1663 ergo
2801 1608 2917 1647 eam
2944 1604 3183 1647 naturam
3219 1609 3335 1663 quae
3365 1600 3567 1647 tantum
3586 1604 3697 1661 est,
3725 1610 3831 1651 nec

2242 1682 2368 1737 vivit
2392 1698 2494 1737 nec
2522 1684 2783 1754 intelligit,
2814 1684 2966 1739 sicuti
2998 1694 3081 1739 est
3107 1700 3299 1754 corpus
3335 1685 3593 1751 exanime,
3619 1701 3826 1754 praece-

2238 1774 2330 1830 dat
2351 1791 2415 1831 ea
2443 1787 2629 1832 natura
2672 1794 2790 1849 quae
2827 1794 2934 1833 non
2982 1786 3183 1833 tantum
3228 1785 3330 1843 est,
3370 1777 3461 1832 sed
3484 1777 3643 1832 etiam
3673 1778 3827 1845 vivit,

2240 1885 2336 1924 nec
2367 1871 2630 1942 intelligit,
2672 1873 2827 1928 sicuti
2851 1882 2934 1928 est
2968 1874 3143 1927 anima
3184 1872 3512 1936 bestiarum;
3550 1880 3606 1927 et
3639 1887 3827 1929 rursus

2239 1960 2377 2016 hanc
2405 1963 2669 2032 praecedat
2696 1980 2761 2020 ea
2786 1979 2904 2034 quae
2933 1965 3087 2019 simul
3116 1971 3171 2019 et
3198 1972 3281 2019 est
3310 1972 3362 2018 et
3391 1964 3519 2017 vivit
3542 1972 3597 2018 et
3625 1964 3826 2019 intelli-

2236 2053 2331 2122 git,
2362 2054 2501 2108 sicut
2529 2056 2581 2109 in
2613 2055 2832 2111 homine
2860 2070 3009 2111 mens
3048 2054 3356 2118 rationalis;
3387 2070 3514 2109 num
3542 2054 3827 2110 arbitraris

2238 2144 2292 2201 in
2316 2145 2494 2212 nobis,
2528 2145 2582 2201 id
2610 2155 2693 2202 est
2718 2147 2770 2202 in
2793 2148 2859 2203 iis
2884 2148 3073 2217 quibus
3103 2157 3287 2201 natura
3317 2156 3497 2202 nostra
3524 2147 3827 2216 completur

2237 2242 2295 2289 ut
2321 2235 2561 2292 homines
2582 2240 2768 2303 simus,
2800 2239 2997 2310 aliquid
3025 2239 3246 2293 inveniri
3276 2255 3431 2308 posse
3461 2240 3820 2308 praestantius,

2235 2340 2390 2395 quam
2418 2326 2519 2381 hoc
2562 2328 2703 2398 quod
2734 2329 2784 2383 in
2825 2328 2907 2384 his
2954 2329 3121 2383 tribus
3149 2329 3305 2383 tertio
3348 2329 3467 2383 loco
3514 2329 3825 2399 posuimus?

2234 2416 2365 2472 Nam
2392 2426 2448 2473 et
2482 2434 2674 2490 corpus
2700 2437 2797 2476 nos
2825 2421 3020 2476 habere
3068 2420 3404 2476 manifestum
3431 2431 3533 2487 est,
3580 2430 3633 2476 ct
3656 2423 3822 2476 vitam

2234 2510 2516 2579 quamdam
2545 2528 2649 2583 qua
2694 2514 2865 2584 ipsum
2904 2528 3097 2583 corpus
3128 2513 3393 2568 animatur
3417 2522 3577 2582 atque
3603 2523 3817 2584 vegeta-

2233 2608 2337 2667 tur,
2364 2618 2480 2671 quae
2510 2602 2615 2665 ὑιο
2640 2605 2798 2659 etiam
2828 2604 2881 2659 in
2923 2605 3108 2660 bestiis
3135 2606 3489 2675 agnoscimus,
3517 2614 3572 2659 et
3604 2606 3821 2660 tertium

2231 2693 2480 2762 quiddam
2524 2697 2673 2766 quasi
2704 2698 2893 2752 anima:
2933 2708 3130 2752 nostra:
3159 2708 3317 2768 caput
3344 2708 3436 2752 aut
3463 2698 3694 2763 oculum,
3728 2710 3821 2754 aut

2231 2784 2276 2838 si
2308 2784 2431 2854 quid
2460 2788 2835 2856 congruentius
2861 2788 2930 2842 de
2950 2788 3154 2842 ratione
3169 2796 3325 2857 atque
3342 2788 3687 2858 intelligentia
3708 2789 3818 2843 dici

2231 2885 2424 2946 potest,
2454 2894 2610 2949 quam
2634 2895 2739 2934 non
2760 2881 2917 2936 habet
2934 2890 3117 2935 natura
3141 2881 3451 2935 bestiarum.
3477 2881 3653 2949 Quare
3674 2883 3815 2946 vide,

2231 2968 2476 3039 obsecro,
2510 2981 2685 3027 utrum
2712 2972 2910 3043 aliquid
2958 2974 3195 3028 invenire
3236 2972 3430 3042 possis,
3469 2973 3611 3043 quod
3648 2975 3719 3028 sit
3761 2976 3818 3030 in

2229 3073 2415 3119 natura
2442 3064 2672 3121 hominis
2717 3066 2933 3121 ratione
2964 3065 3261 3121 sublimius.
3312 3064 3379 3118 E.
3421 3063 3561 3120 Nihil
3596 3066 3820 3123 omnino

2228 3156 2419 3211 melius
2446 3156 2632 3211 video.

2307 3248 2391 3300 M.
2424 3245 2487 3299 Α.
2530 3247 2665 3316 Quid
2710 3248 2753 3301 si
2802 3247 2995 3317 aiiquid
3029 3248 3265 3304 invenire
3289 3248 3644 3318 potuerimus,
3669 3250 3817 3321 quod

2228 3352 2332 3392 non
2358 3338 2526 3393 solum
2557 3354 2810 3394 essenon
2849 3338 3077 3405 dubites,
3123 3339 3214 3393 sed
3267 3340 3425 3393 etiam
3474 3340 3585 3408 ipsa
3631 3350 3818 3397 nostra

2227 3430 2433 3484 ratione
2458 3431 2828 3501 praestantius?
2880 3430 3213 3491 dubitabisne
3260 3430 3387 3489 illud
3416 3432 3669 3501 quidquid
3705 3442 3810 3507 est,

2228 3521 2395 3577 Deum
2417 3523 2627 3579 dicere?
2661 3524 2723 3579 E.
2770 3525 2885 3581 Non
2913 3530 3183 3592 continuo,
3214 3528 3258 3583 si
3284 3528 3409 3599 quid
3437 3525 3625 3584 melius
3652 3545 3814 3600 quam

2229 3612 2282 3666 id
2308 3612 2445 3682 quod
2473 3615 2524 3667 in
2555 3630 2671 3669 mea
2695 3625 2879 3670 natura
2910 3617 3162 3686 optimum
3180 3625 3282 3683 est,
3302 3619 3539 3673 invenire
3554 3628 3803 3688 potuero,

2230 3702 2395 3757 Deum
2424 3719 2543 3759 esse
2570 3704 2812 3760 dixerim.
2850 3706 2965 3761 Non
2996 3708 3135 3761 enim
3170 3708 3299 3762 mihi
3321 3710 3489 3778 placet
3520 3710 3688 3763 Deum
3715 3725 3812 3779 ap-

2229 3798 2444 3862 pellare,
2469 3811 2573 3864 quo
2606 3812 2721 3849 mea
2744 3798 2878 3851 ratio
2907 3807 2987 3852 est
3009 3799 3243 3863 inferior,
3276 3799 3370 3853 sed
3398 3815 3503 3870 quo
3530 3801 3705 3855 nullus
3726 3810 3812 3856 est

2226 3886 2487 3953 superior.
2522 3889 2585 3939 A.
2632 3886 2706 3941 lta
2752 3900 2909 3957 ptane
2963 3906 2975 3943 :
3030 3906 3149 3944 nam
3198 3892 3311 3959 ipse
3338 3890 3461 3946 huic
3488 3902 3589 3947 tua:
3616 3893 3812 3947 rationi

2226 3976 2391 4044 dedit,
2425 3987 2525 4030 tam
2555 3977 2619 4032 de
2650 3994 2707 4033 se
2740 3980 2828 4048 pie
2859 3996 3090 4051 vereque
3120 3984 3334 4037 sentire.
3369 3985 3498 4050 Sed,
3526 4001 3705 4052 quaeso
3732 3994 3807 4051 te,

2225 4068 2396 4123 sinon
2422 4071 2689 4125 inveneris
2710 4086 2829 4126 esse
2858 4072 3058 4142 aliquid
3092 4089 3244 4143 supra
3271 4085 3502 4129 nostram
3528 4076 3809 4144 rationem,

2226 4162 2326 4214 nisi
2354 4161 2493 4231 quod
2528 4172 2781 4217 :eternum
2827 4172 2983 4232 atque
3012 4165 3441 4220 incommutabile
3470 4175 3572 4230 est,
3600 4167 3811 4222 dubita~

2225 4249 2376 4306 bisne
2408 4253 2547 4307 hunc
2570 4254 2732 4306 Deum
2772 4254 2990 4307 dicere?
3013 4254 3142 4309 Nam
3194 4266 3245 4309 et
3276 4271 3501 4325 corpora
3537 4258 3810 4312 mutabiiia

2226 4355 2347 4396 esse
2371 4343 2643 4411 cognoscis
2668 4361 2679 4407 ;
2710 4352 2761 4395 et
2789 4342 2956 4410 ipsam
2983 4343 3142 4397 vitam
3164 4360 3265 4413 qua
3311 4360 3501 4415 corpus
3521 4346 3806 4409 animatur,

2232 4446 2327 4502 per
2345 4431 2563 4487 affectus
2580 4436 2756 4487 varios
2777 4434 3126 4489 mutabilitate
3147 4450 3250 4490 non
3266 4450 3449 4490 carere
3469 4436 3810 4491 manifestum

2226 4532 2337 4587 est;
2373 4534 2427 4578 et
2465 4525 2574 4593 ipsa
2601 4528 2736 4579 ratio
2765 4542 2885 4580 cum
2924 4526 3083 4581 modo
3109 4527 3175 4582 ad
3213 4544 3393 4582 verum
3422 4530 3700 4597 pervenire
3728 4532 3811 4585 ni-

2226 4614 2373 4678 titur,
2410 4614 2570 4669 modo
2597 4630 2700 4670 non
2730 4616 2933 4683 nititur,
2968 4626 3023 4672 et
3065 4618 3348 4688 aliquando
3394 4621 3656 4689 pervenit,
3705 4621 3807 4675 ali—

2225 4707 2436 4777 quando
2462 4723 2564 4761 non
2594 4709 2856 4777 pervenit,
2891 4710 3156 4765 mutabilis
3182 4726 3301 4766 esse
3328 4710 3563 4781 profecto
3586 4714 3811 4766 convin-

2225 4797 2381 4851 citur.
2426 4797 2555 4863 Quaa
2599 4799 2643 4850 si
2686 4798 2831 4852 nullo
2872 4798 3104 4854 adhibito
3149 4802 3385 4869 corporis
3434 4802 3806 4869 instrumento,

2226 4904 2398 4958 neque
2423 4905 2514 4958 per
2533 4898 2749 4953 tactum,
2781 4906 2951 4959 neque
2980 4906 3075 4959 per
3098 4901 3387 4961 gustatum,
3416 4908 3588 4961 neque
3605 4908 3701 4962 per
3731 4895 3813 4949 ol-

2226 4979 2437 5043 factum,
2487 4994 2657 5050 neque
2688 4996 2783 5049 per
2811 4997 2964 5036 aures
2996 5022 3012 5049 ,
3051 4998 3222 5053 neque
3256 4998 3350 5052 per
3388 4984 3590 5050 oculos,
3634 5000 3812 5053 neque

2225 5084 2321 5139 per
2348 5070 2511 5123 ullum
2527 5083 2741 5125 sensum
2774 5085 2832 5125 se
2856 5070 3180 5137 inferiorem,
3208 5072 3301 5126 sed
3321 5088 3413 5141 per
3440 5074 3666 5142 seipsam
3688 5088 3811 5129 cer-

2175 5184 2179 5189 ο
2224 5160 2304 5214 nit
2353 5168 2609 5214 aeternum
2664 5160 2860 5229 aliquid
2908 5169 2962 5213 et
3018 5162 3491 5229 incommutabile,
3548 5163 3706 5216 simul
3756 5173 3812 5218 et

2224 5252 2451 5321 seipsam
2483 5250 2809 5317 inferiorem,
2836 5259 2889 5306 et
2906 5252 3049 5306 illum
3080 5260 3288 5323 oportet
3316 5254 3477 5307 Deum
3502 5268 3659 5308 suum
3687 5268 3811 5309 esse

2225 5342 2470 5398 fateatur.
2503 5342 2569 5396 E.
2596 5343 2745 5399 Hunc
2777 5345 2931 5413 plane
2964 5344 3171 5401 fatebor
3199 5346 3385 5411 Deum,
3426 5361 3531 5417 quo
3561 5347 3689 5401 nihil
3713 5363 3808 5401 su»

2225 5437 2403 5506 perius
2427 5450 2545 5490 esse
2572 5438 2886 5491 constiterit.
2916 5436 2981 5490 Α.
3014 5438 3154 5492 Bene
3194 5437 3387 5493 habet:
3417 5453 3538 5493 nam
3564 5438 3691 5491 mihi
3722 5452 3809 5491 sa-

2225 5527 2291 5581 tis
2318 5527 2417 5581 crit
2447 5526 2727 5581 ostendere
2771 5542 2891 5582 esse
2930 5528 3125 5597 aliquid
3169 5528 3490 5599 hujusmodi,
3534 5528 3673 5599 quod
3716 5538 3810 5582 aut

2224 5618 2471 5673 fateberis
2500 5617 2667 5672 Deum
2695 5634 2836 5687 esse,
2878 5628 2968 5676 aut
3019 5620 3064 5673 si
3108 5620 3305 5690 aliquid
3349 5636 3506 5690 supra
3550 5629 3654 5685 est,
3681 5635 3808 5675 eum

2225 5710 2395 5778 ipsum
2424 5709 2591 5763 Deum
2622 5725 2740 5764 esse
2766 5710 3044 5765 concedes.
3078 5711 3251 5778 Quare
3279 5712 3391 5767 sive
3422 5726 3580 5781 supra
3609 5712 3677 5765 sit
3703 5712 3802 5765 alb

2223 5800 2369 5870 quid,
2393 5801 2503 5858 sive
2534 5815 2642 5857 non
2674 5801 2762 5871 sit,
2810 5801 3145 5871 manifestum
3172 5804 3274 5860 erit
3321 5803 3488 5861 Deum
3515 5817 3654 5871 esse,
3682 5817 3806 5858 cuiu
