4118 6370
317 357 450 415 1249

315 489 438 545 ego,
466 469 607 543 quod
629 467 866 542 promisi,
910 481 1028 523 esse
1065 480 1225 539 supra
1248 467 1528 535 rationem,
1557 467 1744 523 eodem
1785 468 1900 537 ipso

316 564 596 634 adjuvante
623 570 1008 616 monstravero.
1031 558 1095 614 Ε.
1129 560 1442 616 Demonstra
1468 574 1593 631 ergo
1617 558 1757 630 quod
1782 557 1899 628 pol-

317 656 515 712 liceris.

317 747 543 805 CAPUT
564 746 1028 812 VlL—Quomodo
1052 746 1185 801 idem
1212 746 1455 801 sentiatur
1481 762 1512 799 a
1533 744 1704 800 multis
1727 744 1903 817 quidve

520 848 699 907 totum,
727 839 850 910 quid
871 855 971 891 non
991 847 1149 892 totum
1178 846 1223 891 et
1241 838 1391 892 simul
1410 854 1442 891 a
1477 836 1705 908 singulis.

391 952 480 1008 15.
504 952 569 1006 Α.
599 950 811 1007 Faciam
837 968 850 1005 :
883 950 976 1006 sed
1004 951 1148 1021 prius
1167 965 1349 1021 quaero
1379 960 1554 1005 utrum
1573 964 1761 1004 sensus
1779 963 1902 1004 cor-

319 1045 465 1117 poris
490 1059 640 1098 meus
682 1043 822 1099 idem
852 1043 922 1098 sit
943 1042 1032 1113 qui
1063 1054 1201 1107 tuus,
1232 1059 1302 1097 an
1340 1058 1468 1099 vero
1504 1057 1653 1097 meus
1683 1056 1786 1095 non
1835 1040 1905 1095 sit

320 1137 422 1192 nisi
445 1151 615 1201 meus,
642 1143 698 1191 et
721 1144 842 1190 tuus
885 1150 991 1188 non
1022 1134 1090 1189 sit
1119 1133 1219 1189 nisi
1256 1144 1405 1199 tuus;
1452 1133 1594 1203 quod
1618 1132 1662 1187 si
1690 1148 1796 1187 non
1830 1132 1903 1185 ita

321 1240 485 1297 esset,
529 1243 634 1285 non
674 1243 887 1299 possem
930 1243 1032 1299 per
1071 1228 1252 1282 oculos
1285 1242 1433 1282 meos
1472 1226 1653 1281 videre
1686 1223 1897 1294 aliquid,

322 1321 464 1392 quod
491 1330 545 1376 tu
590 1335 697 1375 non
726 1320 959 1375 videres.
993 1317 1061 1371 Ε.
1111 1317 1355 1373 Concedo
1385 1332 1622 1387 prorsus,
1664 1316 1905 1386 quamvis

322 1413 558 1483 ejusdem
598 1413 829 1484 generis,
873 1422 1051 1467 tamen
1081 1412 1317 1482 singulos
1342 1427 1439 1467 nos
1468 1410 1666 1466 habere
1692 1426 1900 1478 sensus,

321 1504 554 1571 videndi,
581 1504 665 1559 vel
688 1504 952 1570 audiendi,
986 1504 1365 1574 velquoslibet
1404 1504 1534 1559 alios
1562 1512 1899 1558 eaeterorum.

322 1593 438 1649 Non
471 1596 614 1651 enim
639 1595 809 1650 solum
835 1595 1035 1662 videre,
1066 1594 1160 1649 sed
1188 1595 1346 1649 etiam
1391 1595 1575 1650 audire
1602 1603 1775 1665 potest
1803 1594 1902 1648 ali-

324 1686 467 1759 quis‘
483 1686 754 1741 hominum
786 1685 925 1756 quod
950 1686 1086 1741 alius
1104 1700 1212 1740 non
1238 1686 1435 1752 audiat,
1470 1697 1524 1743 et
1547 1686 1686 1740 aliud
1708 1685 1903 1755 aliquid

324 1777 559 1851 quolibet
587 1777 691 1834 alio
720 1792 882 1836 sensu
925 1777 1199 1849 quisquam
1245 1779 1444 1834 sentire
1473 1781 1613 1849 quod
1637 1777 1772 1831 alius
1799 1792 1904 1832 non

324 1877 536 1930 sentiat.
572 1875 721 1931 Unde
763 1874 1100 1930 manifestum
1127 1884 1207 1930 est
1237 1882 1292 1931 et
1315 1884 1461 1929 tuum
1497 1872 1708 1929 nonnisi
1734 1881 1901 1940 tuum,

324 1975 378 2021 et
406 1982 581 2021 meum
621 1981 833 2021 sensum
866 1981 973 2039 no_n
1014 1980 1133 2021 esse
1161 1965 1263 2019 nisi
1305 1980 1505 2020 meum.
1532 1966 1595 2017 Α.
1620 1964 1734 2018 Hoc
1763 1963 1903 2017 idem

324 2058 672 2127 respondebis
698 2058 763 2112 de
785 2027 1062 2111 mole-tiam
1086 2071 1247 2112 sensu
1275 2055 1566 2111 interiore?
1606 2070 1674 2109 an
1706 2052 1905 2124 aliquid

324 2151 505 2205 aliud?
545 2151 610 2204 E.
632 2150 769 2205 Nihil
800 2166 927 2205 sane
951 2149 1111 2204 aliud.
1145 2149 1276 2204 Nam
1301 2158 1355 2205 et
1380 2150 1467 2204 ille
1487 2148 1666 2218 utique
1689 2162 1903 2203 sensum

324 2259 503 2298 meum
535 2245 695 2298 sentit
743 2258 914 2309 meus,
946 2251 1001 2298 et
1040 2252 1188 2298 tuum
1216 2242 1378 2297 sentit
1423 2250 1545 2296 tuus
1591 2257 1604 2295 :
1638 2255 1759 2295 nam
1786 2239 1905 2294 ideo

326 2334 639 2404 plerumque
679 2334 974 2403 interrogor
999 2335 1066 2389 ab
1091 2348 1156 2387 eo
1182 2333 1271 2403 qui
1300 2332 1497 2403 aliquid
1526 2331 1688 2396 videt,
1726 2339 1902 2384 utrum

259 2429 273 2450 '
323 2423 426 2478 hoc
451 2425 606 2478 etiam
647 2439 745 2494 ego
771 2424 997 2491 videam,
1041 2424 1161 2493 quia
1191 2438 1290 2493 ego
1336 2437 1423 2477 me
1445 2421 1625 2476 videre
1663 2430 1753 2475 aut
1798 2434 1906 2474 non

324 2515 507 2570 videre
536 2515 725 2582 sentio,
752 2530 858 2569 non
893 2515 980 2570 ille
1000 2514 1087 2584 qui
1119 2513 1433 2583 interrogat.
1455 2511 1519 2565 A.
1544 2511 1715 2579 Quid?
1736 2511 1904 2580 ipsam

324 2609 586 2663 rationem
624 2623 800 2662 nonne
838 2608 1197 2678 unusquisque
1236 2616 1477 2660 nostrum
1513 2604 1673 2659 habet
1712 2602 1906 2658 suam?

326 2700 752 2771 quandoquidem
790 2700 901 2755 fieri
930 2708 1105 2771 potest
1141 2708 1199 2754 ut
1227 2715 1326 2770 ego
1354 2698 1549 2768 aliquid
1591 2696 1903 2767 intelligam,

325 2808 445 2848 cum
474 2802 526 2849 tu
548 2793 600 2847 id
629 2809 734 2848 non
760 2793 1038 2864 intelligis;
1070 2807 1167 2847 nec
1191 2802 1365 2847 utrum
1384 2790 1672 2860 intelligam
1690 2799 1745 2843 tu
1767 2788 1907 2844 scire

328 2887 517 2956 possis,
550 2902 648 2956 ego
675 2895 849 2941 autem
876 2886 1057 2941 sciam.
1094 2885 1158 2938 E.
1193 2884 1522 2939 Manifestum
1546 2891 1628 2937 est
1643 2882 1805 2937 etiam
1826 2896 1906 2936 ra-

333 2978 557 3037 tionales
595 2987 799 3035 mentes
842 2964 1078 3049 singulos
1108 2992 1346 3047 quosque
1387 2983 1630 3031 nostrum
1672 2973 1909 3044 singulas

325 3070 585 3219 milia.
610 3160 746 3217 Num
773 3159 931 3214 etiam
955 3159 1153 3228 poteris
1177 3154 1359 3210 dicere
1382 3152 1616 3223 singulos
1639 3151 1780 3208 soles
1807 3164 1905 3207 nos

327 3258 522 3312 habere
564 3268 698 3323 quos
727 3252 999 3317 videmus,
1030 3259 1121 3303 aut
1158 3248 1339 3312 lunas,
1365 3256 1456 3300 aut
1498 3246 1782 3311 luciferos,
1814 3251 1903 3299 aut

326 3360 516 3403 caetera
546 3343 881 3413 liujusmodi,
914 3342 1161 3407 quamvis
1192 3354 1289 3393 suo
1332 3340 1560 3407 quisque
1591 3354 1654 3391 ac
1686 3339 1906 3408 proprio

326 3455 485 3494 sensu
528 3439 625 3490 ista
656 3432 865 3488 videat?
903 3429 966 3484 E.
1002 3430 1154 3484 Nullo
1186 3429 1344 3484 modo
1388 3429 1524 3483 istud
1565 3428 1810 3482 dixerim.
1839 3427 1905 3482 A.

325 3530 615 3586 Possumus
658 3539 786 3595 ergo
830 3521 1010 3576 videre
1060 3537 1219 3575 unum
1267 3521 1467 3589 aliquid
1517 3521 1669 3573 multi
1716 3519 1908 3583 simul,

330 3636 448 3676 cum
474 3620 582 3674 sint
612 3631 800 3672 sensus
831 3616 996 3669 nostri
1031 3615 1185 3668 nobis
1213 3611 1437 3681 singulis
1459 3612 1683 3681 singuli,
1717 3613 1915 3683 quibus

338 3713 583 3767 omnibus
613 3710 739 3764 illud
774 3724 932 3763 unum
960 3708 1221 3762 sentimus
1260 3705 1403 3775 quod
1442 3707 1598 3759 simul
1626 3704 1913 3774 videmus;

331 3813 392 3859 ιιι
419 3804 662 3872 quamvis
685 3803 818 3856 alius
841 3816 1028 3857 sensus
1058 3814 1212 3854 meus
1235 3799 1340 3865 sit,
1366 3807 1420 3853 et
1442 3798 1577 3853 alius
1607 3807 1753 3867 tuus,
1786 3814 1916 3869 pos-

327 3896 397 3951 sit
430 3906 603 3949 tamen
648 3896 759 3948 ﬁeri
809 3904 868 3947 ut
922 3893 973 3947 id
1018 3891 1161 3962 quod
1200 3890 1474 3954 videmus,
1518 3905 1622 3943 non
1663 3889 1733 3943 sit
1766 3888 1908 3943 aliud

326 4003 504 4042 meum
529 4028 544 4054 ,
588 3986 729 4040 aliud
758 3995 902 4039 tuum
927 4001 941 4048 ;
973 3983 1069 4038 sed
1098 3982 1224 4036 illud
1254 3998 1415 4035 unum
1449 3987 1643 4049 prmsto
1671 3980 1739 4034 sit
1772 3981 1908 4035 utri-

324 4092 429 4147 que
468 4085 706 4131 nostrum
729 4085 780 4130 et
807 4075 962 4129 simul
993 4075 1059 4128 ab
1085 4083 1311 4142 utroque
1335 4071 1592 4126 videatur.
1636 4070 1702 4123 E.
1740 4071 1907 4124 Mani-

327 4166 676 4222 festissimum
717 4176 816 4221 est.
857 4166 920 4219 A.
961 4166 1253 4220 Possumus
1301 4165 1459 4217 etiam
1491 4178 1647 4216 unam
1679 4163 1909 4232 aliquam

327 4275 514 4315 vocem
543 4259 699 4314 simul
733 4258 952 4323 audire,
999 4264 1057 4310 ut
1115 4255 1359 4325 quamvis
1408 4254 1542 4308 alius
1581 4254 1653 4309 sit
1697 4253 1909 4308 auditus

325 4365 512 4419 meus,
553 4349 687 4404 alius
720 4357 867 4414 tuus,
900 4362 1008 4402 non
1054 4347 1123 4401 sit
1163 4354 1340 4400 tamen
1377 4344 1479 4399 alia
1525 4360 1677 4411 mea,
1726 4352 1781 4399 et
1807 4344 1907 4398 alia

328 4452 419 4498 tua
446 4458 547 4497 vox
572 4458 730 4513 quam
772 4440 928 4495 simul
956 4439 1201 4494 audimus
1221 4480 1235 4505 ,
1266 4438 1351 4492 vel
1377 4437 1487 4491 alia
1508 4452 1630 4506 pars
1667 4436 1782 4506 ejus
1810 4452 1907 4490 au-

330 4538 445 4592 ditu
477 4554 597 4593 meo
635 4539 890 4609 capiatur,
924 4543 980 4591 et
1007 4536 1108 4589 alia
1141 4543 1232 4590 tuo
1256 4575 1271 4601 ,
1308 4532 1400 4589 sed
1428 4531 1680 4602 quidquid
1710 4546 1909 4586 sonue-

326 4629 430 4696 rit,
458 4637 511 4684 et
540 4646 702 4684 unum
731 4637 786 4684 et
814 4639 981 4684 totum
1023 4627 1341 4683 audiendum
1372 4626 1531 4681 simul
1562 4624 1700 4679 adsit
1727 4624 1911 4680 ambo-

326 4719 449 4776 bus.
479 4720 545 4774 E.
578 4722 645 4775 Et
675 4722 776 4775 hoc
804 4719 1139 4774 manifestum
1161 4727 1263 4774 est.

338 4801 343 4811 ’
405 4814 493 4868 17.
533 4812 597 4866 Α.
627 4812 742 4869 Jam
769 4813 928 4866 etiam
953 4812 1019 4866 de
1048 4811 1259 4866 caeteris
1301 4811 1545 4865 sensibus
1581 4810 1823 4881 corporis
1848 4810 1909 4863 li-

331 4912 415 4960 eet
437 4904 828 4959 animadvertas
847 4902 989 4974 quod
1009 4902 1235 4957 dicimus
1257 4941 1272 4967 ,
1302 4917 1475 4972 neque
1502 4902 1721 4956 omnino
1752 4901 1870 4955 illos
1890 4942 1905 4969 ,

329 4997 473 5067 quod
509 4997 575 5051 ad
634 4998 770 5052 hanc
818 5011 933 5051 rem
963 4995 1189 5064 attinet,
1231 4994 1303 5049 ita
1354 5009 1412 5050 se
1456 4994 1653 5049 habere
1686 5002 1743 5049 ut
1791 4994 1912 5049 illos

332 5088 467 5143 duos
509 5088 782 5143 oculorum
818 5096 872 5142 et
916 5087 1157 5154 aurium,
1208 5101 1379 5156 neque
1420 5086 1638 5139 omnino
1679 5100 1786 5141 non
1816 5087 1909 5140 ita.

328 5182 461 5238 Nam
492 5182 612 5252 quia
638 5197 707 5237 ex
733 5196 840 5236 uno
870 5196 994 5236 aere
1016 5189 1071 5235 et
1094 5195 1195 5250 ego
1222 5188 1279 5235 et
1303 5188 1356 5233 tu
1383 5192 1667 5250 possumus
1694 5178 1913 5248 implere

329 5275 735 5344 apiramentum,
762 5282 817 5329 et
840 5273 955 5343 ejus
969 5272 1109 5328 aeris
1128 5272 1459 5327 affectionem
1481 5269 1646 5325 odore
1672 5269 1872 5325 sentire
1895 5287 1909 5325 :

329 5373 385 5419 et
412 5366 538 5420 item
560 5366 683 5436 quia
710 5380 776 5421 ex
819 5380 927 5419 uno
952 5363 1111 5419 melle
1128 5405 1142 5429 ,
1170 5363 1254 5419 vel
1279 5362 1516 5433 quolibet
1539 5362 1641 5415 alio
1662 5362 1781 5416 cibo
1819 5377 1915 5417 seu

330 5465 458 5525 potu
487 5458 645 5513 ambo
666 5466 881 5528 gustare
905 5471 1190 5527 possumus
1209 5497 1224 5523 ,
1252 5464 1307 5510 et
1330 5455 1447 5525 ejus
1480 5454 1811 5509 affectionem
1837 5470 1915 5510 sa-

330 5562 461 5618 pore
485 5550 712 5618 sentire,
740 5548 983 5620 quamvis
1012 5548 1102 5603 ille
1129 5562 1267 5602 unus
1300 5547 1387 5611 sit,
1412 5547 1577 5601 nostri
1603 5554 1780 5601 autem
1809 5546 1914 5602 sint

336 5652 530 5695 sensus
578 5641 804 5711 singuli,
856 5640 950 5696 tibi
998 5648 1120 5695 tuus
1159 5647 1213 5694 et
1252 5638 1382 5693 mihi
1425 5645 1608 5705 meus;
1649 5645 1709 5692 ut
1749 5653 1915 5694 unum

330 5727 551 5784 odorem
604 5730 690 5810 vel
717 5748 878 5786 unum
932 5745 1175 5802 saporem
1217 5745 1337 5786 cum
1381 5729 1540 5785 ambo
1587 5729 1911 5798 sentiamus,

335 5831 439 5879 nec
462 5829 518 5876 tu
545 5827 721 5878 tamen
746 5839 867 5881 eum
898 5838 1021 5882 meo
1048 5838 1209 5882 sensu
1235 5822 1434 5882 sentias
1451 5862 1467 5894 ,
1499 5836 1601 5881 nec
1639 5837 1741 5896 ego
1786 5832 1912 5895 tuo,

1649 353 1853 411 LIBER
1889 349 2265 411 SECUNDUS.

2008 481 2109 522 nec
2160 467 2335 539 aliquo
2371 463 2483 524 uno
2529 459 2622 543 qui
2662 458 2937 543 utriusque
2980 476 3223 528 nostrum
3265 473 3435 548 possit
3462 491 3584 536 esse

2009 556 2380 627 communiter,
2436 560 2528 615 sed
2571 575 2789 631 prorsus
2832 560 2963 617 mihi
2987 578 3137 620 meus
3161 578 3350 622 sensus
3382 565 3490 635 sit,
3530 577 3586 625 et

2010 655 2131 703 tuus
2159 651 2285 718 tibi,
2308 653 2517 708 etiamsi
2543 670 2679 710 unus
2707 663 2798 712 aut
2825 655 2988 725 odor,
3014 664 3107 712 aut
3133 672 3293 729 sapor
3327 657 3396 713 ab
3433 668 3583 714 utro.

2006 758 2111 812 que
2138 746 2433 801 sentiatur:
2462 746 2584 803 hinc
2611 762 2738 819 ergo
2772 748 2859 803 isti
2888 763 3076 805 sensus
3116 749 3461 807 inveniuntur
3488 750 3584 806 ha:

2006 831 2134 890 bere
2162 836 2360 907 aliquid
2402 838 2509 894 tale
2531 881 2547 907 ,
2580 840 2735 910 quale
2773 839 2851 894 illi
2890 840 2997 898 duo
3040 840 3094 896 in
3128 843 3243 897 visu
3286 851 3343 899 et
3368 842 3584 898 auditu:

2007 926 2100 981 sed
2130 927 2182 981 in
2213 944 2279 985 eo
2308 928 2548 1000 dispares
2576 938 2728 1000 sunt,
2760 939 3017 1003 quantum
3045 932 3114 988 ad
3156 932 3209 988 id
3252 933 3392 1005 quod
3444 948 3589 989 nunc

2007 1019 2212 1089 agimus
2240 1023 2494 1092 pertinet,
2516 1024 2659 1095 quod
2685 1024 2784 1080 etsi
2810 1042 2974 1081 unum
3000 1042 3178 1083 aerem
3198 1027 3416 1083 naribus
3430 1027 3589 1083 ambo

2008 1110 2300 1183 trahimus,
2336 1123 2428 1169 aut
2454 1131 2616 1170 unum
2657 1116 2834 1172 cibum
2884 1116 3147 1188 gustando
3169 1121 3440 1189 capimus;
3479 1133 3586 1173 non

2007 1209 2184 1259 tamen
2215 1221 2330 1261 eam
2358 1216 2561 1278 partem
2590 1210 2731 1265 aeris
2754 1209 2892 1266 duco
2941 1227 3097 1282 quam
3150 1221 3204 1267 tu
3227 1254 3245 1282 ,
3295 1228 3394 1270 nec
3436 1228 3586 1269 eam-

2009 1296 2131 1354 dem
2185 1308 2386 1370 partem
2416 1304 2519 1359 cibi
2579 1320 2733 1360 sumo
2771 1320 2929 1376 quam
2987 1314 3075 1373 tu,
3122 1306 3216 1362 sed
3255 1306 3415 1362 aliam
3449 1320 3582 1377 ego,

2008 1390 2165 1445 aliam
2212 1400 2265 1446 tu
2304 1402 2399 1448 :et
2448 1395 2567 1451 ideo
2619 1396 2684 1451 de
2726 1403 2838 1451 toto
2875 1412 3001 1452 aere
3047 1411 3169 1469 cum
3220 1396 3397 1467 spiro,
3450 1396 3587 1453 duco

2009 1494 2213 1553 partem
2231 1493 2424 1552 quanta
2445 1486 2574 1541 mihi
2600 1487 2729 1542 satis
2758 1496 2843 1543 est
2860 1530 2875 1554 ,
2904 1495 2957 1543 et
2980 1498 3034 1543 tu
3052 1489 3176 1543 item
3205 1488 3270 1544 de
3291 1496 3403 1543 toto
3428 1487 3586 1543 aliam

2009 1583 2205 1645 quanta
2232 1574 2324 1629 tibi
2354 1578 2481 1631 satis
2510 1586 2593 1633 est
2621 1578 2772 1635 ducis
2802 1598 2815 1636 :
2845 1589 2900 1636 et
2925 1582 3076 1637 cibus
3105 1582 3345 1653 quamvis
3380 1597 3517 1638 unus
3536 1590 3592 1638 et

2010 1674 2150 1721 totus
2180 1667 2246 1722 ab
2274 1677 2496 1739 utroque
2525 1670 2835 1726 absumatur
2862 1673 2879 1704 ί
2906 1689 3011 1728 ιιοιι
3043 1683 3216 1729 tamen
3242 1682 3297 1728 et
3334 1689 3363 1729 a
3392 1690 3478 1730 me
3506 1683 3589 1729 to-

2010 1761 2114 1821 tus,
2151 1760 2205 1807 et
2249 1768 2278 1806 a
2308 1762 2360 1808 te
2388 1761 2531 1808 totus
2565 1755 2770 1810 absumi
2812 1765 3021 1828 potest,
3058 1757 3325 1827 quomodo
3365 1758 3586 1813 verbum

2009 1854 2062 1901 et
2099 1861 2197 1916 ego
2224 1853 2391 1901 totum
2438 1847 2630 1916 audio,
2668 1857 2721 1903 et
2752 1858 2803 1903 tu
2834 1858 3001 1904 totum
3042 1849 3235 1917 simul,
3274 1858 3327 1905 et
3356 1850 3586 1920 speciem

2009 1937 2300 2007 quamlibet
2325 1947 2573 2008 quantam
2619 1956 2716 2008 ego
2742 1940 2918 2006 video,
2954 1949 3155 1995 tantam
3200 1950 3255 1997 et
3283 1951 3339 1996 tu
3388 1942 3584 2008 simul;

2009 2030 2103 2085 sed
2133 2030 2234 2085 cibi
2259 2032 2342 2086 vel
2365 2032 2593 2102 potionis
2616 2033 2719 2088 alia
2750 2048 2873 2103 pars
2897 2033 2949 2087 in
2983 2048 3101 2100 me,
3133 2033 3233 2086 alia
3261 2033 3314 2088 in
3340 2043 3389 2088 te
3414 2043 3590 2087 trans-

2010 2128 2099 2175 eat
2135 2137 2353 2177 necesse
2393 2133 2475 2178 est
2506 2140 2517 2180 :
2547 2138 2613 2178 an
2660 2139 2849 2193 parum
2903 2124 3003 2178 ista
3042 2123 3326 2193 intelligis?
3355 2122 3423 2177 E.
3480 2122 3592 2178 lmo

2010 2228 2138 2269 vero
2163 2215 2496 2284 apertissima
2532 2223 2586 2270 et
2607 2216 2901 2271 certissima
2933 2230 3052 2271 esse
3079 2215 3378 2270 consentio.

2082 2307 2170 2362 18.
2198 2306 2263 2360 Α.
2292 2307 2429 2363 Num
2454 2323 2641 2364 censes
2664 2308 2910 2379 tangendi
2937 2324 3152 2363 sensum
3176 2306 3590 2378 comparandum

2010 2414 2132 2455 esse
2159 2399 2437 2455 oculorum
2485 2409 2541 2456 et
2577 2401 2784 2455 aurium
2829 2401 3073 2456 sensibus
3102 2400 3156 2455 in
3194 2415 3257 2455 ea
3306 2416 3367 2456 re
3393 2400 3461 2456 de
3488 2416 3592 2472 qua

2011 2507 2152 2547 nunc
2166 2492 2337 2562 agitur
2356 2509 2373 2560 ;
2401 2493 2523 2563 quia
2551 2509 2656 2548 non
2684 2492 2856 2548 solum
2883 2507 3079 2563 corpus
3104 2509 3267 2547 unum
3284 2493 3442 2548 ambo
3470 2508 3594 2562 pos-

2010 2598 2195 2639 sumus
2214 2584 2412 2639 sentire
2430 2583 2719 2654 tangendo,
2743 2584 2835 2640 sed
2863 2585 3020 2639 etiam
3045 2583 3287 2640 eamdem
3307 2593 3513 2654 partem
3539 2592 3596 2639 tu

2011 2690 2226 2747 quoque
2250 2676 2451 2746 poteris
2478 2684 2696 2747 tangere
2722 2691 2878 2745 quam
2900 2690 2999 2746 ego
3016 2676 3257 2746 tetigero,
3290 2684 3347 2730 ut
3376 2691 3481 2731 non
3507 2690 3597 2731 so-

2010 2766 2120 2822 lum
2149 2766 2288 2823 idem
2309 2782 2503 2837 corpus
2525 2809 2539 2828 .
2573 2766 2666 2822 sed
2693 2765 2932 2821 eamdem
2967 2781 3176 2837 quoque
3202 2766 3441 2837 corporis
3471 2782 3595 2835 par-

2013 2866 2120 2915 tem
2148 2860 2414 2930 possimus
2433 2858 2591 2914 ambo
2618 2857 2815 2913 sentire
2847 2856 3145 2928 tangendo?
3170 2856 3285 2911 Non
3319 2858 3461 2912 enim
3487 2857 3596 2913 sic-

2012 2951 2090 3006 uti
2123 2952 2300 3007 cibum
2344 2951 2575 3020 aliquem
2604 2949 2903 3021 appositum
2946 2964 3052 3003 non
3080 2962 3362 3018 possumus
3390 2955 3443 3003 et
3496 2962 3595 3018 ego

2012 3051 2183 3099 totum
2212 3052 2265 3098 et
2294 3052 2353 3098 tu
2380 3052 2547 3097 totum
2587 3058 2810 3112 capere,
2841 3058 2961 3097 cum
3002 3042 3159 3097 ambo
3187 3041 3279 3096 illo
3299 3042 3594 3107 vescimur,

2012 3135 2091 3190 sic
2127 3135 2286 3190 etiam
2307 3134 2361 3189 in
2394 3132 2656 3204 tangendo
2684 3134 2877 3187 accidit
2901 3152 2912 3186 :
2948 3132 3045 3188 sed
3074 3141 3129 3187 et
3158 3150 3322 3188 unum
3344 3143 3397 3189 et
3426 3143 3598 3190 totum

2014 3227 2155 3298 quod
2183 3243 2282 3298 ego
2325 3227 2572 3297 tetigero,
2599 3225 2759 3282 etiam
2791 3234 2842 3279 tu
2864 3236 3016 3294 potes
3034 3267 3048 3291 ,
3073 3233 3131 3279 ut
3155 3224 3207 3280 id
3233 3225 3391 3279 ambo
3413 3234 3600 3297 tanga-

2013 3335 2173 3385 mus,
2217 3334 2322 3374 non
2369 3319 2592 3389 singulis
2636 3317 2903 3388 partibus,
2947 3317 3042 3371 sed
3072 3327 3242 3372 totum
3289 3318 3499 3387 singuli.
3526 3318 3594 3372 E.

2014 3410 2208 3467 Fateor
2232 3411 2334 3465 hoc
2361 3410 2521 3465 modo
2546 3410 2758 3465 duobus
2798 3409 2905 3464 illis
2934 3409 3301 3478 superioribus
3320 3408 3569 3465 sensibus
3585 3451 3601 3477 ,

2016 3502 2161 3558 hunc
2189 3501 2439 3573 tangendi
2467 3516 2681 3557 sensum
2723 3516 2841 3556 esse
2868 3499 3233 3555 simillimum:
3262 3500 3359 3555 sed
3396 3500 3449 3555 in
3498 3499 3602 3557 hoc

2012 3594 2169 3649 video
2216 3609 2336 3649 esse
2363 3593 2675 3648 dissimilem
2697 3635 2711 3660 ,
2744 3591 2887 3662 quod
2917 3592 3110 3657 simul,
3148 3592 3201 3647 id
3232 3602 3315 3648 est
3340 3607 3448 3647 uno
3471 3602 3605 3647 tem-

2017 3702 2147 3757 pore
2169 3727 2184 3753 ,
2216 3694 2271 3741 et
2305 3684 2486 3740 videre
2515 3684 2716 3756 aliquid
2749 3701 2910 3739 unum
2938 3694 3108 3739 totum
3135 3683 3295 3740 ambo
3322 3700 3606 3756 possumus

2014 3785 2067 3833 et
2106 3776 2323 3842 audire;
2371 3785 2588 3847 tangere
2630 3786 2808 3831 autem
2848 3791 3133 3847 possumus
3180 3776 3394 3847 quidem
3435 3786 3605 3833 totum

2014 3868 2211 3939 aliquid
2244 3867 2404 3923 ambo
2444 3883 2549 3923 uno
2594 3876 2873 3938 tempore,
2918 3867 3011 3922 sed
3054 3868 3294 3937 partibus
3343 3868 3605 3939 singulis,

2014 3963 2260 4018 eamdem
2290 3969 2472 4017 autem
2519 3971 2720 4032 partem
2752 3960 2965 4016 nonnisi
2994 3961 3323 4030 temporibus
3346 3962 3603 4040 singqlis:

2015 4070 2137 4108 nam
2162 4054 2290 4108 nulli
2324 4054 2458 4124 parti
2487 4069 2646 4125 quam
2683 4060 2823 4107 tactu
2848 4052 3026 4122 capis,
3053 4066 3272 4122 possum
3310 4069 3489 4110 meum
3522 4060 3605 4108 ta-

2024 4156 2168 4201 ctum
2194 4145 2515 4213 admovere,
2558 4144 2660 4200 nisi
2694 4153 2749 4199 tu
2787 4143 3052 4198 amoveris
3073 4152 3242 4198 tuum.

2093 4238 2181 4293 19.
2214 4237 2277 4291 Α.
2316 4238 2731 4307 Vigilantissime
2784 4237 3105 4307 respondisti
3132 4254 3145 4291 :
3169 4235 3262 4292 sed
3313 4243 3525 4307 oportet
3553 4246 3605 4293 te

2015 4331 2176 4385 etiam
2218 4329 2347 4384 illud
2374 4329 2590 4395 videre,
2621 4344 2742 4383 eum
2787 4328 2977 4383 horum
3009 4328 3245 4383 omnium
3288 4343 3408 4398 quae
3437 4330 3604 4383 senti-

2019 4437 2176 4487 mus,
2212 4422 2316 4475 alia
2359 4423 2470 4476 sint
2516 4438 2635 4491 qua:
2670 4422 2862 4488 ambo,
2895 4422 2995 4476 alia
3039 4438 3158 4492 qua:
3187 4421 3375 4492 singuli
3405 4423 3606 4479 sentia-

2017 4530 2173 4580 mus;
2210 4515 2353 4585 ipsos
2401 4530 2530 4570 vero
2570 4530 2760 4570 sensus
2811 4523 3025 4571 nostros
3070 4530 3196 4571 suos
3225 4517 3448 4586 quisque
3492 4517 3608 4573 sin-

2016 4608 2124 4678 guli
2154 4609 2443 4662 sentiamus
2474 4616 2532 4661 ut
2587 4622 2757 4676 neque
2784 4622 2882 4677 ego
2909 4608 3134 4662 sentiam
3168 4623 3385 4664 sensum
3424 4618 3568 4663 tuum
3590 4652 3606 4678 ,

2016 4716 2191 4769 neque
2216 4706 2273 4753 tu
2299 4714 2477 4753 meum
2494 4741 2510 4766 ,
2539 4698 2680 4769 quod
2702 4697 2770 4754 de
2791 4698 2876 4753 his
2900 4697 3063 4754 rebus
3087 4715 3204 4770 quae
3233 4701 3536 4756 sentiuntur
3576 4717 3607 4757 a

2016 4792 2172 4847 nobis
2211 4806 2306 4862 per
2326 4790 2568 4861 corporis
2592 4805 2811 4856 sensus,
2842 4789 2895 4845 id
2921 4798 3005 4846 est
3043 4792 3183 4861 quod
3212 4792 3281 4848 de
3308 4794 3606 4863 corporali-

2016 4882 2116 4938 bus
2144 4883 2305 4939 rebus
2340 4898 2447 4937 non
2472 4897 2755 4953 possumus
2779 4882 2981 4938 sentire
3022 4884 3180 4939 ambo
3199 4924 3214 4951 ,
3243 4883 3339 4938 sed
3375 4883 3606 4955 singuli,

2018 4976 2123 5032 nisi
2153 4976 2294 5048 quod
2332 4976 2402 5031 ita
2446 4975 2505 5030 fit
2532 4985 2776 5031 nostrum
2802 4984 2861 5030 ut
2898 4974 3003 5030 hoc
3045 4976 3098 5030 in
3127 4990 3227 5031 nos
3270 4985 3482 5033 vertere
3505 5019 3522 5045 ,
3553 4988 3609 5034 et

2018 5078 2350 5126 commutare
2371 5069 2669 5139 possimus,
2696 5068 2852 5124 sicuti
2872 5076 2955 5123 est
2992 5067 3141 5123 cibus
3163 5076 3217 5124 et
3244 5078 3423 5139 potus,
3456 5070 3608 5140 cujus

2018 5163 2217 5218 nullam
2257 5169 2465 5232 partem
2509 5177 2671 5231 quam
2702 5176 2803 5232 ego
2830 5175 3141 5231 percepero,
3168 5168 3223 5216 et
3252 5171 3308 5217 tu
3331 5162 3608 5232 percipere

2017 5255 2219 5327 poteris
2247 5272 2261 5308 :
2283 5254 2407 5325 quia
2435 5262 2490 5309 et
2514 5255 2558 5308 si
2580 5254 2817 5309 nutrices
2835 5254 3085 5309 alimenta
3104 5269 3290 5309 mansa
3316 5254 3608 5311 infantibus

2020 5348 2281 5413 reddunt,
2310 5345 2441 5401 illud
2467 5354 2646 5402 tamen
2670 5346 2812 5417 quod
2856 5346 2979 5401 inde
3003 5356 3243 5418 gustatus
3267 5348 3501 5418 rapuerit
3528 5358 3609 5404 at-

2020 5456 2127 5512 que
2149 5440 2203 5494 in
2230 5438 2534 5494 mandentis
2555 5438 2763 5494 viscera
2785 5440 3191 5494 commutaverit
3213 5480 3228 5507 ,
3260 5439 3408 5495 nullo
3447 5440 3609 5497 modo

2020 5531 2261 5589 revocari
2287 5530 2485 5603 poterit
2512 5540 2571 5587 ut
2595 5530 2651 5585 in
2670 5545 2849 5587 escam
2875 5530 3190 5587 refundatur
3212 5529 3449 5588 infantis.
3476 5532 3609 5589 Gula

2018 5626 2167 5681 enim
2187 5639 2309 5680 cum
2334 5623 2532 5695 aliquid
2554 5623 2791 5695 juctmde
2813 5625 2981 5695 sapit,
3001 5625 3211 5681 etiamsi
3234 5626 3500 5697 exiguam,
3532 5634 3613 5682 ta-

2020 5733 2141 5774 men
2172 5715 2579 5773 irrevocabilem
2604 5724 2811 5788 partem
2835 5716 2936 5772 sibi
2959 5716 3211 5785 vindicat,
3240 5725 3296 5774 et
3328 5716 3432 5774 hoc
3468 5719 3613 5790 cogit

2086 5832 2103 5865 ι
2127 5839 2247 5882 Tres
2261 5836 2370 5884 uss.
2388 5835 2676 5884 assmuatur.
2694 5836 2917 5897 Moxque,
2933 5835 2981 5887 et
2995 5845 3027 5885 α
3041 5837 3087 5887 te
3102 5835 3225 5887 totus
3238 5829 3429 5886 alumni
3441 5835 3612 5899 potest.
