4118 6370
565 355 699 428 tesi

550 494 679 554 ﬁeri
699 487 847 574 quod
875 493 1076 560 naturae
1100 505 1338 577 corporis
1357 499 1642 563 convenit:
1671 506 1814 576 quod
1838 497 1940 564 nisi
1963 507 2035 564 ita
2058 521 2144 564 es—

555 585 645 646 ’set
665 633 681 659 ,
709 583 887 668 nullus
911 606 1212 652 remaneret
1259 612 1419 668 sapor
1448 598 1501 652 in
1532 605 1625 653 ere
1655 607 1997 671 posteaquam
2023 599 2141 655 fue-

561 683 670 738 rint
694 683 876 741 mansa
908 685 994 741 illa
1024 687 1229 744 reddita
1259 698 1418 760 atque
1446 689 1688 761 desputa.
1717 692 1868 759 Quod
1890 693 2049 748 etiam
2073 689 2158 750 de

563 776 702 831 aeris
730 776 968 847 partibus
1000 771 1145 835 recte
1197 779 1301 836 dici
1329 789 1535 851 potest,
1577 798 1709 852 quas
1737 783 1951 839 naribus
1989 783 2138 839 duci-

563 885 684 926 mus
715 890 727 925 :
755 873 879 928 'nam
904 874 1110 930 etiamsi
1150 865 1345 946 aliquid
1371 877 1512 932 aeris
1536 877 1674 946 quod
1705 861 1804 947 ego
1834 877 2135 942 reddidero,

561 964 737 1032 possis
761 964 920 1019 etiam
948 973 1002 1019 tu
1031 964 1247 1034 ducere,
1284 982 1390 1022 non
1436 976 1615 1023 tamen
1664 970 1862 1038 poteris
1890 970 2049 1024 etiam
2075 969 2139 1024 il-

566 1049 688 1122 lud,
737 1053 876 1124 quod
915 1054 1037 1110 inde
1073 1057 1126 1112 in
1168 1056 1476 1134 alimentum
1505 1059 1682 1114 meum
1717 1060 1974 1126 cesserit;
2014 1059 2136 1130 quia

559 1159 657 1200 nec
690 1147 840 1202 reddi
874 1157 1065 1218 potest.
1097 1143 1226 1203 Nam
1258 1150 1417 1204 etiam
1460 1151 1675 1205 naribus
1703 1151 2009 1206 alimentum
2037 1165 2136 1207 nos

551 1233 748 1306 capere
795 1241 986 1297 medici
1016 1241 1210 1298 docent
1242 1261 1254 1296 :
1286 1242 1424 1314 quod
1453 1243 1763 1299 alimentum
1802 1254 1856 1300 et
1885 1243 2134 1314 spirando

555 1330 699 1385 solus
727 1332 924 1388 'sentire
958 1347 1172 1403 possum
1190 1376 1204 1400 ,
1229 1343 1282 1389 et
1309 1333 1544 1389 reflando
1564 1335 1846 1389 restituere
1874 1350 1979 1389 non
2007 1349 2132 1406 pos-

556 1427 673 1480 smn
694 1468 707 1490 ,
739 1433 797 1479 ut
825 1425 921 1482 abs
948 1435 997 1481 te
1025 1427 1185 1482 etiam
1207 1427 1421 1482 ductum
1448 1426 1666 1482 naribus
1693 1425 1968 1482 sentiatur.
1998 1426 2130 1480 Nam

554 1523 746 1569 caetera
770 1517 1038 1571 sensibilia
1061 1534 1178 1588 qua:
1204 1519 1442 1585 quamvis
1464 1519 1752 1572 sentiamus
1771 1558 1787 1585 ,
1818 1533 1924 1572 non
1955 1527 2130 1572 tamen

547 1613 612 1661 ‘ea
654 1609 930 1664 sentiendo
968 1610 1019 1663 in
1058 1620 1297 1664 nostrum
1327 1611 1524 1679 corpus
1555 1615 1799 1680 corrupta
1819 1617 2082 1662 mutamus
2110 1648 2126 1676 ,

555 1713 836 1767 possumus
859 1715 918 1753 ea
945 1743 959 1766 ,
993 1701 1104 1754 sive
1131 1703 1236 1754 uno
1267 1709 1506 1769 tempore
1529 1741 1544 1766 ,
1586 1700 1698 1755 sive
1726 1700 1948 1769 singulis
1967 1699 2126 1754 vicis-

551 1789 652 1845 sim
680 1791 1003 1860 temporibus
1052 1791 1208 1845 ambo
1248 1791 1478 1855 sentire,
1533 1790 1671 1845 sicut
1709 1790 1792 1844 vel
1831 1798 1996 1844 totum
2042 1790 2126 1844 vel

550 1897 675 1952 pars
702 1883 812 1953 ipsa
841 1877 996 1953 quam
1017 1884 1224 1948 sentio,
1253 1884 1346 1939 abs
1374 1893 1424 1939 te
1452 1883 1608 1939 etiam
1640 1883 1925 1949 sentiatur;
1953 1884 2125 1954 qualia

550 1982 702 2040 Sunt,
732 1973 844 2028 sive
877 1973 967 2027 lux
987 2016 1001 2039 ,
1031 1974 1141 2029 sive
1181 1989 1377 2040 sonus,
1408 1975 1518 2028 sive
1568 1988 1792 2042 corpora
1822 1989 1940 2043 (101B
1965 1974 2125 2027 attin-

551 2063 726 2136 gimus
745 2105 760 2130 ,
789 2079 893 2118 non
923 2073 1094 2119 tamen
1131 2064 1390 2118 la‘dimus.
1418 2063 1481 2116 E.
1510 2059 1770 2134 Intelligo.
1802 2062 1865 2116 Α.
1907 2063 2125 2118 Manife-

549 2162 690 2208 stum
710 2152 792 2208 est
815 2167 940 2224 ergo
968 2169 1029 2208 ea
1059 2171 1174 2223 qua:
1199 2169 1303 2207 I101]
1325 2162 1706 2208 commutamus
1731 2162 1786 2207 et
1803 2164 1975 2207 tamen
1997 2168 2123 2208 sen-

551 2245 709 2299 timus
735 2229 976 2314 corporis
994 2244 1264 2309 sensibus,
1289 2252 1342 2298 et
1367 2259 1472 2298 non
1499 2244 1761 2312 pertinere
1788 2242 1854 2298 ad
1881 2253 2121 2298 naturam

547 2351 797 2394 sensuum
833 2344 1138 2392 nostrorum
1162 2376 1178 2402 ,
1231 2345 1282 2390 et
1326 2345 1605 2406 pr0pterea
1632 2333 1800 2405 magis
1825 2334 1975 2390 nobis
2001 2350 2122 2390 esse

545 2430 877 2497 communia,
905 2429 1025 2500 quia
1056 2429 1110 2483 in
1150 2438 1392 2483 nostrum
1437 2427 1709 2498 proprium
1740 2435 1794 2483 et
1830 2429 1980 2498 quasi
2016 2429 2122 2500 pri-

543 2531 724 2577 vatum
755 2537 856 2576 non
878 2529 1158 2576 vertuntur
1185 2529 1343 2590 atque
1373 2527 1662 2574 mutantur.
1701 2518 1766 2572 E.
1800 2519 2024 2575 Prorsus
2045 2536 2122 2575 as-

544 2615 762 2672 sentior.
791 2612 853 2667 A.
883 2613 1168 2684 Proprium
1211 2627 1340 2684 ergo
1378 2619 1431 2667 et
1456 2612 1602 2682 quasi
1635 2611 1892 2682 privatum
1924 2611 2120 2667 intelli-

543 2705 770 2777 gendum
812 2711 924 2771 est,
961 2703 1103 2774 quod
1142 2703 1425 2773 unicuique
1464 2713 1704 2757 nostrum
1747 2701 1846 2756 soli
1874 2712 1956 2757 est
1987 2703 2024 2765 ί,
2068 2709 2122 2757 et

543 2800 683 2872 quod
709 2800 758 2854 in
782 2815 841 2854 se
869 2799 1014 2855 solus
1037 2797 1199 2853 sentit
1219 2840 1233 2864 ,
1265 2796 1407 2869 quod
1434 2794 1498 2850 ad
1541 2809 1690 2850 suam
1733 2785 1972 2849 naturam
1999 2809 2121 2864 pro-

542 2894 657 2964 prie
687 2895 950 2964 pertinet:
978 2907 1260 2949 commune
1303 2899 1476 2945 autem
1527 2898 1580 2944 et
1625 2885 1773 2960 quasi
1814 2889 2114 2958 publicum,

542 2987 683 3057 quod
709 2986 775 3041 ab
813 2985 1058 3041 omnibus
1097 2983 1446 3040 sentientibus
1487 2981 1631 3038 nulla
1675 2980 1757 3036 sui
1781 2981 2118 3051 corruptione

543 3088 700 3147 atque
720 3079 1128 3134 commutatione
1157 3077 1402 3132 sentitur.
1433 3073 1497 3128 E.
1524 3073 1601 3129 Ita
1625 3082 1727 3129 est.

541 3169 766 3227 CAPUT
807 3170 942 3226 VIII.
969 3201 1042 3212 —
1082 3167 1426 3224 Numerorum
1497 3167 1627 3222 ratio
1697 3165 1838 3221 nullo
1895 3168 2118 3238 corporis

611 3281 760 3319 sensu
786 3264 1086 3336 percipitur,
1121 3280 1150 3315 a
1176 3263 1348 3335 quovis
1391 3260 1697 3334 intelligente
1739 3269 1971 3333 percepta
2015 3271 2118 3317 una

612 3365 685 3408 est
708 3364 754 3408 et
781 3352 1220 3408 incommutabilis.

611 3437 788 3500 20.11.
817 3445 927 3515 Age
951 3487 965 3511 ,
1012 3458 1152 3498 nunc
1194 3441 1440 3508 attende,
1487 3447 1542 3495 ct
1572 3439 1656 3494 die
1680 3437 1806 3494 mihi
1839 3448 2015 3495 utrum
2038 3442 2117 3498 in-

541 3533 782 3589 veniatur
824 3531 1020 3603 aliquid
1046 3531 1188 3602 quod
1216 3545 1401 3585 omnes
1429 3529 1807 3583 ratiocinantes
1839 3545 1932 3585 sua
1967 3532 2114 3601 quis-

542 3640 646 3696 que
669 3624 876 3679 ratione
913 3632 1070 3694 atque
1112 3631 1289 3676 mente
1326 3621 1680 3676 communiter
1705 3620 1953 3687 videant,
1993 3637 2113 3678 cum

543 3713 671 3770 illud
710 3714 850 3786 quod
890 3712 1096 3768 videtur
1138 3720 1334 3784 praesto
1361 3711 1429 3765 sit
1458 3711 1720 3774 omnibus,
1752 3725 1853 3766 nec
1881 3713 1932 3767 in
1962 3729 2115 3768 usum

543 3824 729 3863 eorum
780 3806 967 3877 quibus
1018 3813 1212 3875 praesto
1269 3810 1352 3858 est
1401 3811 1792 3867 commutetur,
1829 3804 1980 3872 quasi
2035 3805 2113 3858 ci-

541 3893 641 3948 bus
685 3899 776 3947 aut
817 3890 1000 3960 potio,
1052 3886 1147 3942 sed
1197 3887 1555 3954 incorruptum
1603 3885 1966 3955 integrumque
1999 3902 2115 3956 per-

543 3991 784 4049 maneat,
834 3982 944 4036 sive
986 3978 1061 4033 illi
1117 3975 1375 4043 videant,
1432 3976 1541 4030 sive
1608 3991 1713 4030 non
1766 3976 2114 4032 videant:an

542 4073 678 4130 forte
709 4073 841 4128 nihil
874 4065 1178 4140 huiusmodi
1214 4083 1337 4124 esse
1369 4068 1680 4122 arbitraris?
1701 4065 1767 4121 E.
1791 4053 1911 4123 imo
1952 4069 2112 4124 multa

541 4181 661 4220 esse
685 4164 874 4226 video;
924 4177 954 4216 e
1000 4160 1193 4230 quibus
1222 4175 1383 4214 unum
1414 4160 1822 4214 commemorari
1848 4161 1976 4214 satis
1996 4170 2107 4228 est,

541 4254 682 4325 quod
710 4254 847 4308 ratio
873 4260 927 4307 et
955 4251 1156 4305 veritas
1184 4251 1386 4304 numeri
1411 4249 1656 4304 omnibus
1680 4250 2113 4305 ratiocinantibus

541 4353 737 4416 praesto
762 4353 873 4412 est,
919 4350 978 4397 nt
1013 4342 1185 4397 omnis
1230 4357 1348 4397 eam
1396 4349 1729 4411 computator
1768 4357 1862 4396 sua
1893 4344 2113 4413 quisque

539 4438 743 4493 ratione
769 4444 821 4490 et
845 4433 1188 4505 intelligentia
1215 4442 1437 4488 conetur
1452 4431 1882 4502 apprehendere;
1911 4434 2112 4487 etalius

539 4529 595 4586 id
618 4529 848 4591 facilius,
881 4528 1015 4582 alius
1044 4525 1308 4581 difficilius
1348 4525 1552 4596 possit,
1599 4525 1732 4578 alius
1760 4525 1980 4580 omnino
2004 4541 2111 4580 non

537 4620 748 4692 possit:
777 4633 896 4674 cum
932 4624 1110 4672 tamen
1151 4616 1263 4687 ipsa
1301 4615 1576 4685 aequaliter
1602 4616 1850 4669 omnibus
1887 4629 1945 4671 se
1971 4633 2109 4686 pra:-

535 4711 662 4767 beat
689 4709 984 4766 valentibus
1025 4723 1142 4762 eam
1170 4721 1393 4776 capere;
1430 4722 1528 4761 nec
1563 4723 1680 4761 cum
1724 4721 1840 4761 eam
1888 4707 2110 4778 quisque

536 4801 792 4873 percipit,
829 4799 884 4856 in
914 4799 994 4854 sui
1017 4796 1341 4868 perceptoris
1370 4798 1516 4866 quasi
1543 4798 1850 4852 alimentum
1877 4807 2111 4853 vertatur

538 4903 696 4964 atque
719 4898 989 4956 mutetur;
1032 4903 1130 4944 nec
1155 4903 1274 4943 cum
1307 4889 1359 4942 in
1389 4903 1451 4943 ea
1487 4890 1709 4958 quisque
1737 4887 1954 4953 fallitur,
1995 4887 2108 4959 ipsa

539 4985 780 5048 deficiat,
823 4983 915 5038 sed
956 4997 1018 5037 ea
1052 4995 1177 5036 vera
1209 4989 1262 5036 et
1291 4981 1490 5050 integra
1519 4990 1890 5050 permanente,
1939 4980 2026 5034 ille
2055 4981 2108 5035 in

535 5091 718 5132 errore
742 5075 810 5129 sit
837 5081 982 5129 tanto
1009 5071 1266 5142 amplius,
1297 5079 1494 5141 quanto
1521 5072 1693 5124 minus
1729 5086 1844 5124 cam
1873 5069 2034 5126 videt.

605 5166 694 5221 21.
723 5165 785 5219 Α.
830 5165 995 5219 Recte
1031 5177 1192 5227 sane;
1220 5161 1316 5217 sed
1343 5161 1496 5216 video
1522 5170 1574 5216 te
1611 5171 1855 5231 tanquam
1888 5175 1995 5217 non
2020 5179 2108 5218 ru-

539 5259 660 5314 dem
692 5258 880 5311 harum
908 5269 1088 5310 rerum
1133 5255 1241 5308 cito
1271 5253 1538 5308 invenisse
1582 5254 1720 5322 quod
1745 5254 1950 5309 diceres
1984 5273 1998 5309 :
2029 5263 2108 5309 ta-

539 5365 696 5414 men,
731 5348 778 5404 sl
813 5347 907 5402 tibi
957 5347 1149 5416 aliquis
1189 5343 1394 5399 diceret
1431 5359 1679 5400 numeros
1730 5346 1860 5401 istos
1887 5361 1992 5400 non
2035 5361 2104 5401 ex

535 5441 709 5510 aliqua
737 5451 829 5493 sua
853 5449 1040 5494 natura
1062 5479 1075 5502 ,
1119 5436 1212 5492 sed
1250 5449 1315 5491 ex
1341 5435 1407 5492 iis
1444 5438 1604 5492 rebus
1629 5452 1760 5508 quas
1799 5451 1957 5492 sensu
1981 5453 2106 5493 cor-

537 5533 688 5605 poris
710 5529 1015 5601 attingimus
1033 5568 1050 5596 ,
1081 5527 1371 5598 impressos
1409 5541 1530 5584 esse
1554 5531 1731 5583 animo
1749 5536 1933 5584 nostro
1958 5530 2106 5598 quasi

542 5627 797 5699 quasdam
828 5627 1087 5695 imagines
1130 5635 1462 5693 quocumque
1507 5622 1825 5688 visibilium;
1853 5621 1979 5692 quid
2016 5636 2105 5676 re-

771 5773 844 5815 Er.
885 5773 936 5816 et
965 5771 1072 5816 Mss.
1097 5763 1345 5815 sexdecim
1365 5799 1379 5824 ,
1413 5763 1538 5826 quod
1561 5764 1875 5830 unusquisque
1895 5769 2107 5816 nostrum

1569 380 1658 435 DE
1696 379 1942 435 unum
1979 341 2320 449 AltBt’l‘ith,
2362 385 2416 440 s.
2460 387 2824 456 AUGUSTINI

3690 409 3836 466 1252

2252 507 2589 578 sponderes?
2615 525 2683 565 an
2707 519 2761 565 tu
2803 527 3014 584 quoque
3060 514 3114 572 id
3144 520 3345 588 putas?
3387 519 3452 576 E.
3479 521 3637 580 Nullo
3670 529 3833 584 modo

2248 599 2302 654 id
2329 603 2624 670 putaverim
2659 619 2807 657 :non
2846 606 2989 660 enim
3029 610 3074 662 si
3126 625 3287 665 sensu
3332 615 3573 683 corporis
3609 618 3830 688 percepi

2248 710 2531 759 numeros,
2558 696 2757 751 idcirco
2783 699 2941 753 etiam
2987 701 3247 759 rationem
3289 707 3586 774 partitionis
3632 725 3827 766 nume-

2245 801 2425 840 rerum
2456 788 2537 843 vel
2575 790 2924 858 copulationis
2957 805 3120 847 sensu
3143 797 3383 865 corporis
3412 799 3687 870 percipere
3725 818 3827 872 po-

2247 877 2340 930 tui.
2379 879 2488 932 Hac
2527 881 2666 933 enim
2698 881 2815 936 luce
2847 883 3040 936 mentis
3068 883 3252 939 refello
3280 902 3400 940 eum
3419 928 3434 954 ,
3465 890 3705 961 quisquis
3736 895 3825 948 vel

2244 969 2296 1022 in
2327 970 2568 1026 addendo
2605 972 2690 1026 vel
2739 972 2790 1028 in
2821 973 3138 1029 retrahendo
3167 977 3291 1030 dum
3323 991 3596 1048 computat
3631 981 3824 1038 falsam

2242 1071 2501 1114 summam
2531 1055 2930 1130 renuntiaverit.
2972 1063 3036 1117 Et
3075 1063 3329 1135 quidquid
3373 1083 3532 1124 sensu
3578 1072 3823 1140 corporis

2242 1154 2434 1218 tango,
2467 1151 2628 1206 veluti
2658 1161 2740 1207 est
2789 1152 2888 1207 hoc
2937 1153 3128 1208 caelum
3169 1165 3223 1210 et
3251 1155 3365 1212 haec
3394 1168 3564 1226 terra,
3594 1173 3646 1216 et
3673 1179 3822 1233 qua.»

2239 1245 2466 1310 cumque
2515 1244 2567 1296 in
2606 1243 2684 1298 eis
2713 1244 2816 1296 alia
2853 1259 3077 1314 corpora
3115 1248 3288 1302 sentio
3312 1288 3327 1315 ,
3354 1251 3603 1320 quamdiu
3642 1251 3818 1312 futura

2239 1334 2345 1388 sint
2393 1337 2570 1390 nescio
2599 1356 2612 1390 :
2641 1345 2845 1406 septem
2880 1344 3062 1392 autem
3102 1349 3157 1394 et
3188 1339 3286 1394 tria
3333 1332 3517 1397 decem
3564 1356 3724 1413 sunt;
3763 1358 3819 1405 et

2237 1435 2341 1480 non
2374 1429 2542 1483 solum
2571 1444 2730 1496 nunc,
2755 1428 2849 1484 sed
2864 1430 3023 1484 ctiam
3054 1446 3303 1501 semper;
3328 1450 3497 1504 neque
3519 1436 3627 1492 ullo
3652 1440 3816 1495 modo

2237 1519 2518 1590 aliquando
2547 1529 2747 1590 septem
2777 1531 2832 1576 et
2861 1524 2959 1576 tria
2980 1539 3086 1578 non
3117 1523 3331 1579 fuerunt
3359 1527 3565 1596 decem,
3593 1540 3686 1584 aut
3711 1533 3816 1586 ali-

2235 1613 2444 1682 quando
2475 1624 2676 1683 septem
2707 1624 2760 1670 et
2789 1616 2887 1670 tria
2933 1633 3038 1670 non
3077 1627 3233 1673 erunt
3260 1619 3462 1674 decem.
3497 1623 3638 1679 lianc
3683 1641 3815 1695 ergo

2234 1699 2682 1772 incorruptibilem
2711 1706 2917 1760 numeri
2950 1707 3223 1762 veritatem
3257 1711 3296 1778 ί,
3331 1711 3438 1766 dixi
3471 1713 3597 1768 mihi
3619 1725 3674 1770 et
3691 1718 3812 1770 cui-

2231 1792 2362 1850 libet
2382 1795 2716 1850 ratiocinanti
2756 1811 2876 1851 esse
2910 1813 3272 1854 communem.

2299 1879 2390 1941 22.
2420 1887 2483 1940 Α.
2507 1886 2624 1942 Νοη
2650 1887 2840 1942 resisto
2863 1889 2955 1944 tibi
2999 1890 3272 1946 verissima
3320 1901 3371 1947 et
3403 1897 3698 1952 certissima
3730 1915 3812 1956 re-

2230 1979 2532 2048 Spondenti.
2557 1978 2662 2035 Sed
2685 1980 2828 2050 ipsos
2849 1998 3060 2052 quoque
3083 1992 3336 2044 nuﬂhos
3355 2003 3462 2040 non
3492 2004 3585 2058 per
3609 2006 3807 2060 corpo-

2230 2071 2302 2124 ris
2331 2087 2518 2127 sensus
2541 2080 2797 2129 attractos
2825 2089 2944 2129 esse
2976 2075 3130 2131 facile
3171 2077 3392 2146 videbis,
3416 2078 3458 2134 si
3489 2082 3807 2151 cogitaveris

2229 2165 2518 2234 quemlibet
2555 2182 2836 2222 numerum
2866 2175 2942 2221 tot
2966 2171 3147 2223 vocari
3177 2171 3384 2239 quoties
3413 2188 3574 2226 unum
3600 2174 3805 2229 habue-

2227 2254 2333 2311 rit:
2365 2255 2513 2312 verbi
2555 2259 2742 2328 gratia,
2777 2259 2820 2314 si
2873 2258 2956 2314 bis
3001 2260 3246 2315 habuerit
3299 2280 3494 2329 unum,
3546 2263 3652 2320 duo
3706 2282 3804 2322 vo-

2227 2356 2447 2415 cantur;
2495 2348 2541 2404 si
2600 2357 2719 2415 ter,
2777 2351 2906 2417 tria;
2953 2359 3008 2407 et
3048 2352 3092 2406 si
3139 2353 3316 2409 decies
3365 2371 3526 2410 unum
3577 2355 3803 2424 habent,

2229 2446 2352 2492 tunc
2423 2448 2677 2494 vocantur
2742 2439 2926 2495 decem
2973 2459 2988 2494 :
3041 2450 3091 2497 et
3150 2445 3371 2512 quilibet
3437 2439 3654 2504 omnino
3706 2467 3807 2504 nu-

2224 2543 2407 2583 merus
2453 2530 2656 2599 quoties
2710 2529 2868 2585 habet
2911 2547 3111 2599 unum,
3159 2534 3282 2589 hinc
3327 2536 3400 2590 illi
3444 2553 3636 2594 nomen
3688 2550 3799 2609 est,

2226 2628 2280 2674 et
2314 2627 2391 2672 tot
2417 2619 2731 2690 appellatur.
2773 2621 2948 2676 Unum
2976 2639 3106 2678 vero
3134 2625 3375 2696 quisquis
3408 2629 3681 2685 verissime
3703 2647 3798 2686 co-

2223 2708 2355 2779 gitat
2378 2751 2394 2777 ,
2424 2710 2656 2778 profecto
2699 2712 2898 2766 invenit
2936 2715 3176 2784 corporis
3214 2718 3458 2773 sensibus
3492 2735 3595 2774 non
3638 2736 3804 2791 posse

2223 2801 2430 2857 sentiri.
2475 2801 2740 2873 Quidquid
2790 2805 2932 2858 enim
2981 2807 3071 2860 tali
3127 2823 3286 2863 sensu
3335 2809 3646 2881 attingitur,
3685 2813 3799 2883 jam

2223 2910 2333 2950 non
2393 2910 2589 2959 unum,
2647 2895 2742 2949 sed
2805 2897 2967 2951 multa
3022 2912 3143 2953 esse
3192 2901 3565 2956 convincitur:
3605 2918 3799 2974 corpus

2224 2987 2308 3034 est
2330 2980 2510 3044 enim,
2542 2987 2596 3033 et
2633 2977 2754 3034 ideo
2789 2979 2951 3035 habet
2993 2980 3405 3040 innumerabiles
3446 2996 3644 3055 partes.
3685 2987 3797 3044 Sed

2221 3078 2280 3125 ut
2325 3071 2555 3124 minutas
2592 3085 2828 3139 quasque
2883 3073 3161 3143 minusque
3206 3075 3510 3132 articulatas
3537 3093 3643 3133 non
3673 3095 3798 3148 per-

2222 3165 2455 3231 sequar,
2509 3162 3044 3232 quantulumcumque
3085 3163 3213 3220 illud
3256 3168 3631 3236 corpusculum
3678 3172 3794 3238 sit,

2222 3253 2384 3308 habet
2407 3259 2552 3306 certe
2575 3252 2734 3307 aliam
2758 3263 2963 3323 partem
2989 3256 3258 3311 dexteram
3277 3301 3290 3320 ,
3313 3259 3469 3313 aliam
3492 3261 3793 3329 sinistram;

2219 3346 2378 3401 aliam
2413 3347 2774 3416 superiorem,
2808 3346 2965 3400 aliam
2989 3346 3332 3416 inferiorem;
3358 3359 3450 3405 aut
3472 3353 3629 3407 aliam
3659 3354 3796 3411 ulte-

2219 3441 2450 3506 riorem,
2503 3440 2660 3493 aliam
2692 3439 3034 3505 citeriorem;
3080 3452 3169 3495 ant
3203 3443 3334 3496 alias
3378 3443 3594 3510 finales,
3638 3447 3794 3502 aliam

2219 3530 2483 3584 mediam:
2507 3528 2620 3583 ιιωο
2639 3530 2781 3584 enim
2807 3545 3028 3585 necesse
3050 3541 3132 3586 est
3153 3533 3442 3602 quamlibet
3455 3535 3647 3606 exiguo
3673 3553 3794 3591 cor-

2220 3619 2364 3691 poris
2393 3620 2608 3675 modulo
2653 3621 2828 3676 inesse
2857 3621 3153 3688 fateamur;
3184 3632 3237 3677 et
3277 3633 3556 3694 propterea
3588 3625 3790 3681 nullum

2219 3725 2414 3782 corpus
2440 3726 2565 3766 vere
2590 3727 2824 3782 pureque
2862 3728 3022 3765 unum
3045 3727 3163 3768 esse
3199 3714 3542 3769 concedimus
3561 3757 3577 3782 ,
3611 3717 3663 3770 in
3685 3733 3792 3786 quo

2220 3813 2399 3858 tamen
2445 3817 2553 3858 non
2604 3812 2821 3872 possent
2863 3811 2969 3856 tam
2998 3806 3161 3862 multa
3201 3805 3470 3859 numerari
3502 3805 3602 3861 nisi
3652 3807 3794 3861 illius

2219 3895 2376 3948 unius
2418 3893 2721 3962 cognitione
2749 3893 2996 3948 discreta.
3017 3893 3149 3948 Cum
3171 3895 3314 3949 enim
3343 3911 3523 3966 quaero
3551 3913 3708 3951 unum
3737 3899 3791 3953 in

2217 4000 2461 4056 corpore,
2493 3993 2548 4040 et
2571 4001 2657 4040 me
2677 4001 2783 4039 non
2806 3986 3044 4041 invenire
3070 4002 3174 4040 non
3201 3986 3387 4042 dubito
3410 4029 3425 4053 ,
3453 3989 3575 4043 novi
3611 3990 3792 4057 utique

2218 4076 2342 4146 quid
2374 4075 2442 4129 ibi
2472 4091 2704 4145 quaeram
2727 4118 2739 4142 ,
2768 4085 2820 4130 et
2857 4076 2978 4145 quid
3023 4077 3094 4130 ibi
3126 4093 3228 4130 non
3271 4078 3571 4145 inveniam,
3602 4089 3656 4134 et
3685 4093 3793 4134 non

2222 4183 2378 4239 posse
2409 4167 2654 4234 inveniri,
2691 4169 2772 4221 vel
2807 4169 2979 4238 potius
3017 4169 3232 4223 omnino
3259 4169 3330 4223 ibi
3368 4185 3475 4224 non
3517 4185 3658 4225 esse.
3688 4170 3790 4226 Ubi

2220 4268 2345 4321 ergo
2371 4253 2488 4306 novi
2520 4252 2658 4321 quod
2686 4267 2790 4305 non
2820 4261 2902 4307 est
2933 4267 3125 4322 corpus
3145 4269 3305 4308 unum
3324 4295 3336 4318 ,
3375 4254 3499 4324 quid
3529 4255 3597 4308 sit
3626 4271 3790 4309 unum

2219 4344 2341 4397 novi
2373 4360 2384 4396 :
2418 4359 2577 4397 unum
2607 4343 2749 4397 enim
2779 4345 2822 4397 si
2866 4359 2969 4397 non
3002 4359 3249 4411 nossem,
3280 4345 3438 4398 multa
3480 4345 3532 4398 in
3563 4359 3788 4414 corpore

2224 4451 2504 4489 nmnerare
2563 4451 2667 4488 non
2727 4449 2962 4503 possem.
3027 4435 3350 4505 Ubicumque
3401 4446 3576 4490 autem
3626 4454 3788 4492 unum

2217 4526 2492 4592 noverim,
2545 4542 2648 4580 non
2704 4525 2884 4595 utique
2929 4540 3024 4594 per
3074 4527 3310 4596 corporis
3364 4542 3579 4582 sensum
3624 4531 3787 4595 novi;

2213 4617 2336 4686 quia
2377 4631 2472 4686 per
2516 4615 2753 4684 corporis
2817 4630 3028 4670 sensum
3095 4632 3199 4670 non
3237 4617 3368 4680 novi
3407 4617 3511 4672 nisi
3551 4633 3746 4688 corpus
3771 4659 3789 4685 ,

2217 4706 2357 4776 quod
2412 4720 2536 4760 vere
2580 4720 2811 4774 pureque
2859 4722 3019 4759 unum
3071 4722 3176 4761 non
3228 4721 3348 4762 esse
3399 4708 3784 4763 convincimus.

2213 4798 2381 4853 Porro
2427 4796 2472 4851 si
2498 4813 2658 4851 unum
2690 4811 2796 4851 non
2824 4799 3153 4867 percepimus
3176 4799 3415 4868 corporis
3451 4815 3609 4854 sensu
3630 4841 3645 4865 ,
3673 4801 3788 4853 nul-

2213 4888 2322 4944 lum
2350 4902 2628 4944 numerum
2660 4904 2725 4943 eo
2750 4903 2909 4943 sensu
2941 4890 3294 4958 percepimus,
3313 4905 3495 4945 eorum
3525 4891 3783 4944 duntaxat

2213 4996 2552 5036 numerorum
2582 4996 2716 5050 quos
2745 4981 3088 5050 intelligentia
3117 4983 3401 5036 cernimus.
3428 4982 3612 5037 Nullus
3639 4983 3782 5036 enim

2213 5080 2296 5126 est
2322 5087 2388 5126 ex
2419 5072 2503 5136 iis,
2535 5072 2623 5142 qui
2652 5086 2759 5126 non
2783 5078 2861 5124 tot
2888 5080 3122 5136 vocetur,
3156 5072 3364 5140 quoties
3392 5070 3554 5126 habet
3576 5085 3739 5124 umim
3765 5110 3783 5137 ,

2217 5163 2370 5233 cujus
2418 5163 2689 5232 perceptio
2741 5161 2981 5230 corporis
3029 5177 3188 5217 sensu
3226 5177 3334 5217 non
3373 5162 3452 5215 ﬁt.
3491 5161 3788 5230 Cujuslibet

2213 5257 2358 5310 enim
2388 5256 2685 5326 corpusculi
2714 5269 2837 5324 pars
2873 5254 3088 5309 dimidia
3131 5255 3344 5324 quantis
3387 5255 3591 5309 duabus
3615 5261 3782 5308 totum

2211 5357 2438 5412 constat,
2479 5349 2638 5402 habet
2664 5355 2719 5401 et
2756 5347 2867 5417 ipsa
2901 5347 3170 5401 dimidiam
3196 5362 3369 5401 suam.
3400 5347 3487 5401 Sic
3511 5360 3636 5415 ergo
3661 5352 3786 5398 sunt

2211 5439 2317 5494 illae
2344 5439 2462 5494 dum
2509 5448 2684 5509 partes
2729 5440 2781 5493 in
2811 5453 3062 5509 corpore,
3089 5447 3147 5493 ut
3182 5454 3282 5494 nec
3308 5440 3436 5509 ipsae
3478 5438 3788 5507 simpliciter

2211 5530 2331 5584 dua:
2356 5532 2478 5584 sint.
2509 5530 2773 5585 Numerus
2799 5542 2978 5585 autem
3021 5531 3110 5586 ille
3132 5531 3218 5600 qui
3251 5541 3469 5586 vocatur
3492 5530 3625 5595 duo,
3653 5543 3787 5599 quo-

2213 5622 2357 5677 niam
2379 5623 2462 5677 bis
2489 5621 2813 5676 babet'ﬂlud
2837 5622 2977 5692 quod
3003 5622 3310 5691 simpliciter
3338 5637 3500 5677 unum
3524 5629 3637 5687 est,
3663 5633 3788 5690 pars

2274 5768 2288 5795 ι
2317 5772 2363 5812 tn
2378 5761 2725 5824 antiquioribus
2742 5761 3031 5810 editiouibus
3047 5769 3097 5810 et
3119 5774 3292 5810 novem
3307 5758 3632 5824 Mss.,numcrt'
3648 5763 3786 5806 natu-

2207 5839 2316 5876 mm

3874 2285 4003 2424 lix
