4118 6370
383 375 526 436 ίῖὅδ

383 495 499 565 ejus
514 489 753 558 dimidia,
778 489 834 547 id
859 488 1095 546 estJllud
1119 488 1289 559 ipsum
1311 486 1451 559 quod
1465 486 1773 557 simpliciter
1796 504 1961 543 unum

380 596 498 653 est,
529 600 636 641 non
679 592 855 655 potest
878 588 1061 640 rursus
1106 583 1300 638 habere
1325 580 1596 637 dimidiam
1648 590 1849 650 partem
1875 581 1961 636 vel

379 681 611 745 tertiam,
642 679 729 735 vel
767 668 1147 749 quotamlibet,
1176 674 1428 748 quoniam
1462 674 1689 744 simplex
1733 682 1786 729 et
1834 688 1962 730 vere

380 788 543 828 unum
564 782 668 829 est.
754 831 760 843 ι

448 864 538 920 25.
561 861 760 918 Deinde
783 860 1032 931 quoniam
1062 867 1303 915 tenentes
1325 858 1566 913 ordinem
1583 870 1957 921 numerorum,

381 964 500 1026 post
527 969 690 1009 unum
724 953 834 1008 duo
860 952 1121 1019 videmus,
1151 950 1242 1022 qui
1268 966 1518 1007 numerus
1549 949 1617 1007 ad
1657 964 1819 1006 unum
1848 946 1960 1002 col-

378 1047 539 1111 latus,
569 1046 761 1115 duplus
800 1044 1065 1101 invenitur
1093 1061 1106 1098 :
1136 1042 1326 1113 duplus
1364 1043 1591 1098 duorum
1624 1058 1729 1097 non
1772 1054 1960 1095 conse-

377 1146 600 1207 quenter
634 1135 955 1205 adjungitur,
987 1134 1083 1190 sed
1120 1134 1429 1204 interposito
1476 1133 1707 1189 ternario
1746 1138 1960 1202 quater-

377 1230 556 1285 uarius
588 1229 846 1299 sequitur,
873 1227 963 1297 qui
985 1227 1174 1297 duplus
1196 1235 1279 1282 est
1304 1227 1548 1281 duorum.
1581 1225 1647 1280 Et
1675 1224 1793 1280 haec
1820 1224 1956 1277 ratio

376 1336 473 1392 per
510 1335 697 1379 omnes
724 1330 949 1375 caeteros
975 1334 1222 1375 numeros
1249 1318 1542 1373 certissima
1572 1326 1627 1373 et
1663 1317 1956 1373 incommu-

379 1412 522 1468 tabili
570 1412 685 1482 lege
728 1409 1075 1482 pertenditur,
1108 1418 1165 1464 ut
1210 1417 1330 1479 post
1370 1424 1564 1475 unum,
1606 1408 1659 1463 id
1709 1415 1790 1463 est
1836 1415 1956 1477 post

376 1486 602 1573 primum
628 1502 864 1557 omnium
888 1515 1249 1563 numerorum,
1274 1501 1390 1570 ipso
1416 1508 1638 1569 excepto
1664 1498 1866 1567 primus
1886 1498 1955 1552 sit

374 1596 463 1665 qui
491 1595 706 1665 duplum
741 1594 856 1664 ejus
899 1593 1090 1659 habet;
1134 1592 1239 1648 duo
1291 1592 1433 1649 enim
1472 1600 1782 1661 sequuntur.
1828 1589 1954 1644 Post

373 1687 658 1751 secundum
684 1697 881 1753 autem,
912 1686 964 1741 id
1005 1695 1085 1740 est
1127 1692 1252 1756 post
1286 1684 1412 1751 duo,
1450 1682 1566 1753 ipso
1602 1689 1829 1753 excepto
1870 1695 1955 1734 se-

373 1782 576 1837 cundus
601 1782 669 1836 sit
696 1780 784 1850 qui
815 1778 1032 1847 duplum
1080 1776 1195 1846 ejus
1233 1774 1392 1830 habet
1431 1793 1447 1828 :
1492 1781 1614 1844 post
1654 1772 1759 1827 duo
1804 1771 1949 1825 enim

374 1874 574 1945 primus
600 1880 681 1929 est
708 1870 1000 1936 ternarius,
1043 1866 1307 1923 secundus
1346 1863 1732 1935 quaternarius,
1760 1861 1951 1931 duplus

371 1965 609 2022 secundi.
641 1964 768 2037 Post
794 1962 1026 2033 tertium,
1073 1960 1124 2013 id
1145 1967 1227 2014 est
1253 1955 1561 2021 ternarium,
1592 1956 1706 2023 ipso
1725 1962 1950 2023 excepto

373 2057 557 2111 tertius
583 2057 651 2109 sit
678 2054 769 2124 qui
788 2053 979 2122 duplus
1002 2060 1084 2106 est
1106 2050 1223 2120 ejus
1254 2065 1267 2101 :
1298 2055 1418 2117 post
1451 2045 1667 2102 tertium
1698 2044 1863 2110 enim,
1896 2042 1950 2098 id

370 2158 455 2203 est
479 2157 595 2217 post
615 2146 900 2202 ternarium
928 2144 1127 2213 primus
1156 2151 1237 2198 est
1262 2140 1652 2210 quaternarius,
1680 2136 1949 2193 secundus

371 2239 662 2308 quinarius,
693 2238 876 2292 tertius
902 2235 1160 2298 senarius,
1184 2232 1273 2303 qui
1316 2231 1509 2301 duplus
1545 2238 1629 2285 est
1660 2228 1816 2283 tertii.
1849 2228 1949 2281 At-

369 2344 471 2399 que
495 2331 566 2383 ita
596 2338 711 2398 post
738 2335 1001 2398 quartum,
1026 2326 1140 2395 ipso
1162 2331 1382 2395 excepto
1411 2333 1627 2393 quartus
1663 2320 1821 2375 habet
1851 2320 1948 2374 du-

308 2404 317 2413 ’
368 2420 513 2488 plum
540 2421 655 2487 ejus
688 2437 700 2473 :
728 2427 849 2488 post
875 2426 1117 2488 quartum
1154 2416 1315 2478 enim,
1347 2412 1402 2468 id
1430 2422 1511 2467 est
1550 2411 1946 2482 quaternarium

368 2511 572 2583 primus
598 2519 680 2566 est
703 2511 999 2581 quinarius,
1031 2508 1298 2565 secundus
1333 2506 1603 2571 senarius,
1638 2505 1823 2559 tertius
1865 2519 1948 2558 se-

369 2602 657 2673 ptenarius,
685 2611 905 2673 quartus
932 2600 1253 2664 octonarius,
1282 2597 1370 2667 qui
1395 2596 1589 2665 duplex
1630 2603 1713 2650 est
1751 2594 1945 2665 quarti.

368 2697 539 2764 Atque
559 2695 631 2750 ita
672 2709 766 2763 per
807 2709 991 2748 omnes
1028 2701 1247 2747 caeteros
1290 2690 1522 2758 reperies
1557 2687 1658 2742 hoc
1708 2686 1848 2757 quod
1894 2687 1948 2741 in

370 2786 537 2855 prima
558 2786 745 2856 copula
774 2800 1134 2849 numerorum,
1154 2783 1207 2837 id
1227 2790 1309 2837 est
1331 2797 1435 2837 uno
1452 2790 1507 2836 et
1530 2780 1736 2834 duobus
1762 2780 1948 2833 inven-

370 2888 481 2937 tum
506 2889 607 2947 est,
639 2890 697 2934 ut
722 2887 913 2950 quotus
938 2878 1159 2949 quisque
1180 2889 1434 2931 numerus
1461 2880 1542 2927 est
1570 2872 1636 2926 ab
1668 2873 1782 2941 ipso
1802 2872 1949 2941 prin-

368 2971 527 3041 cipio,
554 2978 696 3026 totus
719 2978 839 3040 post
863 2969 1010 3023 illum
1035 2968 1104 3021 sit
1128 2966 1321 3035 duplus
1351 2964 1483 3033 ejus.
1513 2962 1625 3016 Hoc
1644 2977 1769 3031 ergo
1808 2960 1949 3030 quod

368 3076 463 3132 per
490 3076 674 3116 omnes
703 3075 953 3115 numeros
976 3073 1095 3113 esse
1123 3055 1391 3110 immobile
1412 3094 1426 3118 ,
1461 3053 1670 3105 ﬁrmum
1703 3051 1946 3105 incorru-

368 3160 622 3223 ptumque
644 3150 1019 3221 conspicimus,
1048 3148 1187 3202 unde
1233 3142 1619 3216 conspicimus?
1646 3141 1761 3197 Non
1806 3142 1946 3197 enim

371 3246 507 3302 ullus
535 3240 645 3300 ullo
686 3259 846 3299 sensu
888 3241 1124 3311 corporis
1168 3253 1359 3295 omnes
1412 3250 1658 3290 numeros
1703 3233 1945 3302 attingit;

360 3324 781 3392 innumerabiles
823 3334 966 3388 enim
1012 3340 1172 3387 sunt:
1222 3329 1364 3385 unde
1413 3344 1540 3397 ergo
1567 3326 1809 3382 novimus
1854 3340 1948 3395 per

365 3444 551 3484 omnes
568 3428 668 3482 hoc
683 3441 823 3494 esse,
841 3436 933 3481 aut
948 3441 1049 3496 qua
1068 3422 1344 3495 phantasia
1366 3422 1447 3476 vel
1462 3419 1823 3491 phantasmate
1842 3429 1946 3473 tam

364 3528 511 3574 certa
540 3518 736 3573 veritas
764 3517 969 3571 numeri
1011 3530 1107 3587 per
1136 3511 1534 3568 innumerabilia
1566 3520 1670 3565 tam
1702 3510 1943 3578 ﬁdenter,

364 3610 463 3664 nisi
511 3610 563 3664 in
610 3608 726 3664 luce
766 3608 1017 3663 interiore
1057 3604 1405 3676 conspicitur,
1453 3619 1609 3674 quam
1655 3602 1945 3673 corporalis

365 3716 554 3757 sensus
582 3700 820 3771 ignorat?

433 3794 522 3847 24.
550 3778 647 3848 llis
674 3802 728 3848 et
753 3792 946 3847 talibus
979 3790 1161 3845 multis
1197 3787 1532 3843 documentis
1569 3796 1828 3855 coguntur
1861 3783 1942 3838 fa-

365 3885 485 3949 teri,
517 3884 709 3953 quibus
747 3882 1135 3952 disputantibus
1166 3881 1304 3935 Deus
1330 3878 1543 3933 donavit
1569 3878 1858 3947 ingenium,
1886 3883 1945 3932 et

365 3973 650 4044 pertinacia
689 3974 964 4041 caliginem
1016 3987 1123 4025 non
1165 3970 1413 4037 obducit,
1446 3971 1704 4023 rationem
1748 3969 1941 4023 verita-

364 4074 575 4134 temque
600 4079 964 4129 numerorum,
994 4072 1044 4117 et
1073 4062 1139 4115 ad
1170 4076 1359 4115 sensus
1395 4060 1634 4129 corporis
1678 4074 1782 4113 non
1818 4074 1942 4128 per-

365 4156 555 4219 tinere,
603 4162 659 4209 et
707 4153 1057 4207 invertibilem
1099 4153 1471 4220 sinceramque
1517 4150 1841 4215 consistere,
1888 4158 1942 4205 et

365 4248 608 4304 omnibus
638 4246 1072 4301 ratiocinantibus
1112 4243 1178 4298 ad
1214 4241 1496 4297 videndum
1533 4255 1651 4295 esse
1699 4238 1939 4295 commui-

366 4354 505 4394 nem.
536 4338 867 4408 Quapropter
893 4351 1011 4392 cum
1056 4335 1217 4389 multa
1264 4333 1367 4387 alia
1396 4332 1599 4402 possint
1636 4344 1939 4397 occurrere,

366 4446 481 4499 quae
507 4428 859 4483 communiter
880 4435 933 4481 et
963 4437 1208 4495 tanquam
1238 4422 1447 4495 publice
1474 4428 1668 4492 praesto
1696 4428 1819 4473 sunt
1859 4432 1944 4472 ra-

369 4521 758 4585 tiocinantibus,
788 4528 840 4574 et
868 4519 934 4573 ab
960 4518 1035 4572 eis
1058 4515 1337 4571 vidcantur
1361 4523 1538 4568 mente
1563 4519 1719 4582 atque
1742 4510 1941 4564 ratione

366 4611 691 4680 singulorum
713 4625 1038 4680 quorumque
1058 4598 1409 4672 ccrnentiUm,
1432 4620 1601 4676 eaque
1621 4603 1869 4657 inviolata
1889 4611 1943 4658 et

368 4700 815 4753 incommutabilia
846 4709 1122 4766 maneant;
1151 4715 1253 4753 non
1278 4706 1453 4752 tamen
1492 4696 1687 4750 invitus
1724 4709 1945 4766 accepe-

369 4790 468 4845 rim
500 4790 638 4860 quod
661 4791 757 4843 ista
787 4789 923 4844 ratio
943 4797 996 4844 et
1024 4790 1219 4844 veritas
1245 4789 1449 4843 numeri
1482 4788 1573 4843 tibi
1602 4790 1939 4858 potissimum

369 4883 678 4946 occurrerit,
709 4897 831 4936 cum
861 4880 926 4935 ad
953 4880 1004 4935 id
1030 4880 1169 4950 quod
1204 4880 1649 4949 interrogaveram
1669 4921 1683 4944 ,
1716 4895 1938 4951 respon-

368 4974 496 5030 dere
532 4968 794 5030 voluisses
826 4992 840 5029 :
873 4988 975 5028 non
1018 4974 1156 5027 enim
1204 4972 1395 5026 frustra
1444 4973 1496 5025 in
1536 4973 1732 5027 sanctis
1766 4973 1939 5029 Libris

368 5056 637 5136 sapientiae
660 5064 972 5133 conjunctus
996 5072 1075 5118 est
1116 5077 1395 5127 numerus,
1430 5063 1517 5117 ubi
1562 5063 1758 5118 dictum
1808 5075 1891 5119 est
1916 5074 1935 5120 ‘:

368 5156 585 5211 Circuivi
609 5173 699 5227 ego
728 5165 772 5210 et
800 5172 886 5209 cor
909 5172 1076 5208 meum
1093 5157 1132 5220 ‘,
1152 5162 1214 5207 ‘ut
1242 5153 1439 5221 scirem,
1467 5162 1513 5207 et
1551 5155 1934 5221 considerarent,

352 5240 412 5301 ret
442 5264 712 5316 quirrerem
735 5245 1031 5317 sapientiam
1056 5256 1099 5300 et
1123 5260 1382 5299 numerum
1409 5244 1602 5315 (Eccle.
1630 5261 1724 5313 vn,
1752 5245 1865 5318 26).

366 5336 591 5394 CAPUT
628 5336 804 5393 lX.—
825 5338 959 5404 Quid
992 5338 1253 5407 sapientia,
1281 5337 1387 5390 sine
1424 5352 1520 5406 qua
1560 5350 1702 5390 nemo
1731 5334 1937 5405 beatas;

674 5425 739 5462 an
766 5425 869 5462 una
898 5410 960 5463 sit
985 5414 1037 5462 in
1058 5408 1284 5461 omnibus
1310 5407 1627 5476 sapientibus.

434 5498 523 5555 25.
555 5500 925 5555 Verumtamen
946 5542 960 5569 ,
983 5516 1164 5571 qumso
1189 5509 1239 5555 te
1258 5542 1273 5567 ,
1304 5500 1427 5569 quid
1453 5500 1518 5555 de
1544 5501 1654 5570 ipsa
1681 5501 1935 5569 sapientia

346 5680 351 5685 δ
429 5621 447 5652 ⁸
474 5628 522 5670 tn
537 5621 672 5684 Edd.,
692 5629 738 5673 et
757 5620 982 5674 inclinari
1005 5635 1085 5671 cor
1106 5632 1277 5685 meum.
1304 5626 1357 5668 At
1372 5618 1513 5668 abest
1532 5618 1804 5685 inclinw‘ia
1824 5628 1930 5673 Mss.

361 5693 457 5747 nec
478 5696 572 5733 non
594 5697 622 5733 a
638 5682 795 5747 graeco
810 5686 1060 5747 scriptura:
1082 5691 1236 5739 textu,
1256 5682 1395 5743 juxta
1409 5693 1557 5743 quem
1574 5692 1741 5745 postea
1762 5684 1935 5747 legere

360 5743 491 5815 solet
510 5743 1116 5815 Αυςμὲιίῃυθδαιῇεηιὶᾳηι
1137 5751 1181 5795 et
1203 5756 1486 5815 manorum;
1522 5743 1618 5815 qut)
1653 5748 1791 5797 modo
1813 5743 1936 5811 [egit

368 5807 511 5857 etiam
822 5809 872 5861 in
891 5807 1014 5859 libro
1027 5808 1092 5859 de
1114 5816 1238 5858 Bono
1252 5807 1427 5867 Mortis,
1450 5807 1555 5869 Cap.
1582 5810 1626 5859 7.

1684 364 1887 431 Lmen
1924 344 2297 436 SECUNDUS.

2068 501 2221 562 putas
2248 493 2697 552 existimandum?
2721 492 2964 568 Singulas
2993 515 3228 572 quasque
3265 518 3387 571 suas
3414 508 3641 566 arbitra-

2066 584 2140 639 ris
2181 586 2416 656 singulos
2452 603 2692 660 quosque
2719 590 2958 647 homines
2988 591 3183 649 habere
3214 597 3534 665 sapientias?
3570 616 3640 657 an

2066 691 2191 731 vero
2228 693 2383 733 unam
2428 690 2619 749 praesto
2657 696 2776 737 esse
2808 686 3157 741 communiter
3184 688 3459 756 omnibus,
3488 707 3640 761 cujus

2064 775 2259 836 quanto
2286 770 2453 840 magis
2481 772 2701 842 quisque
2723 773 2780 827 ﬁt
2803 777 3100 847 particeps,
3126 786 3271 834 tanto
3305 789 3385 835 est
3426 797 3639 853 sapien-

2066 857 2205 913 tior?
2232 858 2301 914 E.
2327 861 2496 928 Quam
2529 862 2674 918 dicas
2697 867 3012 934 sapientiam
3043 869 3277 925 nondum
3316 872 3455 937 scio;
3486 872 3639 928 video

2062 949 2257 1019 quippe
2282 953 2425 1007 varie
2449 952 2615 1008 videri
2636 954 2959 1023 hominibus,
2987 940 3111 1028 quid
3139 959 3228 1015 ﬁat
3250 961 3520 1016 dicaturve
3550 958 3636 1017 Sa-

2062 1038 2266 1108 pienter
2299 1058 2311 1095 :
2342 1057 2463 1096 nam
2506 1052 2560 1099 et
2584 1046 2672 1115 qui
2712 1044 2975 1114 militant,
3013 1050 3282 1120 sapienter
3319 1052 3420 1107 sibi
3460 1051 3636 1109 facere

2060 1129 2332 1192 videntur;
2364 1142 2417 1187 et
2442 1136 2531 1203 qui
2559 1147 2858 1207 contempta
2899 1139 3080 1194 militia
3109 1141 3332 1197 colendo
3366 1159 3493 1213 agro
3535 1162 3634 1199 cu-

2060 1238 2172 1276 rant
2206 1232 2368 1294 atque
2403 1241 2619 1297 operam
2663 1230 2994 1301 impendunt,
3044 1231 3144 1289 hoc
3185 1236 3358 1303 potius
3397 1235 3631 1307 laudant,

2062 1313 2399 1385 tribuuntque
2435 1318 2743 1387 sapientiae;
2773 1330 2827 1376 et
2850 1322 2941 1393 qui
2975 1324 3132 1378 astuti
3161 1333 3284 1379 sunt
3310 1325 3377 1381 ad
3417 1328 3632 1398 excogi-

2060 1406 2247 1461 tandos
2294 1408 2478 1463 modos
2521 1413 2894 1482 conquirendae
2946 1412 3200 1486 pecuniae,
3245 1416 3346 1472 sibi
3389 1417 3634 1473 videntur

2058 1512 2178 1551 esse
2208 1498 2514 1569 sapientes;
2543 1511 2592 1556 et
2614 1505 2701 1572 qui
2732 1505 2846 1561 haec
2886 1507 3061 1561 omnia
3087 1508 3357 1579 negligant
3390 1511 3472 1563 vel
3498 1511 3630 1580 abji~

2057 1586 2223 1653 ciunt,
2253 1599 2306 1644 et
2334 1606 2552 1661 quaeque
2571 1603 2695 1649 sunt
2715 1594 3014 1666 hujusmodi
3045 1598 3372 1668 temporalia,
3393 1599 3447 1655 et
3463 1608 3630 1658 totum

2057 1681 2290 1736 studium
2318 1697 2470 1737 suum
2498 1684 2563 1739 ad
2596 1685 3045 1757 investigationem
3069 1690 3347 1746 conferunt
3373 1693 3628 1763 veritatis,

2057 1780 2115 1823 ut
2144 1773 2456 1843 semetipsos
2476 1775 2747 1847 Deumque
2763 1789 3101 1848 cognoscant,
3120 1798 3367 1851 magnum
3388 1784 3486 1838 hoc
3508 1799 3628 1840 esse

2055 1860 2327 1931 sapientiae
2356 1880 2548 1919 munus
2572 1865 2836 1936 judicant;
2869 1877 2923 1923 et
2950 1869 3036 1939 qui
3073 1871 3194 1925 huic
3219 1872 3328 1926 otio
3356 1874 3627 1942 quaerendi

2054 1964 2107 2009 et
2134 1958 2521 2027 contemplandi
2552 1960 2659 2013 veri
2689 1960 2871 2015 nolunt
2895 1977 2953 2016 se
2981 1961 3198 2030 dedere,
3227 1962 3320 2018 sed
3353 1967 3523 2032 potius
3550 1944 3647 2020 la-I

2053 2038 2428 2103 boriosissimis
2451 2049 2592 2104 curis
2613 2060 2665 2105 et
2690 2050 2876 2105 ofﬁciis
2901 2063 3082 2123 agunt,
3100 2063 3156 2109 ut
3180 2055 3477 2109 hominibus
3498 2071 3627 2110 con-

2054 2137 2245 2202 sulant,
2278 2147 2331 2193 et
2361 2139 2411 2194 in
2440 2156 2616 2195 rerum
2646 2139 2991 2197 bumanarmn
3009 2144 3151 2213 juste
3181 2146 3621 2203 moderandarum

2053 2235 2107 2280 et
2152 2228 2612 2298 gubernandarum
2661 2231 2871 2287 actione
2909 2245 3218 2300 versantur,
3265 2237 3532 2305 sapientes
3568 2253 3629 2294 se

2054 2332 2173 2372 esse
2212 2318 2559 2388 arbitrantur;
2604 2328 2657 2375 et
2693 2321 2783 2392 qui
2811 2332 3091 2394 utrumque
3134 2325 3325 2380 horum
3364 2334 3541 2397 agunt,
3571 2335 3628 2383 et

2053 2411 2243 2479 partim
2282 2412 2463 2467 vivunt
2483 2413 2536 2466 in
2575 2415 3022 2484 contemplatione
3056 2417 3320 2483 veritatis,
3350 2419 3621 2487 partimin

2051 2498 2316 2557 laboribus
2337 2501 2607 2571 ofﬁciosis,
2632 2518 2767 2573 quos
2789 2504 3029 2560 humanae
3055 2507 3291 2562 societati
3317 2508 3499 2563 deberi
3524 2525 3629 2579 pu-

2054 2598 2184 2657 tant,
2215 2592 2312 2647 sibi
2358 2594 2582 2662 palmam
2617 2594 2889 2664 sapientiae
2930 2606 3109 2652 tenere
3146 2598 3407 2653 videntur.
3429 2600 3628 2657 Omitto

2052 2682 2461 2737 innumerabiles
2483 2695 2675 2751 sectas,
2702 2699 2923 2755 quarum
2960 2687 3100 2741 nulla
3139 2694 3222 2744 est
3249 2700 3365 2759 qua:
3390 2704 3495 2745 non
3536 2706 3626 2747 se-

2054 2779 2281 2827 ctatores
2310 2787 2434 2828 suos
2463 2788 2780 2844 praeponens
2810 2778 3034 2841 caeteris,
3076 2793 3168 2833 eos
3189 2781 3333 2835 solos
3359 2782 3485 2837 velit
3507 2796 3628 2839 esse

2054 2866 2337 2933 sapientes.
2370 2866 2723 2932 Quamobrem
2749 2872 2867 2924 cum
2892 2868 2944 2923 id
2974 2885 3114 2925 nunc
3143 2879 3326 2942 agatur
3346 2874 3483 2929 inter
3502 2890 3621 2944 nos,

2053 2968 2109 3011 ut
2130 2974 2236 3013 non
2263 2960 2386 3029 quid
2416 2962 2693 3016 credamus
2719 2962 3142 3033 respondendum
3169 2966 3258 3033 sit,
3278 2966 3372 3022 sed
3398 2968 3525 3037 quid
3547 2968 3626 3024 di-

2052 3046 2225 3101 lucida
2265 3048 2607 3119 intelligentia
2647 3058 2949 3120 teneamus,
2989 3056 3133 3109 nullo
3162 3056 3320 3113 modo
3347 3059 3411 3113 ad
3443 3059 3495 3114 id
3530 3060 3624 3119 tibi

2052 3138 2193 3207 quod
2224 3138 2559 3209 interrogasti
2586 3142 2910 3211 respondere
2950 3154 3152 3215 potero,
3186 3148 3286 3201 nisi
3322 3150 3462 3219 quod
3500 3165 3622 3206 cre-

2051 3228 2225 3283 dendo
2246 3237 2418 3296 teneo,
2449 3233 2854 3302 contemplando
2882 3236 3038 3289 etiam
3063 3245 3117 3290 et
3136 3240 3337 3293 ratione
3356 3242 3625 3297 cernendo

2053 3321 2315 3388 noverim,
2346 3337 2463 3391 qua:
2492 3324 2560 3377 sit
2582 3324 2691 3392 ipsa
2722 3325 2995 3393 sapientia.

2123 3409 2212 3465 26.
2241 3410 2306 3463 A.
2333 3411 2470 3466 Num
2500 3414 2653 3467 aliam
2681 3423 2833 3483 putas
2861 3430 2978 3469 esse
3008 3416 3321 3486 sapientiam
3348 3420 3449 3473 nisi
3479 3423 3623 3475 veri-

2052 3509 2236 3569 tatem,
2266 3504 2320 3557 in
2350 3517 2453 3573 qua
2480 3505 2712 3559 cernitur
2748 3514 2800 3560 et
2844 3514 3052 3560 tenetur
3090 3523 3355 3562 summum
3392 3510 3621 3567 bonum?

2050 3593 2178 3648 Nam
2210 3595 2283 3650 illi
2304 3611 2488 3652 omnes
2505 3612 2636 3668 quos
2652 3600 3081 3654 commemorasti
3107 3601 3312 3654 diversa
3334 3611 3619 3672 sectantes,

2048 3684 2249 3741 bonum
2284 3697 2570 3757 appetunt,
2599 3696 2655 3744 et
2692 3690 2891 3745 malum
2934 3689 3169 3760 fugiunt;
3209 3692 3304 3747 sed
3342 3704 3622 3765 propterea

2049 3778 2258 3836 diversa
2308 3790 2613 3849 sectantur,
2663 3782 2804 3853 quod
2842 3782 2982 3838 aliud
3009 3784 3096 3837 alii
3146 3785 3352 3840 videtur
3399 3788 3619 3846 bonum.

2047 3872 2297 3945 Quisquis
2346 3890 2472 3947 ergo
2508 3875 2708 3945 appetit
2754 3876 2893 3947 quod
2931 3878 3280 3947 appetendum
3325 3894 3429 3933 non
3479 3888 3621 3949 erat,

2046 3968 2254 4023 tametsi
2285 3967 2335 4022 id
2366 3982 2469 4021 non
2495 3975 2766 4037 appeteret
2790 3968 2889 4022 nisi
2917 3968 2967 4024 ei
2996 3968 3263 4024 videretur
3289 3968 3506 4039 bonum,
3530 3987 3617 4027 er-

2047 4066 2125 4112 rat
2155 4066 2348 4113 tamen.
2376 4059 2569 4113 Errare
2612 4066 2785 4112 autem
2820 4073 2991 4129 neque
3036 4059 3125 4114 ille
3166 4068 3341 4129 petest
3364 4062 3453 4131 qui
3490 4062 3620 4117 nihil

2047 4152 2261 4221 appetit,
2293 4167 2463 4222 neque
2500 4152 2587 4207 ille
2617 4153 2703 4223 qui
2746 4151 2846 4207 hoc
2878 4154 3077 4222 appetit
3107 4154 3247 4223 quod
3274 4152 3430 4208 debet
3458 4169 3621 4224 appos

2049 4251 2180 4297 tere.
2222 4242 2279 4296 ln
2320 4253 2574 4312 quantum
2618 4243 2775 4312 igitur
2825 4258 3009 4298 omnes
3074 4244 3314 4298 homines
3366 4250 3622 4314 appetunt

2050 4333 2217 4385 vitam
2256 4333 2486 4399 beatam,
2520 4349 2625 4387 non
2674 4341 2870 4387 errant.
2900 4332 2957 4387 In
2994 4343 3247 4402 quantum
3272 4344 3446 4388 autem
3475 4335 3608 4405 quis-

2046 4438 2150 4493 que
2177 4438 2281 4476 non
2308 4438 2423 4476 eam
2451 4432 2593 4478 tenet
2618 4428 2737 4477 vitae
2765 4424 2902 4477 viam
2936 4438 3053 4493 quae
3078 4424 3223 4479 ducit
3246 4425 3311 4480 ad
3338 4427 3618 4482 beatitudi-

2050 4529 2195 4581 nem,
2227 4530 2343 4568 cum
2371 4531 2430 4569 se
2454 4514 2683 4569 fateatur
2701 4523 2751 4569 et
2775 4515 3083 4584 proﬁteatur
3105 4515 3245 4571 nolle
3271 4517 3372 4571 nisi
3401 4518 3465 4572 ad
3494 4519 3620 4574 bea-

2048 4609 2327 4663 titudinem
2350 4609 2649 4678 pervenire,
2679 4608 2734 4662 in
2764 4614 2966 4663 tantum
2992 4618 3155 4663 errat.
3183 4608 3346 4663 Error
3373 4620 3453 4664 est
3472 4611 3614 4665 enim

2045 4717 2163 4757 cum
2194 4703 2462 4771 sequimur
2489 4702 2683 4771 aliquid
2712 4700 2850 4771 quod
2879 4715 2982 4756 non
3011 4700 3078 4756 ad
3106 4701 3158 4756 id
3185 4701 3327 4757 ducit
3345 4717 3451 4772 quo
3476 4702 3616 4757 volu~

2045 4808 2163 4847 mus
2201 4791 2496 4862 pervenire.
2528 4792 2592 4846 Et
2616 4800 2812 4862 quanto
2848 4793 3013 4862 magis
3041 4791 3093 4846 in
3122 4794 3203 4845 via
3235 4793 3354 4851 vitae
3381 4793 3500 4860 quis
3526 4808 3611 4847 er-

2043 4893 2148 4949 rat,
2176 4891 2322 4937 tanto
2359 4883 2533 4937 minus
2562 4883 2717 4953 sapit.
2748 4881 2918 4938 Tanto
2944 4884 3084 4939 enim
3110 4883 3276 4953 magis
3295 4882 3449 4953 longe
3473 4894 3554 4939 est
3581 4900 3614 4941 a

2042 4973 2284 5038 veritate,
2314 4974 2366 5027 in
2391 4988 2492 5044 qua
2534 4974 2769 5029 cernitur
2793 4982 2847 5029 et
2874 4983 3080 5030 tenetur
3102 4989 3367 5030 summum
3390 4974 3611 5031 bonum.

2042 5065 2262 5122 Summo
2286 5075 2463 5121 autem
2500 5066 2638 5121 bono
2659 5074 2901 5121 assecuto
2924 5076 2978 5120 et
3014 5065 3227 5136 adepto,
3257 5066 3441 5121 beatus
3470 5065 3615 5136 quis-

2043 5173 2145 5227 que
2170 5160 2259 5221 ﬁt;
2288 5157 2427 5227 quod
2470 5172 2657 5211 omnes
2698 5157 2814 5212 sine
2852 5158 3210 5212 controversia
3252 5157 3512 5213 volumus.
3542 5156 3616 5212 Ut

2041 5262 2169 5317 ergo
2210 5256 2419 5303 constat
2449 5261 2548 5302 nos
2585 5247 2767 5303 beatos
2808 5261 2927 5302 esse
2966 5248 3120 5312 velle,
3163 5247 3232 5301 ita
3271 5262 3368 5301 nos
3405 5256 3612 5302 constat

2042 5339 2179 5394 velle
2205 5352 2325 5392 esse
2351 5338 2649 5408 sapientes;
2677 5338 2799 5409 quia
2826 5354 2983 5395 nemo
3010 5339 3127 5393 sine
3149 5338 3404 5408 sapientia
3427 5338 3613 5399 beatus

2041 5438 2149 5485 est.
2175 5428 2343 5483 Nemo
2371 5429 2515 5483 enim
2548 5430 2734 5485 beatus
2761 5429 3007 5497 est,nisi
3032 5444 3241 5484 summo
3274 5428 3435 5494 bono,
3470 5429 3611 5499 quod

2036 5522 2098 5578 in
2123 5537 2186 5577 ea
2218 5522 2457 5587 veritate,
2487 5538 2645 5592 quam
2672 5523 2983 5593 sapientiam
3008 5536 3277 5588 vocamus,
3303 5520 3538 5577 cernitur
3557 5530 3610 5577 et

2044 5623 2273 5671 tenetur.
2294 5616 2443 5671 Sicut
2467 5631 2595 5686 ergo
2622 5625 2904 5685 antequam
2948 5615 3088 5670 beati
3124 5613 3314 5681 simus,
3346 5614 3611 5679 mentibus

2042 5717 2218 5763 tamen
2248 5707 2445 5762 nostris
2471 5707 2729 5775 impressa
2753 5715 2834 5760 est
2862 5706 3008 5761 notio
3033 5705 3330 5770 beatitatis;
3359 5704 3611 5776 perinane

2043 5805 2185 5863 enim
2461 5799 2812 5871 ﬁdenterque,
2840 5807 2896 5855 et
2916 5799 3032 5855 sine
3059 5799 3167 5856 ulla
3183 5798 3510 5858 dubitatione
3527 5794 3607 5851 di-
