4118 6370
533 311 675 372 ηὸὅ

537 432 709 488 cimus
726 427 914 484 beatos
936 435 1039 480 nos
1065 434 1184 479 esse
1213 418 1349 477 velle
1380 436 1393 475 :
1420 417 1492 473 ita
1520 416 1680 473 etiam
1711 415 2017 487 priusquam
2043 425 2119 465 sa-

535 526 741 598 pientes
761 522 948 587 simus,
971 517 1246 590 sapientia:
1271 515 1541 571 notionem
1573 510 1628 565 in
1648 519 1827 566 mente
1863 507 2121 563 habemus

531 619 870 689 impressam,
904 629 999 686 per
1024 626 1180 684 quam
1213 604 1575 678 unusquisque
1604 612 1847 660 nostrum
1872 602 1917 656 si
1954 601 2121 656 inter-

534 721 752 785 rogetur
769 709 972 768 velitne
990 721 1111 763 esse
1140 703 1373 774 sapiens,
1405 700 1521 756 sine
1549 697 1657 754 ulla
1699 694 1924 767 caligine
1961 690 2117 748 dubi-

535 805 749 863 tationis
775 818 834 859 se
859 800 999 857 velle
1023 796 1333 869 respondet.

599 890 691 954 27.
716 897 894 964 Quare
931 894 977 948 si
999 892 1109 962 jam
1137 896 1343 945 constat
1376 885 1515 941 inter
1539 897 1638 938 nos
1663 895 1782 953 quae
1803 879 1875 934 sit
1900 875 2116 947 sapien-

533 993 628 1060 tia,
660 1006 820 1062 quam
841 988 1068 1042 fortasse
1091 982 1271 1040 verbis
1296 978 1564 1050 explicare
1589 990 1696 1031 non
1726 980 1940 1044 poteras
1967 968 2116 1041 (nam

528 1091 573 1145 si
594 1103 711 1145 eam
734 1085 878 1140 nullo
906 1080 1067 1137 modo
1096 1079 1275 1134 animo
1300 1088 1570 1141 cerneres,
1591 1070 1739 1126 nullo
1764 1066 1924 1123 modo
1951 1066 2117 1122 scires

528 1193 582 1239 et
610 1181 745 1237 velle
772 1188 824 1233 te
849 1190 968 1233 esse
989 1173 1280 1245 sapientem
1309 1178 1362 1225 et
1381 1167 1519 1223 velle
1544 1164 1763 1229 debere,
1779 1160 1919 1232 quod
1949 1169 2001 1215 te
2022 1174 2116 1214 ne-

527 1289 776 1351 gaturum
813 1287 935 1328 esse
976 1284 1082 1325 non
1126 1264 1410 1333 arbitror),
1450 1261 1573 1316 volo
1608 1258 1717 1351 jam
1751 1256 1909 1351 dicas
1956 1250 2112 1319 mihi,

526 1349 707 1428 utrum
732 1366 894 1423 etiam
923 1360 1258 1433 sapientiam,
1278 1357 1413 1411 sicut
1432 1350 1639 1408 numeri
1664 1349 1922 1405 rationem
1953 1354 2115 1416 atque

526 1463 802 1519 veritatem
820 1455 1068 1514 omnibus
1087 1447 1523 1519 ratiocinantibus
1538 1456 1875 1500 communem
1902 1455 1959 1495 se
1980 1453 2115 1509 prte-

526 1466 802 1519 veritatem
820 1466 1068 1514 omnibus
1087 1466 1289 1507 rauocu
1312 1466 1523 1502 annuus
1538 1466 1875 1500 communem
1902 1466 1959 1495 se
1982 1466 2113 1509 plu:-

523 1556 653 1610 berc
676 1548 979 1611 arbitreris;
1018 1561 1086 1599 an
1128 1466 1496 1614 quoniakmxtot
1524 1542 1649 1590 sunt
1687 1542 1897 1588 mentes
1939 1528 2113 1585 homi-

525 1663 651 1704 num
689 1654 817 1716 quot
854 1640 1099 1696 homines
1136 1642 1280 1701 sunt,
1310 1631 1451 1687 unde
1480 1644 1578 1684 nec
1599 1642 1697 1698 ego
1722 1626 1788 1680 de
1816 1634 1903 1679 tua
1931 1629 2112 1677 mente

525 1740 722 1812 aliquid
747 1751 931 1801 cerno,
964 1747 1062 1789 nec
1093 1739 1151 1785 tu
1186 1728 1254 1783 de
1292 1741 1431 1791 mea,
1462 1730 1541 1778 tot
1580 1721 1742 1776 etiam
1787 1726 1941 1812 putes
1991 1728 2111 1769 esse

522 1808 832 1907 sapientias,
854 1837 984 1901 quot
1027 1821 1295 1896 potuerint
1320 1834 1437 1874 esse
1463 1816 1749 1886 sapientes.
1780 1810 1851 1907 Ε.
1875 1808 1931 1865 Si
1959 1823 2109 1907 sum-

468 1924 473 1929 ’
523 1900 670 1987 mum
696 1900 897 1981 bonum
929 1918 1179 1976 omnibus
1217 1929 1378 1969 unum
1404 1917 1505 1973 est,
1538 1915 1751 1977 oportet
1783 1904 1945 1959 etiam
1972 1900 2111 1956 veri-

523 2030 683 2079 tatem
728 2018 780 2071 in
822 2028 926 2086 qua
958 2009 1194 2066 cernitur
1240 2013 1295 2060 et
1329 2009 1553 2065 tenetur,
1576 1997 1629 2053 id
1664 2004 1747 2051 est
1771 1992 2106 2065 sapientiam,

523 2111 773 2171 omnibus
810 2120 970 2162 unam
1016 2116 1135 2157 esse
1173 2108 1531 2153 communem.
1560 2089 1624 2143 A.
1666 2086 1887 2143 Dubitas
1930 2094 2108 2140 autem

522 2218 788 2265 summum
815 2201 1011 2255 bonum
1033 2237 1049 2263 ,
1077 2188 1329 2265 quidquid
1360 2185 1491 2242 illud
1521 2193 1629 2251 est,
1653 2180 1902 2237 omnibus
1928 2177 2103 2231 homi-

519 2298 678 2354 nibus
710 2308 871 2349 unttm
912 2287 1065 2345 esse?
1092 2283 1159 2337 E.
1192 2280 1383 2336 Dubito
1419 2292 1567 2345 sane,
1595 2275 1718 2346 quia
1746 2272 1987 2328 diversos
2021 2269 2105 2324 di-

518 2388 689 2448 versis
736 2384 899 2442 rebus
942 2377 1171 2452 gaudere
1204 2372 1363 2429 video
1393 2380 1642 2439 tanquam
1685 2363 1908 2420 summis
1952 2359 2106 2417 bunis

517 2484 652 2541 suis.
675 2482 740 2536 A.
768 2477 972 2535 Vellent
999 2470 1235 2542 quidem,
1265 2474 1324 2522 ut
1351 2464 1421 2520 de
1451 2475 1660 2519 summo
1686 2460 1827 2514 bono
1855 2458 1925 2511 ita
1947 2468 2105 2511 nemo

517 2574 804 2637 dubitaret,
844 2578 904 2624 ut
940 2580 1099 2621 nemo
1137 2560 1343 2617 dubitat
1381 2553 1635 2628 quidquid
1678 2549 1810 2606 illud
1848 2557 1949 2615 est,
1998 2560 2105 2603 non

517 2667 620 2725 nisi
646 2680 713 2723 eo
735 2661 927 2732 adepto
952 2671 1113 2730 posse
1135 2652 1249 2709 ﬁeri
1276 2648 1546 2706 hominem
1574 2646 1808 2701 beatum.
1838 2640 1944 2697 Sed
1974 2654 2106 2732 quo-

516 2761 660 2818 niam
699 2730 889 2827 magna
912 2749 1138 2822 quaestio
1170 2752 1272 2811 est,
1304 2750 1360 2799 et
1384 2743 1599 2811 longum
1629 2748 1933 2791 sermonem
1965 2730 2104 2787 forte

520 2852 810 2916 desiderat,
855 2854 1099 2918 putemus
1140 2839 1356 2896 omnino
1394 2843 1473 2890 tot
1515 2845 1721 2888 summa
1763 2828 1905 2883 bona
1957 2839 2098 2894 esse,

517 2955 647 3020 quot
674 2952 799 3001 sunt
825 2941 955 3011 ipsa:
986 2953 1074 2993 res
1103 2935 1327 2990 diversae
1369 2944 1488 3000 qum
1523 2942 1552 2981 a
1592 2924 1818 3020 diversis
1852 2931 2101 3020 tanquam

516 3014 725 3098 summa
746 3036 887 3092 bona
911 3037 1233 3103 appetuntur
1258 3043 1270 3079 :
1304 3039 1431 3079 num
1466 3021 1585 3077 ideo
1619 3018 1877 3089 sequitur,
1902 3023 1960 3071 ut
1986 3014 2100 3083 ipsa

516 3129 775 3201 sapientia
804 3126 964 3182 etiam
996 3137 1101 3176 non
1128 3120 1198 3175 sit
1224 3131 1327 3172 una
1354 3112 1656 3170 communis
1682 3106 2101 3201 omnibus,_quia

515 3198 597 3279 ea
620 3221 790 3287 bona,
844 3230 964 3287 qua:
998 3213 1052 3267 in
1092 3212 1181 3266 illa
1225 3215 1454 3264 cernunt
1490 3214 1545 3260 et
1585 3202 1787 3273 eligunt
1830 3198 2096 3263 homines,

516 3313 683 3369 multa
719 3320 773 3366 et
799 3309 1006 3363 diversa
1045 3302 1205 3359 sunt?
1233 3300 1288 3356 Si
1332 3298 1475 3355 enim
1512 3295 1615 3351 hoc
1656 3302 1839 3365 putas,
1867 3299 2018 3362 potes
2047 3298 2102 3345 et

515 3403 582 3460 de
615 3404 733 3458 luce
760 3400 889 3457 solis
919 3397 1162 3452 dubitare
1190 3391 1331 3463 quod
1357 3405 1461 3445 una
1483 3389 1572 3454 sit,
1601 3388 1722 3457 quia
1750 3386 1913 3441 multa
1939 3392 1994 3440 et
2020 3383 2102 3440 di-

516 3510 669 3552 versa
697 3500 842 3556 sunt,
864 3505 982 3560 quae
1009 3488 1059 3542 iu
1084 3501 1145 3541 ea
1171 3484 1454 3539 cernimus.
1479 3482 1554 3536 De
1577 3480 1767 3550 quibus
1793 3478 1972 3532 multis
1992 3478 2102 3533 ele-

512 3588 590 3659 git
616 3586 837 3657 quisque
880 3596 977 3652 pro
1013 3578 1286 3634 voluntate
1327 3590 1431 3645 quo
1458 3572 1661 3628 fruatur
1699 3587 1795 3641 per
1827 3572 2098 3627 oculorum

516 3694 769 3736 sensum:
792 3674 1004 3733 et-alius
1029 3670 1357 3727 altitudinem
1386 3668 1583 3723 montis
1616 3666 1836 3736 alicujus
1864 3665 2100 3720 intuetur

515 3774 763 3839 libenter,
790 3777 846 3825 et
864 3782 929 3823 eo
947 3765 1141 3838 gaudet
1167 3772 1381 3833 aspectu
1402 3778 1417 3827 ;
1448 3760 1585 3814 alius
1604 3758 1778 3829 campi
1802 3758 2095 3828 planitiem,

514 3868 654 3923 alius
694 3876 930 3921 convexa
965 3859 1207 3923 vallium,
1249 3855 1384 3910 alius
1426 3868 1704 3908 nemorum
1751 3852 2096 3920 viriditatem,

513 3959 649 4014 alius
685 3954 936 4012 mobilem
976 3949 1329 4020 :equalitatem
1363 3944 1546 4011 maris,
1587 3944 1725 3998 alius
1753 3943 1868 3997 haec
1896 3940 2097 4009 omnia,

513 4050 601 4106 vel
622 4047 865 4119 quaedam
885 4044 1077 4099 horum
1106 4039 1265 4095 simul
1292 4036 1511 4108 pulchra
1538 4036 1742 4091 confert
1765 4035 1830 4090 ad
1856 4036 2094 4091 laetitiam

519 4138 750 4196 videndi.
768 4136 918 4193 Sicut
943 4147 1071 4202 ergo
1101 4131 1198 4184 ista
1222 4129 1388 4183 multa
1414 4138 1468 4182 et
1492 4128 1700 4182 diversa
1724 4134 1866 4195 sunt,
1899 4145 2015 4199 qua:
2042 4129 2096 4184 in

516 4232 638 4288 luce
667 4227 797 4285 solis
825 4225 1068 4280 homines
1088 4222 1265 4277 vident
1280 4230 1334 4277 et
1359 4222 1558 4292 eligunt
1582 4221 1648 4277 ad
1675 4220 1975 4287 fruendum,
2006 4222 2096 4278 lux

515 4336 696 4381 tamen
722 4322 834 4393 ipsa
866 4334 971 4375 una
997 4327 1100 4384 est,
1130 4316 1183 4371 in
1206 4330 1307 4386 qua
1332 4314 1477 4370 videt
1501 4323 1555 4371 et
1579 4324 1723 4370 tenet
1759 4330 1865 4385 quo
1893 4314 2097 4391 fruatur

515 4413 930 4484 uniuscujusque
954 4408 1209 4466 intuentis
1246 4416 1528 4478 aspectus:
1561 4406 1658 4471 ita,
1688 4407 1894 4462 etiamsi
1931 4407 2095 4461 multa

514 4514 638 4563 sunt
661 4507 800 4562 bona
822 4518 991 4573 eaque
1010 4501 1240 4568 diversa,
1264 4514 1297 4555 e
1316 4499 1507 4570 quibus
1525 4499 1679 4568 eligat
1703 4498 1927 4568 quisque
1952 4498 2095 4569 quod

511 4601 675 4666 volet,
723 4598 882 4668 idque
916 4592 1146 4651 videndo
1179 4601 1237 4649 et
1269 4591 1497 4648 tenendo
1524 4590 1591 4646 ad
1619 4589 1901 4646 fruendum
1944 4606 2094 4646 sum-

513 4707 663 4748 mum
704 4690 805 4744 sibi
832 4689 1030 4744 bonum
1069 4693 1213 4763 recte
1254 4699 1481 4753 vereque
1509 4684 1824 4748 constituat;
1867 4682 1983 4738 fieri
2011 4691 2095 4738 ta-

511 4803 636 4845 men
664 4793 839 4857 potest
858 4791 916 4837 ut
935 4782 1024 4837 lux
1051 4781 1165 4850 ipsa
1187 4778 1481 4849 sapientiae,
1512 4777 1565 4831 in
1585 4792 1687 4846 qua
1710 4775 1825 4831 haec
1846 4775 2014 4832 videri
2042 4784 2097 4833 et

508 4881 679 4938 teneri
716 4887 954 4950 possunt,
994 4874 1244 4931 omnibus
1271 4870 1598 4943 sapientibus
1626 4872 1695 4927 sit
1723 4885 1827 4926 una
1851 4885 2093 4927 commu-

511 4974 615 5029 nis.
644 4971 713 5026 E.
749 4970 942 5025 Fateor
983 4967 1097 5023 fieri
1136 4982 1314 5037 posse,
1354 4979 1454 5020 nec
1494 4963 1754 5034 impedire
1792 4965 2009 5036 aliquid,
2037 4974 2097 5021 ut

514 5078 622 5121 non
661 5064 731 5118 sit
772 5061 1019 5118 omnibus
1066 5059 1366 5114 communis
1409 5072 1517 5113 una
1560 5058 1852 5129 sapientia,
1886 5059 2093 5114 etiamsi

514 5157 677 5213 multa
702 5164 756 5210 et
782 5153 990 5210 diversa
1022 5153 1129 5207 sint
1162 5167 1368 5208 summa
1395 5150 1533 5207 bona
1563 5170 1576 5208 :
1604 5151 1698 5207 sed
1740 5151 1930 5206 vellem
1955 5152 2093 5208 scire

510 5264 575 5304 an
607 5248 681 5302 ita
724 5246 812 5302 sit.
855 5244 1007 5311 Quod
1041 5244 1184 5299 enim
1211 5243 1550 5300 concedimus
1584 5242 1698 5297 fieri
1746 5257 1902 5311 posse
1925 5250 1985 5297 ut
2020 5243 2092 5298 ita

513 5342 610 5409 sit,
648 5356 755 5395 non
790 5339 1045 5397 continuo
1086 5338 1159 5393 ita
1197 5352 1317 5394 esse
1354 5335 1711 5392 concedimus.
1740 5335 1804 5389 A.
1827 5335 2093 5393 Tenemus

505 5432 732 5491 interim
776 5447 897 5490 esse
942 5429 1291 5504 sapientiam:
1334 5430 1428 5486 sed
1467 5439 1644 5486 utrum
1688 5430 1756 5485 sit
1796 5433 2093 5487 communis

514 5541 629 5583 una
679 5527 961 5593 omnibus,
1015 5541 1081 5581 an
1124 5525 1316 5596 singuli
1364 5525 1632 5596 sapientes
1672 5540 1795 5580 suas
1839 5524 2088 5595 habeant,

517 5616 681 5674 sicuti
704 5619 909 5675 animas
932 5616 1017 5675 vel
1040 5626 1247 5675 mentes
1266 5632 1407 5685 suas,
1442 5615 1542 5672 hoc
1565 5616 1800 5673 nondum
1828 5626 2088 5674 tenemus.

505 5707 574 5766 Ε.
605 5710 681 5769 Ita
706 5722 809 5770 est.

1559 301 1649 359 DE
1687 298 1938 359 LIBERO
1973 293 2323 366 ARBITRIO,
2364 294 2423 352 S.
2462 295 2832 356 AUGUSTlNl

3681 309 3821 371 1256

2227 406 2456 470 CAPUT
2483 411 2553 468 Χ.
2574 443 2648 456 --
2670 411 2786 469 Una
2814 420 2889 468 est
2913 411 3175 483 sapientiae
3203 414 3292 470 lux
3309 415 3539 475 omnibus
3566 423 3811 494 sapienti-

2816 507 2905 561 bus
2941 507 3240 562 communis.

2294 599 2386 655 28.
2409 598 2472 653 Α.
2498 598 2677 667 Quid?
2701 598 2804 655 hoc
2818 598 2962 670 quod
2980 607 3223 657 tenemus
3243 600 3326 658 vel
3340 616 3460 659 esse
3479 604 3810 676 sapientiam,

2223 692 2308 748 vel
2336 692 2602 761 sapientes
2624 732 2639 758 ,
2687 700 2742 748 et
2777 691 2965 747 beatos
2992 707 3115 748 esse
3142 708 3331 750 omnes
3361 694 3605 752 homines
3640 700 3814 767 velle,

2224 783 2315 839 ubi
2362 784 2641 840 videmus?
2683 784 2814 840 Nam
2858 784 2961 840 hoc
3008 794 3060 841 te
3098 786 3316 855 videre,
3360 797 3415 844 et
3453 806 3641 847 verum
3693 808 3817 851 esse

2224 876 2371 933 nullo
2409 878 2573 934 modo
2597 878 2779 949 utique
2814 878 3194 935 dubitaverim.
3220 881 3333 937 Hoc
3356 898 3484 953 ergo
3507 900 3695 941 verum
3735 888 3818 943 sic

2221 966 2374 1023 vides
2398 976 2461 1023 ut
2486 969 2862 1039 cogitationem
2884 979 3056 1039 tuam,
3100 988 3258 1043 quam
3286 974 3331 1029 si
3360 974 3492 1031 mihi
3518 993 3624 1033 non
3645 993 3817 1035 enun-

2222 1059 2324 1115 ties
2341 1100 2358 1126 ,
2399 1075 2499 1132 ego
2524 1076 2743 1140 prorsus
2769 1062 2994 1132 ignoro?
3018 1079 3086 1118 an
3113 1064 3184 1119 ita
3213 1075 3270 1120 ut
3294 1066 3557 1139 intelligas
3582 1078 3637 1125 et
3663 1086 3693 1125 a
3725 1087 3817 1128 me

2222 1154 2389 1210 videri
2410 1170 2569 1227 posse
2585 1155 2687 1212 hoc
2705 1172 2912 1225 verum,
2934 1159 3145 1215 tametsi
3173 1159 3303 1215 mihi
3326 1162 3421 1217 abs
3452 1174 3504 1218 te
3528 1179 3632 1219 non
3661 1165 3811 1220 dica-

2221 1247 2343 1301 tur?
2365 1246 2433 1303 E.
2460 1246 2571 1304 lmo
2592 1248 2661 1303 ita
2687 1256 2745 1304 ut
2762 1250 2857 1306 abs
2883 1259 2936 1305 te
2963 1266 3196 1322 quoque,
3216 1252 3375 1308 etiam
3402 1270 3488 1310 me
3514 1256 3710 1325 invito,
3736 1259 3810 1314 vi-

2219 1338 2336 1394 deri
2363 1353 2519 1409 posse
2546 1356 2652 1395 non
2683 1340 2942 1397 dubitem.
2985 1344 3050 1396 A.
3094 1343 3246 1411 Quod
3276 1361 3402 1417 ergo
3431 1364 3595 1403 unum
3624 1365 3809 1406 verum

2219 1431 2466 1489 videmus
2500 1434 2659 1490 ambo
2685 1434 2910 1506 singulis
2938 1436 3235 1503 mentibus,
3264 1454 3444 1496 nonne
3477 1441 3689 1513 utrique
3713 1458 3812 1499 no-

2216 1532 2388 1580 strum
2454 1540 2738 1581 commune
2781 1527 2899 1581 est?
2950 1527 3017 1581 E.
3064 1526 3509 1587 Manifestissime.
3567 1533 3631 1586 Α.
3678 1532 3810 1589 ltem

2218 1617 2379 1674 credo
2405 1627 2456 1674 te
2473 1634 2581 1675 non
2620 1634 2815 1691 negare
2834 1618 3154 1676 studendum
3181 1635 3301 1677 esse
3326 1623 3618 1693 sapientia},
3650 1636 3809 1696 atque

2217 1707 2320 1764 hoc
2346 1724 2532 1765 verum
2576 1724 2695 1765 esse
2735 1709 3050 1765 concedere.
3083 1710 3152 1767 E.
3183 1712 3409 1768 Prorsus
3448 1729 3554 1769 non
3597 1714 3803 1771 dubito.

2215 1798 2279 1853 A.
2312 1800 2425 1855 Hoc
2462 1800 2589 1856 item
2619 1816 2835 1868 verum,
2863 1810 2917 1857 et
2941 1818 3103 1858 unum
3145 1818 3299 1870 esse,
3331 1814 3385 1859 et
3423 1807 3669 1863 omnibus
3715 1809 3807 1879 qui

2217 1888 2319 1945 hoc
2359 1892 2567 1960 sciunt,
2611 1892 2678 1947 ad
2709 1892 2993 1948 videndum
3039 1908 3158 1950 esse
3201 1909 3515 1963 commune,
3565 1900 3807 1969 quamvis

2215 1982 2577 2054 unusquisque
2605 1983 2657 2039 id
2686 2000 2786 2041 nec
2812 2001 2960 2052 mea,
2992 2000 3093 2041 nec
3117 1994 3207 2041 tua
3228 2027 3242 2053 ,
3273 2002 3373 2042 nec
3390 1988 3702 2058 cujusquam
3733 1990 3807 2044 al-

2214 2075 2401 2143 terius,
2431 2076 2525 2131 sed
2555 2092 2650 2132 sua
2674 2086 2854 2133 mente
2880 2080 3201 2149 conspiciat,
3222 2096 3340 2134 cum
3364 2081 3414 2134 id
3438 2082 3577 2151 quod
3602 2084 3807 2154 conspi-

2213 2166 2382 2236 citur,
2433 2169 2681 2225 omnibus
2709 2171 3160 2241 conspicientibus
3204 2175 3558 2231 communiter
3603 2188 3804 2247 praesto

2211 2261 2315 2327 sit,
2362 2263 2619 2333 numquid
2669 2280 2867 2334 negare
2913 2268 3239 2336 poterimus?
3289 2267 3358 2322 E.
3411 2268 3569 2325 Nullo
3622 2273 3803 2327 modo.

2212 2352 2278 2404 Α.
2303 2351 2433 2408 ltem
2454 2394 2471 2419 ,
2497 2355 2641 2424 juste
2684 2370 2805 2412 esse
2828 2357 3147 2426 videndum,
3186 2357 3453 2416 deteriora
3500 2363 3805 2420 melioribus

2212 2457 2333 2498 esse
2359 2444 2635 2501 subdenda
2659 2489 2674 2515 ,
2704 2458 2758 2503 et
2781 2449 2927 2519 paria
2954 2450 3169 2520 paribus
3196 2454 3569 2522 comparanda,
3594 2464 3651 2511 et
3676 2472 3803 2526 pro-

2214 2537 2327 2605 pria
2352 2538 2463 2594 suis
2491 2539 2791 2610 quibusque
2831 2542 3109 2598 tribuenda
3128 2585 3143 2609 ,
3191 2559 3370 2599 nonne
3402 2544 3653 2602 fateberis
3684 2565 3805 2605 esse

2210 2630 2549 2686 verissimum
2570 2672 2585 2697 ,
2613 2642 2668 2686 et
2698 2640 2805 2687 tam
2832 2634 2962 2687 mihi
2990 2649 3148 2704 quam
3170 2636 3259 2691 tibi
3288 2646 3447 2707 atque
3474 2638 3722 2693 omnibus
3752 2640 3805 2696 id

2207 2722 2511 2777 videntibus
2558 2732 2757 2793 praesto
2792 2739 2912 2780 esse
2952 2728 3342 2783 communiter?
3393 2727 3462 2783 E.
3495 2733 3799 2788 Assentior.

2209 2814 2273 2868 Α.
2323 2813 2460 2881 Quid
2499 2814 2865 2885 incorruptum
2914 2817 3108 2872 melius
3150 2833 3268 2874 esse
3313 2829 3595 2897 corrupto,
3641 2831 3800 2885 aeter—

2207 2925 2336 2964 num
2366 2909 2680 2979 temporali,
2709 2910 3015 2966 inviolabile
3041 2912 3309 2985 violabili,
3338 2920 3540 2989 poteris
3564 2926 3803 2992 negare?

2206 3002 2276 3057 E.
2315 3002 2446 3071 Quis
2488 3004 2698 3074 potest?
2726 3005 2789 3057 Λ.
2821 3005 2934 3060 Hoc
2980 3020 3109 3077 ergo
3154 3023 3339 3066 verum
3370 3022 3543 3082 potest
3578 3018 3802 3087 quisque

2207 3113 2361 3152 suum
2391 3098 2664 3168 proprium
2709 3097 2887 3153 dicere
2910 3140 2925 3167 ,
2953 3112 3075 3154 cum
3116 3100 3626 3171 incommutabiliter
3667 3124 3800 3165 con-

2206 3189 2573 3260 templandum
2603 3189 2741 3245 adsit
2782 3191 3031 3247 omnibus
3057 3194 3149 3265 qui
3178 3196 3278 3252 hoc
3314 3200 3663 3269 contemplari
3705 3217 3798 3257 va-

2205 3283 2352 3339 lent?
2373 3282 2439 3336 E.
2467 3282 2651 3339 Nullus
2679 3283 2781 3340 hoc
2801 3300 2924 3339 vere
2950 3285 3143 3344 dixerit
3168 3306 3321 3344 suum
3345 3305 3465 3347 esse
3490 3296 3758 3364 proprium
3778 3336 3795 3362 ,

2204 3390 2326 3432 cum
2372 3382 2480 3429 tam
2511 3375 2580 3431 sit
2625 3391 2791 3430 unum
2832 3384 2993 3447 atque
3039 3381 3286 3436 omnibtts
3312 3397 3596 3439 commune
3641 3401 3796 3455 quam

2206 3482 2391 3522 verum
2421 3475 2521 3522 est.
2574 3467 2637 3521 A.
2686 3467 2817 3523 ltem
2860 3482 2891 3521 a
2937 3473 3282 3542 corruptione
3310 3475 3654 3530 avertendum
3683 3477 3799 3531 ani-

2205 3577 2373 3625 mum,
2400 3570 2557 3630 atque
2572 3560 2639 3631 ad
2664 3561 3114 3633 incorruptionem
3136 3567 3554 3623 c0nvertendum
3575 3584 3714 3634 esse,
3744 3568 3797 3623 id

2204 3663 2285 3709 est
2309 3668 2413 3707 non
2433 3653 2853 3724 corruptionem,
2883 3655 2975 3710 sed
3003 3656 3456 3727 incorruptionem
3476 3659 3797 3731 diligendam

2206 3759 2326 3800 esse
2356 3744 2474 3815 quis
2512 3744 2707 3814 negat?
2750 3745 2855 3800 Aut
2880 3748 2999 3817 quis
3024 3764 3141 3802 cum
3171 3765 3356 3804 verum
3382 3765 3499 3806 esse
3526 3748 3755 3807 fateatur
3774 3791 3795 3822 ,

2205 3851 2312 3891 non
2343 3836 2503 3890 etiam
2534 3836 2969 3894 incommutabile
3007 3840 3296 3911 intelligat,
3349 3852 3506 3913 atque
3550 3844 3795 3899 omnibus

2205 3927 2473 3983 mentibus
2500 3926 2554 3982 id
2593 3929 2893 3985 valentibus
2922 3930 3150 3997 intueri,
3197 3933 3553 3989 communiter
3593 3944 3793 4004 praesto

2203 4037 2324 4077 esse
2349 4021 2557 4076 videat?
2582 4020 2650 4077 E.
2679 4022 3028 4079 Verissimum
3055 4033 3156 4079 est.
3187 4024 3252 4078 A.
3278 4025 3455 4091 Quid?
3483 4041 3601 4081 eam
3629 4026 3794 4083 vitam

2203 4129 2323 4185 qum
2348 4114 2505 4173 nullis
2532 4115 2943 4171 adversitatibus
2963 4115 3028 4170 de
3053 4124 3195 4171 certa
3223 4125 3275 4172 et
3315 4117 3538 4171 honesta
3574 4128 3794 4173 senten-

2204 4209 2275 4264 tia
2302 4208 2632 4276 demovetur,
2660 4210 2922 4266 dubitabit
2948 4210 3139 4279 aliquis
3157 4226 3278 4265 esse
3309 4212 3603 4275 meliorem,
3634 4227 3792 4282 quam

2202 4317 2321 4358 eam
2367 4318 2487 4374 qua:
2532 4303 2685 4359 facile
2729 4303 3081 4358 incommodis
3114 4304 3491 4372 temporalibus
3533 4304 3794 4376 frangitur

2198 4403 2361 4466 atque
2387 4394 2741 4451 subvertitur?
2768 4395 2833 4449 E.
2863 4394 2993 4461 Quis
3013 4395 3365 4450 dubitaverit?

2274 4489 2368 4545 29.
2393 4490 2454 4543 Α.
2487 4489 2603 4544 Jam
2644 4486 2949 4557 hujusmodi
2988 4490 3139 4559 plura
3187 4506 3295 4543 non
3348 4504 3582 4560 quaeram
3617 4506 3631 4541 :
3663 4489 3790 4544 satis

2203 4582 2345 4635 enim
2378 4588 2458 4634 est
2487 4578 2627 4648 quod
2656 4579 2784 4633 istas
2811 4588 3059 4649 tanquam
3091 4579 3329 4650 regulas,
3362 4589 3416 4633 et
3439 4580 3681 4649 quaedam
3710 4582 3791 4634 lu-

2201 4672 2346 4727 mina
2377 4671 2630 4724 virtutum
2650 4712 2667 4737 ,
2715 4680 2770 4725 et
2803 4686 2926 4726 vera
2966 4681 3018 4725 et
3059 4671 3506 4725 incommutabilia
3527 4712 3542 4737 ,
3574 4680 3630 4725 et
3677 4672 3790 4727 sive

2201 4763 2406 4834 singula
2427 4762 2539 4817 sive
2558 4762 2737 4816 omnia
2757 4762 3110 4817 communiter
3132 4762 3320 4817 adesse
3340 4761 3406 4816 ad
3430 4764 3789 4832 contemplan-

2203 4854 2327 4910 dum
2355 4854 2433 4909 eis
2458 4854 2549 4924 qui
2580 4852 2697 4908 haec
2720 4853 2899 4908 valent
2927 4868 3020 4908 sua
3044 4855 3268 4924 quisque
3296 4856 3500 4908 ratione
3523 4870 3585 4909 ac
3610 4864 3789 4910 mento

2200 4947 2525 5017 compicere,
2557 4946 2755 5015 pariter
2774 4961 2984 5001 mecum
3005 4947 3153 5001 vides
3182 4946 3645 5018 certissimumque
3670 4962 3788 5003 csso

2200 5040 2470 5097 concedis.
2500 5038 2607 5094 Sed
2656 5053 2786 5093 sane
2813 5054 2994 5109 quacro
3025 5048 3197 5093 utrum
3244 5039 3359 5093 haec
3388 5039 3480 5094 tibi
3509 5038 3788 5096 videantur

2200 5134 2269 5190 ad
2294 5134 2608 5204 sapientiam
2638 5133 2923 5203 pertinere.
2966 5131 3100 5186 Nam
3148 5132 3308 5188 credo
3334 5131 3499 5187 videri
3541 5133 3632 5187 tibi
3663 5146 3785 5188 eum

2198 5227 2289 5300 qui
2315 5226 2629 5297 sapientiam
2659 5233 2934 5280 assecutus
2962 5234 3045 5280 est
3063 5267 3078 5292 ,
3111 5241 3228 5280 esse
3253 5227 3563 5296 sapientem.
3592 5225 3660 5278 E.
3692 5226 3785 5280 Vi-

2199 5320 2356 5376 detur
2380 5319 2619 5374 omnino.
2652 5317 2715 5371 Α.
2742 5316 2919 5385 Quid?
2944 5316 3034 5371 ille
3060 5316 3147 5386 qui
3178 5317 3323 5387 juste
3349 5318 3506 5385 vivit,
3533 5325 3785 5388 possetne

2200 5412 2273 5467 ita
2304 5413 2515 5477 vivere,
2544 5409 2647 5465 nisi
2675 5408 2883 5464 videret
2904 5423 3021 5479 qua:
3048 5409 3296 5464 inferiora
3332 5410 3521 5480 quibus
3560 5411 3783 5481 potiori-

2196 5504 2297 5561 bus
2324 5502 2556 5571 subdat,
2583 5511 2639 5557 et
2680 5517 2799 5572 quae
2828 5501 2974 5571 paria
3021 5501 3233 5557 sibimet
3279 5503 3521 5572 copulet,
3566 5511 3619 5557 et
3662 5516 3782 5572 qua:

2200 5598 2415 5670 propria
2458 5596 2568 5651 suis
2615 5595 2913 5666 quibusque
2963 5594 3277 5650 distribuat?
3326 5594 3388 5648 E.
3434 5593 3549 5649 Non
3579 5602 3777 5664 posset.

2201 5691 2265 5744 Α.
2293 5688 2395 5756 Qui
2417 5702 2546 5758 ergo
2573 5687 2690 5742 haec
2722 5684 2902 5754 videt,
2943 5701 3070 5741 num
3111 5701 3234 5741 eum
3273 5685 3489 5755 negabis
3512 5684 3784 5754 sapienter

2198 5780 2416 5840 videre?
2443 5779 2512 5836 E.
2540 5777 2660 5838 Non
2680 5793 2837 5849 nego.
2864 5776 2928 5833 Α.
2951 5778 3126 5847 Quid?
3151 5778 3242 5836 ille
3265 5778 3355 5849 qui
3383 5776 3671 5855 prudenter
3695 5776 3781 5832 vi-
