4118 6370
420 387 559 442 1257

415 501 523 569 vit,
551 516 730 559 nonne
754 504 905 578 eligit
930 507 1381 584 incorruptionem
1402 561 1417 586 ,
1450 528 1506 576 et
1532 537 1648 579 eam
1672 534 2003 602 corruptioni

412 596 821 664 praeponendam
839 614 959 658 esse
972 602 1235 661 decernit?
1252 608 1319 664 E.
1337 611 1777 677 Manifestissimc.
1791 596 1854 677 Αἱ
1869 624 2002 684 Cum

406 701 534 757 ergo
556 687 608 744 id
638 691 785 763 eligit
810 709 916 765 quo
941 705 1465 762 convertatanimum
1484 750 1498 775 ,
1532 712 1672 782 quod
1697 716 1999 788 eligendum

384 966 537 1035 quod
565 970 837 1039 sapienter
856 976 1005 1047 eligit
1023 983 1287 1038 convertit
1309 986 1567 1055 animum,
1595 993 1865 1062 sapienter
1889 997 1995 1053 uti-

399 1071 506 1127 que
534 1065 815 1119 convcrtit.
850 1066 915 1123 E.
945 1068 1313 1133 Certissimum
1338 1088 1440 1134 est.
1468 1082 1534 1135 Α.
1566 1082 1636 1139 Et
1672 1087 1763 1156 qui
1809 1087 1878 1143 ab
1922 1105 1991 1148 eo

391 1149 535 1217 quod
564 1154 839 1222 sapienter
873 1159 1056 1232 eligit,
1090 1173 1145 1221 et
1172 1182 1280 1237 quo
1304 1185 1364 1225 se
1392 1174 1662 1242 sapienter
1684 1182 1982 1251 convertit,

387 1241 545 1297 nullis
574 1248 867 1305 terroribus
908 1255 1185 1327 poenisque
1227 1241 1542 1333 depellitur,
1573 1268 1840 1337 sapienter
1867 1274 1984 1331 sine

387 1330 550 1390 dubio
593 1335 735 1395 facit.
780 1340 848 1395 E.
891 1343 1117 1404 Prorsus
1142 1351 1258 1407 sine
1287 1330 1469 1411 dubio.
1610 1330 1979 1423 Manifestissi;

387 1439 533 1481 mum
578 1438 665 1486 est
708 1433 866 1504 igitur
894 1451 1081 1496 omnes
1109 1442 1236 1513 has,
1265 1462 1397 1517 quas
1425 1452 1634 1523 regulas
1672 1454 1900 1516 diximus
1923 1470 1979 1518 et

383 1512 587 1575 lumina
643 1523 937 1597 virtutum,
980 1531 1048 1587 ad
1104 1536 1420 1606 sapientiam
1471 1546 1739 1613 pertinere
1770 1567 1785 1604 :
1816 1569 1981 1623 quan-

372 1698 451 1754 eis
478 1703 673 1773 utitur,
699 1717 753 1762 et
781 1714 1073 1771 secundum
1104 1698 1218 1776 haec
1246 1698 1354 1794 agit
1382 1727 1542 1785 vitam
1569 1773 1585 1799 ,
1630 1741 1774 1791 tanto
1799 1741 1968 1810 magis

371 1790 504 1847 vivit
532 1794 765 1869 facitque
793 1806 1094 1877 sapienter;
1121 1790 1303 1871 omnev
1317 1827 1494 1876 autem
1530 1827 1672 1894 quod
1697 1830 1966 1900 sapienter

368 1882 461 1953 ﬁt,
494 1902 597 1943 non
627 1902 801 1961 potest
825 1906 970 1955 recte
993 1901 1098 1957 dici
1137 1920 1168 1958 a
1190 1908 1455 1977 sapientia
1479 1928 1598 1971 esse
1632 1932 1956 1989 separatum.

365 1975 433 2032 E.
465 1978 695 2040 Omnino
720 1987 792 2043 ita
822 1999 922 2046 est.
953 1992 1019 2048 Α.
1042 1995 1212 2062 Quam
1242 1975 1371 2072 ergo
1397 2021 1539 2062 verae
1566 2019 1725 2082 atque
1754 2014 1958 2072 incom-

361 2072 645 2131 mutabiles
664 2087 788 2134 sunt
812 2084 1011 2153 regulae
1032 2103 1376 2150 numerorum
1394 2137 1410 2163 ,
1442 2113 1665 2168 quorum
1688 2106 1951 2167 rationem

359 2168 518 2232 atque
547 2168 823 2227 veritatem
855 2174 1362 2243 incommutabilitcr
1398 2199 1556 2262 atque
1598 2203 1954 2261 communiter

356 2256 607 2315 omnibus
634 2276 756 2319 eam
799 2272 1173 2343 cernentibus,
1202 2289 1402 2347 praesto
1443 2299 1563 2342 esse
1593 2288 1808 2361 dixisti;
1840 2304 1947 2355 tam

352 2358 478 2403 sunt
507 2366 650 2409 verae
676 2366 834 2429 atque
880 2362 1345 2429 incommutabiles
1384 2380 1583 2449 regulae
1629 2386 1907 2456 sapientia:
1927 2436 1942 2462 ,

354 2436 417 2462 ,ΙΑ
437 2443 570 2462 ..ΔΙ-ν
604 2459 620 2462 -
792 2452 803 2462 ⁵
1054 2460 1062 2462 “

1445 2436 1474 2449 υ
1630 2436 1906 2456 "'r"""“'
1927 2436 1942 2462 ν

350 2436 419 2494 de
431 2443 624 2511 quibus
650 2452 836 2518 paucis
856 2470 1000 2513 nunc
1020 2460 1328 2532 singillatim
1350 2468 1706 2547 interrogatus
1723 2498 1944 2556 respon-

351 2529 470 2556 ,Ιξμε
526 2549 630 2556 Α---
675 2555 680 2556 γ
1228 2555 1236 2556 7

1110 2529 1129 2532 γ
1531 2529 1703 2547 'u"""
1723 2529 1739 2537 '
1754 2529 1941 2556 '"l‘""'7

348 2529 471 2587 disti
519 2549 639 2593 esse
672 2555 826 2599 veras
862 2556 1023 2619 atque
1068 2555 1410 2630 manifestas,
1457 2579 1654 2638 easque
1694 2576 1941 2635 omnibus

346 2624 436 2693 qui
454 2624 568 2683 hzec
596 2630 790 2689 intueri
812 2639 1009 2710 valent,
1036 2658 1348 2709 communes
1371 2654 1440 2711 ad
1467 2666 1936 2736 contemplandum

346 2713 525 2736 μμ--
567 2734 606 2736 ρ
741 2724 773 2736 -ο

344 2713 533 2774 adesse
554 2724 822 2783 concedis.

434 2869 660 2935 CAPUT
688 2879 777 2935 Xl.
791 2912 864 2924 —
880 2884 1145 2957 Sapientia
1168 2902 1216 2947 et
1230 2911 1467 2956 numerus
1484 2919 1552 2959 an
1574 2905 1709 2964 idem
1723 2951 1738 2980 ,
1768 2929 1836 2968 an

586 2970 803 3028 alterum
830 2976 893 3030 ab
922 2977 1080 3036 altera
1106 2984 1183 3038 vel
1206 2985 1261 3040 in
1288 2989 1448 3047 altera
1476 2996 1677 3053 existat.

408 3099 497 3155 50.
524 3101 589 3158 Ε.
619 3105 871 3167 Dubitare
913 3130 1020 3170 non
1050 3132 1287 3188 possum.
1326 3123 1431 3182 Sed
1470 3134 1759 3200 pervellcm
1787 3143 1926 3202 scire

336 3198 515 3248 utrum
540 3211 649 3253 uno
672 3200 850 3271 aliquo
879 3220 1074 3275 genere
1102 3214 1477 3274 contineantur
1522 3222 1638 3280 hmo
1662 3227 1801 3300 duo,
1832 3249 1922 3290 sa-

334 3282 532 3351 pientia
579 3290 784 3348 scilicet
821 3304 875 3351 et
900 3314 1185 3369 numerus,
1223 3307 1345 3377 quia
1372 3313 1652 3384 conjuncta
1677 3324 1837 3382 etiam
1865 3328 1921 3385 in

332 3370 621 3446 Scripturis
650 3386 845 3441 sanctis
877 3388 990 3444 haec
1019 3394 1190 3461 posita
1217 3412 1340 3456 esse
1360 3416 1820 3485 commemorasti;
1848 3434 1917 3477 an

332 3465 487 3485 -..ηρ
648 3472 659 3485 -
698 3482 707 3485 -
756 3484 759 3485 ν
829 3477 842 3485 -
922 3479 934 3485 -

1640 3465 1648 3466 κ
1695 3465 1820 3485 πη,
1848 3465 1914 3477 _..

328 3465 550 3524 alterum
575 3472 768 3529 existat
796 3477 862 3534 ab
888 3479 1082 3550 altero,
1111 3495 1205 3542 aut
1244 3489 1470 3551 alterum
1513 3497 1564 3552 in
1591 3501 1758 3560 altero
1784 3524 1914 3564 con-

327 3559 515 3627 sistat,
561 3566 723 3622 veluti
752 3585 1007 3631 numerus
1046 3593 1077 3631 a
1112 3582 1403 3655 sapientia,
1437 3591 1519 3646 vel
1546 3592 1599 3648 in
1628 3599 1909 3668 sapientia.

327 3648 370 3668 .τ
581 3658 593 3668 .
693 3660 705 3668 .

1175 3648 1189 3651 _
1388 3648 1400 3655 ν
1629 3648 1909 3668 “rm”.-.

324 3648 455 3707 Nam
482 3658 794 3727 sapientiam
823 3668 1051 3725 existere
1076 3688 1106 3727 a
1134 3690 1387 3746 numero,
1414 3692 1505 3738 aut
1539 3691 1834 3752 consistere
1855 3698 1909 3754 in

323 3759 575 3819 numero,
607 3770 711 3809 non
738 3760 909 3815 ausim
935 3763 1115 3823 dicere
1143 3786 1156 3823 :
1194 3774 1376 3829 nescio
1415 3779 1558 3835 enim
1601 3791 1905 3862 quomodo,

1617 3838 1632 3855 ι
1682 3838 1865 3846 ""“""
1888 3838 1905 3862 9

319 3838 441 3907 quia
466 3844 663 3900 multos
684 3850 807 3904 novi
832 3860 1163 3915 numerarios
1203 3873 1295 3919 aut
1324 3880 1722 3946 numeratores,
1750 3883 1831 3937 vel
1860 3886 1905 3940 si

318 3942 424 3996 quo
452 3933 556 3988 alio
580 3939 795 3994 nomine
819 3946 1040 4000 vocandi
1069 3959 1221 4019 sunt,
1258 3958 1345 4024 qui
1387 3973 1596 4019 summe
1620 3976 1776 4038 atque
1804 3975 1906 4028 mi-

318 4018 514 4038 --ιρι-,κ
1062 4037 1069 4038 ί

316 4018 555 4077 rabiliter
581 4038 927 4098 computant,
958 4037 1227 4105 sapientes
1257 4054 1434 4103 autem
1463 4064 1778 4128 perpaucos,
1811 4073 1903 4119 aut

316 4107 483 4128 ,μμ
692 4119 703 4128 .
898 4119 916 4128 -

1463 4107 1482 4120 ι
1563 4107 1578 4123 ι
1637 4107 1778 4128 —"'1
1811 4107 1899 4119 “““¹¹“

313 4107 536 4169 forsitan
563 4119 832 4175 neminem
852 4162 870 4190 ,
897 4119 1054 4196 longe
1104 4137 1456 4195 venerabilior
1496 4146 1626 4203 mihi
1668 4158 1899 4214 occurrit

310 4201 567 4268 sapientia
592 4221 749 4275 quam
770 4226 1041 4272 numerus.
1064 4219 1128 4273 Α.
1158 4223 1289 4278 Rem
1311 4227 1442 4284 dicis
1462 4249 1617 4303 quam
1642 4256 1741 4311 ego
1765 4260 1896 4315 quo-

1476 4294 1495 4303 -
1672 4294 1733 4311 υ,
1771 4294 1866 4315 γ,

307 4304 411 4359 que
436 4294 617 4352 mirari
649 4300 816 4357 soleo.
858 4302 989 4362 Nam
1029 4326 1148 4366 cum
1180 4314 1663 4384 incommutabilem
1693 4336 1890 4393 verita-

307 4388 411 4436 tem
442 4401 784 4447 numerorum
809 4411 1018 4455 mecum
1043 4401 1156 4471 ipse
1179 4409 1458 4469 considero
1477 4456 1492 4482 ,
1521 4426 1574 4472 et
1599 4421 1716 4491 ejus
1739 4442 1888 4496 quasr

307 4471 473 4496 ι...ι.21-
528 4493 545 4496 -
567 4494 580 4496 -
839 4486 850 4496 “
979 4490 993 4496 “
1134 4494 1143 4496 “

1477 4471 1491 4482 ι
1563 4471 1568 4472 ν
1606 4471 1713 4491 -δ”-
1739 4471 1886 4496 Ί“⁵““”¹¹

303 4471 477 4529 cubile
523 4493 585 4532 ac
616 4486 885 4549 penetrale
912 4490 996 4544 vel
1036 4494 1307 4564 regionem
1351 4506 1664 4577 quamdam,
1710 4516 1792 4571 vel
1839 4526 1886 4576 si

301 4564 439 4629 quod
490 4568 631 4624 aliud
659 4578 854 4631 nomen
878 4591 1058 4649 aptum
1087 4584 1317 4645 inveniri
1342 4602 1546 4667 potest,
1576 4615 1682 4672 quo
1710 4621 1881 4665 nomi-

914 4648 923 4649 ί
1342 4648 1357 4662 ,
1579 4648 1679 4672 πη
1710 4648 1879 4665 ..νηη-

297 4668 486 4712 nemus
516 4648 664 4729 quasi
704 4666 1061 4732 habitaculum
1085 4683 1351 4750 quoddam
1377 4690 1664 4766 sedemque
1692 4716 1879 4761 nume-

294 4758 474 4801 rerum
499 4766 514 4812 ;
545 4750 699 4823 longe
723 4772 1001 4819 removeor
1029 4783 1057 4820 a
1088 4785 1312 4843 corpore
1345 4796 1358 4832 :
1388 4790 1440 4835 et
1462 4783 1738 4848 inveniens
1760 4794 1872 4852 for-

293 4845 435 4893 tasse
482 4842 682 4913 aliquid
707 4852 849 4919 quod
889 4857 1124 4926 cogitare
1163 4842 1361 4933 possim
1382 4913 1398 4938 ,
1432 4891 1537 4931 non
1569 4889 1743 4940 tamen
1772 4890 1872 4946 ali-

288 4927 415 4996 quid
447 4929 724 4991 inveniens
759 4942 899 5009 quod
924 4947 1101 5003 verbis
1124 4954 1364 5022 proferre
1383 4962 1642 5025 sufﬁciam
1663 5015 1678 5040 ,
1705 4978 1868 5038 redeo

285 5028 534 5091 tanquam
563 5025 787 5087 lassatus
815 5033 867 5088 in
901 5036 1014 5094 base
1039 5054 1249 5112 nostra,
1295 5060 1353 5105 ut
1377 5052 1519 5126 loqui
1546 5066 1743 5129 possim
1763 5110 1780 5135 ,
1813 5083 1868 5128 et

281 5126 343 5165 ea
370 5128 489 5182 qum
515 5127 639 5175 ante
674 5123 855 5181 oculos
883 5128 981 5184 sila
1023 5143 1147 5189 sunt
1175 5137 1324 5209 dico,
1359 5123 1493 5202 sicut
1534 5150 1637 5207 dici
1666 5159 1859 5218 solent.

278 5202 391 5260 lloc
420 5208 550 5264 mihi
576 5213 768 5270 accidit
795 5220 955 5277 etiam
984 5239 1103 5282 cum
1130 5229 1197 5287 de
1214 5235 1471 5303 sapientia
1494 5258 1749 5314 quantum
1769 5270 1859 5311 va-

276 5296 391 5365 leo,
422 5301 823 5372 vigilantissime
852 5322 1009 5386 atque
1037 5320 1390 5386 intentissime
1414 5337 1609 5407 cogito.
1641 5342 1709 5399 Et
1735 5361 1857 5417 pro-

276 5396 450 5417 MM“
798 5404 809 5415 .
1123 5414 1136 5417 -

1478 5396 1508 5407 ν
1646 5396 1708 5399 ἡ-
1735 5396 1827 5417 τη

272 5396 454 5459 pterea
476 5398 697 5455 multum
740 5404 924 5473 miror,
956 5424 1076 5466 cum
1121 5414 1237 5473 hac
1262 5419 1368 5477 duo
1391 5425 1498 5482 sint
1520 5429 1573 5486 in
1608 5442 1853 5498 secretis-

269 5479 403 5536 sima
430 5488 833 5563 certissimaque
862 5499 1117 5570 veritate,
1162 5511 1449 5571 accedente
1486 5520 1646 5578 etiam
1697 5530 1848 5585 testi-

267 5575 448 5630 monio
492 5578 920 5659 Scripturarum,
968 5609 1073 5664 quo
1116 5612 1529 5666 commemoravi
1566 5617 1847 5688 conjuncta

267 5662 352 5688 ιιι..
386 5669 546 5688 ..-ηει-
659 5675 672 5688 -
745 5678 755 5688 ·
996 5685 1005 5688 -

985 5662 1000 5664 -
1450 5662 1529 5666 "“
1571 5662 1844 5688 "'"J"'""“‘

264 5662 355 5719 illa
386 5669 589 5736 posita;
623 5675 905 5744 plurimum
936 5685 1134 5757 miror,
1188 5703 1245 5748 ut
1287 5695 1425 5767 dixi,
1455 5718 1621 5772 quare
1657 5726 1844 5771 nume.

260 5768 354 5812 rus
384 5759 502 5815 vilis
535 5764 603 5818 sit
646 5769 967 5830 multitudini
1010 5777 1320 5857 hominum,
1352 5801 1405 5847 et
1432 5793 1592 5853 chara
1630 5804 1841 5874 sapien-

262 5846 326 5874 -:n
397 5851 500 5874 Ο-)
544 5856 667 5874 μινν-
842 5866 892 5874 ..-
953 5868 965 5874 -

255 5846 352 5927 ‘ia.
396 5851 501 5908 Sed
542 5856 788 5917 nimirum
841 5866 967 5921 illud
1012 5881 1123 5943 est,
1166 5846 1724 5960 quod’unawqhuaada;

494 5946 724 6016 SANCT.
776 5958 1056 6028 Ληουεῖ.
1109 5970 1141 6032 Ι

1730 412 1933 473 LIBER
1971 404 2349 486 SECUNDUS.

3562 478 3703 543 1258

2111 539 2340 613 demque
2356 562 2443 603 res
2463 561 2541 606 est
2563 571 2575 619 ;
2609 568 2971 623 verumtamen
2991 574 3243 640 quoniam
3270 581 3615 648 nihilominus
3641 598 3700 657 in

2111 630 2297 657 A:..:_:_
2327 637 2346 657 π
2371 639 2409 657 ριν
2454 644 2467 654 ο
2542 646 2554 657 ι
2719 653 2728 657 -

3008 630 3026 640 .
3194 630 3197 631 ,
3228 630 3242 632 _
3271 630 3615 648 ---—.--vualuI-ID
3641 630 3696 657 ιιι

2108 630 2300 691 divinis
2323 637 2496 697 Libris
2524 646 2589 702 de
2618 653 2874 720 sapientia
2899 660 3112 733 dicitur,
3141 673 3282 739 quod
3302 679 3502 751 attingit
3529 703 3561 739 a
3588 690 3696 757 ﬁne

2108 737 2264 757 ηρηοιη
2319 731 2382 757 αι’
2436 735 2496 757 cu
2512 753 2573 757 ’μ’
2631 746 2650 757 ⁸
2710 746 2759 757 ’⁶’
3017 755 3024 757 Δ

2105 737 2264 795 usque
2314 731 2382 784 ad
2425 735 2578 803 ﬁnem
2620 746 2848 817 fortiter,
2902 762 2949 806 et
2990 731 3213 828 disponit
3261 731 3456 823 omnia;
3477 731 3699 835 suauita-

2104 815 2263 889 (Sap.
2291 838 2403 891 vm,
2432 827 2507 898 1),
2532 845 2595 886 ea
2634 815 2868 904 potentia
2900 859 3000 914 qua
3027 815 3224 918 fortiter
3242 815 3401 927 ai
3430 815 3697 937 αεῖιιῖῖᾶ

2107 908 2249 937 ευ...
2284 917 2399 937 _.._-_,
2446 920 2478 937 -.
2826 934 2841 937 ς

2916 908 2933 914 -
3027 908 3039 918 .
3248 908 3268 910 η
3298 908 3396 927 1""
3431 908 3585 937 ""1""
3624 908 3692 925 ⁸⁸⁸⁸

2099 908 2252 976 ﬁnem
2276 917 2507 990 attingit,
2540 940 2793 987 numerus
2818 934 3042 997 fortasse
3085 942 3311 1005 dicitur:
3344 968 3406 1009 ea
3434 972 3562 1014 vero
3583 976 3692 1031 qua

2099 1000 2318 1031 ,κρυ-..ξι
2352 1027 2420 1031 μμ
2472 1015 2483 1027 ⁶
2684 1024 2696 1031 ·

3347 1000 3406 1009 -_
3446 1000 3690 1031 μανψ...

2097 1000 2318 1073 disponit
2343 1015 2516 1069 omnia
2552 1024 2801 1094 suaviter,
2835 1032 3094 1101 sapientia
3134 1046 3349 1111 praprie
3386 1049 3498 1118 jam
3529 1070 3690 1112 voca-

2095 1100 2209 1163 tur;
2244 1115 2363 1159 cum
2396 1108 2464 1163 sit
2491 1119 2776 1187 utrumque
2800 1123 2959 1180 unius
2978 1127 3328 1205 ejusdemque
3353 1143 3650 1211 sapientiae.

2163 1187 2221 1211 ΠΙ
2280 1191 2341 1211 ﬂ-
2371 1195 2383 1211 ι
2493 1201 2504 1211 ⁸
2584 1203 2598 1211 ·
2653 1206 2685 1211 ·’

2161 1187 2250 1244 51.
2280 1191 2385 1249 Sed
2414 1201 2539 1269 quia
2566 1203 2713 1263 dedit
2758 1187 3279 1282 numeros'omnibuls
3320 1187 3480 1288 rebus
3519 1239 3683 1297 etiam

3125 1275 3277 1282 ___-_-
3321 1275 3480 1288 -ν.,....
3520 1275 3681 1297 υκαι..

2088 1275 2315 1352 inlimis,
2360 1290 2491 1346 etin
2539 1296 2645 1355 fine
2688 1316 2867 1359 rerum
2912 1308 3137 1381 locatis;
3170 1324 3224 1372 et
3269 1334 3493 1392 corpora
3534 1332 3681 1389 enim

2084 1374 2265 1431 omnia
2293 1386 2537 1449 quamvis
2560 1388 2613 1445 in
2644 1394 2803 1451 rebus
2831 1410 3070 1461 extrema
3092 1408 3233 1479 sint,
3264 1411 3463 1473 habent
3488 1436 3679 1480 nume-
3708 1474 3711 1481 λ

2080 1474 2171 1519 ros
2194 1480 2353 1535 suos;
2387 1487 2575 1544 sapere
2617 1492 2797 1542 autem
2818 1504 2924 1546 non
2950 1493 3096 1551 dedit
3122 1505 3466 1577 corporibus,
3498 1527 3678 1584 neque

3222 1556 3238 1572 ι
3266 1556 3466 1577 -τ-ην-νι
3498 1556 3677 1584 ⁸·νῚ“”ν

2076 1556 2271 1615 animis
2298 1568 2564 1639 omnibus,
2583 1575 2677 1630 sed
2709 1586 2911 1639 tantum
2932 1588 3277 1650 rationalibus
3295 1639 3310 1664 ,
3337 1608 3585 1673 tanquam
3615 1606 3677 1665 in

2077 1648 2152 1673 -z-
2183 1652 2279 1673 -gLs
2315 1670 2360 1673 _,
2393 1658 2405 1673 ι
2525 1663 2539 1673 ·
2744 1672 2749 1673 ν

3194 1648 3199 1649 ,
3263 1648 3310 1664 .,
3338 1648 3585 1673 “"1--.”
3615 1648 3672 1665 ...

2075 1648 2154 1705 eis
2180 1652 2282 1709 sibi
2311 1658 2495 1716 sedem
2524 1663 2779 1726 locaverit
2797 1715 2810 1739 ,
2859 1679 2926 1733 de
2954 1696 3057 1751 qua
3084 1684 3333 1756 disponat
3357 1698 3533 1753 omnia
3577 1701 3672 1761 illa

2071 1744 2232 1801 etiam
2259 1747 2441 1810 infima
2484 1760 2675 1828 quibus
2701 1782 2953 1829 numeros
2978 1776 3124 1835 dedit
3152 1799 3166 1837 :
3196 1784 3376 1857 itaque
3411 1797 3670 1863 quoniam

2071 1833 2134 1863 ,1η
2179 1845 2480 1863 ...ι-..-μιρκ
2537 1850 2559 1863 ι.
2620 1854 2651 1863 ..
2747 1859 2758 1863 -
2817 1860 2848 1863 _,

3110 1833 3120 1835 -
3154 1833 3164 1837 ,
3197 1833 3289 1841 ---ι
3312 1833 3375 1845 ..ν
3412 1833 3422 1845 .
3450 1833 3665 1856 “cum...

2068 1833 2136 1889 de
2176 1845 2491 1911 corporibus
2534 1850 2686 1910 facile
2738 1859 3059 1933 judicamus,
3086 1833 3337 1945 tanquain
3392 1833 3459 1939 de
3501 1888 3665 1946 rebus

2064 1940 2185 1996 quae
2213 1929 2349 1989 infra
2369 1952 2466 1994 nos
2491 1943 2748 2004 ordinatae
2774 1963 2918 2022 sunt,
2942 1959 3134 2028 quibus
3156 1965 3444 2037 impressos
3473 1993 3679 2072 numen

2064 2034 2151 2072 ros
2167 2021 2300 2072 infra
2320 2042 2419 2072 nnc
2439 2047 2558 2072 nccn
2576 2042 2843 2072 ρης-..τηυη
2861 2063 2873 2072 .
2897 2058 2943 2072 Α.
2977 2066 2997 2072 -
3011 2067 3063 2072 Α,
3095 2070 3117 2072 μ
3235 2068 3243 2072 .

2063 2034 2151 2075 ros
2166 2021 2302 2081 infra
2319 2042 2419 2085 nos
2439 2047 2558 2090 esse
2576 2042 2874 2112 cernimus;
2894 2058 2949 2104 et
2971 2066 3065 2107 eos
3093 2068 3374 2127 propterea
3393 2068 3547 2124 vilius
3571 2072 3662 2128 hat

2059 2109 2267 2170 bemus.
2282 2117 2386 2175 Sed
2402 2138 2521 2179 cum
2538 2134 2857 2201 coeperimus
2874 2148 3120 2210 tanquam
3142 2162 3353 2208 sursum
3372 2172 3558 2216 versus
3570 2178 3657 2219 re-

2056 2215 2291 2278 currere,
2324 2211 2623 2277 invenimus
2640 2238 2734 2279 eos
2748 2229 2907 2284 etiam
2922 2243 3132 2293 nostras
3150 2254 3356 2299 mentes
3377 2256 3652 2312 transcen-

2059 2292 2086 2312 Δ
2165 2311 2170 2312 ί
2296 2309 2306 2312 _
2445 2306 2457 2312 _

3152 2292 3198 2294 κῇ
3212 2292 3269 2296 ν--
3280 2292 3289 2298 η
3302 2292 3355 2299 νυ
3377 2292 3412 2302 σε
3425 2292 3647 2312 ιιι-υνυιΓ·

2053 2292 2181 2352 dere
2201 2340 2216 2365 ,
2257 2309 2417 2373 atque
2442 2306 2903 2376 incommutabiles
2930 2323 2982 2377 in
3008 2326 3119 2395 ipsa
3160 2347 3378 2392 manere
3404 2343 3647 2402 veritate.

2054 2381 2118 2402 Π.
2221 2388 2233 2401 ο

3026 2381 3043 2395 _
3161 2381 3378 2392 πηνα,
3414 2381 3647 2402 mnam.

2051 2381 2121 2439 Et
2144 2388 2268 2457 quia
2289 2406 2479 2464 sapere
2508 2404 2663 2469 pauci
2686 2420 2941 2477 possunt,
2976 2431 3259 2479 numerare
3277 2436 3455 2485 autem
3485 2435 3649 2493 etiam

2047 2480 2228 2537 stultis
2252 2500 2566 2548 concessum
2596 2507 2709 2567 est,
2743 2503 3007 2563 mirantur
3031 2510 3277 2572 homines
3305 2525 3641 2600 sapientiam,

2045 2584 2403 2649 numerosque
2431 2593 2802 2647 contemnunt.
2852 2597 3001 2655 Docti
3048 2615 3227 2662 autem
3271 2620 3326 2666 et
3376 2618 3641 2689 studiosi,

2042 2674 2242 2731 quanto
2266 2674 2584 2732 remotiores
2606 2690 2730 2737 sunt
2749 2698 2779 2737 a
2804 2684 2924 2744 labe
2947 2698 3158 2751 terrena
3179 2739 3195 2765 ,
3223 2708 3369 2757 tanto
3390 2709 3559 2779 magis
3584 2721 3643 2769 et

2039 2767 2321 2815 numerum
2350 2772 2405 2818 et
2432 2767 2747 2837 sapientiam
2787 2776 2843 2832 in
2887 2780 3001 2851 ipsa
3024 2789 3250 2847 veritate
3278 2808 3636 2875 contuentur,

2037 2856 2093 2903 et
2116 2857 2400 2927 utrumque
2420 2859 2641 2919 charum
2663 2867 2861 2928 habent
2891 2891 2905 2928 :
2936 2884 2991 2931 et
3014 2877 3067 2933 in
3091 2881 3209 2951 ejus
3228 2889 3465 2947 veritatis
3489 2909 3636 2953 com-

2035 2945 2314 3011 paratione
2343 2965 2448 3005 non
2479 2954 2556 3010 eis
2584 2973 2771 3017 aurum
2801 2974 2855 3020 et
2895 2982 3172 3040 argentum
3197 3019 3212 3046 ,
3246 2988 3300 3034 et
3343 2994 3536 3044 caetera
3563 2990 3633 3049 de

2030 3033 2224 3102 quibus
2240 3038 2484 3099 homines
2503 3046 2778 3123 dimicant,
2796 3057 2891 3112 sed
2919 3060 3021 3130 ipsi
3047 3066 3205 3122 etiam
3228 3072 3487 3135 vilescunt
3505 3081 3627 3139 sibi.

2102 3128 2190 3182 52.
2230 3130 2341 3188 Nec
2364 3137 2577 3195 mireris
2604 3158 2860 3204 numeros
2890 3151 3010 3209 ideo
3039 3157 3255 3218 viluisse
3286 3165 3587 3230 hominibus
3605 3216 3624 3244 ,

2124 3219 2330 3244 ..1.-..--μ
2377 3241 2420 3244 ——
2613 3234 2624 3244 '
2724 3236 2735 3244 ‘

3332 3219 3345 3221 —
3359 3219 3587 3230 ———-------'
3605 3219 3624 3244 9

2026 3225 2082 3273 et
2121 3219 2336 3279 charam
2366 3241 2487 3285 esse
2512 3234 2856 3307 sapientiam,
2884 3244 3005 3312 quia
3044 3248 3248 3307 facilius
3275 3272 3498 3324 possunt
3520 3280 3624 3321 nu-

2024 3322 2235 3367 merare
2276 3330 2434 3385 quam
2477 3334 2697 3394 sapere,
2740 3344 2861 3386 cum
2903 3335 3083 3393 videas
3108 3341 3321 3403 charius
3351 3351 3473 3409 illos
3518 3356 3618 3413 ha-

2022 3402 2152 3462 bere
2176 3423 2363 3467 aurum
2407 3430 2563 3486 quam
2608 3420 2788 3480 lumen
2827 3426 3093 3502 lucernae,
3127 3440 3212 3493 cui
3252 3456 3618 3516 comparatum

2019 3510 2206 3556 aurum
2228 3504 2451 3563 ridetur.
2475 3509 2581 3566 Sed
2606 3512 2900 3576 honoratur
2918 3527 3144 3595 amplius
3185 3548 3273 3590 res
3293 3535 3449 3610 longe
3476 3542 3615 3601 infe-

2017 3593 2149 3665 rior,
2176 3600 2299 3669 quia
2317 3602 2592 3663 lucernam
2618 3612 2717 3668 sibi
2736 3623 2790 3669 et
2809 3619 3087 3679 mendicus
3113 3630 3391 3698 accendit,
3421 3648 3612 3699 aurum

2014 3701 2143 3743 vero
2188 3695 2342 3761 pauci
2378 3696 2579 3755 habent
2609 3719 2621 3755 :
2653 3719 2957 3777 quanquam
3007 3716 3268 3786 sapientia
3305 3695 3443 3781 absit
3466 3736 3525 3784 ut
3550 3730 3608 3789 in

2013 3785 2411 3850 comparatione
2438 3794 2647 3848 numeri
2672 3795 2973 3858 inveniatur
2998 3804 3238 3877 inferior,
3268 3829 3387 3871 cum
3417 3820 3605 3878 eadem

2010 3864 2113 3937 sit;
2156 3874 2250 3928 sed
2301 3879 2514 3935 oculum
2563 3900 2669 3954 quo
2714 3891 2860 3945 cerni
2915 3897 3110 3966 possit,
3169 3902 3449 3980 inquirit‘.
3495 3910 3603 3972 Sed

2008 3965 2455 4031 quemadmodum
2500 3973 2554 4028 in
2598 3992 2704 4034 uno
2730 3980 2851 4052 igne
2894 3989 3392 4067 consubstantialis,
3428 4012 3485 4058 ut
3528 4006 3600 4063 ita

2006 4052 2177 4110 dicam
2201 4099 2215 4125 ,
2248 4062 2475 4119 sentitur
2500 4065 2674 4139 fulgor
2698 4080 2752 4126 et
2776 4075 2955 4146 calor,
2986 4095 3086 4136 nec
3109 4090 3345 4156 separari
3365 4094 3433 4149 ab
3458 4094 3597 4151 invi-

2004 4158 2121 4201 cem
2143 4163 2401 4221 possunt;
2435 4164 2610 4215 tamen
2638 4163 2703 4218 ad
2726 4181 2789 4220 ea
2820 4169 2967 4225 calor
2989 4179 3257 4245 pervenit,
3286 4197 3404 4253 qua:
3430 4202 3595 4260 prope

2004 4237 2216 4260 ,λων
2268 4253 2279 4260 .
2417 4247 2437 4260 η
2472 4250 2485 4260 -
2824 4258 2832 4260 Α

2989 4237 3009 4242 -
3241 4237 3255 4245 .
3302 4237 3319 4253 ι
3383 4237 3396 4239 -
3430 4237 3591 4260 r"r‘

1999 4237 2380 4313 admoventur,
2413 4247 2587 4320 fulgor
2614 4270 2743 4312 vero
2763 4258 2923 4316 etiam
2960 4264 3171 4338 longius
3192 4270 3456 4347 latiusque
3485 4281 3591 4336 dif-

1998 4330 2275 4391 funditur:
2308 4340 2386 4394 sic
2434 4342 2798 4417 intelligentia":
2846 4330 3116 4427 potentia,
3168 4380 3289 4434 qua:
3316 4367 3457 4426 inest
3497 4387 3589 4430 sa-

1994 4422 2209 4492 pientia:
2233 4469 2248 4495 ,
2299 4433 2679 4507 prOpinquiora
2708 4442 3013 4505 fervescunt
3042 4455 3063 4484 ⁸
3082 4495 3099 4522 ,
3131 4457 3286 4513 sicuti
3316 4474 3440 4521 sunt
3465 4470 3587 4524 ani-

1993 4531 2095 4571 mae
2141 4521 2465 4593 rationales;
2509 4544 2571 4585 ea
2600 4547 2727 4589 vero
2766 4553 2884 4607 quae
2930 4547 3219 4605 remotiora
3245 4565 3394 4625 sunt,
3425 4560 3583 4620 sicuti

1989 4620 2216 4678 corpora
2238 4653 2251 4677 ,
2281 4628 2388 4668 non
2429 4618 2638 4691 attingit
2677 4625 2855 4683 calore
2884 4632 3121 4701 sapiendi
3140 4680 3155 4705 ,
3187 4644 3282 4699 sed
3312 4618 3582 4716 perfundit

1989 4693 2116 4716 ,____.

2946 4693 2961 4701 _
3141 4693 3155 4705 ,
3189 4693 3282 4699 ην
3312 4693 3573 4716 ,Νη-..νη

1988 4693 2189 4755 lumine
2210 4719 2553 4763 numerorum
2580 4729 2593 4766 :
2625 4716 2767 4785 quod
2794 4719 2883 4775 tibi
2900 4720 3142 4785 fortassis
3162 4732 3443 4794 obscurum
3470 4752 3573 4800 est.

1981 4784 2095 4843 Non
2125 4793 2267 4849 enim
2298 4796 2401 4851 ulla
2428 4800 2654 4859 visibilis
2684 4807 2975 4869 similitudo
3017 4818 3269 4880 invisibili
3292 4829 3371 4883 rei
3399 4840 3574 4900 potest

3256 4878 3371 4883 ἡ---
3399 4878 3570 4900 την...

1979 4878 2045 4934 ad
2076 4896 2288 4941 omnem
2318 4894 2744 4954 convenientiam
2774 4908 3030 4974 coaptari.
3065 4910 3293 4972 Tantum
3333 4921 3462 4979 illud
3489 4936 3570 4983 at-

1977 4974 2165 5042 tende,
2193 4981 2336 5049 quod
2358 4993 2412 5038 et
2436 4990 2715 5055 quaestioni
2742 5010 2901 5065 quam
2928 5005 3263 5073 suscepimus
3290 5014 3420 5070 satis
3445 5029 3527 5075 est
3544 5064 3563 5090 ,

1977 5072 2020 5090 nl
2052 5065 2343 5090 L.-...!It-_01
2481 5078 2513 5090 ,ο
2798 5086 2829 5090 --

3088 5065 3103 5073 '
3292 5065 3416 5070 ⁷⁷ή““”
3449 5065 3527 5075 *⁷*
3544 5065 3563 5090 9

1972 5072 2026 5118 et
2050 5065 2416 5129 humilioribus
2442 5078 2603 5134 etiam
2646 5086 2943 5156 mentibus,
2975 5095 3159 5163 quales
3196 5116 3294 5157 nos
3346 5120 3528 5165 sumus
3550 5155 3576 5183 ,

1972 5167 2088 5183 anan
2114 5160 2409 5183 mn-.!l'-_.-.
2538 5170 2549 5181 α
2650 5180 2657 5183 Α
2696 5174 2708 5183 .
2772 5176 2786 5183 -

1969 5167 2088 5209 sese
2114 5160 2440 5232 manifestat,
2461 5170 2585 5238 quia
2611 5174 2710 5228 etsi
2740 5176 2944 5235 clarum
2971 5184 3125 5242 nobis
3153 5204 3274 5247 esse
3294 5210 3402 5251 non
3429 5211 3554 5270 pot-

1966 5252 2048 5299 est
2072 5256 2246 5303 utrum
2273 5253 2325 5307 in
2364 5258 2625 5328 sapientia
2644 5304 2660 5331 ,
2690 5267 2772 5321 vel
2798 5284 2864 5325 ex
2883 5276 3143 5345 sapientia
3167 5296 3455 5358 numerus,
3485 5306 3553 5348 an

2946 5332 2963 5345 _
3082 5332 3455 5358 _-__---.....,
3485 5332 3553 5348 ...ι

1963 5332 2079 5405 ipsa
2121 5342 2379 5410 sapientia
2421 5364 2487 5405 ex
2534 5370 2790 5427 numero,
2838 5378 2906 5419 an
2946 5367 3001 5423 in
3048 5386 3274 5432 numero
3322 5380 3425 5449 sit,
3482 5400 3553 5443 an

1960 5434 2245 5501 utrumque
2275 5450 2471 5497 nomen
2500 5445 2658 5504 unius
2684 5452 2763 5507 rei
2788 5458 2959 5524 possit
2978 5465 3220 5534 ostendi;
3252 5470 3381 5528 illud
3402 5486 3549 5536 certe
3640 5530 3643 5533 ,

1957 5521 2297 5582 manifestum
2338 5540 2420 5587 est
2444 5543 2730 5613 utrumque
2756 5560 2945 5606 verum
2971 5567 3120 5624 esse,
3153 5567 3209 5614 et
3242 5560 3543 5625 incommu-

1957 5613 2186 5672 tabiliter
2202 5635 2409 5679 verum.

2749 6027 3124 6101 f0uarante.
3140 6040 3165 6107 Ι
