4118 6370
456 402 598 467 ὶ259

454 564 682 621 CAPUT
707 561 824 620 BH.
842 586 913 607 ά·-
927 558 1042 621 Uita
1066 572 1113 619 et
1132 562 1549 619 incommutabilis
1573 563 1626 618 in
1646 562 1870 618 omnibus
1897 561 2037 618 intel-

585 656 851 727 liguttibus
869 657 1051 712 avitas
1067 697 1081 725 ,
1112 670 1266 727 eaque
1288 665 1458 710 nostra
1478 664 1639 711 mente
1657 656 1906 727 superior.

528 790 616 848 ‘55.
648 790 981 863 Quapropter
1007 790 1155 847 nullo
1194 790 1354 849 modo
1379 790 1653 862 negaveris
1681 804 1800 849 esse
1828 790 2035 846 incom-

452 882 765 940 mutabilem
790 885 1099 953 veritatem,
1131 882 1249 941 haec
1274 883 1450 940 omnia
1478 897 1598 955 quae
1626 880 2035 941 incommutabi-

453 974 581 1033 liter
603 991 727 1032 vera
765 984 890 1031 sunt
916 976 1310 1041 continentem;
1341 992 1501 1048 quam
1524 991 1635 1033 non
1658 975 1831 1045 possis
1855 974 2037 1033 dicere

460 1077 605 1124 tuam
639 1068 722 1123 vel
765 1084 968 1135 meam,
1000 1068 1083 1124 vel
1111 1068 1423 1139 cujusquam
1454 1068 1715 1133 hominis,
1747 1065 1841 1123 sed
1867 1066 2037 1123 omni-

454 1158 555 1213 bus
582 1157 1031 1214 incommutabilia
1055 1174 1183 1215 vera
1207 1158 1545 1219 cernentibus
1562 1200 1578 1227 ,
1616 1167 1861 1229 tanquam
1888 1158 2037 1214 miris

453 1250 627 1305 modis
652 1260 916 1307 secretum
960 1257 1015 1305 et
1042 1250 1308 1320 publicum
1334 1251 1549 1316 lumen,
1592 1258 1785 1320 praesto
1822 1262 1941 1303 esse
1973 1263 2037 1303 ac

452 1352 513 1397 se
543 1342 780 1415 praebere
807 1342 1160 1399 communiter
1195 1360 1207 1396 :
1240 1357 1397 1401 omne
1422 1350 1599 1397 autem
1624 1340 1766 1412 quod
1793 1356 2033 1397 commu-

454 1434 592 1489 niter
636 1432 883 1489 omnibus
936 1432 1373 1491 ratiocinantibus
1409 1443 1569 1502 atque
1620 1432 2035 1503 intelligentibus

454 1534 653 1595 praesto
697 1535 805 1591 est,
835 1526 902 1580 ad
934 1526 1092 1583 ullius
1122 1541 1306 1583 eorum
1336 1524 1547 1597 proprie
1588 1533 1831 1579 naturam
1870 1522 2038 1592 perti-

450 1636 583 1681 nere
614 1620 731 1689 quis
754 1616 980 1673 dixerit?
1003 1618 1287 1673 Meministi
1308 1617 1470 1684 enim,
1500 1626 1556 1675 ut
1574 1617 1781 1686 opinor,
1814 1615 1940 1686 quid
1968 1614 2037 1670 de

450 1710 695 1765 sensibus
725 1709 965 1780 corporis
996 1710 1153 1779 paulo
1174 1719 1298 1765 ante
1326 1716 1606 1765 tractatum
1627 1708 1728 1773 sit;
1753 1722 1815 1777 ea
1832 1707 2038 1763 scilicet

447 1816 567 1874 quia.
596 1804 870 1858 oculorum
911 1800 993 1857 vel
1039 1802 1247 1856 aurium
1285 1815 1443 1859 sensu
1472 1799 1829 1857 communiter
1869 1798 2037 1868 tangi-

445 1911 567 1953 mus
588 1940 600 1963 ,
626 1897 779 1952 sicuti
806 1904 928 1950 sunt
952 1895 1158 1949 colores
1183 1905 1236 1953 et
1260 1895 1401 1961 soni,
1432 1908 1567 1965 quos
1592 1906 1690 1965 ego
1720 1900 1774 1946 et
1803 1900 1860 1947 tu
1878 1890 2036 1949 simul

446 1989 719 2055 videmus,
770 1989 856 2044 vel
886 1988 1043 2042 simul
1073 1987 1350 2054 audimus,
1374 2002 1481 2045 non
1512 1987 1783 2056 pertinere
1806 1984 1875 2041 ad
1902 1999 2032 2041 ocu-

445 2081 620 2136 lorum
647 2090 949 2135 nostrorum
974 2081 1248 2134 auriumvc
1276 2090 1552 2145 naturam,
1584 2078 1681 2134 sed
1711 2076 1780 2132 ad
1807 2077 2035 2137 sentien-

449 2171 575 2227 dum
621 2172 771 2227 nobis
810 2187 929 2227 esse
969 2171 1289 2231 communia.
1337 2169 1423 2227 Sic
1450 2185 1576 2240 ergo
1606 2171 1765 2229 etiam
1791 2170 1878 2226 illa
1915 2184 2035 2239 qua:

448 2275 548 2335 ego
572 2271 624 2319 et
654 2273 707 2318 tu
736 2264 1088 2319 communiter
1117 2262 1330 2333 propria
1354 2262 1581 2333 quisque
1618 2268 1798 2317 mente
1823 2261 2035 2331 conspi—

447 2354 639 2420 cimus,
670 2370 998 2424 nequaquam
1017 2351 1215 2409 dixeris
1245 2352 1311 2409 ad
1331 2354 1525 2413 mentis
1542 2351 1767 2422 alicujus
1793 2359 2034 2411 nostrum

446 2446 715 2516 pertinere
759 2455 1023 2499 naturam.
1058 2444 1293 2498 Duorum
1338 2444 1479 2497 enim
1509 2443 1648 2499 oculi
1692 2441 1832 2513 quod
1878 2440 2035 2501 Simul

443 2536 645 2603 vident,
678 2552 776 2590 nec
807 2535 963 2606 hujus
982 2550 1083 2590 nec
1109 2535 1249 2591 illius
1273 2535 1457 2589 oculos
1476 2548 1595 2591 esse
1611 2534 1810 2603 poteris
1830 2532 2031 2603 dicere,

444 2629 541 2684 sed
564 2629 763 2700 aliquid
788 2630 998 2684 tertium
1017 2629 1070 2683 in
1092 2627 1233 2698 quod
1255 2628 1531 2697 utriusque
1551 2626 1854 2684 conferatur
1880 2642 2035 2697 aspe-

444 2733 581 2777 ctus.
612 2722 676 2776 E.
706 2723 1115 2792 Apertissimum
1142 2730 1299 2790 atque
1327 2719 1660 2781 verissimum
1687 2728 1789 2775 est.

520 2815 608 2870 54.
639 2814 702 2867 Α.
723 2813 870 2868 Hanc
896 2828 1021 2885 ergo
1043 2812 1342 2878 veritatem,
1367 2810 1433 2865 de
1458 2826 1559 2881 qua
1585 2810 1695 2882 iam
1735 2810 1825 2865 diu
1848 2809 2020 2881 loqui~

452 2923 593 2974 mur,
623 2912 678 2960 et
703 2906 755 2959 in
777 2920 878 2975 qua
899 2919 1001 2958 una
1032 2912 1138 2958 tam
1165 2904 1330 2958 multa
1358 2903 1732 2971 conspicimus,
1764 2903 2023 2963 excellen-

448 2999 638 3053 tiorem
668 3007 819 3067 putas
847 3011 966 3052 esse
992 3012 1149 3068 quam
1179 3010 1329 3050 meus
1360 3004 1543 3050 nostra
1559 3005 1659 3061 cst,
1683 3010 1751 3051 an
1772 2996 2033 3064 :equaletn

454 3090 725 3145 mentibus
751 3089 967 3153 nostris,
994 3104 1062 3142 an
1106 3088 1263 3143 etiam
1292 3086 1637 3147 inferiorem?
1671 3084 1776 3141 Sed
1800 3087 1845 3139 si
1891 3094 2033 3145 esset

448 3181 687 3246 inferior,
716 3195 821 3234 non
845 3177 1133 3234 secundum
1160 3176 1322 3243 illam,
1348 3175 1443 3232 sed
1467 3175 1532 3231 de
1554 3176 1641 3237 illa
1651 3175 2031 3245 iudicaremus,

445 3276 583 3339 sicut
607 3273 908 3344 judicamus
932 3271 1001 3327 de
1029 3269 1364 3341 corporibus,
1393 3269 1515 3339 quia
1544 3267 1677 3323 infra
1705 3276 1848 3333 sunt,
1875 3277 1928 3323 et
1948 3268 2030 3327 di-

446 3366 615 3421 cimus
643 3379 702 3419 ea
729 3364 1037 3434 plerumque
1063 3378 1167 3415 non
1191 3367 1396 3415 tantum
1434 3360 1503 3413 ita
1530 3374 1649 3419 esse
1695 3358 1776 3413 vel
1801 3373 1906 3417 non
1933 3359 2028 3427 ita,

445 3459 539 3515 sed
563 3461 633 3513 ita
664 3459 745 3513 vel
775 3473 878 3512 non
904 3457 975 3510 ita
999 3470 1118 3511 esse
1144 3453 1338 3508 debere
1368 3469 1378 3504 :
1421 3450 1497 3506 sic
1523 3459 1577 3505 et
1602 3450 1668 3513 de
1715 3450 1906 3504 animis
1935 3465 2032 3511 no-

444 3553 568 3607 stris
586 3566 693 3607 non
718 3552 887 3607 solum
909 3550 979 3603 ita
1006 3562 1121 3603 esse
1146 3548 1379 3611 animum
1397 3544 1658 3608 novimus,
1688 3542 1781 3599 sed
1800 3543 2031 3612 plerum-

446 3657 549 3714 que
603 3644 759 3698 etiam
794 3643 864 3696 ita
893 3656 1012 3696 esse
1045 3638 1259 3693 debere.
1292 3638 1355 3690 Et
1383 3634 1448 3689 de
1475 3633 1784 3704 corporibus
1818 3632 2028 3704 quidem

452 3738 529 3792 sic
580 3737 901 3805 judicamus,
953 3748 1076 3789 cum
1104 3730 1330 3785 dicimus
1356 3769 1369 3795 ,
1413 3727 1583 3783 Minus
1620 3725 1899 3781 candidum
1950 3732 2031 3780 est

445 3843 603 3905 quam
630 3827 838 3891 debuit;
861 3835 966 3889 aut,
993 3823 1169 3878 minus
1185 3819 1464 3892 quadrum,
1494 3828 1547 3873 et
1570 3818 1731 3879 multa
1753 3816 2025 3871 similiter:

452 3919 518 3973 de
541 3918 730 3972 animis
761 3914 1097 3983 vero,Minus
1122 3920 1273 3983 aptus
1295 3919 1549 3983 estquam
1565 3909 1751 3975 debet;
1784 3917 1894 3976 aut,
1926 3908 2028 3963 mi-

447 4026 549 4066 nus
578 4009 744 4073 lenis;
776 4016 867 4061 aut
887 4007 1060 4061 minus
1089 4004 1394 4069 vehemens,
1424 4002 1561 4057 sient
1586 4010 1886 4055 nostrorum
1909 4014 2027 4054 mo-

449 4120 565 4157 rum
617 4118 672 4155 se
702 4101 835 4154 ratio
867 4097 1064 4152 tulerit.
1120 4095 1186 4153 Et
1233 4094 1534 4164 judicamus
1583 4093 1695 4147 haec
1738 4092 2026 4147 secundum

448 4196 569 4248 illas
620 4191 899 4245 interiores
944 4186 1151 4263 regulas
1199 4183 1458 4250 veritatis,
1510 4196 1641 4253 quas
1679 4182 2029 4235 communiter

452 4286 761 4339 cernimus:
806 4280 871 4335 de
920 4279 1047 4349 ipsis
1077 4292 1202 4332 vero
1246 4276 1389 4331 nullo
1432 4274 1591 4331 modo
1644 4274 1762 4343 quis
1804 4273 2025 4341 judicat.

454 4376 588 4430 Cum
620 4375 757 4427 enim
804 4370 920 4441 quis
955 4368 1146 4424 dixerit
1170 4377 1367 4422 {eterna
1396 4364 1773 4436 temporalibus
1796 4378 1913 4418 esse
1936 4379 2029 4433 po-

449 4468 606 4533 tiora,
654 4471 743 4518 aut
779 4470 979 4531 septem
1023 4468 1077 4515 et
1120 4458 1217 4513 tria
1244 4457 1429 4513 decem
1454 4470 1590 4520 esse,
1621 4470 1777 4509 nemo
1803 4454 1929 4509 dicit
1955 4456 2027 4510 ita

455 4571 574 4612 esse
617 4553 893 4621 debuisse,
929 4551 1024 4607 sed
1057 4558 1259 4605 tantum
1298 4549 1369 4602 ita
1400 4562 1518 4602 esse
1547 4560 1891 4616 cognoscens,
1920 4562 2027 4601 non

454 4646 786 4703 examinator
805 4643 1040 4712 corrigit,
1071 4640 1164 4695 sed
1195 4648 1398 4693 tantum
1424 4637 1633 4691 laetatur
1673 4636 1937 4690 inventor.
1970 4636 2027 4690 Si
2062 4672 2067 4693 ;

448 4750 626 4795 autem
660 4745 801 4793 esset
851 4734 1068 4806 aequalis
1098 4731 1362 4787 mentibus
1389 4728 1584 4784 nostris
1624 4727 1740 4783 haec
1789 4728 1986 4782 veritas
2008 4770 2022 4795 ,

448 4832 715 4889 mutabilis
761 4830 923 4885 etiam
954 4828 1065 4897 ipsa
1107 4832 1266 4879 esset.
1295 4822 1498 4878 Mentes
1527 4822 1669 4877 enim
1697 4830 1893 4877 nostra:
1926 4820 2027 4874 ali-

448 4924 659 4995 quando
688 4937 806 4977 cam
836 4920 952 4991 plus
977 4917 1174 4983 vident,
1215 4914 1497 4986 aliquando
1527 4914 1721 4981 minus,
1752 4921 1806 4967 et
1832 4927 1897 4968 ex
1926 4911 2027 4966 hoc

447 5018 680 5073 fatentur
708 5029 766 5068 se
807 5026 925 5067 esse
955 5008 1271 5065 mutabiles:
1305 5021 1425 5061 cum
1460 5005 1549 5059 illa
1596 5005 1649 5059 in
1701 5018 1759 5060 se
1804 5017 2025 5058 manens

449 5125 551 5167 nec
595 5106 839 5183 proﬁciat
864 5118 985 5159 cum
1014 5103 1134 5174 plus
1168 5116 1196 5154 a
1228 5099 1380 5154 nobis
1405 5097 1614 5153 videtur
1636 5138 1651 5165 ,
1694 5111 1792 5151 nec
1818 5095 2029 5152 deﬁciat

452 5219 573 5260 cum
621 5200 816 5267 minus,
846 5194 942 5253 sed
970 5195 1171 5265 integra
1201 5201 1253 5247 et
1283 5194 1613 5260 incorrupta,
1650 5196 1704 5243 et
1740 5204 2028 5245 conversos

451 5294 686 5349 laetiﬁcet
734 5290 946 5355 lumine,
1000 5294 1055 5343 et
1095 5298 1309 5340 aversos
1347 5282 1527 5353 puniat
1562 5280 1820 5336 caecitate.
1865 5278 2023 5348 Quid,

452 5386 593 5457 quod
615 5384 774 5440 etiam
808 5382 875 5436 de
901 5378 1028 5449 ipsis
1061 5375 1328 5432 mentibus
1354 5374 1550 5429 nostris
1572 5373 1862 5428 secundum
1880 5373 2025 5428 illam

447 5479 763 5548 jUdlCitmllS,
783 5489 905 5531 cum
918 5472 982 5527 de
1006 5469 1090 5526 illa
1118 5469 1263 5525 nullo
1293 5466 1450 5524 modo
1474 5467 1708 5538 judicare
1730 5466 2027 5537 possimus?

453 5569 689 5623 Dicimus
718 5568 882 5632 enim,
926 5563 1098 5619 Minus
1126 5559 1370 5631 intelligit
1398 5575 1553 5630 quam
1584 5559 1761 5627 debet,
1793 5568 1881 5613 aut
1910 5569 2027 5614 tan-

450 5670 564 5715 tum
594 5670 843 5730 quantum
873 5658 1029 5712 debet
1079 5655 1339 5725 intelligit.
1390 5652 1612 5707 Tantum
1666 5662 1840 5707 autem
1878 5668 2029 5707 mens

452 5752 617 5809 debet
658 5752 983 5821 intelligere.
1029 5757 1281 5819 quantum
1326 5747 1541 5817 propius
1575 5745 1846 5803 admoveri
1872 5755 2028 5818 atque

452 5845 718 5915 inhazrere
755 5844 989 5916 punierit
1030 5838 1449 5905 incommutabili
1484 5838 1712 5901 ueritati.
1765 5838 1942 5906 Quare
1980 5836 2025 5892 si

1464 399 1554 459 DE
1591 398 1842 459 LIBERO
1876 390 2222 466 ARBITRIO,
2262 395 2321 454 S.
2361 390 2723 455 AUGUSTINI

3586 398 3729 459 1250

2144 530 2244 572 nec
2269 516 2505 585 inferior,
2529 530 2626 573 nec
2655 515 2872 587 aequalis
2887 522 2991 581 est,
3008 520 3174 570 restat
3199 520 3259 569 ut
3282 514 3355 570 si!
3378 516 3624 584 superior
3643 526 3726 571 at-

2141 616 2245 679 qtre
2266 610 2630 665 excellentior.

2178 721 2401 779 CAPUT
2440 722 2653 778 Xlll.—
2690 720 2993 776 Exhortatio
3022 721 3090 775 ad
3112 720 3401 791 amplexum
3434 716 3687 789 veritatis,
3770 754 3773 757 ν

2631 832 2743 888 quo:
2766 831 2868 870 una
2894 816 3061 870 beatos
3084 814 3228 887 facit.

2213 931 2301 987 '55.
2318 931 2671 986 Promiseram
2691 940 2891 998 autem,
2915 932 2962 986 si
2978 929 3283 998 meministi,
3305 946 3391 985 me
3404 928 3497 985 tibi
3513 928 3735 986 demon-

2144 1032 2429 1080 straturum
2448 1040 2566 1081 esse
2579 1023 2777 1095 aliquid
2792 1022 2932 1095 quod
2951 1025 3022 1079 sit
3054 1031 3233 1079 mente
3255 1031 3435 1078 nostra
3460 1031 3619 1094 atque
3645 1038 3732 1078 ra-

2143 1118 2287 1173 tione
2315 1118 2610 1173 sublimius.
2636 1118 2772 1173 Ecce
2801 1116 2891 1172 tibi
2908 1126 2991 1173 est
3007 1117 3121 1188 ipsa
3144 1116 3336 1172 veritas
3362 1134 3375 1170 :
3407 1117 3733 1186 amplectere

2143 1208 2284 1263 illam
2311 1210 2353 1263 si
2376 1218 2611 1279 potes,et
2637 1210 2809 1264 fruere
2837 1208 2947 1276 illa,
2965 1208 3300 1264 etdelectaro
3327 1208 3380 1263 in
3399 1208 3644 1275 Domino,
3677 1216 3735 1262 et

2144 1298 2286 1355 dabit
2317 1300 2406 1355 tibi
2436 1302 2718 1371 petitiones
2748 1299 2923 1355 cordis
2955 1300 3028 1355 tui
3064 1298 3232 1372 (Psal.
3265 1298 3559 1370 xxxvqi).
3591 1298 3729 1366 Quid

2143 1390 2285 1445 enim
2298 1390 2432 1459 petis
2446 1391 2676 1461 amplius
2691 1407 2848 1462 quam
2870 1399 2928 1447 ut
2945 1390 3133 1448 beatus
3154 1389 3265 1446 sis?
3286 1391 3351 1446 Et
3371 1389 3495 1460 quid
3520 1389 3729 1444 beatius

2142 1494 2207 1535 eo
2236 1478 2323 1551 qui
2354 1480 2543 1536 fruitur
2572 1483 2885 1538 inconcussa
2916 1492 2967 1538 et
2995 1482 3413 1538 incommutabili
3444 1490 3499 1537 et
3546 1482 3727 1537 excel—

2132 1571 2434 1627 lentissima
2462 1573 2717 1628 veritate?
2744 1574 2824 1629 An
2861 1587 2989 1631 vero
3018 1574 3246 1629 clamant
3274 1573 3517 1628 homines
3543 1573 3729 1629 beatos

2142 1678 2200 1721 se
2223 1681 2375 1734 esse,
2418 1682 2537 1721 cum
2570 1667 2786 1738 pulchra
2812 1682 3034 1739 corpora
3074 1681 3265 1737 magno
3293 1664 3560 1721 desiderio
3595 1680 3727 1721 con-

2141 1759 2337 1829 cupita,
2365 1760 2475 1813 sive
2523 1760 2827 1831 eonjugum,
2875 1761 2987 1816 sive
3030 1760 3188 1816 etiam
3228 1760 3569 1816 meretricum
3607 1774 3728 1814 am-

2141 1848 2447 1922 plexantur;
2480 1861 2532 1908 et
2555 1868 2651 1907 nos
2680 1853 2734 1907 in
2756 1854 2999 1922 amplexu
3020 1853 3256 1909 veritatis
3272 1853 3457 1908 beatos
3476 1867 3597 1908 esse
3624 1851 3729 1907 du—

2142 1940 2412 1998 bitamus?
2439 1944 2682 1999 Clamant
2709 1944 2951 2001 homines
2979 1961 3036 2000 sc
3062 1945 3246 2001 beatos
3275 1961 3412 2011 esse,
3438 1959 3560 1999 cum
3593 1955 3728 2001 astu

2142 2036 2304 2090 aridis
2330 2035 2569 2091 faucibus
2594 2035 2661 2091 ad
2704 2035 2904 2093 fontem
2953 2034 3311 2093 abundantem
3354 2038 3729 2110 salubremque

2139 2128 2483 2198 perveniunt,
2513 2136 2603 2182 aut
2629 2129 2922 2184 esurientes
2953 2128 3229 2201 prandium
3257 2144 3531 2185 coenamve
3565 2144 3725 2185 orna-

2140 2227 2249 2274 tam
2278 2221 2652 2291 copiosamque
2673 2222 2973 2292 reperiunt;
3005 2229 3059 2278 et
3086 2237 3184 2277 nos
3214 2222 3523 2294 negabimus
3542 2221 3727 2277 beatos

2144 2323 2287 2378 esse,
2325 2327 2442 2369 cum
2475 2312 2758 2383 irrigamur
2788 2302 3156 2385 pascimurque
3186 2310 3445 2368 veritate?
3481 2311 3729 2368 Solemus

2140 2403 2325 2457 audire
2351 2419 2511 2458 voces
2533 2404 2870 2458 clamantium
2899 2419 2955 2460 se
2984 2404 3186 2470 beatos,
3216 2405 3258 2459 si
3281 2404 3564 2474 jaceantin
3589 2405 3727 2460 rosis

2142 2501 2196 2549 et
2233 2494 2347 2548 aliis
2375 2494 2593 2550 ﬂoribus
2621 2499 2637 2529 ¹
2660 2540 2673 2562 ,
2702 2497 2784 2553 vel
2828 2498 2987 2554 etiam
3032 2497 3314 2568 unguentis
3341 2496 3729 2553 odoratissimis

2140 2583 2480 2653 perfruantur
2512 2604 2523 2639 :
2552 2587 2677 2656 quid
2706 2587 3042 2658 fragrantius,
3067 2586 3729 2658 quidjucundiusinspira-

2140 2674 2285 2729 tione
2308 2676 2579 2732 veritatis?
2602 2684 2653 2731 et
2676 2677 2977 2732 dubitamus
3010 2684 3107 2732 nos
3133 2693 3254 2731 cum
3286 2676 3353 2732 ab
3384 2676 3469 2730 illa
3494 2677 3725 2746 inspira-

2140 2784 2279 2834 mur,
2327 2768 2505 2824 dicere
2553 2770 2770 2827 beatos?
2810 2771 2956 2825 Multi
3002 2771 3208 2826 beatam
3251 2770 3414 2825 vitam
3464 2771 3517 2825 in
3566 2780 3728 2826 cantu

2139 2873 2330 2913 vocum
2354 2870 2407 2917 et
2445 2876 2730 2919 nervorum
2760 2870 2815 2918 et
2858 2863 3102 2919 tibiarum
3143 2863 3246 2917 sibi
3279 2864 3634 2931 constituent,
3672 2873 3727 2919 et

2138 2964 2258 3004 cum
2282 2966 2343 3005 ea
2374 2952 2471 3007 sibi
2500 2952 2713 3021 desunt,
2743 2970 2802 3011 se
2827 2954 3050 3010 miseros
3083 2953 3361 3024 iudicant;
3395 2969 3516 3009 cum
3548 2964 3725 3010 autem

2139 3040 2353 3109 adsunt,
2386 3039 2679 3098 elleruntur
2706 3045 2882 3100 laetitia
2911 3062 2925 3099 :
2958 3056 3010 3100 et
3048 3060 3143 3100 nos
3169 3060 3292 3100 cum
3320 3047 3585 3101 mentibus
3624 3063 3719 3102 no-

2138 3135 2264 3188 stris
2288 3134 2402 3188 sine
2429 3136 2536 3189 ullo
2560 3136 2803 3206 strepitu,
2832 3145 2891 3191 ut
2919 3137 2989 3191 ita
3036 3137 3226 3202 dicam,
3261 3152 3510 3192 canorum
3539 3146 3592 3193 et
3641 3137 3724 3192 fa-

2138 3227 2371 3282 cundum
2400 3229 2666 3299 quoddam
2696 3231 2963 3285 silentium
3005 3232 3241 3286 veritatis
3284 3230 3535 3296 illabitur,
3564 3232 3722 3287 aliam

2135 3316 2347 3373 beatam
2372 3320 2535 3373 vitam
2555 3321 2862 3390 quaerimus,
2890 3328 2945 3376 et
2972 3331 3075 3376 tam
3094 3330 3237 3377 certa
3258 3329 3311 3377 et
3336 3330 3595 3391 praesente
3616 3338 3722 3377 nou

2136 3406 2396 3463 fruimur?
2421 3410 2562 3466 Luce
2582 3412 2695 3465 auri
2722 3421 2777 3467 et
2802 3413 3022 3483 argenti,
3046 3414 3162 3468 luce
3182 3428 3505 3483 gemmarum
3526 3422 3578 3469 et
3593 3415 3721 3468 alio-

2137 3514 2256 3553 rum
2282 3501 2537 3564 colorum,
2554 3502 2665 3557 sive
2687 3503 2851 3572 ipsius
2883 3504 3015 3559 lucis
3041 3520 3158 3575 qua:
3184 3506 3251 3559 ad
3274 3505 3370 3560 bos
3390 3505 3568 3559 oculos
3597 3521 3721 3575 per-

2138 3591 2291 3657 tinet,
2324 3592 2436 3646 sive
2467 3594 2517 3646 in
2544 3593 2751 3663 ignibus
2777 3596 3021 3661 terrenis,
3054 3597 3166 3651 sive
3192 3598 3241 3650 in
3290 3598 3456 3652 stellis
3493 3599 3572 3652 vel
3597 3598 3723 3653 luna

2137 3681 2223 3736 vel
2243 3682 2377 3746 sole,
2391 3684 2628 3739 claritate
2643 3693 2694 3738 et
2712 3684 3041 3755 jucunditate
3059 3687 3303 3742 delectati
3317 3686 3576 3753 homines,
3599 3702 3721 3743 cum

2135 3771 2204 3831 ab
2228 3772 2328 3827 ista
2361 3774 2540 3827 laetitia
2567 3774 2727 3829 nullis
2763 3776 3039 3843 molestiis,
3069 3778 3207 3831 nulla
3250 3776 3535 3847 indigentia
3565 3792 3720 3832 revo-

2135 3873 2342 3931 cantur,
2390 3866 2529 3920 beati
2576 3867 2676 3921 sibi
2706 3868 2953 3922 videntur
2973 3910 2987 3935 ,
3020 3877 3074 3924 et
3123 3878 3341 3941 propter
3367 3869 3478 3924 inec
3506 3884 3720 3941 semper

2134 3957 2321 4012 volunt
2347 3958 2528 4013 vivere
2557 3976 2570 4013 :
2600 3967 2655 4014 et
2700 3974 2799 4015 nos
2827 3960 2882 4017 in
2909 3959 3027 4017 luce
3053 3962 3293 4017 veritatis
3315 3962 3521 4017 beatam
3550 3963 3716 4017 vitam

2135 4049 2401 4105 collocare
2421 4051 2704 4106 metuimus
2720 4052 2743 4105 2

2208 4141 2294 4197 56.
2336 4141 2447 4196 lmo
2480 4157 2608 4197 vero
2648 4143 2896 4213 quoniam
2935 4144 2987 4199 in
3010 4144 3239 4200 veritate
3285 4143 3622 4215 cognoscitur
3662 4154 3719 4201 et

2135 4239 2352 4288 tenetur
2380 4246 2645 4288 summum
2671 4234 2890 4299 bonum,
2921 4247 3088 4304 eaque
3113 4234 3306 4289 veritas
3330 4235 3586 4305 sapientia
3610 4243 3713 4300 est,

2135 4339 2416 4380 cernamus
2442 4326 2496 4379 in
2513 4340 2597 4391 ea,
2616 4333 2998 4395 teneamusque
3022 4340 3289 4381 summum
3316 4326 3527 4389 bonum,
3547 4340 3719 4395 eoque

2138 4415 2497 4485 perfruamur.
2555 4416 2747 4471 Beatus
2775 4425 2858 4471 est
2886 4416 3079 4486 quippe
3129 4416 3217 4485 qui
3269 4414 3461 4469 fruitur
3507 4430 3717 4470 summo

2133 4505 2294 4561 bono.
2328 4506 2455 4561 Hmc
2485 4506 2627 4561 enim
2673 4507 2868 4562 veritas
2897 4505 3129 4560 ostendit
3156 4506 3330 4560 omnia
3378 4506 3550 4573 bona,
3596 4520 3715 4575 qua:

2132 4612 2258 4653 vera
2289 4606 2433 4662 sunt,
2462 4611 2584 4667 quae
2601 4598 2702 4653 sibi
2731 4612 2827 4666 pro
2854 4612 2952 4652 suo
2978 4607 3132 4667 captu
3162 4597 3519 4668 iutelligentes
3546 4597 3713 4652 homi~

2135 4706 2253 4759 nes,
2286 4691 2368 4746 vel
2411 4691 2636 4761 singula,
2665 4690 2747 4745 vel
2795 4690 2945 4760 plura
2975 4691 3194 4761 eligunt,
3227 4690 3414 4759 quibus
3452 4688 3713 4745 fruantur.

2132 4782 2239 4839 Sed
2267 4783 2713 4853 quemadmodum
2740 4782 2814 4837 illi
2846 4782 2934 4852 qui
2966 4783 3016 4835 in
3048 4781 3169 4837 luce
3195 4780 3323 4836 solis
3347 4782 3549 4851 eligunt
3572 4780 3715 4851 quod

2134 4873 2361 4930 libenter
2382 4874 2660 4943 aspiciant,
2685 4882 2817 4928 eteo
2840 4872 3428 4943 aspectulzetiﬁcantur;
3453 4872 3504 4925 in
3524 4871 3717 4941 quibus

2133 4967 2178 5021 si
2207 4966 2297 5037 qui
2323 4966 2459 5020 forte
2478 4963 3043 5034 fuerintvegetioribus
3064 4963 3312 5034 sanisque
3334 4971 3388 5017 et
3412 4961 3715 5019 fortissimis

2137 5059 2305 5114 oculis
2326 5056 2552 5128 praediti,
2586 5056 2717 5110 nihil
2742 5054 2994 5109 libentius
3017 5069 3174 5123 quam
3197 5053 3370 5123 ipsum
3400 5053 3566 5108 solem
3586 5066 3715 5108 con-

2135 5157 2370 5215 tuentur,
2400 5148 2488 5217 qui
2537 5146 2695 5201 etiam
2736 5154 2929 5199 caetera
2970 5144 3161 5214 quibus
3211 5142 3532 5198 inﬁrmiores
3573 5141 3714 5198 ocuh

2134 5240 2485 5304 delectanutr,
2518 5238 2749 5292 illustrat
2769 5253 2782 5289 :
2810 5236 2888 5290 sic
2910 5235 3062 5290 fortis
3080 5234 3222 5289 acies
3246 5233 3437 5288 mentis
3457 5241 3513 5287 et
3527 5240 3712 5303 vegeta

2137 5347 2259 5387 cum
2287 5331 2453 5389 multa
2481 5344 2605 5384 vera
2626 5337 2681 5382 et
2703 5325 3154 5382 incommutabilia
3183 5333 3328 5380 certa
3353 5324 3557 5379 ratione
3585 5338 3713 5379 con—

2134 5422 2402 5491 spexerit,
2447 5420 2625 5489 dirigit
2673 5433 2732 5473 se
2780 5419 2836 5473 in
2862 5418 3029 5487 ipsam
3064 5417 3364 5483 veritatem,
3391 5431 3494 5487 qua
3521 5423 3713 5471 cuncta

2136 5523 2534 5577 monstrantur,
2582 5512 2736 5580 eique
2780 5509 3049 5563 iuiamrens
3096 5518 3345 5578 tanquam
3383 5507 3711 5562 obliviscitur

2136 5615 2347 5670 caetera,
2380 5614 2432 5659 et
2479 5603 2531 5658 in
2581 5603 2672 5657 illa
2720 5599 2877 5655 simul
2923 5599 3169 5655 omnibus
3212 5597 3421 5653 fruitur.
3449 5594 3712 5667 Quidquid

2134 5783 2224 5894 L0;
2243 5774 2657 5891 ωΐὲἑὲδεϋίωωιι
2672 5776 2726 5828 in
2740 5788 2866 5835 rosa,
2887 5779 2933 5827 et
2954 5773 3062 5827 aliis
3075 5770 3289 5838 ﬂoribus.
3331 5778 3406 5824 ﬂ.
3423 5770 3570 5836 Lugd.
3591 5778 3694 5824 ven
