4118 6370
528 351 661 414 I263

524 480 693 526 -ustns
718 481 823 522 non
852 471 953 530 cst,
976 463 1230 531 injustam
1258 474 1407 522 esse;
1434 458 1532 511 hoc
1559 460 1714 511 etiam
1745 460 1811 512 de
1842 457 2099 526 prudente

525 572 580 616 et
622 566 950 628 temperante
990 552 1377 623 responderim.
1406 551 1469 602 A.
1498 549 1606 602 Cur
1629 565 1755 617 ergo
1797 558 1851 602 et
1890 548 2100 618 quando

525 654 735 723 sapiens
766 657 1007 715 nonest,
1050 661 1155 699 non
1185 645 1252 697 sit
1285 641 1583 711 insipiens?
1625 640 1692 694 E.
1738 641 1850 695 Hoc
1890 655 2101 710 quoque

522 746 717 809 fateor,
744 740 953 811 quando
978 738 1203 808 quisque
1241 736 1453 804 sapiens
1496 748 1599 787 non
1645 742 1764 799 est,
1813 748 1935 786 eum
1982 746 2101 785 esse

528 836 887 905 insipientem.
931 830 997 885 A.
1040 828 1190 883 Nunc
1232 842 1358 897 ergo
1401 834 1456 881 tu
1504 826 1630 895 quid
1676 825 1863 879 horum
1909 824 2006 880 es?
2032 823 2098 877 E.

526 927 810 997 Quodlibet
854 924 1042 979 horum
1086 936 1173 976 me
1214 918 1482 989 appelles,
1524 917 1759 972 nondum
1804 917 1974 971 audeo
2015 932 2102 972 me

527 1022 705 1078 dicere
729 1018 1050 1087 sapientem;
1078 1022 1134 1069 et
1164 1028 1230 1067 ex
1258 1012 1323 1065 iis
1358 1026 1475 1081 quin
1502 1009 1772 1076 concessi,
1802 1008 1956 1063 video
1984 1022 2103 1063 esse

526 1124 861 1181 consequens
901 1116 961 1162 ut
1002 1121 1087 1160 me
1128 1104 1462 1173 insipientem
1504 1117 1608 1155 non
1645 1101 1877 1154 dubitem
1902 1100 2098 1154 dicere.

532 1204 597 1257 A.
625 1202 783 1256 Novit
811 1214 936 1269 ergo
970 1197 1227 1265 insipiens
1256 1194 1591 1263 sapientiam.
1618 1192 1732 1247 Non
1760 1193 1901 1246 enim
1922 1234 1936 1258 ,
1969 1193 2104 1247 sicut

525 1294 632 1365 jam
664 1293 861 1347 dictum
894 1299 994 1354 cst,
1022 1295 1198 1342 certus
1223 1293 1365 1339 eSset
1389 1284 1522 1338 velle
1550 1298 1607 1337 se
1630 1297 1751 1341 esse
1778 1282 2065 1353 sapientem
2083 1324 2098 1347 ,

531 1386 691 1455 idque
717 1392 985 1459 oportere,
1010 1380 1112 1433 nisi
1142 1378 1289 1431 notio
1319 1376 1591 1445 sapientia:
1617 1376 1780 1430 menti
1805 1376 1919 1444 ejus
1940 1375 2105 1427 inlue-

525 1485 693 1541 reret,
727 1476 863 1528 sicut
886 1485 1067 1526 earum
1096 1484 1274 1523 rerum
1301 1466 1369 1520 de
1393 1467 1580 1535 quibus
1606 1466 1911 1535 singillatim
1936 1466 2103 1520 inter-

527 1576 741 1637 rogatus
765 1561 1113 1632 respondisti,
1138 1574 1256 1629 qute
1294 1557 1359 1611 ad
1405 1557 1569 1625 ipsam
1613 1556 1922 1625 sapientiam
1947 1556 2107 1625 perti-

528 1666 678 1722 nent,
697 1671 917 1725 quarum
940 1651 1238 1721 cognitione
1262 1649 1468 1701 lartatus
1487 1663 1565 1700 es.
1596 1647 1659 1699 Ε.
1683 1646 1752 1699 Ita
1781 1657 1861 1701 est
1882 1646 2102 1701 utdicis.

528 1747 752 1804 CAPUT
794 1744 930 1800 XVI.
956 1773 1027 1784 —
1053 1742 1320 1812 Sapientia
1359 1740 1595 1795 studiosis
1628 1740 1707 1793 sui
1738 1738 2106 1808 inquisitoribus

598 1856 703 1894 sese
734 1840 785 1890 in
811 1840 889 1891 via
913 1834 1159 1897 ostendit,
1196 1833 1416 1886 numeris
1455 1828 1681 1885 videlicet
1707 1830 1881 1900 cuique
1906 1829 1978 1882 rei
2006 1829 2105 1882 im-

598 1935 799 2004 pressis.

597 2028 687 2081 41.
714 2024 779 2078 Α.
807 2022 943 2089 Quid
972 2022 1129 2091 igitur
1154 2018 1294 2072 aliud
1323 2018 1526 2086 agimus
1549 2032 1667 2071 cum
1692 2015 1965 2069 studemus
1989 2028 2107 2069 esse

526 2119 823 2189 sapientes,
849 2115 946 2169 nisi
979 2122 1034 2167 ut
1072 2119 1263 2182 quanta
1308 2124 1590 2179 possumus
1625 2108 1931 2174 alacritate,
1958 2107 2025 2160 ad
2055 2106 2107 2161 id

521 2213 668 2284 quod
718 2219 897 2264 mente
941 2205 1327 2274 contingimus,
1375 2210 1539 2255 totam
1590 2201 1819 2254 animam
1870 2208 2107 2253 nostram

523 2298 915 2374 quodammodo
941 2297 1250 2365 colligamus
1269 2335 1283 2358 ,
1314 2302 1367 2347 et
1395 2305 1653 2361 ponamus
1683 2290 1774 2357 ibi,
1804 2298 1963 2359 atque
1999 2298 2108 2343 sta-

524 2398 704 2451 biliter
752 2394 1059 2463 inligamus;
1099 2400 1154 2443 ut
1197 2404 1301 2442 non
1344 2387 1453 2455 jam
1500 2386 1702 2454 privato
1747 2399 1842 2438 suo
1883 2381 2108 2452 gaudeat

525 2488 667 2559 quod
696 2484 983 2555 implicavit
1007 2482 1166 2536 rebus
1193 2478 1611 2540 transeuntibus,
1641 2476 1735 2530 sed
1760 2485 1914 2529 exuta
1937 2476 2107 2529 omni-

530 2581 633 2636 bus
682 2587 978 2647 temporum
1011 2582 1065 2628 et
1093 2573 1326 2626 locorum
1357 2568 1719 2623 affectionibus
1749 2566 2108 2637 apprehendat

522 2672 576 2725 id
602 2669 742 2741 quod
772 2684 933 2723 unum
957 2674 1114 2734 atque
1141 2663 1280 2717 idem
1303 2676 1513 2728 semper
1532 2660 1645 2714 est?
1664 2659 1812 2714 Sicut
1835 2660 1975 2712 enim
1998 2667 2105 2712 tota

522 2762 630 2815 vita
670 2760 909 2828 corporis
938 2766 1021 2811 est
1048 2755 1253 2819 anima,
1300 2751 1379 2805 sic
1417 2750 1569 2804 beata
1614 2750 1717 2803 vita
1749 2750 1940 2803 anima:
1968 2750 2105 2804 Deus

523 2862 630 2909 est.
662 2850 811 2917 Quod
839 2849 963 2902 dum
990 2847 1196 2916 agimus
1214 2885 1228 2909 ,
1257 2842 1426 2897 donec
1453 2856 1795 2911 peragamus,
1830 2841 1880 2893 in
1907 2839 1989 2893 via
2016 2854 2106 2893 su-

526 2960 665 3000 mus.
692 2942 759 2995 Et
782 2940 919 3010 quod
952 2939 1065 2991 istis
1092 2936 1234 2990 veris
1262 2942 1315 2987 et
1340 2933 1498 2987 certis
1528 2932 1702 2997 bonis,
1733 2931 1978 2999 quamvis
2011 2929 2104 2984 ad-

528 3035 632 3088 huc
661 3033 711 3086 in
746 3032 848 3085 hoc
878 3028 1162 3084 tenebroso
1194 3026 1383 3079 itinere
1409 3022 1810 3076 coruscantibus
1828 3062 1843 3086 ,
1872 3020 2104 3091 gaudere

525 3138 836 3179 concessum
867 3128 966 3186 est,
998 3118 1116 3173 vide
1137 3126 1312 3170 utrum
1341 3114 1443 3168 hoc
1472 3113 1540 3167 sit
1566 3112 1709 3182 quod
1737 3113 1990 3181 scriptum
2021 3120 2106 3167 est

522 3218 592 3273 de
615 3214 868 3285 sapientia
886 3254 898 3275 ,
926 3209 1052 3281 quid
1090 3216 1210 3279 agat
1243 3222 1363 3261 cum
1406 3204 1730 3258 amatoribus
1756 3204 1865 3257 suis
1887 3220 2008 3259 cum
2036 3205 2104 3260 ad

523 3324 641 3365 eam
673 3306 910 3371 veniunt,
944 3312 997 3357 et
1024 3317 1142 3357 eam
1180 3306 1457 3369 quairunt:
1485 3297 1680 3351 dictum
1717 3304 1800 3350 est
1838 3296 2008 3360 enim,
2034 3294 2104 3350 In

524 3404 616 3457 viis
635 3399 856 3453 ostendet
878 3413 930 3451 se
953 3395 1054 3448 illis
1080 3391 1327 3457 hilariter,
1352 3399 1397 3443 et
1422 3390 1556 3443 omni
1586 3388 1894 3459 providentia
1922 3402 2102 3440 occur-

522 3505 597 3549 ret
616 3494 717 3547 illis
738 3492 974 3562 (Sap.vt,
993 3486 1102 3555 l7).
1122 3484 1344 3551 Quoquo
1364 3481 1505 3535 enim
1530 3486 1583 3533 te
1604 3478 1846 3544 verteris,
1870 3476 2103 3547 vestigiis

524 3583 864 3655 quibusdam,
925 3594 1042 3649 quae
1083 3574 1332 3643 operibus
1375 3571 1484 3626 suis
1529 3568 1828 3639 impressit,
1870 3568 2103 3637 loquitur

526 3678 644 3742 tibi,
674 3683 727 3729 et
755 3684 805 3727 te
840 3673 892 3725 in
918 3669 1180 3725 exteriora
1226 3664 1572 3727 relabentem,
1614 3662 1742 3731 ipsis
1780 3662 2101 3716 exteriorum

523 3769 713 3825 formis
735 3767 871 3820 intro
900 3770 1141 3825 revocat;
1183 3768 1243 3812 ut
1274 3755 1525 3827 quidquid
1564 3764 1616 3808 te
1651 3755 1875 3809 delectat
1903 3754 1955 3806 in
1984 3768 2102 3807 cor-

523 3875 688 3931 pore,
716 3866 770 3913 et
798 3871 891 3925 per
918 3864 1205 3921 corporeos
1224 3848 1372 3902 illicit
1397 3862 1612 3912 sensus,
1644 3844 1823 3898 videas
1852 3858 1970 3898 esse
2001 3859 2099 3897 nu-

527 3965 796 4008 merosum
817 3990 831 4015 ,
864 3953 918 4001 et
945 3957 1149 4015 quaeras
1176 3939 1315 3994 unde
1340 3939 1439 4001 sit,
1471 3945 1524 3998 at
1551 3936 1603 3990 in
1636 3937 1857 4005 teipsum
1888 3935 2095 4002 redeas,

526 4056 687 4115 atque
713 4039 972 4107 intelligas
998 4043 1049 4087 te
1080 4034 1130 4087 id
1156 4031 1297 4102 quod
1323 4030 1536 4098 attingis
1575 4028 1817 4082 sensibus
1840 4028 2097 4098 corporis,

527 4134 754 4205 probare
774 4134 865 4180 aut
884 4123 1186 4195 improbare
1212 4135 1315 4175 non
1344 4134 1522 4189 posse,
1550 4118 1650 4173 nisi
1673 4118 1810 4188 apud
1837 4129 1885 4173 te
1905 4119 2100 4173 habeas

528 4222 781 4294 quasdam
807 4213 1209 4287 pulchritudinis
1231 4213 1393 4283 leges,
1419 4210 1484 4265 ad
1505 4225 1636 4281 quas
1660 4210 1858 4266 referas
1879 4225 2100 4281 quaeque

527 4316 746 4389 pulchra
774 4312 937 4367 sentis
960 4308 1208 4364 exterius.

600 4408 689 4463 42.
733 4406 942 4459 intuere
982 4401 1174 4456 caelum
1220 4406 1274 4453 et
1313 4407 1505 4452 terram
1533 4405 1586 4451 et
1627 4410 1808 4465 mare,
1847 4405 1902 4452 et
1948 4406 2131 4466 qute-'

527 4516 753 4570 cumque
810 4498 860 4550 in
910 4496 989 4549 eis
1038 4493 1121 4547 vel
1173 4490 1397 4559 desuper
1452 4489 1682 4559 fulgent,
1726 4488 1809 4543 vel
1850 4488 2097 4543 deorsum

526 4597 721 4661 repunt
760 4588 841 4641 vel
873 4585 1050 4639 volant
1088 4582 1168 4636 vel
1209 4587 1423 4643 natant;
1471 4578 1667 4633 formas
1707 4578 1930 4645 habent,
1976 4576 2097 4648 quia

526 4696 777 4740 numeros
822 4677 1017 4733 habent
1059 4691 1070 4725 :
1109 4672 1283 4725 adime
1330 4671 1431 4723 illis
1478 4668 1617 4733 hzre,
1663 4669 1791 4723 nihil
1833 4665 2006 4723 erunt.
2053 4669 2097 4723 A

524 4792 629 4847 quo
665 4788 790 4842 ergo
820 4776 970 4831 sunt,
1011 4766 1113 4821 nisi
1156 4779 1185 4817 a
1215 4778 1319 4832 quo
1348 4774 1626 4826 numerus;
1676 4761 2096 4829 quandoquidem

522 4871 577 4923 in
606 4874 807 4920 tantum
839 4860 941 4916 illis
966 4867 1049 4913 est
1078 4870 1194 4910 esse
1213 4894 1228 4920 ,
1273 4853 1325 4906 in
1355 4863 1605 4921 quantum
1633 4867 1914 4907 numerosa
1943 4852 2100 4907 esse?

526 4961 593 5014 Et
626 4957 860 5012 omnium
899 4951 1108 5022 quidem
1156 4948 1444 5001 formarum
1502 4960 1875 5015 corporearum
1932 4946 2099 5000 artiﬁ-

519 5066 610 5107 ces
636 5049 877 5103 homines
897 5045 948 5097 in
970 5050 1081 5095 arte
1115 5039 1308 5092 habent
1342 5051 1610 5100 numeros,
1639 5034 1829 5105 quibus
1854 5045 2099 5106 coaptant

522 5157 683 5213 opera
741 5153 834 5194 sua
877 5154 890 5191 :
938 5143 991 5189 et
1039 5132 1233 5187 tamdiu
1282 5144 1485 5183 manus
1542 5136 1699 5198 atque
1750 5129 2097 5185 instrumenta

522 5237 574 5291 in
603 5229 908 5288 fabricando
943 5231 1158 5281 movent
1175 5265 1190 5289 ,
1214 5223 1383 5277 donec
1409 5220 1537 5275 illud
1563 5221 1702 5301 quod
1733 5221 1987 5276 formatur
2013 5222 2097 5278 fo-

520 5329 616 5395 ris,
643 5325 709 5379 ad
734 5338 851 5378 eam
880 5334 997 5390 qua:
1026 5317 1165 5373 intus
1192 5324 1272 5369 est
1291 5315 1461 5367 lucem
1489 5328 1827 5368 numerorum
1850 5315 2095 5380 relatum,

522 5424 776 5490 quantum
801 5420 972 5484 potest
990 5410 1237 5478 impetret
1255 5405 1658 5471 absolutionem,
1677 5406 1982 5477 placeatque
2006 5424 2102 5478 per

521 5512 865 5578 interpretem
894 5516 1107 5558 sensum
1138 5499 1344 5553 interno
1366 5496 1531 5566 judici
1556 5514 1812 5567 supernos
1849 5516 2100 5557 numeros

520 5604 766 5661 intuenti.
794 5600 983 5666 Quazre
1022 5593 1211 5649 deinde
1243 5591 1458 5646 artiﬁcis
1501 5590 1665 5661 ipsius
1704 5594 1937 5648 membra
1981 5596 2101 5665 quis

523 5702 763 5759 moveat;
787 5702 1039 5746 numerus
1059 5688 1159 5743 erit
1185 5705 1197 5740 :
1230 5702 1353 5743 nam
1376 5694 1651 5740 moventur
1675 5686 1835 5738 etiam
1874 5682 1962 5738 illa
1996 5699 2099 5739 nu-

528 5801 755 5845 merose.
792 5785 857 5839 Et
885 5784 929 5839 si
958 5782 1206 5840 detrahas
1228 5781 1294 5837 de
1319 5780 1560 5836 manibus
1578 5794 1735 5850 opus,
1754 5789 1805 5835 et
1830 5778 1897 5837 de
1921 5780 2101 5837 animo

1541 346 1627 400 DE
1669 342 1913 399 LIBERO
1953 339 2293 410 ARBITRIO,
2332 341 2391 398 S.
2430 342 2797 401 AUGUSTINI

3638 354 3782 412 1264

2207 457 2550 513 intentionem
2600 459 2888 514 fabricandi
2920 500 2934 525 ,
2980 467 3261 532 motusque
3299 462 3386 518 ille
3421 465 3787 522 membrorum

2206 549 2270 603 ad
2292 550 2696 606 delectationem
2719 552 3000 617 referatur,
3038 553 3248 607 saltatio
3266 553 3559 609 vocabitur.
3590 555 3788 624 Quaere

2207 656 2332 710 ergo
2378 644 2503 712 quid
2554 644 2604 697 in
2652 644 2931 700 saltatione
2981 644 3240 711 delectet;
3295 648 3636 717 respondebit
3690 650 3786 706 tibi

2207 751 2458 790 numerus
2481 754 2492 788 :
2522 736 2661 792 Ecce
2687 754 2824 793 sum.
2847 738 3053 807 Inspice
3072 738 3181 807 jam
3208 739 3649 809 pulchritudinem
3677 742 3788 799 for-

2205 826 2333 879 mati
2375 828 2643 898 corporis;
2682 829 2887 884 numeri
2917 836 3163 884 tenentur
3186 829 3238 884 in
3266 830 3402 886 loco.
3432 831 3638 902 Inspice
3663 833 3785 902 pul-

2206 917 2559 973 chritudinem
2610 920 2917 975 mobilitatis
2956 920 3008 974 in
3051 936 3307 991 corpore;
3338 923 3545 978 numeri
3570 938 3787 978 versan-

2209 1018 2294 1063 tur
2320 1010 2370 1063 in
2401 1018 2659 1079 tempore.
2703 1011 2843 1065 Intra
2880 1010 2948 1065 ad
2990 1018 3157 1067 artem
3184 1012 3323 1068 unde
3348 1013 3434 1068 isti
3458 1014 3784 1085 procedunt,

2207 1107 2385 1171 quaere
2405 1103 2459 1156 in
2479 1118 2539 1158 ea
2560 1112 2767 1174 tempus
2785 1112 2837 1160 et
2858 1104 3031 1160 locum
3048 1122 3063 1171 ;
3083 1122 3350 1177 nunquam
3372 1108 3501 1175 erit,
3524 1123 3786 1180 nusquam

2205 1194 2334 1259 erit;
2362 1195 2488 1248 vivit
2514 1196 2565 1249 in
2592 1209 2655 1249 ea
2682 1204 2856 1251 tamen
2882 1211 3175 1252 numerus:
3209 1212 3308 1254 nec
3332 1198 3448 1267 ejus
3486 1201 3633 1269 regio
3664 1214 3788 1270 spa-

2209 1284 2403 1339 tiorum
2430 1293 2532 1352 est,
2558 1301 2656 1340 nec
2679 1294 2809 1340 mtas
2834 1287 3074 1355 dierum;
3103 1297 3159 1345 et
3182 1289 3450 1345 discendae
3476 1291 3578 1346 arti
3606 1298 3787 1347 tamen

2208 1389 2327 1428 cum
2359 1389 2418 1430 se
2441 1377 2877 1445 accommodant,
2907 1380 2998 1448 qui
3038 1394 3100 1435 se
3137 1381 3367 1436 artiﬁces
3412 1381 3528 1437 fieri
3564 1382 3784 1451 volunt,

2208 1480 2399 1536 corpus
2439 1483 2592 1523 suum
2620 1483 2715 1537 per
2738 1468 2855 1524 loca
2898 1478 2952 1524 et
2999 1478 3237 1540 tempora
3275 1481 3521 1541 movent,
3551 1473 3784 1530 animum

2209 1574 2339 1613 vero
2370 1574 2465 1628 per
2485 1566 2722 1628 tempora
2744 1576 2756 1614 :
2779 1574 2996 1615 accessu
3012 1562 3209 1632 quippe
3230 1564 3483 1634 temporis
3506 1564 3787 1635 peritiores

2208 1652 2360 1706 ﬁunt.
2410 1653 2749 1708 Transeende
2793 1669 2920 1724 ergo
2958 1662 3012 1710 et
3055 1655 3290 1711 animum
3330 1656 3567 1725 artiﬁcis,
3599 1665 3658 1711 ut
3684 1672 3787 1711 nu-

2209 1760 2412 1799 merum
2452 1746 2830 1816 sempiternum
2874 1745 3088 1813 videas;
3126 1747 3235 1817 jam
3284 1747 3377 1802 tibi
3418 1749 3674 1817 sapientia
3718 1748 3789 1805 de

2209 1834 2323 1904 ipsa
2354 1835 2601 1891 interiore
2630 1836 2759 1892 sede
2782 1838 3001 1906 fulgebit
3019 1878 3035 1905 ,
3065 1846 3121 1893 et
3148 1838 3214 1893 de
3242 1838 3357 1909 ipso
3382 1839 3668 1895 secretario
3692 1853 3787 1895 ve-

2208 1927 2378 1982 ritatis
2404 1944 2417 1980 :
2445 1943 2564 1998 qua:
2607 1931 2653 1983 si
2690 1928 2863 1984 adhuc
2903 1930 3285 2001 languidiorem
3329 1941 3598 2002 aspectum
3637 1940 3787 1987 tuum

2209 2018 2547 2085 reverberat,
2575 2018 2717 2073 refer
2745 2020 2956 2074 oculum
2985 2022 3179 2076 mentis
3220 2023 3273 2076 in
3314 2021 3459 2076 illam
3486 2024 3655 2091 viam,
3696 2023 3788 2077 ubi

2210 2121 2270 2162 se
2310 2108 2624 2163 ostendebat
2668 2110 2924 2167 hilariter.
2968 2112 3230 2168 Memento
3271 2128 3400 2170 sane
3438 2114 3707 2171 distulisse
3735 2122 3789 2171 te

2210 2198 2467 2252 visionem
2497 2214 2652 2269 quam
2680 2200 2866 2256 fortior
2891 2203 3173 2272 saniorquc
3202 2212 3430 2273 repetas.

2280 2289 2368 2344 45.
2404 2290 2492 2344 ναξ
2519 2290 2606 2359 qui
2636 2290 3013 2361 derelinquunt
3050 2301 3100 2348 te
3135 2294 3354 2359 ducem,
3378 2302 3431 2349 et
3455 2294 3702 2350 oberrant
3732 2297 3789 2351 in

2210 2380 2445 2449 vestigiis
2472 2381 2600 2447 tuis,
2633 2382 2721 2450 qui
2749 2391 2907 2438 nutus
2943 2392 3061 2440 tuos
3087 2400 3184 2455 pro
3216 2396 3266 2440 te
3295 2395 3494 2454 amant,
3525 2396 3576 2442 et
3603 2387 3793 2442 oblivi-

2210 2481 2428 2526 scuntur
2455 2472 2853 2543 quidinnuas,o
2883 2476 3193 2532 suavissima
3223 2478 3313 2532 lux
3341 2488 3572 2548 purgatae
3597 2480 3792 2535 mentis

2209 2562 2496 2632 sapientia!
2543 2580 2647 2620 non
2694 2566 2834 2620 enim
2887 2580 3067 2623 cessas
3112 2569 3333 2624 innuere
3376 2570 3531 2626 nobis
3573 2587 3691 2641 quae
3734 2581 3793 2627 et

2210 2664 2399 2725 quanta
2450 2657 2553 2721 sis;
2601 2666 2654 2711 et
2700 2667 2860 2713 nutus
2914 2661 2987 2713 tui
3040 2669 3160 2715 sunt
3215 2676 3374 2717 omne
3424 2673 3789 2719 creaturarum

2208 2746 2389 2802 decus.
2423 2748 2489 2802 Et
2512 2748 2700 2803 artifex
2728 2750 2870 2804 enim
2892 2751 3283 2821 quodammodo
3308 2752 3480 2808 innuit
3503 2755 3791 2824 spectatori

2209 2838 2387 2906 operis
2412 2839 2492 2892 sui
2517 2838 2585 2894 de
2618 2839 2732 2909 ipsa
2758 2842 2935 2911 operis
2974 2840 3402 2912 pulchritudine,
3431 2859 3499 2899 ne
3538 2844 3609 2899 ibi
3648 2854 3792 2901 totus

2209 2927 2438 2995 haereat,
2465 2930 2561 2985 sed
2595 2934 2827 3001 Speciem
2857 2934 3095 3004 corporis
3125 2934 3364 2990 fabricati
3398 2935 3478 2991 sic
3518 2944 3792 3006 percurrat

2209 3020 2408 3084 oculis,
2440 3029 2498 3075 ut
2525 3022 2576 3075 in
2607 3037 2728 3076 eum
2771 3024 2861 3093 qui
2909 3024 3249 3081 fabricaverit
3290 3036 3533 3081 recurrat
3577 3026 3786 3082 affectu.

2209 3110 2423 3167 Similes
2455 3122 2632 3169 autem
2659 3125 2783 3170 sunt
2810 3117 3140 3185 hominibus,
3169 3120 3258 3190 qui
3293 3134 3355 3175 ea
3392 3136 3510 3190 qua:
3536 3120 3664 3175 facis
3693 3137 3790 3191 pro

2210 3210 2263 3258 te
2291 3214 2489 3269 amant,
2512 3207 2740 3275 quicum
2768 3207 2991 3263 audiunt
3014 3209 3243 3279 aliquem
3272 3210 3555 3266 facundum
3582 3214 3790 3282 sapien-

2211 3304 2316 3349 tem
2335 3337 2350 3360 ,
2380 3296 2505 3351 dum
2534 3299 2694 3352 nimis
2725 3300 3037 3355 suavitatem
3064 3302 3213 3356 vocis
3241 3303 3385 3373 ejus,
3414 3313 3468 3359 et
3502 3314 3789 3360 structuras

2208 3386 2530 3456 syllabarum
2570 3398 2692 3458 apte
2736 3390 3028 3445 locatarum
3067 3392 3220 3448 avide
3259 3393 3513 3462 audiunt,
3539 3397 3789 3451 amittunt

2208 3479 2587 3534 sententiarum
2627 3482 3009 3552 principatum,
3039 3486 3187 3553 cujus
3215 3485 3305 3541 illa
3332 3488 3499 3543 verba
3533 3496 3785 3558 tanquam

2208 3568 2356 3637 signa
2383 3581 2699 3626 sonuerunt.
2727 3573 2816 3627 Va:
2843 3574 2932 3644 qui
2956 3589 3017 3630 se
3041 3584 3286 3631 avertunt
3308 3593 3337 3631 a
3366 3579 3567 3634 lumine
3593 3590 3700 3643 tuo,
3730 3588 3789 3635 et

2207 3663 2515 3719 obscuritati
2559 3679 2669 3719 sua:
2713 3666 2940 3721 dulciter
2984 3666 3275 3724 inhaircnt!
3325 3670 3593 3742 Tanquam
3640 3673 3786 3727 enim

2207 3753 2424 3809 dorsum
2445 3756 2510 3810 ad
2540 3764 2591 3811 te
2616 3767 2893 3827 ponentes,
2921 3758 2973 3813 in
3004 3761 3201 3815 carnali
3228 3776 3390 3831 opere
3416 3764 3558 3817 velut
3585 3763 3635 3818 in
3665 3779 3784 3817 um-

2206 3844 2300 3899 bra
2345 3861 2438 3900 sua
2481 3847 2802 3917 defiguntur,
2829 3857 2882 3905 et
2911 3858 3090 3906 tamen
3118 3855 3276 3907 etiam
3305 3853 3377 3907 ibi
3406 3854 3545 3923 quod
3571 3870 3664 3909 eos
3689 3854 3785 3910 de-

2209 3933 2368 3989 lectat
2388 3978 2403 4003 ,
2432 3936 2605 3992 adhuc
2634 3938 2832 3993 habent
2864 3940 2930 3995 de
2966 3941 3421 4012 cireumfulgentia
3449 3945 3582 3998 lucis
3611 3953 3713 3998 tua:
3740 3944 3782 3997 ί.

2209 4026 2315 4082 Sed
2345 4029 2531 4083 umbra
2557 4029 2681 4084 dum
2710 4040 2940 4098 amatur,
2980 4032 3363 4103 languidiorem
3405 4032 3529 4089 facit
3572 4037 3783 4091 oculum

2209 4121 2403 4189 animi,
2434 4130 2489 4176 et
2512 4122 2876 4179 invalidiorem
2917 4124 2985 4178 ad
3032 4123 3409 4193 perferendum
3442 4137 3786 4196 conspectum

2208 4220 2375 4267 tuum.
2417 4212 2705 4283 Propterea
2750 4215 2918 4286 magis
2957 4216 3230 4286 magisque
3266 4217 3426 4273 homo
3454 4218 3783 4284 tenebratur,

2208 4303 2332 4358 dum
2372 4312 2605 4359 sectatur
2634 4304 2880 4361 libentius
2916 4307 3169 4376 quidquid
3208 4307 3549 4365 inﬁrmiorem
3593 4310 3787 4364 tolera-

2207 4394 2362 4449 bilius
2392 4395 2607 4465 excipit.
2637 4394 2714 4450 Ex
2737 4410 2841 4466 quo
2866 4397 3049 4465 incipit
3076 4413 3180 4451 non
3219 4413 3379 4468 posse
3418 4398 3599 4453 videre
3641 4399 3785 4469 quod

2209 4502 2415 4542 summe
2453 4496 2564 4554 est,
2601 4496 2655 4543 et
2684 4489 2878 4542 malum
2928 4498 3112 4558 putare
3144 4489 3395 4560 quidquid
3422 4488 3555 4545 fallit
3582 4491 3784 4561 impro-

2208 4577 2418 4643 vidum,
2465 4588 2556 4632 aut
2598 4578 2746 4633 illicit
2789 4579 3021 4649 indigum
3050 4581 3095 4645 ³,
3135 4589 3226 4634 aut
3251 4590 3461 4650 captum
3490 4583 3781 4647 excruciat,

2207 4682 2330 4721 cum
2357 4682 2419 4721 ea
2448 4682 2543 4737 pro
2580 4668 2769 4723 merito
2798 4670 3023 4738 patiatur
3050 4669 3344 4725 aversionis
3378 4685 3520 4738 sure,
3552 4680 3607 4728 et
3632 4670 3786 4742 quid-

2207 4760 2331 4831 quid
2352 4762 2553 4831 justum
2583 4770 2694 4828 est,
2724 4762 2918 4816 malum
2944 4777 3061 4817 esse
3089 4778 3195 4818 non
3223 4764 3408 4834 possit.

2286 4858 2374 4912 44.
2404 4855 2458 4909 Si
2479 4871 2607 4926 ergo
2632 4854 2887 4924 quidquid
2914 4854 3166 4911 mutabile
3193 4856 3485 4925 aspexeris,
3514 4855 3599 4910 vel
3621 4868 3786 4911 sensu

2207 4951 2465 5022 corporis,
2492 4949 2575 5003 vel
2601 4948 2761 5001 animi
2788 4947 3215 5002 consideratione
3238 4963 3429 5018 capere
3462 4963 3568 5002 non
3606 4957 3783 5018 potes,

2207 5042 2309 5097 nisi
2337 5040 2512 5109 aliqua
2556 5052 2897 5092 numerorum
2928 5036 3096 5093 forma
3127 5046 3389 5105 teneatur,
3419 5053 3522 5108 qua
3547 5037 3783 5093 detracta

2208 5135 2261 5191 in
2288 5133 2420 5205 nihil
2446 5131 2676 5197 recidat;
2707 5131 2812 5185 noli
2839 5129 3113 5194 dubitare,
3144 5139 3200 5183 ut
3226 5131 3326 5185 ista
3363 5130 3629 5185 mutabilia
3672 5144 3783 5186 non

2208 5226 2626 5295 intercipiantur,
2658 5222 2750 5278 sed
2773 5222 3024 5277 dimensis
3050 5223 3299 5289 motibus,
3331 5231 3386 5277 et
3411 5222 3655 5279 distincta
3684 5238 3785 5277 va-

2209 5322 2396 5377 rietate
2438 5318 2757 5382 formarum,
2787 5316 2933 5385 quasi
2972 5315 3228 5385 quosdam
3258 5331 3443 5371 versus
3482 5325 3785 5386 temporum

2211 5418 2483 5484 peragant,
2501 5422 2620 5464 esse
2638 5407 2866 5477 aliquam
2890 5406 3109 5460 formam
3132 5415 3383 5461 mternam
3404 5414 3459 5460 et
3482 5406 3776 5461 incommu-

2212 5505 2455 5568 tabilem;
2488 5516 2605 5572 qute
2630 5513 2800 5569 neque
2828 5498 3161 5555 contineatur
3188 5507 3243 5554 et
3273 5499 3425 5569 quasi
3460 5497 3787 5555 diffundatur

2261 5659 2279 5690 ί
2306 5656 2415 5707 Mss.
2438 5657 2627 5720 plures,
2641 5656 2803 5709 adhuc
2823 5656 2963 5709 habet
2984 5656 3048 5732 de
3067 5654 3490 5771 circuggfulgentia
3506 5656 3778 5730 (aciemin.

2261 5721 2283 5752 ³
2306 5719 2419 5769 Mss.
2430 5732 2527 5770 non
2546 5724 2687 5771 nauci
2707 5733 2817 5771 cum
2834 5720 3185 5771 antiquioribus
3266 5720 3520 5771 itionibus.
3532 5726 3620 5771 aut
3635 5721 3778 5771 illicit

2306 5719 2419 5769 Mss.
2430 5732 2527 5770 non
2545 5724 2687 5784 pauci
2707 5733 2817 5773 cum
2834 5720 3185 5783 antiquioribus
3201 5719 3520 5785 editibnibus,
3532 5726 3620 5773 aut
3635 5720 3785 5777 illicit

2197 5780 2462 5847 indignum.
