4118 6370
412 428 555 487 {265

413 547 564 611 locis,
585 556 759 613 neque
775 539 1088 613 potendatur
1107 546 1265 606 atque
1282 544 1514 592 varietur
1536 533 1880 605 temporibus,
1899 545 1993 599 per

412 653 573 708 quam
604 644 793 691 cuncta
823 634 921 688 ista
955 631 1171 686 formari
1196 628 1440 694 valeant,
1468 637 1522 683 et
1561 643 1656 698 pro
1680 640 1777 681 suo
1801 639 1996 696 genere

414 731 641 798 implere
670 736 829 795 atque
853 739 1010 794 agere
1035 723 1273 778 locorum
1311 736 1375 777 ac
1404 731 1697 791 temporum
1723 732 1991 773 numeros.

417 820 644 877 CAPUT
688 817 851 874 XVII.
874 846 943 857 -
967 815 1168 870 Bonum
1206 824 1253 868 et
1296 813 1532 885 perfectio
1570 826 1893 884 quaecumque
1935 823 1997 862 ea:

1093 905 1203 961 Deo
1226 916 1317 961 est.

486 1004 575 1058 45.
616 1001 801 1058 Omnis
829 998 971 1054 enim
996 1013 1084 1053 res
1112 996 1402 1065 mutabilis,
1430 996 1589 1052 etiam
1621 994 1908 1049 formabilis
1928 992 1999 1046 sit

417 1108 640 1150 necesse
666 1102 767 1149 est.
802 1091 952 1147 Sicut
979 1100 1155 1145 autem
1183 1090 1435 1145 mutabile
1459 1088 1684 1143 dicimus
1712 1086 1853 1157 quod
1880 1101 1997 1139 mu-

420 1188 518 1242 tari
551 1196 746 1257 potest,
776 1187 847 1240 ita
876 1184 1151 1241 formabile
1189 1182 1329 1255 quod
1369 1183 1584 1238 formari
1612 1190 1786 1251 potest
1811 1179 1989 1250 appel-

416 1279 662 1335 laverim.
704 1279 858 1333 Nulla
898 1287 1075 1335 autem
1119 1290 1205 1332 res
1243 1277 1469 1330 formare
1510 1274 1739 1343 seipsam
1782 1280 1992 1343 potest:

419 1373 544 1443 quia
580 1372 723 1428 nulla
767 1386 854 1426 res
895 1378 1069 1440 potest
1109 1368 1237 1423 dare
1262 1368 1364 1423 sibi
1389 1366 1530 1437 quod
1573 1381 1679 1421 non
1720 1364 1912 1430 habet;
1944 1373 1998 1418 et

420 1465 602 1534 utique
630 1473 687 1518 ut
716 1463 907 1517 habeat
934 1461 1155 1518 formam
1178 1501 1192 1525 ,
1225 1460 1483 1515 formatur
1509 1458 1726 1529 aliquid.
1756 1458 1997 1526 Quapro-

420 1564 539 1626 pter
566 1554 815 1624 quaelibet
842 1567 929 1608 res
957 1553 1002 1607 si
1028 1566 1186 1622 quam
1208 1551 1363 1605 habet
1391 1549 1636 1616 formam,
1668 1565 1771 1605 non
1792 1548 1842 1603 ei
1865 1562 1998 1618 Opus

418 1656 503 1701 est
542 1645 783 1715 accipere
821 1643 961 1714 quod
999 1642 1190 1709 habet;
1213 1643 1259 1696 si
1287 1657 1390 1712 qua
1414 1656 1542 1696 vero
1568 1656 1674 1696 non
1701 1640 1859 1695 habet
1883 1638 1998 1693 for-

419 1725 583 1803 mam,
611 1752 719 1792 non
748 1744 919 1805 potest
942 1750 975 1790 a
1000 1749 1059 1790 se
1083 1734 1325 1802 accipere
1348 1732 1489 1804 quod
1516 1748 1621 1787 non
1652 1732 1824 1786 habet.
1849 1730 1999 1784 Nulla

420 1844 547 1900 ergo
572 1845 678 1894 res,
707 1839 764 1882 ut
787 1826 1038 1894 diximus,
1069 1826 1301 1881 formare
1329 1841 1388 1881 se
1419 1832 1610 1895 potest.
1646 1823 1782 1891 Quid
1823 1831 1999 1878 autem

420 1918 649 1988 amplius
675 1918 743 1973 de
781 1917 1131 1973 mutabilitate
1175 1916 1415 1986 corporis
1440 1924 1494 1970 et
1522 1915 1684 1970 animi
1724 1912 2000 1969 dicamus?

418 2011 665 2082 superius
687 2011 829 2068 enim
859 2010 988 2067 satis
1016 2010 1216 2066 dictum
1251 2018 1353 2066 est.
1392 2007 1681 2064 Conficitur
1707 2008 1883 2079 itaque
1901 2047 1915 2072 ,
1945 2015 2003 2061 ut

418 2112 474 2159 et
497 2117 689 2172 corpus
727 2111 783 2158 et
815 2103 1025 2157 animus
1053 2101 1223 2158 forma
1248 2100 1475 2171 quadam
1504 2098 1917 2155 incommutabili
1946 2105 2002 2152 et

418 2209 633 2264 semper
660 2203 905 2249 manente
932 2193 1246 2273 formentur.
1279 2194 1375 2249 Cui
1415 2191 1600 2249 forma:
1642 2192 1839 2247 dictum
1878 2200 1998 2247 est:

420 2287 645 2342 Mutabis
671 2304 730 2342 ea
752 2297 799 2342 et
828 2288 1189 2352 mutabuntur;
1233 2297 1288 2341 tu
1329 2295 1496 2340 autem
1538 2286 1671 2339 idem
1714 2286 1822 2355 ipse
1859 2300 1929 2347 es,
1955 2289 2002 2336 et

418 2378 543 2433 anni
570 2379 643 2431 tui
669 2395 770 2432 non
798 2378 1029 2446 deﬁcient
1059 2377 1228 2449 (Ρωι.
1255 2392 1306 2433 cr
1326 2417 1342 2444 ,
1383 2376 1485 2441 27,
1522 2375 1634 2445 28).
1665 2376 1849 2429 Annos
1886 2373 2003 2428 sine

418 2467 653 2534 defectu,
677 2484 773 2537 pro
802 2469 1095 2523 aeternitate
1124 2467 1301 2537 posuit
1327 2465 1637 2536 prophetica
1679 2464 1894 2518 locutio.
1926 2464 2003 2518 De

421 2559 522 2615 hac
566 2560 692 2614 item
735 2559 903 2615 forma
941 2559 1139 2614 dictum
1170 2567 1279 2625 est,
1317 2557 1459 2628 quod
1483 2557 1538 2611 in
1562 2556 1737 2625 seipsa
1780 2569 2004 2610 manens

424 2650 642 2705 innovet
659 2651 836 2706 omnia
865 2648 1021 2721 (Sap.
1044 2666 1137 2716 vn,
1163 2648 1280 2722 27).
1310 2649 1445 2704 Hinc
1465 2647 1627 2704 etiam
1655 2644 2005 2716 comprehen-

421 2740 565 2797 ditur
606 2740 783 2797 omnia
824 2741 1155 2811 providentia
1200 2741 1504 2812 gubernari.
1545 2740 1601 2799 Si
1644 2741 1785 2799 enim
1827 2739 2005 2798 omnia

423 2852 543 2909 qua:
572 2846 714 2903 sunt,
741 2835 909 2893 forma
932 2836 1141 2907 penitus
1165 2837 1432 2892 subtracta
1460 2838 1605 2892 nulla
1632 2846 1809 2905 erunt,
1833 2836 2005 2892 forma

426 2929 540 2998 ipsa
559 2928 1025 2993 incommutabilis,
1060 2943 1156 2997 per
1181 2942 1341 2997 quam
1372 2928 1643 2983 mutabilia
1667 2936 1857 2983 cuncta
1882 2929 2006 2985 sub-

423 3021 646 3086 sistunt,
678 3028 737 3074 ut
760 3019 1051 3075 formarum
1095 3033 1309 3073 suarum
1348 3019 1584 3073 numeris
1612 3018 1931 3088 impleantur
1953 3026 2008 3073 et

424 3123 667 3183 agantur,
706 3113 817 3182 ipsa
859 3120 943 3167 est
979 3126 1164 3167 eorum
1204 3110 1570 3181 providentia:
1596 3126 1699 3165 non
1735 3111 1877 3165 enim
1907 3110 2006 3165 ista

425 3210 633 3270 essent,
661 3203 708 3258 si
754 3203 844 3258 illa
891 3216 996 3256 non
1038 3209 1203 3257 esset.
1254 3201 1467 3257 lntuens
1511 3216 1639 3271 ergo
1681 3210 1735 3256 et
1761 3201 2007 3256 conside-

424 3307 550 3348 rans
598 3293 899 3347 universam
943 3301 1277 3357 creaturam,
1325 3292 1645 3364 quicumque
1671 3293 1772 3347 iter
1795 3293 1904 3362 agit
1939 3292 2007 3348 ad

425 3383 760 3452 sapientiam,
788 3382 951 3437 sentit
977 3383 1291 3453 sapientiam
1317 3384 1371 3437 in
1407 3384 1491 3438 via
1527 3400 1586 3439 se
1606 3385 1705 3439 sibi
1726 3385 2007 3441 ostendere

426 3471 694 3540 hilariter,
735 3482 789 3528 et
828 3474 882 3527 in
911 3475 1057 3528 omni
1088 3474 1415 3545 providentia
1455 3489 1737 3530 occurrere
1762 3476 1863 3530 sibi
1900 3494 1913 3529 :
1954 3484 2009 3531 et

426 3572 577 3621 tanto
607 3565 835 3621 alacrius
860 3565 1090 3640 ardescit
1129 3566 1267 3621 viam
1312 3567 1468 3622 istam
1495 3582 1746 3637 peragere
1765 3609 1780 3634 ,
1811 3578 2007 3638 quanto

425 3668 482 3715 et
515 3659 629 3729 ipsa
653 3660 737 3714 via
767 3675 864 3730 per
892 3659 1036 3716 illam
1065 3659 1286 3730 pulchra
1317 3668 1432 3729 est,
1468 3661 1535 3717 ad
1564 3676 1721 3732 quam
1751 3669 2007 3719 errestuat

424 3752 720 3822 pervenire.

496 3844 585 3899 46.
613 3844 690 3899 Tu
714 3854 890 3900 autem
914 3845 960 3900 si
982 3844 1176 3914 praeter
1208 3845 1260 3901 id
1286 3845 1427 3915 quod
1450 3853 1532 3901 est
1560 3852 1615 3900 et
1635 3860 1742 3900 non
1770 3846 1916 3910 vivit,
1951 3854 2008 3900 et

425 3933 480 3990 id
508 3935 648 4004 quod
673 3943 756 3989 est
780 3944 833 3989 et
867 3934 999 3989 vivit
1027 3950 1197 4004 neque
1226 3936 1493 4005 intelligit,
1517 3944 1571 3989 et
1598 3935 1652 3990 id
1680 3937 1818 4007 quod
1844 3945 1926 3993 est
1953 3945 2008 3994 et

423 4025 553 4079 vivit
580 4032 635 4079 ct
660 4024 925 4093 intelligit,
952 4024 1219 4079 inveneris
1237 4026 1451 4095 aliquod
1480 4026 1621 4079 aliud
1641 4037 2005 4083 creaturarum

424 4130 621 4186 genus;
654 4125 777 4170 tunc
803 4114 939 4169 aude
981 4115 1160 4170 dicere
1190 4116 1403 4186 aliquod
1448 4116 1643 4171 bonum
1682 4134 1819 4185 esse,
1864 4120 2007 4189 quod

424 4222 531 4260 non
557 4206 624 4260 sit
650 4221 715 4260 ex
743 4207 871 4261 Deo.
896 4205 1017 4260 Tria
1045 4207 1187 4261 enim
1214 4206 1327 4261 ba‘e
1356 4206 1562 4262 duobus
1588 4209 1746 4263 etiam
1772 4211 2004 4265 nomini-

424 4296 524 4351 bus
550 4297 812 4351 enuntiari
839 4305 1077 4366 possunt,
1110 4297 1155 4352 si
1179 4298 1513 4367 appellentur
1546 4314 1739 4368 corpus
1767 4310 1822 4355 et
1848 4302 1954 4354 vita
1987 4320 2002 4357 :

422 4388 547 4458 quia
576 4399 629 4444 et
658 4389 747 4443 illa
778 4404 895 4459 quae
924 4398 1125 4444 tantum
1150 4390 1297 4456 vivit,
1338 4406 1509 4461 neque
1542 4393 1804 4462 intelligit,
1833 4396 2004 4464 qualis

424 4489 508 4535 est
540 4495 812 4550 pecorum,
854 4489 909 4534 et
937 4480 1051 4535 haec
1076 4496 1193 4550 qua:
1242 4481 1503 4552 intelligit,
1535 4483 1687 4538 sicuti
1712 4494 1793 4539 est
1828 4486 2004 4539 homi-

425 4589 573 4641 num,
599 4576 891 4630 rectissime
917 4574 1020 4629 vita
1059 4574 1271 4629 dicitur.
1303 4575 1428 4631 llmc
1468 4587 1643 4631 autem
1670 4577 1795 4645 duo,
1822 4578 1875 4632 id
1898 4587 2001 4646 est,

425 4678 615 4731 corpus
664 4672 719 4719 et
759 4665 896 4730 vita,
942 4681 1058 4734 quae
1113 4665 1326 4736 quidem
1376 4675 1635 4722 creatura:
1685 4668 2005 4738 deputantur

429 4751 572 4825 (nam
590 4753 921 4808 etCreatoris
946 4755 1112 4823 ipsius
1140 4756 1246 4810 vita
1270 4756 1480 4824 dicitur,
1505 4766 1560 4813 et
1588 4774 1651 4814 ea
1674 4774 1879 4814 summa
1895 4760 2003 4815 vita

424 4843 528 4916 est)
548 4862 562 4898 :
583 4844 694 4898 istm
723 4844 878 4914 igitur
901 4838 1018 4898 duae
1038 4856 1296 4901 creaturae
1324 4863 1518 4918 corpus
1544 4859 1597 4905 et
1616 4850 1719 4904 vita
1746 4852 1999 4921 quoniam

424 4934 720 4990 formabilia
776 4943 927 5001 sunt,
984 4936 1139 4991 sicuti
1191 4940 1435 5008 superius
1488 4940 1624 4995 dicta
1672 4941 1998 5011 docuerunt,

424 5025 722 5094 amissaque
746 5025 962 5079 omnino
1000 5024 1168 5080 forma
1203 5028 1255 5081 in
1297 5028 1519 5083 nihilum
1560 5031 1825 5099 recidunt,
1873 5033 2002 5088 satis

425 5115 709 5173 ostendunt
751 5131 809 5170 se
837 5132 900 5171 ex
942 5117 1028 5173 illa
1058 5117 1225 5172 forma
1266 5120 1580 5187 subsistere,
1624 5139 1743 5193 quae
1792 5138 2004 5193 semper

424 5210 684 5282 ejusmodi
700 5219 799 5266 est.
822 5210 1175 5279 Quamobrem
1196 5223 1618 5285 quantacumque
1636 5215 1797 5284 bona,
1816 5233 2003 5288 quam-

423 5301 504 5359 vis
540 5318 748 5373 magna,
790 5304 1029 5373 quamvis
1075 5305 1312 5375 minima,
1342 5308 1442 5362 nisi
1471 5323 1537 5363 ex
1580 5310 1690 5365 Deo
1740 5326 1861 5367 esse
1893 5328 2001 5368 non

426 5401 665 5465 possunt.
696 5394 832 5461 Quid
863 5394 1007 5450 enim
1035 5396 1206 5466 majus
1230 5398 1284 5452 in
1309 5400 1565 5454 creaturis
1594 5416 1751 5471 quam
1790 5404 1893 5457 vita
1921 5405 2002 5458 in-

425 5486 683 5556 telligens,
723 5494 812 5541 aut
837 5487 963 5556 quid
1012 5489 1188 5544 minus
1216 5500 1390 5560 potest
1426 5507 1545 5547 esse
1585 5508 1744 5563 quam
1766 5498 2001 5567 corpus?

427 5577 555 5644 Qua:
592 5579 977 5647 quantumlibet
1018 5581 1305 5651 deficiant,
1349 5593 1404 5639 et
1444 5600 1508 5641 eo
1539 5586 1758 5641 tendant
1798 5596 1857 5642 ut
1896 5603 2000 5643 non

426 5670 552 5737 sint,
594 5680 766 5727 tamen
797 5674 992 5744 aliquid
1032 5673 1220 5730 formae
1263 5677 1370 5732 illis
1398 5690 1658 5746 remanet,
1701 5689 1757 5735 ut
1789 5696 2000 5751 quoquo

425 5761 588 5831 modo
616 5764 737 5818 sint.
777 5766 1037 5838 Quidquid
1066 5778 1241 5826 autem
1285 5771 1468 5827 forma:
1496 5774 1720 5844 cuipiam
1751 5775 1829 5830 rei
1864 5775 1997 5830 defi-

424 5852 585 5911 cienti
612 5868 878 5927 remanet;
906 5875 973 5916 ex
996 5861 1085 5917 illa
1113 5861 1280 5920 forma
1305 5874 1385 5922 est
1410 5881 1527 5937 quae
1547 5868 1716 5924 nescit
1741 5867 1995 5937 deﬁcere,

1755 416 1954 471 LIBER
1992 410 2367 469 SECUNDUS.

3538 425 3677 485 1266

2099 539 2377 599 motusque
2404 531 2547 601 ipsos
2577 547 2754 588 rerum
2778 533 3138 591 deficientium
3170 538 3257 592 vel
3294 536 3677 608 proficientium

2099 621 2357 677 excedere
2384 638 2723 680 numerorum
2751 641 2966 680 suorum
2997 628 3139 698 leges
3182 643 3287 683 non
3334 630 3477 684 sinit.
3515 632 3678 698 Quid-

2098 713 2224 783 quid
2279 715 2437 784 igitur
2475 716 2737 772 laudabile
2778 719 3070 773 advertitur
3136 720 3189 773 in
3234 735 3409 774 rerum
3467 730 3675 788 natura,

2098 806 2210 861 sive
2230 808 2415 877 exigua
2440 809 2550 863 sive
2573 810 2748 879 ampla
2774 810 2928 865 laude
2948 811 3162 882 dignum
3185 811 3470 881 judicetur,
3495 813 3562 867 ad
3586 829 3663 868 ex»

2099 898 2530 955 cellentissimam
2560 908 2614 956 et
2639 902 2959 958 ineffabilem
2989 903 3196 958 laudem
3227 903 3561 959 referendum
3595 917 3679 962 est

2099 989 2399 1045 Conditoris
2434 1010 2446 1046 :
2482 992 2584 1048 nisi
2612 994 2737 1062 quid
2765 994 2928 1050 habes
2956 994 3023 1050 ad
3045 994 3179 1050 haec.

2098 1077 2321 1135 CAPUT
2372 1081 2845 1138 XVll|.—Libera
2882 1087 3112 1141 voluntas
3132 1088 3327 1141 tametsi
3373 1087 3441 1141 ad
3486 1088 3678 1143 malum

2240 1188 2387 1226 usum
2414 1175 2629 1229 converti
2657 1177 2828 1245 possit,
2859 1176 2912 1230 in
2940 1176 3080 1232 bonis
3109 1179 3420 1232 nunzeranda
3443 1188 3535 1233 est.

2170 1263 2259 1319 47.
2293 1264 2357 1319 E.
2387 1265 2526 1321 Satis
2556 1269 2683 1323 mihi
2708 1284 3017 1339 persuasum
3042 1285 3163 1326 esse
3184 1269 3375 1339 fateor,
3409 1281 3463 1328 et
3489 1287 3679 1343 quem-

2100 1355 2384 1412 admodum
2412 1360 2743 1415 manifestum
2774 1361 2884 1427 ﬁat,
2915 1370 3169 1432 quantum
3194 1362 3247 1417 in
3266 1363 3364 1419 hac
3394 1364 3499 1419 vita
3524 1372 3683 1435 atque

2102 1447 2239 1503 inter
2265 1449 2416 1516 tales,
2446 1450 2630 1519 quales
2658 1466 2756 1507 nos
2781 1469 2983 1521 sumus,
3014 1462 3206 1523 potest,
3250 1454 3414 1509 Deum
3448 1470 3587 1523 esse,
3624 1465 3678 1512 et

2101 1555 2167 1596 ex
2212 1541 2321 1597 Deo
2347 1556 2466 1598 esse
2489 1545 2666 1599 omnia
2691 1546 2827 1601 bona
2856 1564 2871 1600 :
2900 1546 3323 1618 quandoquidem
3355 1549 3532 1604 omnia
3562 1566 3680 1619 qua:

2101 1642 2244 1701 sunt,
2273 1634 2384 1690 sive
2411 1651 2530 1706 qua:
2556 1636 2855 1708 intelligunt
2878 1646 2932 1694 et
2956 1640 3143 1695 vivunt
3170 1648 3223 1695 et
3243 1651 3384 1707 sunt,
3416 1642 3527 1696 sive
3563 1658 3684 1712 qua:

2102 1732 2303 1781 tantum
2330 1726 2512 1781 vivunt
2537 1736 2592 1781 et
2616 1738 2758 1793 sunt,
2789 1730 2899 1785 sive
2922 1746 3041 1799 quae
3080 1740 3281 1785 tantum
3314 1739 3455 1795 sunt,
3481 1747 3544 1786 ex
3573 1732 3686 1788 Deo

2100 1826 2244 1872 sunt.
2272 1817 2422 1874 Nunc
2443 1818 2550 1889 jam
2577 1821 2786 1875 tertiam
2815 1822 3161 1897 quaestionem
3184 1822 3481 1891 videamus,
3506 1833 3685 1880 utrum
3755 1832 3787 1891 3

2102 1907 2336 1978 expediri
2368 1910 2552 1979 possit,
2575 1910 2712 1965 inter
2736 1910 2874 1966 bona
2900 1926 3020 1967 esse
3051 1914 3430 1968 numerandam
3455 1915 3679 1970 liberam

2102 1998 2447 2055 voluntatem.
2490 2002 2606 2069 Quo
2634 2002 3014 2070 demonstrato,
3045 2005 3162 2060 sine
3198 2004 3525 2060 dubitatione
3560 2021 3689 2060 con-

2102 2092 2287 2149 cedam
2327 2095 2495 2150 Deum
2530 2095 2741 2151 dedisse
2769 2096 2922 2151 nobis
2947 2111 3086 2162 eam,
3114 2096 3338 2166 darique
3363 2097 3685 2166 oportuisse.

2103 2186 2167 2240 Α.
2198 2188 2341 2243 Bene
2378 2188 2664 2243 meministi
2689 2190 2978 2258 pr0posita,
3024 2198 3078 2244 et
3115 2190 3402 2245 secundam
3434 2190 3688 2259 quaestio-

2104 2291 2232 2332 nem
2256 2278 2365 2347 jam
2407 2279 2722 2347 explicatam
2757 2279 3044 2348 vigilanter
3082 2281 3499 2335 animadvertisti
3538 2298 3550 2333 :
3594 2280 3690 2335 sed

2103 2367 2286 2424 videre
2334 2369 2561 2424 debuisti
2603 2370 2762 2424 etiam
2813 2370 2967 2425 istam
3022 2372 3231 2425 tertiam
3273 2371 3381 2440 jam
3437 2372 3687 2426 solutam.

2105 2459 2391 2529 Pr0pterea
2428 2461 2620 2531 quippe
2663 2462 2755 2515 tibi
2794 2462 2960 2516 videri
3000 2462 3231 2526 dixeras,
3282 2462 3397 2517 dari
3448 2479 3549 2516 non
3591 2462 3690 2517 de-

2104 2550 2284 2607 buisse
2322 2553 2545 2607 liberum
2573 2554 2854 2608 voluntatis
2881 2554 3177 2619 arbitrium,
3210 2554 3351 2624 quod
3375 2570 3439 2609 eo
3466 2555 3688 2624 quisque

2108 2650 2310 2711 peceat.
2342 2644 2435 2697 (lui
2464 2644 2742 2698 sententia:
2769 2653 2871 2698 tuae
2899 2658 3019 2698 cum
3059 2659 3157 2714 ego
3201 2644 3515 2707 intulisscm,
3550 2651 3693 2698 recte

2105 2731 2220 2788 fieri
2233 2748 2340 2790 non
2357 2749 2535 2808 posse,
2552 2734 2654 2793 nisi
2670 2733 2861 2792 eodem
2874 2734 3043 2791 libero
3060 2735 3340 2790 voluntatis
3356 2735 3575 2788 arbitrio
3591 2733 3693 2806 (a),

2106 2838 2265 2901 atque
2293 2833 2358 2886 ad
2404 2832 2455 2887 id
2498 2834 2673 2902 potius
2717 2832 2820 2889 hoc
2849 2834 3015 2888 Deum
3043 2834 3255 2889 dedisse
3293 2842 3694 2899 asseverarem;

2106 2924 2427 2994 respondisti
2475 2925 2695 2979 liberam
2742 2926 3066 2981 voluntatem
3121 2928 3190 2980 ita
3240 2927 3391 2981 nobis
3434 2919 3547 2980 dari
3591 2919 3690 2981 dc-

2108 3013 2306 3080 buisse,
2338 3023 2396 3069 ut
2417 3016 2617 3085 justitia
2648 3017 2769 3071 data
2796 3026 2896 3083 est,
2938 3034 3041 3088 qua
3060 3034 3215 3074 nemo
3246 3019 3345 3072 nisi
3395 3028 3538 3073 recte
3565 3026 3687 3087 pot-

2109 3116 2190 3162 est
2218 3108 2314 3161 uti.
2343 3109 2472 3175 Quae
2494 3110 2771 3178 responsio
2793 3118 2877 3163 tua
2894 3110 2945 3163 in
2972 3118 3147 3165 tantos
3175 3110 3426 3165 circuitus
3451 3110 3689 3178 disputa-

2109 3197 2269 3252 tionis
2308 3214 2407 3253 nos
2452 3200 2528 3253 ire
2576 3200 2848 3269 compulit,
2893 3201 3083 3270 quibus
3130 3201 3224 3255 tibi
3256 3202 3600 3271 probaremus
3641 3209 3695 3256 et

2108 3289 2307 3359 majora
2338 3298 2391 3343 et
2433 3290 2638 3344 minora
2668 3291 2803 3345 bona
2844 3308 2949 3346 non
2986 3306 3105 3346 esse
3129 3292 3229 3345 nisi
3268 3308 3333 3345 ex
3366 3292 3492 3345 Deo.
3542 3290 3696 3356 Quod

2108 3396 2215 3435 non
2246 3389 2351 3434 tam
2378 3380 2605 3435 dilucide
2633 3372 2839 3436 ostendi
2880 3390 3077 3450 posset,
3116 3381 3218 3435 nisi
3256 3381 3401 3449 prius
3440 3380 3695 3434 adversus

2109 3472 2391 3540 opiniones
2419 3473 2592 3539 impia:
2621 3473 2876 3537 stultitiae,
2908 3489 3011 3542 qua
3040 3472 3168 3527 dicit
3191 3472 3444 3541 insipiens
3462 3472 3516 3526 in
3532 3471 3695 3527 corde

2107 3576 2225 3630 suo,
2259 3562 2381 3617 Non
2401 3573 2473 3618 est
2501 3562 2638 3617 Deus
2669 3562 2840 3634 (Psal.
2885 3579 3001 3630 xm,
3024 3563 3101 3635 l),
3128 3564 3523 3634 qualiscumque
3552 3563 3617 3618 de
3637 3579 3697 3618 re

2108 3661 2253 3708 tanta
2292 3669 2390 3724 pro
2414 3655 2629 3709 modulo
2656 3665 2839 3709 nostro
2877 3656 3002 3709 inita
3042 3655 3198 3721 ratio,
3226 3655 3413 3711 eodem
3442 3656 3558 3725 ipso
3588 3656 3697 3710 Deo

2108 3745 2162 3801 in
2189 3755 2293 3801 tam
2324 3746 2625 3817 periculoso
2660 3748 2847 3803 itinere
2876 3749 3027 3804 nobis
3051 3749 3365 3818 opitulante,
3402 3750 3456 3802 in
3493 3749 3692 3819 aliquid

2107 3839 2445 3894 manifestum
2502 3840 2881 3896 intenderetur.
2923 3840 3052 3907 Qum
3103 3840 3209 3895 duo
3254 3848 3450 3907 tamen,
3485 3841 3536 3894 id
3582 3850 3689 3907 est,

2109 3928 2278 3984 Deum
2303 3946 2443 3999 esse,
2472 3941 2525 3986 et
2567 3931 2743 3986 omnia
2791 3931 2928 3985 bona
2970 3948 3035 3985 ex
3088 3932 3203 4000 ipso
3229 3946 3366 3998 esse,
3392 3946 3693 4001 quanquam

2108 4019 2421 4075 inconcussa
2450 4021 2555 4076 fide
2575 4022 2733 4076 etiam
2755 4030 2907 4076 antea
2932 4030 3255 4087 tenerentur,
3283 4022 3360 4076 sic
3387 4031 3559 4076 tamen
3584 4029 3691 4075 tra-

2107 4120 2245 4165 ctata
2285 4120 2429 4177 sunt,
2463 4121 2519 4166 ut
2568 4113 2668 4167 hoc
2697 4128 2908 4182 quoque
2950 4112 3184 4177 tertium,
3227 4113 3365 4167 inter
3407 4112 3543 4167 bona
3574 4126 3694 4167 esse

2054 4220 2067 4223 ν
2109 4202 2486 4257 numerandam
2511 4204 2733 4259 liberam
2758 4204 3106 4270 voluntatem,
3132 4202 3559 4259 manifestissime
3596 4218 3692 4273 ap-

2109 4303 2311 4361 pareat.

2178 4386 2267 4439 48.
2306 4386 2420 4439 Jam
2465 4386 2603 4439 enim
2640 4387 2915 4455 superiore
2944 4387 3325 4456 disputatione
3368 4387 3689 4458 patefactum

2108 4482 2209 4542 est,
2232 4475 2574 4545 constititque
2599 4477 2737 4530 inter
2758 4492 2876 4543 nos,
2912 4486 3150 4532 naturam
3180 4480 3418 4549 corporis
3442 4481 3692 4539 inferiore

2106 4567 2271 4637 gradu
2298 4583 2417 4622 esse
2446 4582 2603 4637 quam
2628 4569 2790 4622 animi
2820 4578 3091 4635 naturam,
3110 4586 3173 4625 ac
3202 4587 3296 4641 per
3321 4573 3423 4628 hoc
3450 4575 3689 4630 animum

2106 4659 2277 4729 majus
2306 4658 2503 4713 bonum
2546 4674 2666 4714 esse
2693 4676 2849 4729 quam
2878 4676 3091 4732 corpus.
3124 4662 3179 4718 Si
3216 4679 3341 4734 ergo
3366 4664 3420 4720 in
3448 4668 3690 4735 corporis

2107 4747 2260 4804 bonis
2305 4748 2601 4803 invenimus
2643 4750 2816 4820 aliqua
2846 4751 3035 4820 quibus
3079 4768 3182 4807 non
3232 4764 3376 4808 recte
3420 4756 3497 4809 uti
3527 4755 3687 4812 homo

2105 4841 2293 4912 possit,
2325 4856 2426 4897 nec
2455 4850 2629 4897 tamen
2660 4850 2940 4912 propterea
2969 4843 3197 4899 dicimus
3227 4859 3331 4899 non
3356 4861 3418 4900 ea
3448 4846 3561 4901 dari
3590 4848 3687 4904 de-

2105 4932 2305 5000 buisse,
2336 4933 2584 5003 quoniam
2626 4948 2745 4989 esse
2769 4934 3085 4989 confitemur
3119 4935 3286 4999 bona;
3317 4935 3444 5004 quid
3494 4937 3687 4993 mirum

2106 5024 2151 5079 si
2179 5035 2234 5079 et
2260 5024 2317 5079 in
2345 5024 2523 5078 animo
2557 5031 2680 5078 sunt
2704 5024 2945 5093 quadam
2974 5023 3131 5089 bona,
3164 5025 3537 5094 quibus‘etiam
3578 5042 3686 5083 non

2105 5124 2250 5172 recte
2275 5117 2347 5170 uti
2374 5116 2657 5184 possimus,
2685 5116 2779 5170 scd
2806 5116 2925 5184 quia
2951 5115 3088 5170 bona
3111 5126 3252 5181 sunt,
3273 5133 3378 5173 non
3402 5128 3690 5187 potuerunt

2105 5209 2219 5264 dari
2248 5209 2346 5262 nisi
2367 5209 2433 5263 ab
2461 5209 2552 5263 illo
2587 5224 2617 5262 a
2646 5224 2748 5278 quo
2778 5218 2901 5263 sunt
2924 5210 3100 5264 omnia
3137 5211 3318 5266 bona?
3349 5211 3507 5267 Vides
3542 5213 3686 5270 enim

2105 5308 2357 5370 quantum
2388 5301 2512 5355 boni
2541 5300 2679 5355 desit
2706 5301 2912 5369 corpori
2943 5302 3027 5356 cui
3054 5301 3249 5356 desunt
3276 5317 3485 5368 manus,
3510 5312 3567 5359 et
3596 5312 3682 5359 ta-

2105 5408 2227 5447 men
2255 5392 2497 5445 manibus
2532 5392 2668 5446 male
2712 5392 2873 5446 utitur
2908 5391 2997 5462 qui
3040 5394 3118 5447 eis
3146 5402 3397 5462 operatur
3424 5394 3506 5449 vel
3540 5410 3684 5451 saeva

2104 5483 2185 5537 vel
2215 5483 2403 5551 turpia.
2434 5482 2560 5536 Sine
2585 5481 2807 5551 pedibus
2835 5482 3062 5552 aliquem
3091 5483 3137 5537 si
3168 5486 3452 5553 aspiceres,
3493 5484 3684 5543 fatere-

2104 5575 2179 5630 ris
2202 5574 2389 5629 dccsse
2419 5575 2701 5645 integritati
2742 5575 2980 5644 corporis
3022 5576 3306 5645 plurimum
3355 5577 3581 5646 bonum;
3627 5590 3683 5635 et

2104 5678 2279 5726 tamen
2307 5686 2428 5725 eum
2469 5670 2559 5739 qui
2602 5669 2669 5723 ad
2712 5669 3008 5724 nocendum
3044 5670 3289 5741 cuipiam,
3324 5671 3405 5726 vel
3447 5671 3682 5742 seipsum

2104 5758 2557 5817 dehonestandum
2600 5759 2820 5829 pedibus
2862 5768 3127 5829 uteretur,
3168 5763 3306 5819 male
3342 5764 3418 5819 uti
3458 5762 3683 5834 pedibus

2166 5876 2240 5939 (a)
2264 5877 2365 5926 vid.
2392 5883 2595 5928 Retract.
2620 5876 2704 5927 lib.
2732 5878 2778 5939 l,
2801 5890 2907 5940 cap.
2932 5876 2983 5941 9,
3004 5890 3054 5927 ιι.
3079 5876 3128 5928 3.
