4118 6370
376 1144 407 1213 ιτὶ

369 1200 407 1295 Α

468 418 610 478 “67

467 551 577 593 non
605 548 848 608 negares.
891 535 1070 592 Oculis
1111 534 1250 590 bene
1292 534 1462 589 lucem
1503 531 1777 599 videmus,
1819 530 2047 586 formas-

466 642 571 700 que
609 627 1017 685 internoseimus
1061 641 1375 698 corporum;
1424 625 1583 696 idque
1624 631 1677 679 et
1718 622 2049 693 speciosissi-

464 736 614 778 mum
640 722 802 777 estin
846 728 1028 776 nostro
1053 734 1294 789 corpore,
1325 719 1463 774 unde
1491 719 1541 772 in
1577 716 1782 786 fastigio
1820 714 2044 785 quodam

467 815 737 886 dignitatis
776 814 891 868 haec
930 812 1164 867 membra
1208 813 1376 865 locata
1420 820 1572 877 sunt;
1621 817 1674 864 et
1716 808 1780 863 ad
1821 808 2043 861 salutem

464 907 738 969 tuendam,
782 906 1050 975 multaque
1095 905 1194 958 alia
1234 904 1354 959 vitae
1397 903 1674 959 commoda
1719 902 1881 957 refert
1917 914 2045 955 usus

464 998 736 1054 oculorum
762 1014 775 1050 :
805 996 971 1052 oculis
995 1003 1171 1050 tamen
1201 996 1437 1066 plerique
1470 996 1718 1066 pleraque
1746 1001 1904 1063 agunt
1931 1001 2043 1045 tur-

382 1089 398 1155 ;L
462 1089 622 1158 piter,
649 1095 704 1143 et
732 1100 823 1141 eos
846 1086 1075 1141 militare
1104 1096 1298 1156 cogunt
1325 1086 1548 1141 libidini.
1595 1085 1662 1139 Et
1699 1084 1847 1139 vides
1876 1099 2044 1154 quan-

461 1188 576 1234 tum
615 1178 811 1234 bonum
851 1176 988 1233 desit
1024 1178 1077 1232 in
1117 1177 1271 1241 facie,
1299 1178 1343 1233 si
1387 1177 1523 1233 oeuli
1548 1176 1723 1232 desint
1752 1193 1765 1228 :
1797 1191 1917 1230 cum
1942 1190 2041 1230 au-

460 1279 569 1324 tetu
602 1268 816 1335 adsunt,
857 1268 974 1339 quis
1002 1269 1101 1324 hos
1126 1268 1293 1334 dedit,
1347 1269 1448 1323 nisi
1497 1269 1756 1324 bonorum
1803 1266 2041 1320 omnium

458 1361 675 1433 largitor
702 1360 886 1417 Deus?
926 1359 1383 1429 Quemadmodum
1425 1376 1551 1430 ergo
1604 1360 1700 1414 ista
1745 1357 1938 1429 probas
1986 1358 2039 1413 in

457 1466 698 1523 corpore,
736 1460 791 1506 et
836 1467 941 1508 non
989 1452 1200 1508 intuens
1243 1466 1335 1507 eos
1365 1452 1452 1522 qui
1482 1450 1620 1505 male
1671 1451 1754 1504 his
1798 1457 2035 1516 utuntur,

456 1546 641 1601 laudas
666 1546 816 1600 illum
841 1547 931 1616 qui
960 1547 1076 1601 haec
1099 1545 1243 1601 dedit
1272 1545 1409 1599 bona
1444 1562 1456 1597 :
1498 1545 1573 1599 sic
1598 1544 1817 1598 liberam
1844 1543 2037 1597 volun-

456 1645 617 1694 tatem
644 1638 758 1693 sine
786 1652 892 1708 qua
926 1652 1085 1692 nemo
1125 1644 1295 1707 potest
1328 1644 1474 1692 recte
1500 1635 1700 1700 vivere,
1730 1640 1943 1703 oportet
1982 1638 2039 1688 et

453 1727 675 1797 bonum,
702 1739 755 1784 et
780 1730 1032 1785 divinitus
1055 1728 1258 1795 datum,
1300 1737 1354 1784 et
1383 1728 1558 1799 potius
1586 1741 1681 1783 eos
1706 1725 2034 1782 damnandos

458 1820 545 1891 qui
565 1820 672 1875 hoc
708 1820 849 1876 bono
892 1820 1031 1875 male
1071 1829 1310 1886 utuntur,
1342 1834 1501 1889 quam
1540 1834 1662 1873 eum
1710 1818 1799 1888 qui
1828 1817 2037 1873 dederit

454 1910 581 1967 dare
601 1926 709 1966 non
733 1911 982 1966 debuisse
1004 1911 1234 1966 fatearis.
1394 1901 1398 1905 ’

524 2004 612 2059 49.
653 2003 719 2058 Ε.
749 2003 905 2058 Prius
929 2018 1058 2073 ergo
1082 2003 1272 2058 vellem
1296 2010 1354 2056 ut
1378 2001 1506 2056 mitti
1541 2000 1794 2071 probares
1822 2000 2033 2072 aliquod

451 2094 650 2151 bonum
673 2109 792 2150 esse
822 2095 1042 2151 liberam
1080 2095 1425 2161 voluntatem,
1450 2102 1504 2148 et
1534 2108 1634 2164 ego
1671 2093 2030 2150 concederem

450 2185 787 2242 Domitiam
818 2184 1031 2239 dedisse
1058 2184 1230 2249 nobis,
1265 2184 1389 2254 quia
1418 2184 1584 2239 lateor
1624 2199 1691 2239 ex
1724 2185 1831 2240 Deo
1855 2186 2033 2240 omnia

447 2276 588 2334 bona
609 2292 746 2332 esse.
778 2277 841 2331 Α.
865 2277 1010 2331 itane
1030 2275 1243 2331 tandem
1267 2290 1371 2331 neu
1398 2275 1616 2344 probavi
1647 2276 1738 2330 tibi
1762 2284 1904 2331 tanto
1928 2292 2035 2331 mo-

446 2370 631 2426 limine
657 2369 946 2439 superioris
972 2369 1362 2438 diSputationis,
1388 2383 1511 2423 cum
1540 2383 1751 2423 omnem
1798 2370 2031 2440 speciem

447 2462 781 2531 formamque
802 2461 1043 2531 corporis
1066 2474 1098 2515 a
1124 2474 1331 2515 summa
1360 2459 1596 2514 omnium
1620 2475 1800 2515 rerum
1832 2460 2028 2527 forma,

446 2552 504 2609 id
529 2561 612 2609 est
644 2567 676 2610 ι
704 2552 947 2619 veritate,
979 2552 1269 2606 subsistere
1306 2550 1568 2616 fatereris,
1595 2560 1649 2606 et
1690 2550 1886 2605 bonum
1911 2566 2031 2607 esse

449 2642 811 2700 concederes?
840 2642 970 2697 Nam
991 2650 1051 2701 et
1077 2642 1301 2712 capillos
1323 2651 1534 2697 nostros
1556 2649 1861 2698 numeratos
1886 2657 2023 2709 esse,

446 2738 559 2809 ipsa
580 2738 635 2793 in
658 2738 946 2807 Evangelia
968 2736 1202 2806 loquitur
1228 2735 1434 2791 Veritas
1468 2735 1677 2810 (Matth.
1706 2752 1760 2804 ιι,
1800 2735 1910 2809 50).
1954 2737 2030 2793 De

443 2830 654 2886 numeri
684 2838 859 2883 autem
899 2829 1225 2893 summitate,
1256 2836 1309 2883 et
1345 2843 1373 2880 a
1416 2829 1521 2881 line
1556 2842 1719 2897 usque
1758 2827 1823 2881 ad
1867 2827 2027 2883 tinem

444 2920 795 2991 pertendente
809 2919 1061 2988 potentia,
1077 2933 1194 2988 quae
1209 2918 1371 2973 locuti
1384 2918 1660 2981 fuerimus,
1676 2916 1870 2972 excidit
1898 2919 1986 2975 tibi
2004 2920 2028 2973 ?

444 3014 574 3083 Quae
597 3013 758 3083 igitur
780 3013 881 3067 ista
916 3020 997 3067 est
1028 3020 1179 3066 tanta
1206 3011 1542 3082 perversitas,
1570 3010 1790 3079 capillos
1817 3021 2027 3067 nostros

449 3108 693 3178 quamvis
717 3108 855 3161 inter
891 3105 1081 3176 exigua
1108 3115 1162 3160 et
1177 3107 1393 3161 omnino
1432 3105 1815 3175 abjectissima,
1847 3114 2025 3160 tamen

443 3201 585 3256 inter
620 3201 763 3255 bona
809 3214 1113 3266 numerare,
1161 3214 1259 3254 nec
1288 3197 1525 3253 invenire
1565 3199 1648 3251 cui
1697 3198 1897 3252 auctori
1926 3197 2025 3251 tri-

441 3293 673 3350 buantur
695 3293 796 3348 nisi
820 3294 1082 3348 bonorum
1105 3291 1339 3347 omnium
1369 3288 1631 3345 conditori
1658 3290 1786 3354 Deo,
1816 3290 1936 3359 quia
1972 3296 2027 3344 et

442 3387 672 3442 maxima
698 3396 753 3441 et
774 3385 989 3439 minima
1020 3385 1155 3438 bona
1184 3384 1252 3445 ab
1278 3382 1369 3436 illo
1390 3388 1533 3447 sunt,
1568 3395 1597 3434 a
1639 3396 1744 3451 quo
1765 3388 1847 3435 est
1866 3395 2025 3436 omne

441 3478 677 3542 bonum;
723 3486 778 3532 et
817 3466 1063 3531 dubitare
1109 3473 1178 3528 de
1222 3472 1389 3527 libera
1430 3472 1720 3538 voluntate,
1771 3471 1885 3526 sine
1922 3486 2024 3542 qua

441 3579 590 3625 recte
617 3569 720 3624 viui
751 3584 855 3624 non
904 3580 1061 3638 posse
1096 3564 1415 3630 concedunt,
1462 3564 1618 3619 etiam
1667 3566 1755 3635 qui
1794 3566 2024 3634 pessime

440 3661 657 3716 vivunt?
676 3662 747 3716 Et
771 3668 915 3716 certe
945 3672 1085 3713 nunc
1110 3656 1394 3727 reaponde,
1414 3672 1616 3726 quaeso,
1643 3655 1765 3727 quid
1796 3656 1886 3711 tibi
1914 3672 2025 3712 me-

441 3750 546 3805 lius
576 3764 696 3806 esse
724 3750 967 3805 videatur
989 3749 1041 3803 in
1070 3748 1243 3813 nobis,
1260 3747 1380 3802 sine
1404 3762 1510 3817 quo
1531 3756 1674 3802 recte
1694 3747 1798 3801 vivi
1825 3755 2021 3817 potest,

441 3858 510 3898 an
536 3844 652 3898 sine
675 3858 779 3912 quo
808 3850 954 3897 recte
990 3841 1094 3896 vivi
1124 3856 1227 3895 non
1257 3848 1446 3910 potest.
1587 3839 1814 3909 Jamjam
1840 3854 2021 3909 parce,

442 3949 652 4005 quasso;
679 3934 843 4004 pudet
870 3933 1140 3987 caecitatis.
1173 3931 1300 3998 Quis
1343 3931 1483 3986 enim
1527 3931 1756 3999 ambigat
1786 3930 1837 3984 id
1868 3931 2025 4000 longe

441 4040 559 4079 esse
572 4027 929 4095 prmstautius,
946 4024 1062 4077 sine
1088 4038 1192 4092 quo
1218 4031 1360 4077 recta
1386 4022 1492 4075 vita
1519 4022 1662 4075 nulla
1692 4022 1805 4075 est?
1830 4022 2023 4077 AJam

440 4122 570 4187 ergo
606 4126 657 4171 tu
694 4117 909 4186 negabis
935 4117 1138 4170 luscum
1172 4114 1439 4168 hominem
1468 4122 1612 4167 recte
1638 4127 1793 4183 posse
1815 4115 2027 4169 vivere?

444 4208 511 4263 Ε.
541 4208 692 4263 Absit
722 4206 1103 4259 tam‘immanis
1128 4205 1381 4257 amentia.
1418 4206 1483 4257 Α.
1513 4202 1643 4257 Cum
1670 4218 1799 4273 ergo
1824 4205 1877 4258 in
1903 4219 2025 4259 cor-

442 4314 574 4369 pore
624 4297 836 4351 oculum
888 4296 1149 4350 concedas
1204 4310 1322 4349 esse
1365 4295 1577 4364 aliquod
1624 4294 1821 4349 bonum
1853 4338 1867 4361 ,
1921 4313 2028 4367 quo

442 4390 641 4444 amisso
666 4398 838 4443 tamen
866 4388 932 4443 ad
958 4397 1099 4443 recte
1129 4380 1408 4441 vivendum
1437 4402 1541 4441 non
1571 4387 1897 4455 impeditur;
1926 4404 2024 4443 vo-

443 4482 620 4536 luntas
658 4482 819 4535 libera
852 4481 945 4536 tibi
984 4478 1249 4534 videbitur
1292 4478 1493 4532 nullum
1523 4478 1741 4544 bonum,
1772 4480 1891 4534 sine
1923 4496 2024 4549 qua

444 4582 590 4629 recte
616 4586 773 4627 nemo
797 4572 961 4625 vivit?

514 4662 603 4720 50.
636 4663 861 4717 Intueris
888 4662 1028 4715 enim
1047 4660 1325 4729 justitiam,
1349 4675 1450 4730 qua
1485 4675 1643 4716 nemo
1666 4662 1804 4718 male
1839 4663 2021 4718 utitur.

442 4754 569 4810 Haec
589 4754 729 4809 inter
758 4768 962 4807 summa
990 4752 1126 4806 bona
1158 4767 1272 4820 qua:
1301 4752 1351 4805 in
1380 4752 1494 4820 ipso
1520 4761 1644 4807 sunt
1687 4754 1897 4809 homine
1923 4771 2023 4809 nuo

444 4853 701 4909 meretur,
735 4859 1026 4913 omnesque
1064 4844 1289 4897 virtutes
1310 4843 1470 4897 animi
1507 4845 1698 4913 quibus
1729 4846 1839 4914 ipsa
1882 4854 2025 4901 recta

442 4941 549 4995 vita
572 4949 629 4995 et
659 4940 879 4993 honesta
906 4944 1130 4992 constat.
1168 4936 1296 4990 Nam
1324 4952 1495 5005 neque
1521 4936 1818 5005 prudentia,
1854 4953 2025 5008 neque

442 5030 773 5096 fortitudine,
807 5044 978 5097 neque
1008 5027 1359 5098 temperantia
1402 5027 1539 5081 male
1568 5028 1685 5096 quis
1715 5028 1880 5081 utitur
1910 5046 1923 5081 :
1972 5030 2024 5083 in

442 5122 528 5177 his
552 5121 694 5177 enim
719 5119 988 5186 omnibus,
1019 5118 1155 5173 sicut
1185 5118 1235 5171 in
1268 5118 1378 5187 ipsa
1417 5117 1576 5171 etiam
1606 5132 1763 5187 quam
1790 5126 1843 5172 tu
1873 5132 2024 5173 com-

442 5212 748 5269 memorasti
776 5210 996 5281 justitia,
1025 5218 1164 5265 recta
1192 5210 1328 5265 ratio
1349 5209 1510 5281 viget,
1540 5209 1653 5264 sine
1676 5225 1777 5279 qua
1803 5210 2025 5267 virtutes

444 5319 565 5360 esse
584 5319 689 5359 non
718 5311 954 5374 possunt.
984 5301 1149 5357 Recta
1173 5310 1350 5357 autem
1371 5302 1575 5357 ratione
1602 5302 1742 5356 male
1763 5303 1839 5357 uti
1866 5318 2025 5360 nemo

447 5404 639 5464 potest.
1440 5450 1460 5471 .

446 5486 670 5543 CAPUT
715 5486 857 5542 XIX.
881 5518 951 5528 —-
972 5486 1115 5542 Bona
1139 5504 1344 5559 magna,
1372 5488 1605 5555 miniata,
1649 5496 1695 5541 et
1724 5488 1908 5542 media.
1957 5487 2023 5543 In

898 5579 1073 5632 mediis
1102 5588 1326 5633 censetur
1354 5577 1573 5632 libertas.

518 5669 621 5725 lata
641 5684 770 5740 ergo
784 5684 971 5739 magna
996 5671 1130 5727 bona
1158 5681 1279 5725 sunt
1302 5688 1313 5724 :
1344 5670 1435 5726 sed
1464 5670 1767 5725 meminisse
1791 5679 1840 5726 te
1866 5686 2025 5741 opor-

447 5770 680 5827 tet,vuon
711 5760 882 5814 solum
912 5775 1118 5830 magna,
1148 5762 1238 5815 sed
1289 5762 1445 5817 etiam
1480 5763 1695 5815 minima
1738 5764 1873 5816 bona
1918 5780 2022 5816 non

442 5868 563 5910 esse
584 5866 762 5924 posse,
786 5850 889 5905 nisi
910 5850 976 5905 ab
996 5852 1085 5913 ilio
1100 5866 1139 5911 ,α
1166 5868 1271 5925 quo
1294 5861 1417 5917 sunt
1437 5852 1611 5913 ominis
1632 5854 1790 5920 bona,
1823 5853 1922 5909 hoc
1941 5861 2024 5923 cst

1496 416 1582 471 DE
1621 413 1872 472 LIBERO
1910 410 2253 481 ARBITRIO,
2292 412 2348 471 δ.
2390 414 2755 474 AUGUSTINI

3158 482 3181 487 η
3369 464 3457 504 ,ί
3599 426 3738 491 isse

2158 528 2291 586 Deo.
2315 528 2372 586 id
2397 532 2538 588 enim
2562 516 2813 604 superiori
2828 515 3553 608 ᾶίἐρἷιέθὶἰῖᾖθιειιιιςίῐξιέιιί
3578 527 3739 603 toties

2155 628 2367 691 tamque
2387 623 2537 679 laetus
2564 640 2816 682 assensus
2838 642 2917 683 es.
2938 627 3173 685 Virtutes
3194 629 3352 701 igitur
3372 632 3565 704 quibus
3590 645 3736 695 recte
3790 657 3803 673 ι

2154 714 2366 780 vivitur,
2391 732 2577 787 magna
2594 718 2732 774 bona
2761 728 2885 775 sunt
2911 739 2924 775 :
2948 722 3153 793 species
3181 732 3354 780 autem
3381 728 3732 796 quorumlibet

2153 820 2456 877 corporum,
2490 811 2607 865 sine
2630 812 2821 881 quibus
2846 823 2987 869 recte
3007 815 3109 869 vivi
3133 826 3325 887 potest,
3355 820 3574 875 minima
3594 821 3733 880 bona

2153 907 2311 951 sunt:
2348 902 2596 968 potentia)
2623 918 2749 957 vero
2779 904 2939 958 animi
2968 905 3084 962 sine
3106 907 3294 977 quibus
3328 918 3471 966 recte
3501 912 3605 965 vivi
3629 929 3735 970 non

2152 994 2345 1056 potest,
2367 990 2537 1045 media
2558 992 2692 1047 bona
2716 1002 2856 1049 sunt.
2879 995 3168 1052 Virtutibus
3194 1014 3350 1055 nemo
3372 1001 3510 1057 male
3532 1004 3730 1061 utitur:

2149 1082 2357 1147 caneris
2381 1093 2554 1139 autem
2578 1085 2749 1154 bonis,
2776 1087 2828 1142 id
2853 1096 2953 1155 est,
2977 1088 3166 1145 mediis
3181 1098 3233 1146 et
3248 1093 3500 1162 minimis,
3525 1112 3631 1151 non
3648 1112 3735 1153 so-

2150 1172 2259 1229 lum
2286 1174 2442 1242 bene,
2474 1176 2566 1233 sed
2597 1179 2756 1233 etiam
2788 1180 2925 1236 male
2949 1182 3173 1253 quisque
3196 1184 3271 1237 uti
3298 1194 3490 1255 potest.
3520 1188 3587 1243 Et
3614 1189 3733 1246 ideo

2148 1264 2343 1322 virtute
2368 1283 2524 1323 nemo
2549 1270 2686 1326 male
2714 1271 2892 1339 utitur,
2924 1274 3046 1343 quia
3067 1289 3198 1345 opus
3221 1276 3431 1332 virtutis
3457 1290 3539 1335 est
3561 1280 3735 1339 bonus
3780 1280 3781 1283 “

2147 1371 2274 1412 usus
2320 1360 2561 1427 istorum,
2590 1363 2777 1432 quibus
2805 1366 2965 1419 etiam
3002 1381 3105 1421 non
3144 1367 3281 1423 bene
3309 1369 3384 1423 uti
3427 1385 3728 1439 possumus.

2146 1447 2313 1505 Nemo
2327 1460 2501 1507 autem
2516 1453 2650 1511 bene
2663 1456 2859 1510 utendo
2872 1457 3012 1512 male
3025 1458 3203 1513 utitur.
3218 1459 3394 1527 Quare
3411 1462 3728 1523 abundantia

2145 1551 2200 1597 et
2216 1544 2521 1614 magnitudo
2534 1547 2783 1603 bonitatis
2796 1550 2887 1604 Dei
2907 1566 3013 1605 non
3033 1552 3202 1607 solum
3224 1567 3435 1623 magna,
3457 1556 3546 1611 sed
3562 1558 3723 1615 etiam

2145 1636 2320 1692 media
2348 1647 2401 1693 et
2428 1640 2641 1694 minima
2667 1641 2804 1696 bona
2832 1657 2951 1698 esse
2981 1645 3244 1712 praestitit.
3278 1646 3441 1717 Magis
3466 1648 3721 1707 laudanda

2145 1734 2227 1782 est
2251 1728 2456 1785 bonitas
2475 1730 2590 1800 ejus
2614 1732 2665 1785 in
2696 1734 2900 1803 magnis
2924 1750 3079 1805 quam
3107 1736 3164 1789 in
3207 1736 3416 1804 mediis,
3462 1749 3515 1794 et
3556 1743 3723 1813 magis

2144 1819 2198 1875 in
2224 1822 2411 1877 mediis
2435 1839 2591 1894 quam
2620 1825 2672 1879 in
2700 1827 2931 1881 minimis
2956 1827 3107 1883 bonis
3131 1845 3143 1880 :
3168 1828 3262 1884 sed
3287 1832 3453 1902 magis
3479 1832 3531 1887 in
3556 1835 3727 1889 omni-

2142 1909 2242 1967 bus
2268 1928 2427 1983 quam
2458 1915 2502 1968 si
2531 1932 2633 1969 non
2665 1918 2841 1971 omnia
2866 1918 3157 1974 tribuisset.

2213 2005 2299 2061 51.
2328 2006 2394 2061 E.
2425 2007 2719 2063 Assentior.
2750 2010 2853 2064 Sed
2881 2009 3009 2064 illud
3038 2026 3123 2065 me
3150 2019 3345 2079 movet,
3376 2014 3625 2083 quoniam
3653 2013 3723 2071 de

2142 2098 2304 2154 libera
2332 2102 2601 2155 voiuntate
2626 2104 2847 2171 qumstio
2882 2112 2982 2171 est,
3031 2112 3083 2158 et
3124 2104 3362 2159 videmus
3392 2106 3559 2178 ipsam
3583 2108 3721 2163 bene

2141 2192 2215 2244 uti
2240 2193 2446 2247 caeteris
2474 2194 2557 2248 vel
2594 2208 2701 2248 non
2740 2194 2897 2261 bene,
2942 2194 3209 2265 quomodo
3233 2204 3285 2249 et
3323 2196 3434 2266 ipsa
3467 2198 3604 2252 inter
3630 2198 3719 2252 illa

2140 2282 2329 2351 quibus
2351 2284 2544 2338 utimur
2562 2284 2885 2339 numeranda
2907 2286 2995 2341 sit.
3024 2286 3084 2339 Α.
3107 2286 3384 2354 Quomodo
3405 2289 3580 2343 omnia
3601 2304 3721 2360 qua:

2138 2372 2204 2426 ad
2243 2374 2513 2428 scientiam
2549 2376 2936 2445 cognoscimus,
2983 2378 3187 2431 ratione
3223 2379 3621 2448 cognoscimus,
3660 2388 3722 2436 et

2138 2473 2312 2521 tamen
2348 2469 2507 2522 etiam
2533 2465 2650 2538 ipsa
2678 2470 2813 2523 ratio
2849 2468 2988 2523 inter
3026 2469 3114 2523 illa
3142 2478 3447 2525 numeratur
3472 2486 3591 2541 quae
3628 2488 3723 2527 ra-

2138 2558 2280 2613 tione
2316 2559 2701 2629 cognoscimus.
2741 2560 2822 2613 An
2860 2560 3053 2614 oblitus
3095 2574 3172 2626 es,
3210 2576 3327 2615 cum
3355 2576 3722 2631 qumreremus

2135 2662 2254 2716 quae
2287 2649 2491 2703 ratione
2518 2658 2921 2720 cognoscantur,
2949 2650 3251 2705 confessum
3289 2661 3339 2706 te
3366 2651 3530 2707 fuisse
3556 2654 3721 2707 etiam

2134 2740 2390 2794 rationem
2413 2741 2614 2795 ratione
2634 2742 2915 2811 cognosci?
2938 2741 3057 2797 Noli
3084 2758 3209 2813 ergo
3231 2744 3411 2798 mirari
3441 2745 3484 2799 si
3510 2745 3719 2801 cretei-is

2134 2845 2231 2900 per
2258 2831 2475 2887 liber-am
2503 2832 2829 2887 voluntatem
2856 2834 3069 2898 utimur,
3096 2835 3258 2889 etiam
3287 2835 3399 2903 ipsa
3430 2836 3595 2891 libera
3621 2852 3715 2891 vo-

2134 2922 2333 2979 luntate
2360 2940 2455 2994 per
2475 2940 2591 2979 cam
2616 2925 2786 2995 ipsam
2810 2926 2889 2979 uti
2920 2941 3016 2981 nos
3046 2941 3231 2996 posse;
3251 2934 3307 2980 ut
3325 2928 3717 2997 quodammodo

2131 3028 2193 3070 se
2218 3015 2330 3085 ipsa
2362 3024 2541 3070 utatur
2565 3017 2804 3071 voluntas
2851 3032 2968 3087 qua:
3002 3017 3165 3071 utitur
3195 3018 3426 3083 creteris,
3464 3020 3600 3073 sicut
3622 3034 3714 3075 sc-

2131 3104 2300 3174 lpsam
2332 3107 2604 3177 cognoscit
2631 3108 2785 3174 ratio,
2816 3123 2933 3174 qua:
2962 3108 3229 3177 cognoscit
3255 3115 3311 3163 et
3337 3116 3553 3164 catera.
3580 3109 3713 3164 Nam

2132 3205 2186 3253 et
2218 3200 2471 3253 memoria
2500 3214 2606 3255 non
2636 3199 2807 3253 solum
2837 3210 3029 3254 caetera
3073 3200 3270 3267 omnia,
3312 3215 3429 3270 qua:
3467 3202 3713 3256 memini-

2131 3303 2248 3343 mus
2269 3289 2702 3359 comprehendit;
2731 3290 2823 3345 sed
2854 3291 3012 3345 etiam
3040 3290 3181 3360 quod
3219 3306 3326 3345 non
3355 3291 3714 3349 obliviscimur

2130 3394 2229 3434 nos
2250 3380 2446 3436 habere
2472 3383 2801 3450 memoriam,
2832 3384 2942 3454 ipsa
2961 3397 3019 3437 se
3048 3382 3302 3437 memoria
3323 3384 3715 3454 quodammodo

2132 3476 2276 3525 tenet
2319 3471 2371 3525 in
2417 3472 2587 3537 nobis,
2620 3487 2738 3542 qua:
2780 3487 2883 3526 non
2924 3473 3093 3527 solum
3136 3474 3383 3542 aliorum,
3425 3474 3519 3529 sed
3554 3476 3713 3530 etiam

2132 3566 2213 3619 sui
2252 3566 2510 3631 meminit,
2538 3566 2622 3621 vel
2664 3565 2836 3635 potius
2876 3581 2973 3621 nos
3011 3574 3066 3621 et
3090 3574 3280 3621 caetera
3309 3575 3363 3621 et
3404 3566 3570 3637 ipsam
3617 3582 3713 3637 per

2130 3657 2298 3725 ipsam
2333 3658 2689 3715 meminimus.

2204 3747 2292 3802 52.
2322 3748 2577 3803 Voluntas
2602 3762 2727 3817 ergo
2744 3764 2859 3818 qum
2880 3748 3109 3803 medium
3136 3749 3330 3804 bonum
3352 3757 3454 3816 est,
3483 3764 3601 3804 cum
3628 3749 3711 3806 in-

2132 3838 2300 3894 haeret
2326 3837 2745 3893 incommutabili
2786 3839 2946 3904 bono,
2978 3840 3135 3909 eique
3164 3841 3433 3894 communi
3458 3855 3560 3893 non
3588 3856 3711 3910 pro-

2131 3932 2269 4001 prio,
2307 3932 2458 3988 sicuti
2497 3940 2578 3987 est
2619 3933 2706 3986 illa
2747 3931 2815 3987 de
2850 3948 2953 4002 qua
2982 3934 3202 3987 multum
3234 3932 3394 3987 locuti
3423 3949 3623 4000 sumus,
3656 3940 3713 3988 et

2132 4024 2263 4079 nihil
2290 4024 2448 4095 digne
2481 4025 2729 4091 diximus,
2763 4027 2988 4091 veritas;
3028 4033 3173 4081 tenet
3199 4026 3360 4080 homo
3389 4027 3593 4081 beatam
3630 4027 3712 4079 vi-

2133 4122 2239 4170 tam
2265 4134 2277 4169 :
2312 4132 2478 4187 eaque
2506 4118 2615 4187 ipsa
2645 4117 2749 4171 vita
2776 4118 2925 4171 beata
2947 4158 2959 4181 ,
3002 4116 3052 4172 id
3081 4124 3161 4171 est
3188 4116 3351 4171 animi
3394 4116 3601 4171 affectio
3628 4117 3711 4170 in-

2133 4206 2387 4263 haerentis
2415 4208 2829 4262 incommutabili
2873 4208 3031 4275 bono,
3074 4210 3348 4279 proprium
3393 4216 3448 4263 et
3484 4209 3711 4278 primum

2134 4308 2215 4354 est
2251 4299 2478 4353 hominis
2506 4299 2722 4354 bonum.
2758 4299 2810 4353 In
2840 4314 2906 4353 eo
2931 4308 3054 4355 sunt
3076 4302 3234 4354 etiam
3260 4300 3482 4355 virtutes
3502 4316 3708 4367 omnes,

2134 4391 2323 4461 quibus
2348 4391 2489 4446 male
2515 4391 2590 4445 uti
2620 4405 2775 4446 nemo
2807 4400 2999 4460 potest.
3024 4390 3155 4445 Nam
3189 4391 3303 4445 hmo
3324 4392 3564 4460 quamvis
3593 4406 3677 4444 ma

2132 4496 2235 4551 gna
2276 4482 2330 4536 in
2381 4482 2593 4535 homine
2622 4490 2675 4535 et
2715 4482 2886 4550 prima
2929 4481 3059 4547 sint,
3105 4482 3318 4551 propria
3364 4491 3539 4536 tamen
3590 4497 3709 4536 esse

2134 4570 2542 4641 uniuscujusque
2576 4571 2834 4636 hominis,
2866 4586 2972 4626 non
2997 4573 3325 4637 communia,
3358 4572 3486 4626 satis
3512 4572 3706 4625 intelli-

2132 4661 2289 4731 gitur.
2322 4660 2556 4717 Veritate
2585 4662 2725 4716 enim
2756 4669 2913 4732 atque
2938 4660 3220 4731 sapientia,
3262 4678 3381 4733 quae
3414 4663 3707 4717 communis

2131 4763 2213 4808 est
2237 4753 2513 4818 omnibus,
2553 4768 2740 4808 omnes
2772 4755 3035 4823 sapientes
3070 4762 3122 4808 et
3161 4754 3299 4809 beati
3347 4756 3507 4822 liunt,
3547 4754 3682 4808 iuba:

2131 4845 2297 4899 reudo
2328 4844 2424 4905 illi.
2464 4844 2792 4899 Beatitudine
2815 4854 2991 4899 autem
3017 4845 3233 4899 alterius
3270 4846 3497 4899 hominis
3526 4861 3627 4898 non
3654 4846 3709 4898 lit

2132 4936 2265 4989 alter
2290 4935 2504 4997 beatus;
2540 4936 2660 5005 quia
2701 4944 2755 4989 et
2789 4950 2908 4993 cum
2938 4950 3059 4989 cum
3102 4935 3337 4989 imitatur
3375 4944 3432 4989 ut
3456 4937 3554 5001 sit,
3587 4935 3707 4989 inde

2132 5028 2331 5097 appetit
2355 5027 2537 5081 beatus
2567 5028 2699 5092 tieri,
2729 5027 2865 5081 unde
2895 5026 3041 5081 illum
3068 5025 3261 5081 factum
3290 5027 3465 5093 videt,
3499 5028 3583 5081 illa
3606 5044 3677 5081 sc.

2132 5116 2256 5171 licet
2320 5118 2732 5177 incommutabili
2790 5118 3163 5187 communique
3218 5119 3457 5172 veritate.
3527 5118 3705 5187 Neque

2132 5207 2406 5275 prudentia
2435 5207 2743 5277 cujusquam
2772 5207 2828 5261 lit
2852 5207 3081 5275 prudens
3106 5207 3268 5271 alius,
3298 5216 3389 5261 aut
3415 5206 3563 5261 fortis
3592 5205 3701 5260 for—

2132 5298 2373 5363 titudine,
2398 5308 2487 5352 aut
2507 5307 2808 5367 temperans
2824 5297 3191 5367 temperantia,
3209 5304 3301 5351 aut
3316 5299 3491 5367 justus
3506 5297 3705 5366 justitia

2131 5389 2360 5444 hominis
2404 5390 2625 5445 alterius
2664 5391 2939 5460 quisquam
2987 5387 3240 5454 efficitur;
3281 5389 3375 5443 sed
3416 5388 3709 5458 coaptando

2132 5482 2366 5537 animum
2394 5481 2497 5535 illis
2531 5480 3043 5535 incommutabilibus
3078 5479 3275 5549 regulis
3314 5479 3707 5547 luminibusque

2132 5574 2406 5639 virtutum,
2435 5588 2553 5642 qua:
2579 5570 3046 5640 incorruptibilitcr
3063 5570 3247 5623 vivunt
3267 5570 3320 5623 in
3342 5570 3454 5639 ipsa
3483 5568 3707 5623 veritate

2132 5667 2492 5734 sapientiaque
2513 5664 2799 5729 communi,
2830 5663 3020 5733 quibus
3047 5673 3100 5717 et
3125 5662 3213 5716 ille
3238 5661 3499 5730 cooptavit
3520 5669 3571 5715 et
3596 5660 3706 5713 lixit

2129 5760 2361 5813 animum
2380 5800 2393 5825 ,
2428 5773 2585 5827 quem
2608 5757 2722 5813 istis
2748 5756 3027 5813 virtutibus
3055 5754 3332 5825 praditum
3366 5753 3467 5810 sibi
3490 5751 3557 5808 ad
3587 5751 3694 5808 imi-

2131 5850 2343 5911 tandum
2372 5848 2666 5919 proposuit.
