4118 6370
424 367 567 428 1269

493 483 583 540 53.
610 479 870 539 Voluntas
896 493 1020 554 ergo
1041 478 1315 537 adhaerens
1339 480 1604 535 communi
1628 484 1783 549 atque
1802 476 2008 532 incom-

424 575 664 633 mutabili
713 575 890 641 bono,
940 576 1189 645 impetrat
1238 573 1406 644 prima
1450 580 1503 628 et
1545 586 1736 643 magna
1780 568 2009 624 hominis

423 669 582 733 bona,
614 682 735 724 cum
767 666 878 737 ipsa
906 666 975 721 sit
1006 664 1238 721 medium
1264 664 1527 737 quoddam
1557 662 1776 719 bonum.
1804 661 2008 715 Volun-

424 771 503 817 tas
524 769 703 816 autem
727 773 912 814 aversa
936 759 1003 814 ab
1032 757 1447 813 incommutabili
1473 764 1527 811 et
1550 754 1817 810 communi
1841 754 2003 820 bono,

365 892 368 912 ῖ
424 864 477 910 et
506 868 764 910 conversa
792 851 859 907 ad
890 849 1163 922 proprium
1182 850 1399 918 bonum,
1428 859 1519 905 aut
1542 848 1607 904 ad
1632 847 1889 915 exterius,
1912 852 2005 901 aut

358 938 374 1021 ξ
422 946 489 1002 ad
525 944 778 1011 inferius,
821 951 1021 1015 peccat.
1063 943 1146 999 Ad
1183 942 1454 1015 proprium
1497 941 1841 1007 convertitur,
1885 954 2007 995 cum

432 1054 544 1094 sua:
573 1036 849 1110 potestatis
878 1036 988 1092 vult
1032 1049 1184 1103 esse;
1228 1036 1294 1091 ad
1323 1036 1555 1093 exterius
1574 1076 1590 1103 ,
1621 1049 1741 1090 cum
1778 1033 2006 1088 aliorum

424 1128 659 1200 prepria,
688 1128 771 1183 vel
799 1141 1147 1199 quaecumque
1166 1127 1233 1183 ad
1260 1140 1318 1182 se
1340 1141 1446 1181 non
1477 1125 1772 1196 pertinent,
1805 1139 2005 1194 cogno-

422 1232 575 1275 scere
614 1217 789 1274 studet
808 1218 833 1285 ;‘
854 1218 920 1272 ad
946 1216 1198 1285 inferius,
1243 1232 1363 1273 cum
1399 1214 1719 1286 voluptatem
1766 1215 2006 1285 corporis

424 1309 629 1381 diligit:
673 1319 830 1380 atque
854 1309 924 1364 ita
956 1309 1118 1365 homo
1144 1309 1433 1380 superbus,
1459 1316 1513 1363 et
1537 1308 1779 1363 curiosus
1796 1350 1810 1375 ,
1838 1315 1891 1363 et
1927 1308 2003 1362 la-

424 1402 601 1457 scivus
626 1400 867 1468 effectus,
898 1401 1158 1472 excipitur
1180 1400 1246 1456 ab
1272 1400 1376 1455 alia
1401 1399 1505 1454 vita
1522 1441 1536 1465 ,
1565 1413 1683 1469 quae
1714 1399 1765 1453 in
1792 1413 2006 1469 compa-

424 1495 631 1550 ratione
658 1494 947 1566 superioris
986 1494 1107 1549 vitae
1145 1507 1289 1549 mors
1314 1500 1429 1559 est;
1458 1506 1575 1562 quin
1599 1499 1779 1547 tamen
1805 1490 2006 1563 regitur

420 1586 880 1643 administratione
903 1586 1095 1642 divina:
1116 1584 1485 1657 providentiae,
1505 1598 1623 1655 qurc
1639 1584 1888 1653 congruis
1913 1597 2002 1638 se-

419 1676 577 1734 dibus
607 1676 815 1733 ordinat
849 1678 1047 1745 omnia,
1090 1685 1144 1733 et
1171 1692 1268 1746 pro
1308 1675 1514 1732 meritis
1552 1689 1646 1730 sua
1676 1675 1865 1745 cuique
1890 1674 1999 1730 dis-

421 1769 625 1825 tribuit.
654 1767 730 1823 lta
766 1768 826 1823 fit
853 1776 911 1824 ut
936 1782 1108 1839 neque
1143 1767 1234 1823 illa
1270 1768 1409 1823 bona
1448 1782 1565 1837 quae
1594 1781 1625 1821 a
1663 1766 2003 1837 peccantibus

418 1870 754 1933 appetuntur,
780 1859 890 1916 ullo
915 1859 1075 1917 modo
1099 1860 1236 1916 mala
1267 1857 1404 1927 sint,
1434 1873 1604 1929 neque
1626 1857 1741 1928 ipsa
1758 1857 2004 1914 voluntas

418 1952 605 2021 libera,
635 1968 791 2023 quam
815 1953 868 2006 in
888 1952 1044 2009 bonis
1073 1952 1387 2024 quibusdam
1411 1951 1598 2006 mediis
1618 1950 2002 2006 numerandum

410 2058 536 2100 esse
563 2044 949 2115 comperimus;
995 2044 1089 2100 sed
1115 2045 1312 2099 malum
1352 2044 1419 2098 sit
1444 2038 1667 2097 aversio
1689 2042 1804 2112 ejus
1829 2041 1895 2096 ab
1923 2042 2004 2096 in-

417 2133 777 2189 commutabili
809 2135 983 2202 bono,
1023 2143 1077 2191 et
1112 2134 1389 2190 conversio
1429 2134 1493 2188 ad
1526 2133 1796 2188 mutabilia
1826 2132 1997 2188 bona:
2038 2131 2046 2139 ’

417 2240 536 2293 qum
562 2232 739 2282 tamen
763 2226 970 2283 aversio
998 2234 1157 2297 atque
1187 2227 1485 2293 conversio,
1517 2225 1764 2297 quoniam
1787 2240 1891 2280 non
1920 2240 2003 2280 co-

421 2317 581 2387 gitur,
609 2318 705 2374 sed
739 2327 820 2375 est
846 2317 1160 2387 voluntaria,
1195 2320 1350 2390 digna
1378 2328 1433 2374 et
1452 2319 1595 2389 justa
1630 2332 1747 2373 eam
1771 2320 2001 2374 miseriae

422 2423 577 2479 ptena
608 2409 967 2481 subsequitur.

419 2500 644 2559 CAPUT
682 2500 801 2558 XX.
830 2532 903 2544 —
929 2501 1014 2558 Ex
1040 2501 1149 2557 Deo
1186 2517 1284 2556 non
1315 2509 1387 2556 est
1415 2511 1580 2555 motus
1615 2500 1733 2568 ille,
1772 2517 1871 2571 quo
1910 2517 2001 2555 va-

661 2593 830 2649 luntas
848 2594 911 2649 ab
935 2593 1331 2648 incommutabifi
1355 2591 1482 2646 bona
1503 2592 1762 2646 avertitur.

493 2686 581 2742 54.
603 2684 710 2743 Sed
730 2695 788 2742 tu
808 2686 1030 2743 fortasse
1052 2686 1370 2757 quaesiturus
1389 2699 1467 2752 es,
1491 2684 1737 2754 quoniam
1758 2692 2004 2740 movetur

420 2777 667 2833 voluntas
697 2793 819 2833 cum
856 2792 916 2834 se
959 2778 1151 2833 avertit
1193 2777 1258 2832 ab
1294 2777 1709 2831 incommutabili
1748 2776 1889 2832 bono
1933 2776 2002 2831 ad

418 2868 668 2924 mutabile
690 2869 911 2938 bonum,
940 2869 1082 2925 unde
1106 2868 1155 2926 ei
1186 2868 1287 2923 iste
1317 2876 1492 2923 motus
1511 2868 1733 2933 existat;
1763 2869 1852 2938 qui
1876 2882 2003 2938 pro-

418 2958 557 3013 fccto
586 2944 756 3014 malus
784 2966 887 3026 est,
909 2958 1123 3014 tametsi
1148 2957 1392 3013 voluntas
1412 2958 1597 3023 libera,
1629 2958 1749 3026 quia
1772 2957 1887 3012 sine
1914 2958 2002 3012 illa

418 3064 517 3105 nec
553 3059 700 3107 recte
729 3051 836 3106 vivi
880 3059 1088 3122 potest,
1137 3051 1191 3105 in
1234 3049 1386 3105 bonis
1428 3049 1756 3103 numeranda
1802 3047 1890 3104 sit.
1943 3047 2001 3103 Si

416 3141 557 3197 enim
588 3151 763 3197 motus
792 3142 925 3209 iste,
959 3141 1009 3196 id
1041 3150 1122 3196 est
1150 3140 1357 3196 aversio
1386 3139 1673 3194 voluntatis
1705 3155 1734 3194 a
1776 3139 2002 3195 Domino

416 3233 548 3303 Deo,
590 3236 706 3291 sine
747 3235 1076 3291 dubitatione
1101 3243 1374 3306 peccatum
1418 3243 1532 3303 cst,
1569 3252 1694 3289 num
1723 3250 2003 3305 possumus

417 3334 687 3381 auctorem
735 3327 934 3397 peccati
980 3327 1145 3381 Deum
1189 3326 1405 3382 dicere?
1446 3326 1559 3382 Non
1590 3327 1688 3382 erit
1733 3343 1860 3398 ergo
1901 3329 2001 3385 iste

418 3426 595 3472 motus
619 3432 684 3473 ex
714 3418 844 3472 Deo.
870 3415 1025 3473 Unde
1058 3417 1217 3489 igitur
1242 3418 1381 3473 erit?
1412 3418 1483 3473 ita
1512 3420 1769 3488 quaerenti
1800 3419 1922 3485 tibi,
1958 3420 2002 3475 si

416 3506 769 3577 respondeam
792 3508 996 3563 nescire
1015 3522 1121 3573 me,
1149 3508 1376 3564 fortasse
1402 3512 1508 3564 eris
1540 3509 1774 3564 tristior:
1804 3511 1895 3565 sed
1925 3520 2003 3566 ta-

415 3612 538 3653 men
570 3614 693 3655 vera
722 3597 1110 3670 responderim.
1155 3599 1293 3654 Sciri
1321 3600 1462 3653 enim
1504 3615 1610 3654 non
1647 3610 1820 3670 potest
1860 3600 2001 3672 quod

417 3687 549 3741 nihil
586 3696 687 3742 est.
718 3687 798 3743 Tu
832 3696 1034 3743 tantum
1063 3687 1311 3759 pietatem
1359 3689 1724 3744 inconcussam
1761 3699 1913 3755 tene,
1945 3701 2004 3746 ut

416 3776 618 3831 nullum
653 3777 746 3831 tibi
775 3777 973 3832 bonum
1004 3777 1090 3833 vel
1129 3779 1409 3847 sentienti,
1442 3780 1523 3835 vel
1550 3779 1882 3849 intelligenti,
1917 3781 2002 3836 vel

415 3882 628 3937 quoquo
656 3868 814 3922 modo
839 3868 1089 3938 cogitanti
1117 3878 1359 3925 occurrat
1386 3871 1527 3941 quod
1553 3887 1656 3927 non
1683 3874 1753 3928 sit
1777 3889 1841 3928 ex
1868 3875 2002 3932 Deo.

414 3956 493 4014 ita
530 3956 670 4013 enim
701 3956 844 4013 nulla
884 3966 1070 4012 natura
1098 3959 1329 4014 occurrit
1364 3974 1481 4029 qum
1524 3975 1630 4017 non
1670 3963 1739 4017 sit
1762 3978 1827 4019 ex
1868 3965 1997 4020 Deo.

1781 340 1997 417 tmen
2035 359 2350 418 TEll’l'iUS.

3554 371 3699 435 me

2114 476 2338 534 Omnem
2377 480 2573 551 quippe
2613 493 2725 536 rem
2762 479 2851 537 ubi
2895 494 3199 540 meumr-am
3237 491 3293 539 et
3328 499 3604 545 numerum
3640 495 3709 548 et

2115 570 2356 628 ordinem
2383 572 2579 628 videris
2601 616 2614 639 ,
2658 574 2775 629 Beo
2802 574 2992 630 artiﬁci
3021 576 3255 633 tribuere
3297 593 3365 633 ne
3406 582 3697 639 cunctaris.

2114 662 2269 719 Unde
2290 674 2475 721 autem
2492 666 2589 721 ista
2617 666 2830 737 penitus
2852 666 3164 735 detraxeris,
3197 670 3327 726 nihil
3361 673 3579 728 omnino
3602 690 3697 730 re-

2112 757 2347 811 manebit
2374 777 2384 811 :
2418 758 2536 829 quia
2579 759 2679 813 etsi
2718 754 3035 817 remanserit
3063 762 3237 833 aliqua
3262 762 3447 819 formtn
3471 765 3709 837 alicujus.

2113 845 2399 915 inchoatio,
2427 849 2517 903 ubi
2551 864 2723 920 neque
2749 854 3053 907 mensuram
3078 868 3251 924 neque
3285 871 3565 912 numerum
3594 872 3693 913 ne-

2112 946 2214 1008 que
2252 940 2497 996 ordinem
2542 941 2815 1010 invenias,
2856 944 2977 1014 quia
3016 945 3335 1017 ubicumque
3382 947 3485 1003 ista
3529 960 3691 1016 sunt,

2112 1028 2281 1085 fOrma
2308 1032 2678 1103 perfectaest;
2707 1042 2920 1103 oportet
2945 1035 3157 1091 auferas
3192 1037 3353 1092 etiam
3395 1037 3565 1107 ipsam
3606 1039 3697 1094 in-

2110 1120 2443 1178 choationem
2474 1124 2681 1194 forma,
2709 1141 2827 1196 quae
2858 1135 3108 1197 tanquam
3135 1129 3386 1185 materies
3424 1130 3493 1184 ad
3528 1132 3694 1201 peril-

2110 1212 2357 1269 ciendum
2404 1215 2687 1285 subiacere
2718 1217 2927 1273 videtur
2968 1218 3177 1275 artifici.
3223 1218 3282 1275 Si
3315 1219 3459 1275 enim
3504 1220 3693 1278 formai

2110 1306 2366 1377 perfectio
2393 1308 2588 1363 bonum
2619 1319 2734 1377 est,
2777 1312 3087 1366 nonnullum
3120 1312 3228 1382 jam
3273 1313 3471 1369 bonum
3518 1324 3603 1370 est
3635 1323 3695 1371 et

2109 1397 2295 1454 formze
2324 1399 2611 1456 inchoatio.
2655 1402 2765 1469 Ita,
2815 1404 3065 1460 detracto.
3083 1404 3294 1474 penitus
3335 1405 3480 1460 omni
3524 1405 3692 1472 bono,

2107 1505 2213 1545 non
2245 1489 2457 1561 quidem
2488 1493 2761 1561 nonnihil,
2792 1495 2887 1551 sed
2925 1496 3143 1551 omnino
3172 1497 3299 1551 nihil
3329 1499 3689 1554 remanebit‘.

2108 1581 2277 1636 Omne
2307 1589 2489 1637 autem
2527 1583 2723 1638 bonum
2755 1601 2817 1639 ex
2861 1587 3009 1641 Deo:
3040 1588 3181 1641 nulla
3220 1601 3350 1657 ergo
3393 1596 3580 1643 natura
3609 1595 3697 1645 est

2107 1687 2223 1743 qua:
2248 1682 2353 1728 non
2384 1673 2452 1727 sit
2471 1688 2534 1729 ex
2568 1672 2696 1729 Deo.
2729 1674 2901 1731 Motus
2925 1690 3052 1746 ergo
3079 1676 3171 1732 ille
3193 1679 3507 1745 aversionis,
3544 1679 3689 1750 quod

2106 1763 2335 1819 fatemur
2359 1780 2476 1820 esse
2498 1770 2790 1835 peceatum,
2811 1767 3059 1836 quoniam
3074 1767 3367 1824 defectivus
3387 1778 3563 1825 motus
3582 1778 3687 1838 est,

2106 1840 2286 1910 omnis.
2319 1864 2494 1911 autem
2521 1856 2758 1912 defectus
2782 1874 2849 1912 ex
2875 1859 3042 1913 nihilo
3073 1868 3191 1927 est,
3221 1861 3345 1917 vide
3380 1877 3487 1931 quo
3524 1864 3693 1931 perti-

2105 1954 2259 2013 neat,
2288 1954 2343 2001 et
2366 1947 2432 2001 ad
2460 1947 2624 2003 Deum
2653 1963 2754 2003 non
2786 1949 3055 2019 pertinere
3092 1964 3158 2005 ne
3180 1949 3394 2006 dubites
3414 1953 3455 2003 ³.
3482 1952 3583 2019 Qui
3610 1962 3692 2007 ta-

2105 2054 2228 2094 men
2254 2038 2495 2095 defectus
2521 2042 2771 2111 quoniam
2796 2050 2879 2097 est
2906 2042 3267 2109 voluntarius,
3310 2043 3362 2096 in
3401 2052 3580 2098 nostra
3608 2054 3695 2100 est

2105 2131 2307 2200 positus
2333 2140 2612 2201 potestate.
2639 2132 2695 2187 Si
2720 2133 2861 2187 enim
2891 2136 3049 2188 times
3076 2134 3243 2196 illum,
3271 2142 3492 2205 ,oportet
3513 2144 3569 2190 ut
3597 2150 3694 2190 no-

2105 2224 2202 2291 lis;
2232 2226 2277 2281 si
2307 2235 2481 2281 autem
2505 2226 2663 2289 nolis.
2692 2242 2796 2281 non
2823 2227 2943 2281 erit.
2970 2227 3106 2294 Quid
3126 2242 3255 2297 ergo
3270 2228 3507 2282 securius
3531 2242 3692 2298 quam

2104 2334 2223 2376 esse
2253 2322 2308 2374 in
2335 2336 2395 2376 ea
2426 2321 2561 2387 vita,
2593 2319 2679 2377 ubi
2706 2335 2811 2376 non
2849 2321 3019 2391 possit
3048 2320 3141 2375 tibi
3169 2320 3384 2376 evenire
3412 2321 3553 2391 quod
3580 2336 3688 2375 non

2104 2412 2219 2468 vis?
2243 2396 2362 2469 Sed.
2377 2412 2639 2483 quoniam
2658 2428 2763 2467 non
2800 2413 2938 2468 sicut
2964 2411 3126 2467 homo
3149 2421 3340 2482 sponte
3365 2412 3587 2481 cecidit,
3618 2413 3691 2468 ita

2104 2505 2261 2559 etiam
2292 2512 2485 2575 sponte
2521 2518 2741 2575 surgere
2769 2512 2975 2574 potest;
3020 2513 3318 2574 porrectam
3348 2506 3502 2560 nobis
3528 2504 3692 2560 desu-

2105 2610 2201 2666 per
2225 2595 2497 2651 dexteram
2538 2594 2666 2662 Dei,
2713 2593 2769 2649 ld
2807 2602 2890 2650 est
2916 2595 3196 2649 Dominum
3240 2603 3480 2649 nostrum
3506 2594 3690 2650 Jesum

2103 2688 2371 2743 Christum
2395 2729 2410 2756 ,
2452 2686 2555 2742 fide
2583 2687 2734 2741 firma
2765 2694 3040 2741 teneamus
3070 2685 3178 2759 (a),
3225 2693 3283 2741 et
3321 2693 3693 2757 exspectemus

2105 2788 2249 2836 certa
2288 2795 2411 2850 spe,
2453 2787 2507 2834 et
2533 2777 2791 2833 charitate
2824 2777 3030 2832 ardenti
3058 2777 3441 2832 desideremus.
3481 2775 3537 2832 Si
3564 2775 3693 2846 quid

2103 2879 2281 2927 autem
2302 2870 2367 2924 de
2383 2868 2588 2939 origine
2613 2867 2813 2938 peccati
2830 2866 3133 2937 diligentius
3153 2866 3496 2937 quaerendum
3516 2865 3692 2920 adhuc

2104 2972 2259 3035 putas
2278 2962 2421 3036 (nam
2447 2961 2661 3015 omnino
2686 2972 2783 3029 ego
2802 2960 2913 3030 jam
2939 2974 3073 3031 opus
3108 2971 3231 3014 esse
3256 2972 3363 3012 non
3392 2953 3645 3029 arbitror)
3675 2973 3691 3011 :

2104 3056 2150 3111 si
2178 3054 2304 3126 quid
2332 3062 2506 3108 tamen
2532 3060 2705 3122 putas,
2737 3052 2792 3106 in
2818 3052 2975 3105 aliam
3000 3051 3414 3121 disputationem
3436 3048 3693 3105 dideren-

2107 3150 2234 3206 dum
2255 3157 2357 3205 est.
2395 3147 2456 3201 E.
2486 3146 2693 3216 Sequor
2715 3159 2847 3199 sane
2867 3144 3193 3199 voluntatem
3218 3151 3382 3208 tuam,
3407 3151 3464 3197 ut
3486 3142 3539 3197 in
3565 3149 3694 3197 tem-

2105 3258 2205 3314 pus
2230 3240 2403 3310 aliud,
2434 3238 2574 3311 quod
2605 3238 2730 3293 hinc
2757 3237 3002 3303 moverit,
3033 3236 3361 3291 differamus.
3394 3235 3527 3289 Nam
3558 3232 3691 3289 illud

2106 3333 2203 3389 tibi
2246 3347 2353 3389 non
2404 3328 2792 3396 concesserim,
2838 3335 2897 3381 ut
2939 3326 3068 3382 satis
3107 3326 3217 3397 jam
3256 3326 3381 3381 inde
3408 3324 3692 3395 qumsitum

2106 3432 2282 3496 putes.

2170 3603 2188 3635 ί
2214 3606 2317 3649 Mss.
2332 3596 2553 3660 plerique
2568 3589 3199 3660 etantiquioreseditiones
3224 3586 3491 3660 earent_his
3508 3586 3698 3650 verbis,

2106 3676 2202 3717 non
2217 3653 2413 3726 quidem
2434 3653 2664 3716 nemina,
2684 3653 2786 3715 sed,
2812 3667 2923 3718 tnta:
2938 3654 3017 3704 hic
3036 3664 3289 3703 servamus
3311 3664 3376 3700 ex
3395 3656 3504 3700 Lov.

2168 3749 2190 3779 ³
2214 3745 2322 3795 Bad.
2350 3750 2401 3793 et
2421 3748 2496 3790 Er.
2516 3740 2691 3789 omissa
2707 3738 2970 3802 negatione
2992 3736 3193 3795 habent,
3203 3733 3268 3802 ad
3286 3741 3440 3785 Deum
3456 3730 3695 3802 parum“

2106 3822 2199 3860 non
2222 3805 2424 3860 dubites.
2450 3802 2643 3863 Pinguis
2658 3798 2813 3861 error,
2836 3800 2921 3863 qui
2945 3811 3010 3849 ex
3033 3806 3138 3848 uss.
3164 3803 3217 3847 et
3238 3798 3343 3859 ipso
3375 3807 3440 3846 ex
3461 3800 3696 3845 contextu

2106 3870 2344 3922 sermonis
2373 3864 2631 3916 refellitur.

2171 3974 2244 4038 (a)
2267 3971 2370 4021 vid.
2396 3973 2601 4019 Betract.
2625 3965 2711 4016 lib.
2738 3966 2785 4027 l,
2809 3976 2912 4028 cap.
2937 3962 2989 4024 9,
3010 3976 3063 4013 n.
3087 3960 3136 4012 4.

418 4084 3687 4118 ww

1398 4191 1886 4301 LIBER
1977 4195 2279 4304 TER
2302 4190 2701 4301 TIU'S.

517 4425 569 4469 In
592 4432 691 4493 quo
712 4422 944 4493 quaeritur
967 4420 1105 4493 unde
1120 4419 1205 4469 ille
1227 4425 1388 4493 motus
1412 4421 1591 4493 cristat
1610 4433 1709 4492 quo
1730 4422 1953 4493 voluntas
1973 4425 2035 4493 ab
2056 4419 2429 4493 incommutabili
2451 4420 2579 4493 bono
2600 4418 2846 4493 deﬂectit;
2862 4430 3114 4493 ansecmn
3136 4419 3347 4493 invicem

3505 4425 3589 4470 ent
3610 4420 3699 4472 Dei

474 4479 776 4550 tumscientia
797 4484 860 4533 de
884 4484 1131 4550 hominum
1156 4482 1383 4550 peccatis,
1398 4490 1462 4550 “et
1485 4479 1740 4550 hominum
1774 4487 1984 4547 ipsorum
2012 4488 2065 4550 in
2096 4484 2338 4550 peccando
2372 4482 2591 4550 libertas.
2616 4488 2726 4550 Mox
2755 4479 3023 4550 ostenditur
3064 4479 3383 4550 nequaquam
3400 4479 3460 4530 id
3485 4484 3698 4533 Creatori

473 4540 801 4609 deputandum
825 4545 957 4609 quod
971 4546 1017 4593 in
1042 4540 1263 4609 creatura
1296 4545 1360 4592 ita
1381 4543 1496 4609 ﬁeri
1514 4558 1736 4609 necesse
1763 4540 1855 4607 est,
1881 4555 1933 4597 ut
1958 4540 2205 4599 voluntate
2228 4544 2531 4609 peccantium
2551 4544 2656 4609 ἥθιὸ
2674 4548 2735 4609 ,ει
2755 4554 2953 4609 ριόιεμε
2973 4540 3038 4591 de
3061 4540 3329 4609 Ere—am???»
3352 4554 3463 4609 qui?
3497 4550 3696 4609 ρθοοειῑο

476 4604 685 4668 obnoxia
722 4607 801 4664 sit,
842 4603 1157 4666 productione
1181 4619 1235 4655 ac
1257 4606 1492 4667 supplicio
1514 4605 1802 4657 laudandum
1828 4603 1940 4659 esse
1963 4617 2131 4660 Deum.
2158 4603 2274 4657 Hinc
2309 4606 2369 4655 ad
2403 4605 2607 4668 originis
2637 4603 3011 4668 vitia—perducta
3045 4603 3386 4667 disputatione
3420 4603 3694 4668 declaratur

476 4667 889 4735 quemadmodum
904 4680 963 4717 ea
986 4668 1111 4719 haud
1135 4669 1313 4735 injuste
1336 4670 1387 4735 iu
1408 4668 1519 4718 Adae
1543 4670 2071 4735 posterosdemanent;
2094 4681 2249 4734 utque
2280 4667 2498 4735 propter
2515 4667 2753 4730 haecipsa

2896 4668 3028 4721 erito
3048 4666 3313 4729 permutes
3333 4666 3696 4721 excusationem

477 4726 746 4787 obtendant
773 4740 785 4775 :
809 4728 1043 4791 deinceps
1065 4726 1510 4780 verddifiicultates
1532 4726 1773 4782 nonnullae
1796 4733 1890 4783 huc
1913 4726 2217 4797 pertinentes
2241 4726 2527 4787 enodantur.

1819 4883 2290 4940 Μ

417 5022 639 5081 CAPUT
674 5021 958 5080 PRIMUM.
988 5052 1060 5063 —
1087 5020 1233 5079 Unde
1256 5021 1319 5077 sit
1348 5030 1513 5077 motus
1538 5021 1623 5077 ille
1646 5038 1744 5092 quo
1769 5022 1998 5079 voluntas

767 5118 986 5187 deﬂectit
1011 5116 1071 5171 ab
1098 5114 1496 5173 incommutabili
1521 5115 1670 5170 bona.

488 5212 538 5264 t.
576 5209 640 5264 Ε.
685 5209 944 5276 Quoniam
975 5208 1105 5264 satis
1145 5206 1275 5265 mihi
1313 5207 1651 5267 manifestum
1697 5215 1812 5273 est,
1859 5209 1999 5264 inter

417 5306 555 5363 bona
576 5345 592 5370 ,
624 5310 681 5360 et
701 5317 763 5359 ea
787 5302 1002 5372 quidem
1027 5317 1139 5357 non
1175 5301 1425 5368 minima,
1462 5300 1839 5357 numerandam
1878 5315 1998 5357 esse

419 5394 639 5451 liberam
670 5393 1019 5458 voluntatem,
1046 5408 1114 5449 ex
1132 5406 1240 5463 quo
1269 5393 1429 5450 etiam
1449 5391 1601 5448 fateri
1624 5396 1859 5463 cogimur
1880 5408 1998 5453 eam

417 5484 671 5539 divinitus
698 5484 872 5539 datam
902 5498 1020 5539 esse
1042 5525 1057 5551 ,
1088 5483 1307 5553 darique
1332 5484 1667 5554 oportuisse:
1692 5484 1805 5555 jam
1828 5486 1873 5539 si
1898 5499 1998 5555 op-

418 5584 702 5645 portunum
743 5575 1051 5643 existimas,
1092 5575 1250 5644 cupio
1277 5590 1371 5645 per
1414 5583 1468 5631 te
1495 5589 1819 5646 cognoscere
1858 5575 1999 5633 unde

418 5666 511 5723 ille
558 5676 735 5723 motus
789 5668 1013 5736 existat,
1065 5680 1171 5739 quo
1210 5667 1325 5739 ipsa
1367 5666 1609 5723 voluntas
1655 5666 1911 5723 avertitur
1968 5681 1998 5722 a

421 5758 691 5816 communi
711 5768 867 5831 atque
893 5758 1311 5827 incommutabili
1329 5758 1491 5828 bono,
1516 5764 1570 5814 et
1594 5755 1661 5814 ad
1682 5757 1895 5829 pmpria
1915 5756 2001 5815 vel

2107 5021 2281 5081 aliena
2309 5021 2397 5077 vel
2422 5021 2625 5089 infima,
2656 5026 2817 5091 atque
2838 5016 3016 5077 omnia
3043 5017 3436 5075 commutabilia
3464 5008 3715 5076 conver-z

2103 5116 2231 5175 titur
2251 5117 2388 5177 bona
2412 5115 2452 5168 ί.
2482 5113 2545 5168 Α.
2573 5112 2711 5182 Quid
2731 5110 2873 5167 enim
2894 5125 3027 5185 opus
3052 5116 3134 5166 est
3151 5108 3253 5165 hoc
3271 5109 3445 5167 scire?
3469 5111 3537 5169 E.
3560 5111 3694 5181 Quia

2101 5206 2155 5265 si
2177 5206 2247 5261 ita
2275 5206 2399 5262 data
2419 5214 2519 5272 est,
2544 5212 2602 5261 ut
2620 5202 2913 5261 naturalem
2935 5202 3130 5263 habeat
3152 5202 3313 5258 istum
3332 5211 3558 5269 motum,
3578 5203 3689 5274 jam

2102 5297 2422 5357 necessitate
2455 5295 2521 5355 ad
2547 5293 2662 5350 haec
2687 5294 3045 5362 convertitur;
3079 5308 3251 5366 neque
3275 5293 3385 5350 ulla
3411 5294 3566 5365 culpa
3588 5294 3689 5350 de-

2103 5387 2366 5459 prehendi
2388 5395 2579 5456 potest,
2612 5387 2701 5449 nbi
2727 5394 2913 5445 natura
2936 5387 3334 5458 necessitasque
3358 5387 3683 5443 dominatur.

2103 5480 2167 5534 Α.
2190 5479 2440 5535 Placetne
2464 5478 2559 5534 tibi
2581 5478 2679 5534 iste
2703 5486 2900 5545 motus,
2938 5495 2993 5534 .n
3014 5478 3297 5551 displicet?
3320 5477 3389 5533 E.
3415 5479 3688 5550 Displicet.

2104 5570 2169 5624 Α.
2212 5569 2581 5640 Reprehendis
2620 5585 2747 5642 ergo
2790 5584 2934 5631 eum.
2981 5570 3047 5627 E.
3090 5570 3281 5648 Utique
3333 5573 3687 5644 reprehendo.

2104 5701 3687 5819 netaxeauss.,atqueanulinocenmmtabittacoitur-titubanti.
