4118 6370
454 385 585 446 1271

448 502 515 558 Α.
564 495 933 571 Reprehendis
972 492 1131 565 igitur
1180 488 1343 545 animi
1386 494 1589 543 motum
1634 481 2029 571 inculpabilem.

450 593 521 649 E.
547 570 925 662 Inculpabilem
965 585 1128 641 animi
1167 590 1371 639 motum
1406 592 1513 634 non
1551 573 1906 647 reprehendo,
1937 570 2032 627 sed

449 687 634 743 nescio
658 700 724 739 an
766 684 870 739 ulla
901 680 1056 751 culpa
1080 678 1179 744 sit,
1222 674 1410 730 relicto
1433 666 1849 726 incommutabili
1890 665 2032 721 bono

451 778 520 832 ad
546 773 939 832 commutabilia
966 766 1224 825 converti.
1250 764 1315 818 Α.
1346 759 1709 833 Reprehendis
1741 771 1868 827 ergo
1890 753 2031 826 quod

450 869 645 923 nescis.
680 865 746 919 Ε.
774 863 890 917 Noli
919 859 1083 915 verbo
1113 870 1353 927 premere
1378 871 1393 908 :
1421 853 1493 907 ita
1513 851 1655 906 enim
1677 848 1806 913 dixi,
1834 846 2032 902 Nescio

453 975 525 1018 an
554 960 658 1013 ulla
683 957 834 1026 culpa
862 954 951 1019 sit,
980 960 1039 1005 ut
1060 948 1281 1019 intelligi
1308 946 1565 1002 voluerim
1593 944 1710 998 sine
1729 940 1889 997 dubio
1914 939 2030 993 cul-

455 1069 576 1124 pam
606 1067 743 1106 esse.
790 1049 920 1103 Nam
945 1046 1049 1101 hoc
1085 1044 1249 1099 verbo
1288 1040 1428 1113 quod
1471 1038 1615 1104 dixi,
1654 1034 1874 1098 Nescio,
1905 1033 2033 1124 satis

454 1122 690 1213 profecto
714 1139 853 1194 irrisi
880 1137 1260 1193 dubitationem
1287 1132 1353 1187 de
1389 1146 1449 1186 re
1476 1128 1773 1197 manifesta.
1805 1126 1868 1179 A.
1900 1122 2034 1179 Vide

374 1292 375 1295 η
452 1236 578 1307 quid
617 1235 688 1288 sit
729 1232 1024 1288 certissima
1054 1228 1283 1292 veritas,
1315 1239 1433 1295 quae
1470 1228 1523 1277 te
1561 1220 1734 1289 coegit
1780 1227 1884 1271 tam
1929 1216 2033 1307 cito

454 1306 694 1384 oblivisci
741 1323 882 1394 quod
908 1321 1062 1392 paulo
1087 1327 1211 1374 ante
1239 1314 1439 1371 dixisti.
1478 1313 1535 1368 Si
1564 1311 1706 1367 enim
1734 1318 1920 1365 natura
1949 1306 2032 1361 vel

456 1417 771 1475 necessitate
818 1417 915 1469 iste
954 1420 1131 1467 motus
1167 1406 1381 1473 existit,
1424 1402 1699 1473 culpabilis
1729 1414 1846 1455 esse
1889 1397 2033 1453 nullo

456 1516 609 1574 pacto
638 1513 811 1575 potest
841 1520 853 1556 :
899 1512 953 1556 tu
980 1514 1108 1555 vero
1133 1512 1251 1553 esse
1276 1494 1593 1566 culpabilem
1632 1490 1704 1545 ita
1732 1487 2034 1543 firmissime

452 1607 622 1659 tenes,
653 1606 710 1650 ut
734 1593 1117 1648 dubitationem
1140 1589 1208 1645 de
1244 1588 1347 1643 hac
1370 1602 1430 1641 re
1466 1594 1573 1640 tam
1600 1590 1743 1638 certa
1772 1581 1929 1636 etiam
1958 1578 2032 1633 ir-

452 1688 730 1743 ridendam
764 1685 1049 1756 putaveris.
1080 1681 1189 1737 Cur
1222 1694 1350 1750 ergo
1376 1678 1470 1734 tibi
1509 1675 1595 1732 vel
1633 1670 2030 1737 affirmandum,

454 1782 541 1836 vel
570 1788 714 1835 certe
738 1795 856 1833 cum
881 1779 1057 1847 aliqua
1078 1774 1402 1830 dubitatione
1426 1769 1710 1826 dicendum
1735 1767 1906 1822 visum
1930 1774 2031 1830 est,

455 1872 597 1942 quod
638 1874 914 1942 perspicue
964 1869 1153 1925 falsum
1197 1881 1316 1923 esse
1364 1866 1476 1934 ipse
1511 1860 1819 1918 convincis?
1848 1857 2034 1913 Dixisti

455 1965 632 2018 enim:
674 1964 729 2017 Si
758 1963 829 2016 ita
870 1962 989 2016 data
1020 1969 1102 2015 est
1122 1958 1367 2013 voluntas
1394 1955 1590 2021 libera,
1638 1960 1695 2007 ut
1739 1950 2033 2005 naturalem

455 2056 650 2111 habeat
680 2056 836 2109 istum
861 2064 1084 2119 motum,
1102 2051 1213 2121 jam
1240 2047 1557 2104 necessitate
1578 2044 1643 2099 ad
1670 2045 1784 2098 haec
1811 2057 2035 2097 conver-

458 2150 619 2213 titur;
651 2163 822 2218 neque
848 2147 954 2201 ulla
983 2144 1138 2214 culpa
1162 2139 1486 2212 deprehendi
1513 2146 1703 2208 potest,
1734 2136 1825 2191 ubi
1849 2142 2035 2190 natura

454 2239 849 2308 necessitasque
878 2237 1198 2291 dominatur.
1226 2233 1382 2288 Nullo
1412 2231 1569 2286 modo
1595 2238 1770 2284 autem
1793 2227 2036 2283 dubitare

456 2328 682 2385 debuisti
712 2344 818 2384 non
846 2342 966 2383 esse
1011 2328 1082 2381 ita
1116 2326 1287 2379 datam
1310 2365 1325 2391 ,
1371 2321 1583 2393 quando
1627 2321 1785 2375 istum
1830 2328 2034 2374 motum

456 2419 770 2488 culpabilem
811 2433 929 2473 esse
956 2432 1061 2470 non
1102 2415 1331 2469 dubitas.
1360 2412 1428 2467 E.
1458 2412 1570 2482 Ego
1615 2410 1788 2482 ipsum
1830 2418 2035 2463 motum

455 2508 773 2578 culpabilem
802 2508 932 2574 dixi,
964 2516 1017 2561 et
1040 2506 1159 2561 ideo
1187 2504 1317 2560 mihi
1341 2503 1644 2574 displicere,
1667 2509 1723 2556 et
1748 2499 2039 2569 reprehen-

456 2600 688 2655 dendum
714 2614 832 2655 esse
848 2598 1090 2654 dubitare
1112 2612 1218 2652 non
1238 2610 1456 2666 possum
1477 2612 1489 2647 :
1519 2593 1750 2647 animam
1771 2605 1897 2645 vero
1917 2604 2037 2659 qua:

457 2690 562 2745 isto
605 2698 754 2744 motu
799 2690 864 2744 ab
895 2687 1311 2744 incommutabili
1350 2686 1489 2741 bono
1532 2683 1599 2737 ad
1641 2682 2037 2737 commutabilia

456 2781 773 2848 detrahitur,
802 2797 938 2851 nego
964 2796 1083 2837 esse
1111 2778 1425 2849 culpandam
1446 2818 1460 2845 ,
1493 2777 1539 2831 si
1567 2775 1682 2847 ejus
1706 2784 1892 2830 natura
1918 2773 2036 2830 talis

457 2880 559 2937 est,
586 2881 644 2926 ut
671 2887 737 2925 eo
766 2871 1065 2925 necessario
1094 2877 1389 2924 moveatur.

470 2994 473 2995 ν
528 2962 585 3014 2.
612 2961 677 3015 Α.
705 2960 868 3029 Cujus
896 2968 976 3015 est
1001 2960 1101 3015 iste
1125 2967 1301 3013 inotus
1320 3000 1335 3026 ,
1363 2972 1521 3027 quem
1545 2955 1784 3027 profecto
1813 2954 2035 3024 culpan-

458 3052 588 3113 dum
612 3067 733 3109 csse
757 3052 1043 3107 concedis?
1067 3051 1134 3105 E.
1158 3052 1214 3106 In
1235 3051 1412 3105 animo
1432 3066 1551 3105 eum
1576 3049 1752 3116 video,
1776 3047 1869 3102 sed
1889 3048 2038 3118 cujus

458 3145 531 3199 sit
557 3144 754 3198 nescio.
787 3143 850 3196 A.
883 3142 1144 3213 Numquid
1186 3157 1345 3213 negas
1373 3156 1436 3196 eo
1474 3148 1621 3195 motu
1662 3139 1894 3193 animum
1925 3154 2039 3192 mo-

459 3236 614 3291 veri?
637 3236 703 3290 E.
736 3235 850 3291 Non
880 3252 1034 3307 nego.
1056 3235 1121 3289 A.
1152 3234 1320 3305 Negas
1347 3248 1473 3303 ergo
1498 3242 1698 3287 motum
1728 3246 1833 3302 quo
1854 3245 2038 3286 move-

461 3335 549 3381 tur
574 3326 724 3397 lapis,
749 3335 950 3381 motum
979 3340 1098 3381 esse
1124 3324 1346 3395 lapidis?
1373 3321 1554 3393 Neque
1574 3323 1714 3377 enim
1746 3322 1892 3376 illum
1919 3322 2039 3376 dico

460 3428 664 3473 motum
703 3433 807 3489 quo
841 3434 963 3473 eum
992 3432 1089 3471 nos
1126 3430 1435 3480 movemus,
1473 3414 1555 3468 vel
1593 3413 1767 3482 aliqua
1792 3413 1843 3467 vi
1868 3412 2037 3467 aliena

461 3518 739 3575 movetur,
778 3507 943 3562 veluti
971 3522 1092 3561 cum
1118 3506 1170 3560 in
1199 3505 1391 3561 caelum
1416 3504 1627 3574 jacitur,
1659 3503 1752 3558 sed
1779 3519 1900 3559 eum
1934 3518 2039 3574 quo

456 3600 526 3655 ad
563 3608 755 3654 terram
782 3607 912 3652 nutu
946 3613 1045 3653 suo
1073 3597 1241 3667 vergit
1270 3605 1323 3651 et
1361 3594 1520 3651 cadit.
1551 3594 1619 3648 E.
1650 3594 1765 3649 Non
1792 3595 2037 3664 equidem

458 3707 596 3759 nego
624 3700 826 3746 motum
855 3705 961 3760 quo
991 3690 1063 3744 ita
1089 3698 1146 3744 ut
1170 3689 1302 3744 dicis
1333 3689 1645 3753 inclinatur,
1671 3695 1726 3742 et
1754 3688 1856 3741 ima
1884 3688 2034 3757 petit,

460 3791 664 3837 motum
704 3795 824 3835 esse
861 3779 1082 3849 lapidis,
1128 3779 1221 3834 sed
1270 3778 1581 3833 naturalem.
1624 3777 1681 3833 Si
1715 3786 1892 3831 autem
1936 3776 2038 3831 hoc

457 3872 618 3926 modo
644 3871 802 3926 etiam
826 3871 969 3925 illum
991 3878 1189 3925 motum
1217 3869 1375 3924 habet
1394 3870 1588 3935 anima,
1617 3867 1852 3938 profecto
1876 3868 2038 3923 etiam

458 3963 576 4035 ipse
603 3964 855 4021 naturalis
875 3972 993 4031 est;
1030 3978 1130 4020 nec
1156 3978 1222 4020 ex
1248 3978 1314 4019 eo
1342 3961 1485 4033 quod
1514 3961 1824 4017 naturaliter
1852 3976 2036 4015 move-

455 4066 563 4123 tur,
582 4066 725 4113 recte
740 4056 1029 4126 vituperari
1052 4062 1231 4127 potest
1251 4073 1263 4109 :
1286 4054 1409 4124 quia
1427 4053 1636 4109 etiamsi
1660 4052 1725 4106 ad
1747 4051 2037 4121 perniciem

452 4158 701 4204 movetur
720 4190 734 4215 ,
763 4157 965 4203 natura:
996 4157 1172 4203 tamen
1201 4161 1312 4201 suae
1336 4144 1652 4201 necessitate
1681 4142 2032 4212 compellitur.

454 4241 624 4298 Porro
650 4240 769 4308 quia
800 4240 953 4294 istum
980 4248 1179 4295 motum
1211 4252 1316 4291 non
1342 4236 1643 4291 dubitamus
1666 4249 1785 4289 esse
1803 4233 2039 4303 culpabi-

452 4332 599 4399 lem,
645 4332 948 4387 omnimodo
994 4330 1291 4403 negandum
1336 4337 1417 4384 est
1465 4342 1583 4382 esse
1620 4326 1951 4393 naturalem;
1983 4335 2038 4381 et

452 4425 578 4482 ideo
605 4439 708 4479 non
737 4432 821 4479 est
857 4424 1045 4479 similis
1074 4422 1151 4477 illi
1181 4420 1347 4476 motui
1373 4433 1479 4491 quo
1513 4417 1823 4473 naturaliter
1851 4431 2036 4472 move-

453 4527 543 4572 tur
571 4517 725 4587 lapis.
764 4516 828 4568 A.
867 4516 1155 4585 Egimusne
1193 4511 1390 4582 aliquid
1437 4508 1797 4579 superioribus
1832 4508 2037 4563 duabus

452 4605 935 4677 disputationibus?
965 4604 1032 4657 E.
1056 4604 1273 4674 Egimus
1300 4617 1447 4656 sane.
1476 4600 1541 4653 A.
1573 4599 1746 4654 Credo
1772 4614 1900 4669 ergo
1925 4615 2037 4655 me-

451 4700 675 4755 minisse
702 4706 754 4750 te
776 4738 791 4763 ,
820 4696 871 4749 in
903 4694 1072 4765 prima
1096 4692 1451 4762 disputatione
1476 4690 1604 4744 satis
1631 4704 1753 4744 esse
1788 4704 2034 4759 comper-

451 4800 596 4859 tum,
641 4790 781 4844 nulla
825 4802 884 4843 re
933 4786 1051 4841 fieri
1087 4792 1318 4838 mentem
1365 4798 1573 4838 servam
1620 4782 1886 4851 libidinis,
1933 4784 2035 4839 nisi

449 4884 665 4955 propria
690 4882 957 4936 voluntate
979 4878 1186 4951 (supra,
1217 4876 1303 4930 lib.
1336 4877 1388 4942 l,
1411 4892 1525 4945 cap.
1547 4875 1607 4929 ll
1627 4915 1643 4942 ,
1672 4892 1724 4929 η.
1752 4874 1844 4946 21)
1873 4893 1884 4928 :
1909 4891 2033 4930 nam

450 4997 627 5053 neque
656 4996 685 5034 a
710 4979 1002 5049 superiore,
1032 4989 1201 5045 neque
1225 4972 1291 5027 ab
1312 4971 1502 5041 aequali
1528 4985 1644 5024 eam
1666 4984 1822 5040 posse
1847 4970 1918 5026 ad
1934 4969 2035 5027 hoc

451 5076 684 5131 dedecus
708 5074 846 5142 cogi,
873 5071 994 5142 quia
1026 5069 1278 5138 injustuni
1308 5074 1422 5131 est;
1449 5078 1622 5134 neque
1659 5063 1727 5117 ab
1760 5062 2029 5129 inferiore,

414 5197 416 5200 ν
447 5170 572 5240 quia
601 5181 706 5221 non
735 5172 928 5235 potest.
953 5162 1136 5215 Restat
1160 5159 1317 5230 igitur
1346 5164 1403 5211 ut
1430 5154 1547 5226 ejus
1571 5154 1641 5209 sit
1661 5154 1903 5225 proprius
1933 5155 2033 5212 iste

448 5270 650 5326 motus,
680 5272 785 5328 quo
816 5253 1022 5310 fruendi
1050 5252 1372 5306 voluntatem
1400 5246 1465 5303 ad
1494 5254 1790 5302 creaturam
1816 5260 1845 5299 a
1875 5244 2034 5302 Crea-

450 5365 570 5411 tore
606 5351 867 5408 convertit
900 5347 1031 5419 :qui
1072 5353 1246 5401 motus
1273 5343 1319 5398 si
1345 5342 1513 5412 culpae
1550 5341 1833 5410 deputatur
1858 5338 2033 5411 (unde

450 5448 543 5519 qui
582 5446 822 5511 dubitat,
861 5442 1107 5498 irrisione
1135 5438 1325 5508 dignus
1352 5435 1445 5490 tibi
1472 5434 1617 5489 visus
1642 5430 1779 5502 est),
1818 5445 1922 5486 non
1952 5441 2035 5487 est

450 5540 636 5606 utique
663 5535 938 5599 naturalis,
968 5531 1059 5587 sed
1086 5526 1447 5591 voluntarius;
1473 5527 1528 5579 in
1550 5539 1718 5595 eoque
1742 5523 1929 5577 similis
1952 5532 2036 5578 est

451 5632 532 5688 illi
562 5630 725 5684 motui
748 5643 852 5698 quo
880 5627 1126 5682 deorsum
1148 5637 1333 5679 versus
1359 5620 1489 5690 lapis
1516 5618 1699 5683 fertur,
1730 5616 1868 5686 quod
1898 5617 2035 5671 sicut

452 5724 557 5780 iste
583 5721 826 5793 proprius
854 5727 935 5773 est
958 5716 1165 5786 lapidis,
1198 5715 1275 5769 sic
1312 5713 1399 5768 ille
1434 5710 1596 5765 animi
1622 5727 1633 5761 :
1665 5716 2029 5763 verumtamen:

450 5816 511 5875 in
534 5830 601 5873 eo
640 5810 913 5870 dissimilis
938 5852 951 5878 ,
984 5808 1125 5879 quod
1169 5809 1223 5862 in
1263 5814 1522 5878 potestate
1561 5818 1666 5859 non
1696 5802 1855 5858 habet
1899 5803 2032 5873 lapis

1449 368 1539 426 DE
1575 365 1826 425 LIBERO
1864 362 2207 435 ARBITBIO,
2246 363 2304 420 s.
2346 342 2715 421 AUGUSTINI

3588 375 3733 431 527?.

2136 479 2389 537 cohibere
2413 490 2615 536 motum
2635 494 2741 551 quo
2763 479 2934 537 fertur
2952 480 3202 552 inferius;
3223 485 3433 543 animus
3451 502 3579 545 vero
3598 490 3732 548 dum

2136 588 2242 627 non
2274 574 2421 641 vult,
2452 588 2557 629 non
2587 574 2658 628 ita
2695 584 2940 629 movetur
2963 616 2980 642 ,
3016 584 3076 629 ut
3110 576 3470 646 superioribus
3498 580 3730 639 desertis

2137 665 2386 723 inferiora
2426 665 2707 737 deligat‘;
2754 676 2807 722 et
2854 666 2973 722 ideo
3015 668 3173 738 lapidi
3220 671 3473 727 naturalis
3516 682 3598 728 est
3636 675 3733 731 ille

2136 767 2333 825 motus,
2352 761 2532 814 animo
2557 773 2685 814 vero
2705 759 2806 815 iste
2829 760 3183 816 voluntarius.
3210 761 3344 818 Ilinc
3371 772 3453 818 est
3476 766 3614 835 quod
3644 768 3728 821 la—

2137 851 2314 920 pidem
2343 852 2389 906 si
2414 851 2534 921 quis
2558 850 2699 906 dicat
2726 866 2969 920 peccare,
2999 852 3141 922 quod
3170 853 3402 922 pondere
3430 870 3527 909 suo
3559 858 3732 911 tendit

2137 945 2191 999 in
2212 944 2413 1011 infima,
2447 959 2552 998 non
2583 944 2756 999 dicam
2786 944 2900 1014 ipso
2946 944 3117 1014 lapide
3162 945 3437 1011 stolidior,
3474 948 3570 1002 sed
3600 964 3729 1017 pro-

2137 1036 2276 1092 fecto
2304 1036 2525 1091 demens
2549 1036 2850 1105 jndicatur:
2880 1036 3116 1091 animum
3156 1051 3283 1091 vero
3318 1038 3519 1107 peccati
3546 1043 3727 1109 argui-

2137 1143 2292 1194 mus,
2324 1143 2445 1182 cum
2474 1143 2593 1182 cum
2620 1126 2989 1182 convincimus
3015 1128 3379 1196 superioribus
3407 1128 3634 1184 desertis
3660 1132 3728 1185 ad

2137 1220 2418 1275 fruendum
2450 1220 2697 1275 inferiora
2722 1235 3055 1291 praeponere.
3082 1220 3369 1290 Propterea
3397 1263 3410 1287 ,
3440 1222 3565 1292 quid
3594 1239 3729 1293 opus

2137 1322 2217 1367 est
2255 1328 2491 1382 quaerere
2533 1311 2673 1368 unde
2710 1312 2810 1367 iste
2855 1321 3033 1366 motus
3070 1311 3263 1367 existat
3286 1354 3302 1379 ,
3345 1329 3450 1383 quo
3479 1314 3729 1370 voluntas

2137 1406 2394 1462 avertitur
2417 1405 2486 1460 ab
2510 1406 2928 1461 incommutabili
2948 1405 3091 1461 bono
3126 1406 3192 1460 ad
3231 1408 3606 1466 commutabile
3627 1410 3727 1464 bo-

2138 1511 2289 1562 num,
2318 1511 2438 1551 cum
2466 1512 2588 1551 eum
2616 1497 2831 1551 nonnisi
2855 1497 3048 1564 animi,
3078 1506 3131 1552 et
3165 1498 3544 1565 voluntarium,
3574 1509 3627 1555 et
3651 1500 3723 1556 ob

2138 1585 2241 1641 hoc
2266 1586 2579 1656 culpabilem
2608 1603 2728 1643 esse
2774 1588 3065 1654 fateamur;
3109 1590 3387 1661 omnisque
3430 1591 3494 1647 de
3532 1592 3630 1648 hac
3659 1610 3721 1650 re

2137 1678 2415 1749 disciplina
2446 1680 2589 1734 utilis
2625 1680 2693 1735 ad
2723 1679 2777 1735 id
2817 1681 3014 1747 valeat,
3054 1691 3114 1736 ut
3149 1696 3214 1736 eo
3252 1692 3401 1737 motu
3428 1683 3721 1753 improbata

2138 1778 2296 1840 atque
2346 1771 2621 1839 cohibito,
2669 1771 2997 1826 voluntatem
3048 1782 3285 1827 nostram
3330 1773 3396 1827 ad
3446 1773 3722 1829 fruendum

2138 1863 2465 1932 sempiterno
2513 1863 2692 1930 bono,
2741 1878 2772 1917 a
2830 1864 2981 1934 lapsu
3025 1866 3399 1936 temporalium
3442 1877 3726 1925 converta.

2138 1968 2257 2007 mus
2286 1953 2361 2024 (a)
2380 1954 2403 2008 ?
3408 1997 3417 2003 .

2210 2046 2262 2099 5.
2293 2044 2357 2099 E.
2392 2044 2578 2111 Video,
2612 2054 2665 2102 et
2689 2046 3084 2117 quodammodo
3115 2057 3307 2119 tango,
3335 2060 3390 2103 et
3415 2058 3571 2105 teneo
3601 2066 3726 2105 vera

2139 2151 2257 2191 esse
2283 2151 2401 2205 qua:
2425 2136 2559 2191 dicis
2584 2155 2595 2191 :
2627 2153 2731 2192 non
2754 2139 2899 2193 enim
2937 2139 3223 2210 quidquam
3252 2149 3357 2193 tam
3396 2140 3545 2194 tirme
3569 2149 3728 2210 atque

2139 2226 2326 2282 intime
2351 2227 2544 2290 sentio,
2572 2243 2730 2297 quam
2754 2244 2839 2283 me
2864 2228 3061 2284 habere
3086 2230 3430 2296 voluntatem,
3453 2246 3620 2301 eaque
3639 2246 3729 2288 me

2140 2319 2341 2374 moveri
2370 2319 2435 2374 ad
2461 2320 2658 2390 aliquid
2700 2320 3020 2388 fruendum;
3051 2323 3177 2393 quid
3222 2332 3401 2378 autem
3434 2339 3613 2378 meum
3640 2324 3724 2378 di-

2138 2428 2276 2481 cam,
2300 2429 2513 2483 prorsus
2537 2430 2639 2467 non
2664 2414 2896 2480 invenio,
2925 2415 2968 2469 si
2992 2416 3237 2470 voluntas
3258 2432 3359 2485 qua
3381 2416 3501 2470 volo
3520 2424 3575 2471 et
3601 2416 3724 2471 nolo

2140 2520 2245 2560 non
2277 2513 2358 2559 est
2378 2520 2494 2559 mea
2524 2516 2885 2577 :quapropter
2914 2508 2999 2562 cui
3029 2508 3365 2562 tribuendum
3400 2518 3502 2574 est,
3528 2508 3570 2560 si
3600 2509 3727 2578 quid

2138 2609 2235 2665 per
2255 2596 2399 2649 illam
2427 2596 2565 2651 male
2587 2596 2743 2663 facio,
2774 2597 2874 2651 nisi
2900 2598 3063 2651 mihi?
3083 2596 3213 2653 Cum
3239 2599 3380 2653 enim
3401 2599 3571 2653 bonus
3588 2599 3728 2653 Deus

2140 2701 2228 2741 me
2254 2685 2472 2753 fecerit,
2506 2702 2605 2741 nec
2630 2687 2765 2742 bene
2791 2689 2990 2759 aliquid
3018 2689 3206 2745 faciam
3232 2690 3331 2743 nisi
3364 2705 3458 2759 per
3482 2689 3725 2743 volunta-

2140 2786 2267 2843 tem,
2294 2777 2360 2832 ad
2387 2777 2487 2833 hoc
2517 2779 2693 2848 potius
2726 2778 2903 2833 datam
2931 2795 3051 2835 esse
3076 2796 3106 2834 a
3136 2781 3277 2835 bono
3308 2781 3447 2840 Deo,
3476 2780 3604 2835 satis
3628 2794 3726 2849 ap-

2141 2877 2309 2938 paret.
2343 2869 2513 2923 Motus
2555 2879 2733 2924 autem
2770 2885 2874 2939 quo
2914 2870 3018 2925 huc
3045 2880 3136 2925 aut
3170 2870 3297 2925 illuc
3326 2871 3569 2925 voluntas
3596 2886 3726 2925 con-

2140 2960 2381 3024 vertitur,
2406 2960 2504 3014 nisi
2528 2969 2673 3015 esset
2695 2960 3045 3027 voluntarius,
3062 2971 3219 3030 atque
3240 2960 3294 3014 in
3313 2970 3492 3016 nostra
3515 2962 3722 3031 positus

2142 3059 2421 3119 potestate,
2450 3067 2624 3120 neque
2646 3052 2942 3108 laudandus
2979 3067 3100 3107 cum
3128 3053 3192 3107 ad
3222 3053 3520 3122 superiora,
3552 3068 3726 3123 neque

2141 3141 2435 3213 culpandus
2476 3142 2635 3197 homo
2683 3152 2826 3199 esset
2867 3158 2989 3198 cum
3033 3143 3099 3198 ad
3148 3143 3399 3199 inferiora
3446 3143 3729 3214 detorquet

2142 3216 2291 3304 quasi
2316 3233 2597 3303 quemdam
2628 3235 2901 3291 cardinem
2946 3236 3262 3301 voluntatis;
3297 3251 3468 3306 neque
3511 3238 3729 3291 omnino

2142 3325 2437 3395 monendus
2462 3334 2605 3381 esset
2648 3334 2703 3380 ut
2740 3327 2857 3381 istis
2898 3328 3152 3397 neglectis
3180 3336 3378 3383 :eterna
3413 3329 3573 3384 vellet
3612 3328 3728 3383 adi-

2143 3416 2295 3486 pisci,
2323 3425 2480 3487 atque
2501 3425 2557 3471 ut
2580 3417 2717 3471 male
2742 3418 2901 3474 nollet
2932 3418 3111 3473 vivere
3132 3459 3146 3483 ,
3182 3420 3343 3474 vellet
3367 3428 3545 3474 autem
3570 3418 3726 3474 bene.

2142 3506 2256 3561 Hoc
2290 3517 2466 3561 autem
2505 3506 2827 3561 monendum
2863 3524 2970 3564 non
3009 3524 3128 3563 esse
3162 3510 3454 3577 hominem,
3491 3509 3730 3580 quisquis

2143 3598 2430 3663 existimat,
2455 3598 2520 3653 de
2542 3598 2816 3654 hominum
2843 3616 3066 3657 numero
3093 3602 3522 3657 exterminandus
3550 3610 3650 3657 est.

2142 3690 2366 3746 CAPUT
2404 3691 2466 3746 ll.
2488 3722 2557 3730 —
2578 3691 2672 3745 Dei
2699 3694 3011 3763 prwscieitlia
3036 3696 3283 3764 quomodo
3316 3695 3515 3747 liberam
3543 3694 3723 3748 volun—

2214 3791 2365 3836 tatem
2415 3785 2732 3853 peccantibus
2782 3802 2882 3839 uon
2928 3787 3169 3856 auferat,
3220 3789 3428 3856 quaestio
3480 3788 3726 3857 plurimos

2212 3882 2467 3944 torquens.

2211 3964 2264 4018 4.
2296 3964 2422 4031 Quas
2451 3979 2574 4019 cum
2601 3965 2672 4019 ita
2712 3966 2852 4031 sint,
2888 3966 3224 4023 inelfabiliter
3251 3983 3339 4023 me
3362 3978 3561 4037 movet,
3593 3984 3726 4040 quo-

2141 4056 2304 4111 modo
2327 4057 2441 4112 fieri
2470 4058 2635 4127 possit
2659 4066 2716 4111 ut
2742 4069 2795 4113 et
2822 4059 2964 4114 Deus
2988 4060 3241 4136 praescius
3276 4062 3343 4115 sit
3378 4062 3614 4116 omnium
3646 4063 3729 4116 fu-

2141 4156 2401 4217 turorum,
2429 4159 2484 4205 et
2510 4166 2609 4204 nos
2632 4152 2778 4206 nulla
2806 4154 3124 4209 necessitate
3147 4169 3450 4225 peccemus.
3478 4155 3726 4226 Quisquis

2141 4242 2283 4296 enim
2304 4242 2497 4299 dixerit
2535 4244 2687 4298 aliter
2712 4245 2929 4299 evenire
2970 4260 3128 4315 posse
3166 4246 3363 4317 aliquid
3390 4264 3550 4319 quam
3586 4249 3726 4304 Deus

2141 4342 2261 4387 ante
2279 4333 2561 4403 praescivit,
2583 4335 2967 4404 praescientiam
2989 4335 3080 4390 Dei
3101 4336 3376 4394 destruere
3391 4338 3725 4394 insanissima

2140 4423 2409 4493 impietate
2433 4426 2673 4481 molitur.
2701 4427 3056 4497 Quapropter,
3083 4428 3127 4483 si
3155 4431 3425 4500 praescivit
3447 4431 3585 4487 Deus
3602 4447 3726 4502 pee-

2140 4523 2380 4571 caturum
2422 4532 2543 4573 esse
2586 4519 2817 4588 primum
2858 4519 3130 4577 hominem
3155 4563 3171 4589 ,
3212 4522 3355 4593 quod
3397 4538 3617 4580 necesse
3643 4534 3727 4581 est

2140 4609 2396 4664 concedat
2433 4610 2561 4664 mihi
2604 4612 2840 4683 quisquis
2887 4629 3095 4669 mecum
3137 4616 3375 4672 omnium
3424 4617 3723 4673 futurorum

2142 4701 2418 4770 praescium
2446 4699 2642 4757 fatetur
2671 4702 2871 4770 Deum;
2903 4705 2947 4759 si
2973 4720 3101 4777 ergo
3121 4706 3191 4760 ita
3212 4716 3313 4774 est,
3338 4723 3446 4763 non
3475 4709 3595 4764 dico
3617 4724 3724 4764 non

2139 4807 2261 4849 eum
2292 4792 2509 4862 faceret,
2537 4794 2733 4850 bonum
2759 4797 2898 4851 enim
2921 4796 3066 4864 fecit,
3099 4814 3197 4855 nec
3220 4799 3410 4856 obesse
3438 4800 3724 4871 quidquam

2138 4885 2251 4942 Deo
2280 4894 2460 4956 posset
2493 4897 2764 4956 peccatum
2811 4889 2925 4959 ejus
2966 4905 3123 4961 quem
3164 4891 3362 4948 bonum
3408 4894 3519 4964 ipse
3562 4894 3720 4949 fecit:

2138 4977 2247 5034 imo
2298 4980 2351 5033 in
2392 4994 2498 5050 quo
2552 4979 2794 5036 faciendo
2838 4981 3130 5038 bonitatem
3182 5000 3332 5040 suam
3381 4987 3720 5053 ostenderat,

2138 5070 2370 5125 ostendit
2396 5072 2555 5127 etiam
2592 5072 2647 5127 in
2672 5074 2939 5144 puniendo
2961 5074 3219 5145 justitiam
3240 5119 3256 5146 ,
3293 5085 3348 5133 et
3371 5077 3424 5134 in
3450 5078 3723 5135 liberando

2139 5160 2595 5218 misericordiam:
2628 5179 2735 5218 non
2773 5165 2950 5235 itaque
2988 5165 3144 5233 dico,
3184 5182 3291 5223 non
3335 5184 3458 5223 eum
3492 5169 3718 5234 faceret;

2139 5250 2233 5306 sed
2264 5251 2365 5308 hoc
2391 5252 2533 5322 dico,
2564 5254 2813 5324 quoniam
2841 5265 3185 5324 peccaturum
3213 5273 3335 5315 esse
3358 5260 3719 5330 priesciverat,

2139 5360 2361 5401 necesse
2392 5356 2508 5402 erat
2544 5346 2596 5401 id
2636 5346 2751 5401 fieri
2772 5388 2787 5412 ,
2832 5348 2972 5418 quod
2997 5348 3231 5406 futurum
3262 5365 3383 5407 esse
3410 5353 3725 5423 praesciebat

2140 5436 2301 5492 Deus.
2325 5436 2601 5505 Quomodo
2628 5445 2711 5493 est
2738 5438 2894 5509 igitur
2911 5440 3158 5497 voluntas
3189 5442 3354 5499 libera
3371 5444 3461 5501 ubi
3483 5453 3587 5500 tam
3609 5445 3721 5501 ine-

2139 5526 2369 5581 vitabilis
2395 5536 2614 5597 apparet
2637 5530 2964 5585 necessitas?

2210 5618 2261 5671 5.
2293 5617 2356 5671 Α.
2391 5588 2613 5674 Pulsasti
2639 5620 2984 5677 vehementer
3015 5640 3029 5676 :
3061 5624 3423 5683 misericordia
3439 5628 3535 5686 Dei
3561 5588 3738 5699 adsit,

2203 5732 2218 5761 ¹
2244 5736 2295 5779 in
2310 5740 2418 5781 octo
2434 5738 2559 5793 Mss,
2578 5732 2807 5794 inferiora
2823 5732 3008 5798 diligat.
3036 5742 3100 5785 tta
3124 5738 3269 5789 etiam
3291 5740 3398 5790 Bad.

2140 5830 2143 5833 ι
2203 5812 2274 5875 (a)
2300 5815 2399 5864 vid.
2429 5822 2629 5866 ltetract.
2660 5816 2741 5866 lib.
2772 5819 2815 5879 l,
2840 5831 2944 5881 cap.
2970 5818 3019 5881 9,
3044 5832 3092 5868 ιι.
3118 5820 3165 5870 3.
