4118 6370
424 320 583 435 12751

424 462 734 535 aperiatque
765 457 1094 530 pulsantibus
1120 458 1159 510 ί.
1183 456 1562 513 Verumtamen
1583 458 1863 513 maximam
1887 469 2008 525 par-

423 567 532 614 tem
564 556 840 611 hominum
883 555 983 610 ista
1020 554 1310 625 quaestione
1352 552 1586 623 torqueri
1625 567 1730 607 non
1769 551 1839 606 ob
1865 549 2005 604 aliud

421 648 764 711 crediderim,
796 646 898 700 nisi
924 645 1045 715 quia
1077 660 1185 700 non
1211 645 1297 714 pie
1319 652 1582 715 quaerunt,
1610 643 2006 711 velocioresque

424 755 554 802 sunt
579 744 644 800 ad
674 742 1091 806 excusationem,
1119 754 1275 810 quam
1306 739 1372 793 ad
1398 738 1783 795 confessionem
1814 751 2004 807 pecca-

426 852 601 897 torum
628 853 867 894 suorum.
897 835 1003 890 Alii
1047 835 1187 890 enim
1223 833 1420 887 nullam
1450 833 1680 888 divinam
1718 831 2004 902 providen-

426 934 555 989 tiam
580 944 811 1001 praeesse
834 929 994 983 rebus
1016 927 1260 981 humanis
1281 926 1509 982 libenter
1528 926 1828 995 opinantur,
1855 924 2005 979 dum-

423 1040 527 1096 que
552 1021 784 1077 fortuitis
809 1018 1149 1075 committunt
1169 1018 1379 1074 casibus
1400 1027 1454 1073 et
1476 1017 1683 1071 animos
1704 1024 1757 1071 et
1782 1031 2005 1085 corpora

423 1132 517 1173 sua
539 1158 553 1184 ,
594 1113 809 1169 tradunt
840 1127 898 1167 se
924 1110 1195 1166 feriendos
1235 1119 1287 1165 et
1316 1109 1646 1165 dilaniandos
1674 1107 2001 1175 libidinibus,

422 1209 600 1264 divina
621 1205 819 1276 judicia
842 1210 1116 1273 negantes,
1148 1202 1377 1257 humana
1412 1201 1674 1266 fallentes,
1702 1214 1796 1254 eos
1825 1215 1855 1253 a
1885 1199 2005 1269 qui-

422 1302 522 1357 bus
552 1307 885 1362 accusantur,
917 1296 1144 1352 fortunze
1173 1294 1464 1366 patrocinio
1490 1293 1796 1363 propulsare
1822 1307 1880 1347 se
1905 1307 2003 1362 pu—

426 1402 574 1458 tant;
608 1408 763 1463 quam
796 1401 970 1446 tamen
996 1403 1192 1444 eaeam
1235 1386 1486 1457 efﬁngere
1532 1400 1594 1440 ac
1625 1386 1835 1455 pingere
1878 1398 2005 1437 con-

422 1491 744 1550 sueverunt,
792 1490 849 1537 ut
887 1488 978 1536 aut
1018 1480 1266 1535 meliores
1310 1494 1372 1534 ea
1422 1478 1527 1533 sint
1563 1493 1594 1532 a
1638 1492 1739 1547 qua
1790 1491 1849 1531 se
1890 1475 2003 1545 regi

422 1577 780 1642 arbitrantur,
817 1584 907 1629 aut
950 1588 1007 1627 se
1046 1587 1257 1643 quoque
1299 1585 1420 1625 cum
1459 1570 1645 1625 eadem
1688 1568 1923 1624 caecitate
1950 1575 2004 1622 et

420 1670 620 1726 sentire
671 1670 769 1725 ista
809 1668 1073 1723 fateantur
1122 1674 1177 1721 et
1220 1665 1415 1721 dicere.
1464 1662 1574 1718 Nec
1613 1663 1756 1718 enim
1811 1662 2001 1716 talibus

422 1764 651 1819 absurde
691 1763 851 1818 etiam
893 1758 1200 1815 conceditur
1227 1758 1434 1814 casibus
1469 1771 1561 1813 eos
1598 1770 1755 1827 agere
1797 1754 1996 1820 omnia,

423 1856 632 1928 quando
652 1853 856 1926 agendo
882 1852 1091 1908 cadunt.
1125 1850 1229 1907 Sed
1257 1850 1511 1905 adversus
1536 1848 1673 1903 hanc
1696 1848 1999 1918 opinionem

420 1949 629 2021 plenam
661 1945 957 2002 stultissimi
986 1959 1048 1999 ac
1074 1943 1456 2000 dementissimi
1488 1943 1716 2007 erroris,
1759 1942 1908 2008 satis,
1942 1950 2000 1995 ut

422 2040 676 2103 arbitror,
723 2037 956 2093 secunda
997 2045 1179 2092 nostra
1222 2034 1664 2090 sermocinatione
1712 2033 1997 2088 dissertum

421 2142 518 2189 est.
548 2133 651 2187 Alii
690 2146 818 2187 vero
847 2144 1148 2200 quanquam
1193 2143 1388 2199 negare
1419 2142 1522 2182 non
1553 2126 1780 2181 audeant
1815 2125 1998 2197 praesi-

420 2225 543 2280 dere
586 2224 831 2279 humanac
856 2223 979 2277 vitae
1008 2221 1391 2292 providentiam
1425 2221 1556 2287 Dei,
1584 2220 1789 2275 malunt
1819 2230 2019 2295 tamen,

419 2332 530 2371 eam
560 2317 644 2372 vel
691 2316 987 2383 inﬁrmam,
1022 2314 1102 2369 vel
1129 2313 1409 2383 injustam,
1437 2313 1521 2368 vel
1560 2313 1750 2367 malam
1790 2311 1994 2367 nefario

418 2428 595 2469 errore
637 2411 890 2476 credere,
922 2424 1081 2480 quam
1131 2423 1227 2463 sua
1272 2415 1483 2477 peccata
1532 2406 1726 2476 pietate
1768 2405 1992 2475 supplici

418 2504 672 2559 conﬁteri.
700 2503 799 2571 Qui
828 2517 1015 2557 omnes
1037 2501 1083 2557 si
1109 2499 1418 2571 persuaderi
1446 2498 1547 2553 sibi
1578 2506 1904 2569 paterentur,
1936 2505 1996 2553 ut

416 2612 533 2653 cum
558 2596 625 2651 de
647 2595 845 2666 optimo
874 2604 927 2651 et
941 2594 1235 2665 justissimo
1262 2600 1316 2647 et
1342 2590 1709 2662 potentissimo
1736 2590 1988 2661 cogitant,

416 2688 699 2745 bonitatem
724 2697 779 2744 et
813 2687 1071 2758 justitiam
1109 2696 1163 2742 et
1193 2686 1484 2756 potentiam
1515 2684 1610 2739 Dei
1635 2684 1791 2755 longe
1820 2684 1991 2754 majo-

417 2796 524 2837 rem
570 2781 1006 2851 superioremque
1049 2794 1169 2835 esse
1202 2778 1503 2844 crederent,
1540 2793 1700 2847 quam
1736 2776 1991 2848 quidquid

417 2872 730 2943 cogitatione
758 2873 1095 2942 concipiunt;
1120 2869 1626 2939 considerantesque
1651 2870 1986 2940 semetipsos,

414 2964 602 3034 gratias
634 2965 742 3018 Deo
778 2980 836 3020 se
878 2964 1074 3020 debere
1119 2962 1496 3033 intelligerent,
1537 2962 1745 3017 etiamsi
1788 2963 1987 3033 aliquid

412 3054 631 3111 inferius
658 3070 750 3111 eos
791 3055 1047 3111 voluisset
1090 3069 1208 3109 esse
1245 3069 1402 3123 quam
1444 3060 1603 3118 sunt,
1638 3052 1989 3125 omnibusque

407 3147 611 3201 ossibus
641 3155 692 3202 et
717 3146 963 3202 medullis
988 3144 1326 3201 conscientiae
1363 3160 1472 3199 sua}
1509 3146 1803 3201 clamarent
1832 3163 1844 3200 :
1874 3146 1987 3217 Ego

412 3238 532 3305 dixi,
560 3238 793 3304 Domine,
818 3238 1051 3294 miserere
1084 3238 1212 3303 mei,
1244 3253 1365 3290 cura
1393 3238 1613 3292 animam
1641 3254 1830 3302 meam,
1867 3238 1987 3308 quia

408 3330 603 3397 peccavi
627 3329 712 3383 tibi
744 3329 762 3397 (
784 3328 929 3385 Psal.
956 3345 1044 3394 XL,
1072 3328 1139 3399 5)
1166 3347 1179 3384 :
1202 3329 1274 3383 ita
1301 3329 1460 3384 certis
1486 3329 1765 3385 itineribus
1788 3330 1985 3387 divinae

406 3419 783 3474 misericordiae
812 3420 865 3474 in
893 3419 1206 3489 sapientiam
1236 3419 1583 3488 ducerentur,
1612 3430 1669 3476 ut
1698 3436 1869 3492 neque
1897 3422 1981 3477 in-

405 3510 575 3565 ventis
603 3510 760 3565 rebus
786 3510 971 3577 inllati,
1003 3526 1176 3581 neque
1202 3526 1305 3566 non
1332 3511 1564 3567 inventis
1596 3512 1901 3581 turbulenti,
1930 3522 1985 3569 et

401 3601 768 3670 cognoscendo
810 3602 1179 3657 instructiores
1222 3602 1409 3657 ﬁerent
1447 3602 1513 3657 ad
1550 3603 1835 3658 videndum
1855 3606 1896 3671 ³,
1929 3612 1985 3660 et

402 3690 468 3745 ad
491 3693 832 3760 quaerendum
860 3692 1150 3764 ignorando
1178 3694 1434 3749 mitiores.
1464 3694 1581 3750 Tibi
1608 3710 1736 3751 vero
1761 3697 1845 3752 cui
1869 3697 1980 3767 jam

405 3781 503 3837 hoc
526 3799 833 3853 persuasum
862 3799 981 3839 esse
1010 3800 1114 3840 non
1145 3785 1330 3840 dubito
1349 3828 1363 3851 ,
1397 3785 1515 3840 vide
1547 3801 1706 3857 quam
1737 3786 1891 3843 facile
1914 3788 1982 3844 de

401 3880 507 3927 tam
547 3888 733 3943 magna
774 3875 1066 3943 quaestione
1109 3876 1486 3945 respondeam,
1526 3891 1647 3933 cum
1676 3879 1805 3933 mihi
1837 3880 1980 3951 prior

399 3963 743 4035 interroganti
774 3980 934 4034 pauca
963 3966 1321 4035 responderis.

398 4053 620 4110 CAPUT
660 4054 745 4109 IIl.
781 4084 851 4095 —-
877 4055 974 4110 Dei
1012 4057 1328 4125 prtescientia
1366 4073 1467 4111 non
1503 4058 1648 4128 eﬂ‘icit
1688 4068 1743 4113 ut
1786 4076 1885 4115 non
1913 4060 1978 4114 li-

377 4162 387 4235 ;
840 4149 955 4203 bera
979 4148 1233 4203 voluntate
1257 4166 1533 4219 peccemus.

376 4242 385 4289 ξ
466 4240 517 4296 6.
541 4238 698 4298 Certe
711 4242 852 4297 enim
876 4243 976 4299 hoc
993 4252 1045 4298 te
1060 4252 1257 4310 movet,
1274 4252 1329 4299 et
1349 4242 1449 4299 hoc
1464 4245 1696 4313 miraris,
1714 4246 1980 4316 quomodo

394 4347 500 4391 non
526 4336 631 4390 sint
656 4337 921 4391 contraria
947 4346 1000 4392 et
1026 4338 1393 4407 repugnantia,
1410 4346 1535 4394 utet
1560 4339 1698 4393 Deus
1726 4340 1979 4408 praescius

394 4426 463 4480 sit
491 4428 726 4483 omnium
765 4428 1101 4494 futurorum,
1134 4438 1189 4485 et
1229 4444 1327 4486 nos
1362 4445 1468 4485 non
1510 4432 1857 4499 necessitate,
1885 4433 1979 4489 sed

393 4518 667 4574 voluntate
704 4536 1005 4589 peccemus.
1039 4521 1096 4578 Si
1132 4523 1273 4577 enim
1302 4523 1555 4593 praescius
1591 4534 1672 4579 est
1697 4525 1860 4593 Deus,
1893 4526 1977 4583 in-

394 4609 535 4677 quis,
568 4620 902 4679 peccaturum
934 4628 1051 4669 esse
1078 4612 1349 4670 hominem
1369 4656 1384 4682 ,
1421 4631 1644 4672 necesse
1667 4626 1748 4672 est
1771 4626 1829 4672 ut
1855 4633 1974 4688 pec-

393 4707 479 4753 cet
507 4718 521 4752 :
552 4701 596 4754 si
630 4710 808 4757 autem
846 4718 1064 4759 necesse
1089 4715 1205 4773 est,
1236 4723 1341 4761 non
1366 4722 1492 4778 ergo
1517 4716 1598 4764 est
1626 4709 1679 4763 in
1709 4711 1976 4779 peccando

392 4792 678 4848 voluntatis
701 4794 998 4862 arbitrium,
1026 4797 1120 4852 sed
1143 4799 1315 4867 potius
1339 4800 1661 4856 inevitabilis
1686 4812 1739 4858 et
1765 4804 1867 4858 lixa
1890 4819 1976 4860 ne-

392 4886 633 4941 cessitas.
664 4886 777 4954 Qua
805 4888 1206 4945 ratiocinatione
1235 4890 1338 4949 hoc
1361 4892 1607 4949 videlicet
1635 4911 1703 4951 ne
1726 4896 1975 4954 conﬁcia-

388 4986 475 5031 tur
508 4977 696 5042 times,
729 4988 785 5033 ut
821 4987 911 5033 aut
950 4979 1090 5035 Deus
1119 4980 1412 5037 futurorum
1451 4988 1685 5042 omnium
1719 4991 1973 5059 praescius

386 5065 550 5136 impie
580 5076 803 5137 negetur
822 5110 835 5135 ,
869 5078 960 5123 aut
997 5070 1041 5124 si
1070 5070 1173 5127 hoc
1201 5088 1396 5144 negare
1429 5091 1535 5131 non
1564 5093 1867 5149 possumus,
1896 5082 1972 5137 fa-

388 5168 596 5213 teamur
630 5174 734 5215 non
784 5160 1080 5229 voluntate,
1124 5165 1220 5220 sed
1266 5168 1582 5225 necessitate
1620 5174 1821 5241 peccari
1852 5190 1865 5227 :
1902 5190 1969 5230 an

384 5249 583 5319 aliquid
603 5249 745 5306 aliud
777 5260 828 5307 te
851 5255 1066 5308 movet?
1090 5254 1156 5309 E.
1186 5256 1327 5311 Nihil
1347 5259 1557 5315 interim
1587 5261 1747 5317 aliud.
1770 5264 1833 5318 A.
1864 5266 1970 5322 Res

384 5356 511 5411 ergo
542 5343 816 5399 universas
839 5360 1058 5415 quarum
1089 5347 1229 5403 Deus
1249 5358 1330 5405 est
1351 5353 1621 5421 praescius,
1649 5370 1754 5410 non
1782 5358 1969 5413 volun-

386 5440 491 5487 tate
522 5434 616 5489 sed
647 5436 966 5491 necessitate
997 5438 1108 5492 ﬁeri
1150 5449 1318 5509 putas.
1358 5442 1421 5495 E.
1455 5442 1682 5501 Omnino
1712 5448 1781 5501 ita
1817 5458 1961 5518 puto.

371 5560 474 5698 bne:
490 5593 660 5700 lt;
673 5593 1041 5703 sgpgemdecim,
1057 5594 1264 5649 Pulsasti
1279 5598 1573 5653 vehementer
1583 5603 1965 5660 misericordiam

481 5686 490 5696 ο
519 5686 548 5696 τι
557 5686 666 5711 ut)“,
696 5686 787 5703 μιν.

447 5712 467 5740 ³
582 5714 761 5793 ἮΔΜὲξὶ
778 5726 1137 5793 novem..Po_rro
1160 5723 1208 5793 in
1230 5723 1412 5789 aliquot
1431 5726 1570 5793 aliis,
1596 5738 1645 5781 et
1684 5731 1809 5783 apud
1849 5734 1957 5783 Bad.

380 5770 455 5821 Er.
483 5781 535 5824 ct
551 5780 661 5825 ων.
686 5776 911 5841 habetur,
928 5780 992 5831 ad

1780 337 1983 396 LIBER
2022 335 2331 398 TERTIUS.

3558 373 3698 436 1274

2114 455 2179 507 Α.
2213 457 2597 531 Expergiscere
2625 465 2835 523 tandem
2856 511 2872 538 ,
2909 477 3065 543 teque
3097 472 3270 546 ipsum
3308 482 3577 550 paululum
3610 490 3698 545 in-

2114 556 2284 619 tuere,
2313 562 2366 607 et
2390 553 2474 609 die
2501 556 2648 624 mihi,
2678 559 2721 613 si
2752 569 2925 633 potes,
2954 567 3162 635 qualem
3190 570 3263 626 sis
3287 574 3559 634 habiturus
3578 595 3697 638 cras

2113 641 2456 713 voluntatem,
2480 656 2655 704 utrum
2676 655 2946 724 peccandi,
2971 672 3039 712 an
3062 669 3205 716 recte
3234 662 3477 721 faciendi.
3497 668 3563 723 E.
3586 671 3696 728 Ne-

2113 736 2245 791 scio.
2291 738 2356 792 A.
2413 739 2591 807 Quid?
2644 743 2808 800 Deum
2859 748 3041 804 itidem
3098 755 3303 810 nescire
3349 756 3451 813 hoc
3503 765 3698 830 putas?

2113 825 2181 881 E.
2208 828 2362 885 Nullo
2391 833 2549 888 modo
2589 835 2642 889 id
2672 841 2987 905 putaverim.
3018 844 3083 897 A.
3125 846 3180 902 Si
3217 863 3344 919 ergo
3372 825 3695 913 voluntatem

2113 929 2255 975 tuam
2284 925 2568 980 crastinam
2599 929 2766 997 novit,
2798 940 2851 987 et
2876 933 3111 990 omnium
3142 936 3435 1009 hominum,
3463 945 3575 1001 sive
3604 950 3696 1017 qui

2112 1020 2255 1079 sunt,
2277 1015 2389 1069 sive
2408 1018 2497 1086 qui
2514 1017 2675 1074 futuri
2706 1030 2846 1088 sunt,
2873 1023 3074 1081 futuras
3100 1030 3352 1097 prmvidet
3374 1015 3691 1102 voluntates,

2112 1103 2280 1159 multo
2305 1108 2473 1177 magis
2501 1111 2758 1178 praevidet
2791 1114 2919 1184 quid
2946 1115 3013 1171 de
3034 1117 3191 1187 justis
3219 1121 3501 1193 impiisque
3528 1124 3697 1182 factu-

2110 1210 2203 1251 rus
2222 1198 2307 1253 sit.
2332 1198 2399 1253 E.
2422 1201 2645 1259 Prorsus
2662 1206 2707 1259 si
2728 1222 2967 1262 meorum
2988 1225 3209 1279 operum
3228 1217 3503 1283 praescium
3526 1218 3693 1277 Deum

2111 1289 2265 1356 dico,
2312 1293 2481 1347 multo
2526 1293 2772 1352 ﬁdentius
2816 1314 2936 1354 eum
2980 1301 3203 1357 dixerim
3246 1307 3493 1376 praescire
3532 1326 3695 1380 opera
3782 1316 3785 1319 ’

2110 1398 2225 1449 sua,
2245 1392 2298 1439 et
2316 1386 2440 1455 quid
2458 1386 2525 1443 sit
2540 1388 2772 1447 facturus
2788 1393 3083 1450 certissime
3099 1398 3411 1466 praevidere.
3428 1401 3491 1455 A.
3506 1401 3694 1459 Nonne

2110 1475 2271 1548 igitur
2299 1494 2455 1534 caves
2484 1497 2551 1537 ne
2579 1483 2673 1539 tibi
2698 1484 2923 1554 dicatur,
2951 1488 3111 1543 etiam
3142 1489 3312 1561 ipsum
3347 1508 3693 1567 qutecumque

2109 1571 2343 1629 facturus
2366 1583 2477 1641 est,
2506 1590 2610 1629 non
2642 1577 2911 1635 voluntate
2940 1581 3035 1635 sed
3066 1585 3380 1639 necessitate
3407 1585 3690 1657 facturum,

2107 1664 2154 1719 si
2179 1666 2357 1721 omnia
2386 1682 2612 1737 quorum
2634 1669 2772 1724 Deus
2798 1675 3049 1741 praescius
3071 1682 3172 1743 est,
3196 1678 3511 1734 necessitate
3535 1680 3686 1749 ﬁunt,

2107 1773 2215 1813 non
2242 1759 2550 1815 voluntate?
2575 1761 2642 1814 E.
2676 1762 2788 1832 Ego
2825 1778 2944 1817 cum
2971 1765 3203 1820 dicerem
3232 1770 3546 1826 necessitate
3574 1772 3692 1826 uni-

2106 1865 2258 1905 versa
2285 1850 2399 1906 ﬁeri
2425 1868 2541 1921 qutc
2564 1853 2702 1907 Deus
2721 1852 2888 1909 futura
2916 1856 3199 1924 praescivit,
3224 1873 3285 1914 ea
3307 1859 3418 1913 sola
3448 1860 3690 1917 intuebar

2104 1957 2225 2012 quae
2251 1943 2304 1997 in
2331 1951 2573 1998 creatura
2602 1944 2720 2014 ejus
2752 1945 2883 1999 ﬁunt
2903 1986 2917 2013 ,
2958 1962 3067 2003 non
3102 1958 3279 2002 autem
3306 1966 3423 2020 quae
3449 1951 3500 2006 in
3532 1952 3687 2022 ipso:

2105 2047 2212 2088 non
2241 2034 2382 2088 enim
2409 2051 2472 2090 ea
2500 2034 2648 2103 ﬁunt,
2683 2037 2777 2091 sed
2799 2047 2921 2092 sunt
2945 2039 3285 2108 sempiterna.
3305 2040 3367 2093 A.
3394 2040 3534 2097 Nihil
3562 2059 3690 2115 ergo

2103 2125 2157 2181 in
2184 2141 2277 2181 sua
2306 2137 2549 2183 creatura
2574 2139 2824 2199 operatur
2863 2131 3023 2186 Deus.
3054 2131 3120 2186 E.
3148 2132 3265 2188 Jam
3306 2135 3469 2190 semel
3507 2138 3689 2192 statuit

2101 2217 2549 2288 quemadmodum
2578 2219 2779 2276 feratur
2817 2223 2950 2277 ordo
2991 2222 3105 2292 ejus
3136 2225 3493 2283 universitatis
3527 2244 3686 2297 quam

2099 2310 2374 2377 condidit;
2408 2328 2577 2383 neque
2604 2315 2744 2368 enim
2779 2315 2975 2385 aliquid
3020 2332 3154 2371 nova
3196 2321 3469 2375 voluntate
3511 2322 3685 2377 admi-

2100 2403 2309 2458 nistrat.
2340 2404 2404 2457 A.
2428 2404 2691 2476 Numquid
2714 2408 2980 2463 neminem
3014 2408 3228 2465 beatum
3254 2411 3410 2466 facit?
3442 2412 3505 2466 E.
3538 2413 3686 2470 Facit

2100 2508 2250 2548 vero.
2279 2494 2342 2548 A.
2368 2496 2515 2552 Tunc
2542 2499 2721 2568 utique
2747 2498 2891 2567 facit,
2926 2501 3138 2571 quando
3164 2502 3255 2559 ille
3280 2503 3357 2558 ﬁt.
3386 2504 3454 2560 E.
3479 2505 3553 2561 Ita
3578 2517 3679 2563 est.

2096 2582 2163 2636 A.
2190 2584 2244 2640 Si
2284 2585 2473 2656 igitur,
2507 2589 2654 2642 verbi
2691 2591 2857 2659 gratia
2883 2632 2896 2655 ,
2931 2600 3049 2661 post
3081 2608 3276 2648 annum
3305 2595 3492 2651 beatus
3540 2597 3683 2654 futu-

2097 2689 2189 2731 rus
2209 2678 2287 2743 es,
2312 2686 2431 2745 post
2458 2692 2653 2732 annum
2686 2686 2736 2733 te
2762 2680 2972 2735 beatum
2997 2681 3230 2739 facturus
3255 2693 3354 2739 est.
3386 2685 3452 2741 E.
3483 2685 3679 2745 Etiam.

2096 2764 2160 2818 Α.
2182 2765 2297 2821 Jam
2328 2781 2456 2836 ergo
2485 2760 2694 2836 prmscit
2727 2769 2886 2824 hodie
2911 2772 3050 2841 quod
3084 2782 3203 2842 post.
3231 2789 3427 2830 annum
3452 2776 3683 2834 factmus

2095 2863 2196 2911 est.
2228 2855 2294 2912 E.
2316 2856 2537 2927 Semper
2564 2857 2665 2913 hoc
2694 2861 2957 2929 prtescivit
2986 2879 2999 2915 :
3032 2878 3171 2918 nunc
3194 2879 3404 2935 quoque
3432 2867 3532 2924 hoc
3558 2883 3682 2925 eum

2094 2948 2345 3016 prtescire
2372 2951 2667 3011 consentio.
2700 2952 2744 3007 si
2772 2962 2854 3007 est
2882 2953 2953 3007 ita
2984 2954 3237 3010 futurum.

2164 3039 2217 3092 7.
2258 3040 2322 3093 Α.
2356 3040 2469 3106 Dic,
2493 3057 2693 3111 quaeso,
2725 3059 2850 3098 num
2872 3053 2927 3099 tu
2952 3056 3193 3101 creatura
3224 3048 3338 3119 ejus
3355 3064 3460 3104 non
3489 3064 3565 3115 es,
3585 3060 3680 3107 aut

2093 3136 2185 3185 tua
2208 3130 2479 3186 beatitudo
2506 3148 2608 3188 non
2650 3135 2700 3188 iu
2744 3144 2796 3190 te
2824 3136 2952 3192 ﬁet?
2980 3137 3045 3191 E.
3066 3138 3179 3195 Imo
3211 3150 3266 3196 et
3301 3152 3539 3198 creatura
3558 3145 3675 3216 ejus

2091 3238 2232 3291 sum,
2268 3233 2322 3279 et
2350 3225 2402 3279 in
2433 3242 2520 3281 me
2545 3227 2637 3281 fiet
2664 3228 2803 3297 quod
2828 3230 3014 3286 beatus
3039 3247 3151 3287 ero.
3180 3233 3243 3287 Α.
3272 3234 3387 3289 Non
3414 3252 3542 3307 ergo
3572 3254 3674 3294 vo-

2091 3315 2294 3372 luntate
2322 3317 2418 3373 sed
2441 3320 2758 3374 necessitate
2786 3320 2841 3375 in
2872 3329 2921 3376 te
2942 3321 3032 3377 ﬁet
3053 3323 3322 3379 beatitudo
3344 3335 3432 3382 tua
3463 3328 3572 3384 Deo
3598 3329 3678 3385 fa-

2089 3408 2284 3464 ciente.
2312 3408 2378 3463 E.
2408 3409 2663 3467 Voluntas
2688 3412 2828 3467 illius
2852 3412 2979 3469 mihi
3022 3423 3106 3471 est
3133 3418 3442 3472 necessitas.
3487 3420 3551 3472 Α.
3601 3420 3679 3477 Tu

2089 3498 2268 3570 itaque
2285 3500 2479 3558 invitus
2510 3503 2699 3559 beatus
2725 3504 2853 3560 eris.
2878 3504 2945 3559 E.
2977 3506 3103 3561 Mihi
3126 3508 3170 3577 si
3198 3517 3340 3563 esset
3360 3518 3594 3580 potestas
3620 3520 3677 3567 ut

2089 3604 2261 3646 essem
2287 3592 2527 3661 beatus‘,
2557 3595 2665 3665 jam
2685 3596 2922 3666 profecto
2951 3614 3125 3655 essem
3157 3617 3170 3653 :
3201 3601 3326 3657 volo
3353 3603 3492 3658 enim
3519 3602 3676 3661 etiam

2089 3697 2251 3747 nunc,
2296 3694 2351 3740 et
2391 3701 2497 3739 non
2524 3702 2661 3755 sum,
2700 3690 2820 3758 quia
2843 3705 2949 3745 non
2970 3706 3087 3762 ego,
3118 3692 3211 3748 sed
3238 3693 3326 3749 ille
3352 3710 3437 3749 me
3464 3695 3677 3753 beatum

2086 3775 2317 3832 facit.A.
2354 3777 2565 3849 Optime
2592 3780 2661 3835 de
2704 3790 2755 3837 te
2789 3784 2982 3838 veritas
3006 3785 3217 3840 clamat.
3250 3785 3366 3842 Non
3392 3790 3531 3843 enim
3550 3804 3677 3859 pos-

2087 3882 2174 3923 ses
2195 3869 2339 3926 aliud
2381 3871 2581 3927 sentire
2606 3887 2726 3928 esse
2765 3874 2816 3929 in
2850 3883 3110 3944 potestate
3152 3885 3355 3947 nostra,
3390 3879 3492 3935 nisi
3534 3882 3676 3951 quod

2086 3974 2206 4015 cum
2231 3962 2475 4020 volumus
2509 3962 2751 4020 facimus.
2789 3966 3128 4038 QuaprOpter
3168 3968 3297 4023 nihil
3330 3978 3432 4024 tam
3478 3971 3529 4025 in
3567 3987 3670 4027 no-

2084 4060 2195 4107 stra
2221 4062 2499 4123 potestate,
2529 4070 2685 4125 quam
2716 4056 2828 4126 ipsa
2861 4058 3106 4114 voluntas
3131 4068 3230 4115 est.
3264 4061 3336 4114 Ea
3362 4061 3502 4116 enim
3524 4078 3675 4132 pror-

2085 4155 2179 4197 sus
2198 4143 2347 4199 nullo
2376 4146 2675 4211 intervallo,
2706 4163 2830 4203 mox
2876 4157 2936 4203 ut
2972 4150 3215 4205 volumus
3246 4160 3441 4222 prtesto
3467 4162 3547 4209 est
3568 4153 3670 4226 (a).

2086 4233 2153 4289 Et
2181 4234 2300 4290 ideo
2329 4246 2474 4293 recte
2495 4254 2777 4309 possumus
2799 4240 3125 4307 dieere,Non
3148 4244 3414 4300 voluntate
3441 4248 3674 4303 senesci-

2085 4329 2264 4394 mus',
2294 4328 2385 4383 sed
2429 4331 2785 4398 necessitate;
2814 4342 2926 4398 aut,
2959 4350 3063 4389 non
3096 4337 3368 4393 voluntate
3392 4339 3669 4407 morimur,

2085 4417 2179 4474 sed
2207 4421 2557 4487 necessitate;
2590 4432 2644 4478 et
2663 4424 2709 4477 si
2739 4425 2864 4494 quid
2895 4426 3038 4480 aliud
3064 4426 3369 4497 hujusmodi
3402 4448 3547 4488 :non
3574 4449 3671 4488 vo-

2085 4511 2285 4568 luntate
2301 4523 2479 4570 autem
2494 4515 2757 4583 volumus,
2779 4518 2898 4587 quis
2919 4519 3001 4573 vel
3023 4519 3221 4576 delirus
3236 4523 3430 4580 audeat
3451 4525 3671 4582 dicere?

2084 4606 2460 4674 Quamobrem,
2487 4609 2727 4678 quamvis
2754 4610 2998 4679 przesciat
3020 4612 3160 4668 Deus
3188 4624 3397 4671 nostras
3426 4618 3668 4673 volunta-

2085 4706 2164 4754 tes
2189 4696 2413 4765 futuras,
2444 4714 2549 4754 non
2578 4716 2645 4755 ex
2673 4716 2739 4757 eo
2761 4710 2937 4757 tamen
2963 4704 3241 4761 conﬁcitur
3264 4716 3321 4762 ut
3345 4724 3451 4763 non
3477 4710 3666 4767 volun-

2083 4800 2190 4846 tate
2206 4791 2403 4862 aliquid
2433 4792 2679 4849 velimus.
2701 4796 2831 4849 Nam
2862 4804 2917 4852 et
2934 4796 3001 4852 de
3017 4798 3504 4871 beatitudine‘quod
3524 4801 3666 4858 dixi-

2080 4882 2167 4950 sti,
2198 4898 2306 4937 non
2326 4883 2419 4938 abs
2448 4884 2615 4954 teipso
2632 4886 2845 4942 beatum
2887 4886 3022 4961 ﬁeri,
3054 4888 3123 4943 ita
3172 4888 3372 4959 dixisti,
3394 4893 3542 4961 quasi
3566 4893 3667 4949 hoc

2080 4991 2179 5047 ego
2208 4978 2509 5047 negaverim
2532 4996 2543 5031 :
2566 4978 2661 5034 sed
2685 4978 2827 5048 dico,
2863 4996 2983 5035 cum
3011 4980 3217 5061 futurus
3249 4998 3307 5037 es
3333 4983 3537 5051 beatus,
3557 5002 3663 5042 non

2079 5076 2134 5124 te
2178 5069 2418 5136 invitum,
2451 5071 2546 5126 sed
2568 5072 2832 5126 volentem
2865 5070 3118 5127 futurum.
3161 5074 3292 5130 Cum
3344 5076 3502 5147 igitur
3528 5094 3665 5147 prat-

2080 5161 2223 5217 scius
2241 5161 2385 5216 Deus
2410 5162 2479 5216 sit
2518 5162 2707 5217 futura:
2733 5164 3077 5219 beatitudinis
3103 5174 3228 5234 tuae,
3261 5183 3359 5223 nec
3386 5169 3539 5224 aliter
3565 5172 3664 5226 ali—

2079 5251 2204 5323 quid
2244 5252 2360 5306 ﬁeri
2398 5254 2563 5322 possit
2590 5269 2745 5324 quam
2780 5253 2868 5310 ille
2907 5257 3190 5326 prmscivit,
3235 5259 3466 5330 alioquin
3511 5262 3657 5317 nulla

2079 5342 2413 5414 prmseientia
2464 5353 2579 5411 est;
2626 5361 2732 5399 non
2761 5354 2936 5401 tamen
2973 5363 3038 5402 ex
3067 5362 3133 5404 eo
3159 5348 3397 5419 cogimur
3438 5353 3658 5421 sentire,

2138 5463 2154 5493 ι
2179 5468 2327 5513 Locus
2348 5464 2398 5513 in
2421 5460 2634 5511 editione
2656 5460 2934 5511 lovaniensi
2956 5462 3301 5517 interturbatus
3339 5470 3464 5521 hunc
3486 5473 3534 5521 in
3564 5484 3661 5521 mo-

2071 5523 2217 5598 dum:
2246 5533 2301 5576 In
2318 5532 2362 5598 te
2378 5524 2465 5598 ﬁet.
2478 5521 2717 5598 beatitugg
2735 5528 2819 5571 tua
2844 5532 2941 5598 Deo
2961 5525 3177 5598 facieme.
3198 5538 3252 5598 ξ.
3279 5540 3343 5582 Tu
3360 5547 3473 5598 ergo
3490 5532 3659 5598 inditis

2074 5584 2235 5637 beatus
2257 5602 2307 5638 es
2336 5586 2361 5638 ς)
2378 5582 2603 5637 Voluntas
2626 5582 2756 5635 illius
2792 5584 2913 5636 mihi
2943 5582 3011 5637 es:
3032 5589 3308 5647 necessitas.
3326 5582 3521 5647 si

2069 5654 2188 5713 esset
2210 5656 2433 5713 potestas,
2459 5656 2554 5697 etc.

2130 5712 2152 5743 ³
2174 5710 2246 5760 Er.
2266 5711 2410 5779 Lugd.
2436 5720 2553 5759 ven.
2591 5717 2641 5759 et
2663 5716 2791 5769 t.ov.,
2813 5722 2906 5761 non
2928 5710 3159 5765 voluntate
3413 5727 3469 5770 Μ.

2128 5795 2203 5857 (α)
2230 5795 2329 5845 vid.
2357 5802 2559 5845 ttetract.
2589 5792 2671 5842 lib.
2702 5793 2746 5855 1,
2771 5805 2875 5855 cap.
2903 5793 2951 5857 9,
2977 5808 3025 5843 ιι.
3052 5796 3098 5846 '5.
