4118 6370
439 347 573 420 1275

437 464 577 538 quod
597 463 1035 533 absurdissimum
1054 469 1134 532 est
1159 469 1213 531 et
1235 475 1389 535 ionge
1418 476 1447 528 a
1482 462 1702 517 veritate
1727 457 2016 525 seclusum,

439 573 542 615 non
569 567 621 614 te
644 557 908 621 volentem
949 558 1158 622 beatum
1183 556 1435 618 futurum.
1460 552 1609 610 Sicut
1631 561 1806 606 autem
1823 550 2014 605 volun-

438 657 598 711 tatem
614 647 972 716 beatitudinis,
1005 663 1124 712 cum
1155 660 1273 702 esse
1300 645 1527 718 coeperis
1555 645 1760 711 beatus,
1793 656 1898 696 non
1927 640 2019 696 tibi

439 737 610 794 aul‘ert
635 739 965 810 prcescientia
1005 739 1118 806 Dei,
1147 753 1265 809 quae
1309 737 1570 808 hodieque
1617 734 1684 790 de
1729 743 1815 788 tua
1844 733 2019 788 futura

439 831 760 887 beatitudine
787 841 930 888 certa
949 840 1032 886 est
1055 848 1068 886 :
1109 830 1185 888 sic
1208 830 1369 885 etiam
1389 829 1630 884 voluntas
1653 826 1948 898 culpabilis,
1973 828 2020 882 sl

439 937 541 994 qua
571 925 622 978 in
647 933 697 980 te
722 925 891 980 futura
922 933 1032 992 est,
1065 939 1168 979 non
1189 933 1470 1004 propterea
1494 921 1735 976 voluntas
1764 935 1870 986 non
1896 920 2018 990 erit,

443 1016 689 1085 quoniam
720 1016 860 1080 Deus
884 1031 1003 1082 eam
1029 1016 1255 1080 futuram
1277 1029 1396 1070 esse
1422 1011 1708 1086 praescivit.

511 1107 564 1161 8.
605 1104 831 1172 Attende
857 1105 1020 1180 enim,
1072 1119 1274 1178 quaeso,
1303 1112 1498 1175 quanta
1523 1103 1761 1158 cmcitate
1792 1101 2014 1170 dicatur,

443 1197 500 1253 Si
528 1197 795 1268 praescivit
814 1197 953 1253 Deus
972 1197 1197 1264 futuram
1216 1197 1538 1252 voluntatem
1557 1210 1750 1263 meam,
1773 1195 2020 1265 quoniam

441 1288 573 1343 nihil
599 1289 752 1344 aliter
775 1297 948 1360 potest
977 1289 1091 1357 ﬁeri
1122 1304 1278 1360 quam
1303 1289 1586 1358 praescivit,
1614 1301 1836 1342 necesse
1859 1295 1941 1342 est
1966 1295 2024 1343 ut

444 1378 601 1433 velim
642 1378 783 1449 quod
812 1380 899 1435 ille
927 1379 1190 1450 prmscivit
1212 1397 1226 1432 :
1247 1380 1292 1434 si
1319 1390 1497 1434 autem
1527 1394 1746 1435 necesse
1773 1385 1887 1444 est,
1915 1393 2020 1433 non

440 1469 549 1540 jam
578 1470 867 1540 voluntate,
914 1471 1008 1542 sed
1029 1473 1343 1542 necessitate
1373 1471 1426 1526 id
1456 1486 1542 1528 me
1571 1472 1708 1526 velle
1752 1471 2019 1528 fatendum

442 1566 542 1614 est.
575 1557 618 1615 0
656 1561 929 1620 stultitiam
959 1563 1308 1636 singularem!
1336 1563 1612 1632 Quomodo
1627 1577 1754 1633 ergo
1774 1578 1879 1618 non
1902 1572 2021 1632 pot-

442 1659 526 1706 est
573 1653 712 1716 aliud
742 1653 854 1708 ﬁeri
885 1670 1043 1730 quam
1073 1656 1340 1728 prmscivit
1373 1653 1532 1724 Deus,
1555 1656 1598 1710 si
1639 1656 1882 1710 voluntas
1916 1671 2024 1713 non

441 1745 562 1818 erit,
576 1761 731 1816 quam
749 1748 1071 1804 voluntatem
1101 1747 1330 1803 futuram
1359 1749 1452 1803 ille
1466 1748 1828 1818 praisciverit?
1849 1747 2019 1803 Omit-

443 1844 499 1890 to
529 1837 656 1892 illud
685 1853 836 1908 aeque
885 1849 1300 1908 monstruosum,
1347 1839 1487 1911 quod
1545 1839 1703 1910 paulo
1740 1849 1864 1896 ante
1913 1840 2023 1896 dixi

445 1926 690 1983 eumdem
718 1928 988 1984 hominem
1012 1929 1193 1986 dicere
1216 1973 1230 1997 ,
1261 1931 1490 1987 Necesse
1539 1939 1621 1985 est
1646 1941 1702 1984 ut
1746 1931 1813 1985 ita
1842 1931 2020 1996 velim,

444 2021 533 2092 qui
563 2023 880 2079 necessitate
909 2025 1181 2096 supposita
1207 2024 1415 2080 auferre
1432 2024 1615 2080 nititur
1638 2025 1964 2080 voluntatem
1982 2025 2020 2078 ί.

445 2110 502 2166 Si
540 2114 678 2167 enim
712 2129 931 2171 necesse
951 2125 1030 2172 est
1051 2124 1110 2171 ut
1135 2116 1280 2182 velit,
1306 2114 1446 2171 unde
1467 2116 1609 2170 volet
1636 2130 1756 2170 cum
1779 2116 2024 2170 voluntas

446 2217 552 2256 non
577 2203 716 2258 erit?
735 2203 887 2276 Quod
908 2205 951 2260 si
972 2219 1076 2260 non
1096 2205 1196 2261 hoc
1216 2205 1373 2260 modo
1390 2204 1602 2270 dixerit,
1630 2205 1721 2260 sed
1739 2205 2020 2282 dixeritse,

448 2295 569 2365 quia
596 2311 817 2352 necesse
844 2305 926 2352 est
952 2306 1008 2352 ut
1053 2298 1201 2366 velit,
1235 2298 1403 2368 ipsam
1433 2298 1756 2353 voluntatem
1782 2297 1836 2352 in
1872 2307 2023 2368 pote-

446 2395 582 2444 state
609 2404 715 2448 non
742 2388 972 2458 habere;
1003 2399 1312 2456 occurretur
1331 2405 1402 2446 ex
1431 2405 1496 2446 co
1517 2391 1654 2466 quod
1681 2393 1797 2462 ipse
1821 2391 2020 2462 dixisti,

447 2493 568 2534 cum
598 2495 891 2550 quaererem
920 2489 1097 2538 utrum
1142 2482 1338 2538 invitus
1364 2482 1549 2538 beatus
1569 2481 1774 2540 futurus
1799 2483 1906 2538 sis:
1933 2499 2024 2538 re-

447 2571 706 2642 spondisti
729 2573 868 2626 enim
910 2573 1049 2646 quod
1069 2573 1177 2644 jam
1204 2588 1351 2628 esses
1375 2573 1582 2636 beatus,
1609 2573 1652 2626 si
1681 2580 1916 2642 potestas
1941 2588 2025 2628 es-

445 2671 526 2717 set
556 2665 606 2718 in
625 2673 707 2728 Le;
735 2663 874 2719 velle
895 2663 1036 2718 enim
1057 2673 1127 2730 te,
1157 2663 1250 2720 sed
1277 2663 1509 2718 nondum
1530 2677 1684 2732 posse
1709 2663 1906 2717 dixisti.
1925 2662 2025 2718 Ubi

447 2767 544 2822 ego
577 2755 776 2828 subjeci
802 2755 869 2810 de
906 2763 960 2812 te
995 2755 1255 2810 clamasse
1287 2755 1592 2810 veritatem:
1624 2770 1726 2809 non
1757 2754 1897 2809 enim
1925 2770 2024 2812 ne-

447 2859 574 2916 gare
603 2861 881 2915 possumus
903 2845 1099 2916 habere
1128 2860 1224 2900 nos
1243 2853 1578 2920 potestatem,
1601 2845 1701 2898 nisi
1731 2845 1854 2899 dum
1872 2845 2024 2900 nobis

451 2949 556 2989 non
584 2935 734 2990 adest
753 2935 892 3006 quod
907 2935 1177 3001 volumus;
1211 2919 1334 2990 dum
1372 2943 1546 2990 autem
1564 2937 1823 3002 volumus,
1855 2938 1900 2992 si
1927 2953 2022 2993 vo-

449 3025 627 3079 luntas
656 3026 766 3095 ipsa
795 3025 946 3084 deest
969 3025 1140 3093 nobis,
1175 3041 1279 3081 non
1301 3027 1480 3098 utique
1510 3027 1770 3082 volumus.
1793 3026 1943 3096 Quod
1978 3027 2022 3083 si

448 3116 564 3171 ﬁeri
596 3133 698 3171 non
725 3126 901 3189 potest
919 3126 977 3173 ut
1019 3118 1146 3178 dum
1179 3119 1422 3174 volumus
1450 3135 1552 3175 non
1578 3120 1821 3186 velimus,
1869 3119 2020 3188 adest

447 3207 628 3280 utique
655 3209 896 3270 voluntas
927 3209 1256 3274 volentibus;
1286 3224 1385 3265 nec
1426 3209 1568 3264 aliud
1618 3209 1904 3280 quidquam
1940 3216 2026 3265 est

447 3299 499 3353 in
518 3293 797 3372 potestate,
828 3301 926 3355 nisi
947 3301 1086 3372 quod
1126 3301 1425 3357 volentibus
1449 3301 1621 3356 adest.
1642 3300 1900 3356 Voluntas
1922 3302 2020 3372 igi-

447 3401 531 3446 tur
554 3400 731 3446 nostra
754 3407 851 3447 nec
881 3394 1121 3449 voluntas
1151 3400 1316 3459 esset,
1350 3393 1449 3448 nisi
1474 3401 1617 3449 esset
1645 3393 1698 3448 in
1718 3401 1895 3454 nostra
1922 3377 2022 3464 po-

445 3488 648 3536 testate.
673 3482 858 3550 Porro,
889 3484 1009 3554 quia
1042 3491 1123 3538 est
1142 3484 1193 3540 in
1221 3492 1500 3556 potestate,
1529 3484 1691 3538 libera
1722 3493 1802 3538 est
1830 3484 2001 3540 nobis.

443 3570 558 3627 Non
587 3574 725 3628 enim
739 3581 819 3630 est
844 3575 994 3630 nobis
1015 3575 1260 3639 liberum,
1281 3575 1420 3646 quod
1438 3576 1491 3629 in
1514 3583 1773 3645 potestate
1790 3591 1897 3632 non
1927 3576 2021 3631 ha-

444 3665 650 3732 bemus,
687 3674 778 3721 aut
803 3675 976 3737 potest
1002 3683 1105 3722 non
1137 3683 1257 3724 esse
1281 3667 1421 3738 quod
1451 3667 1726 3724 habemus.
1759 3668 1833 3723 ita
1876 3668 1934 3723 ﬁt
1964 3676 2022 3724 ut

443 3767 499 3814 et
527 3745 694 3814 Deum
711 3775 815 3815 non
838 3775 1090 3830 negemus
1111 3774 1232 3816 esse
1260 3759 1534 3830 praescium
1557 3761 1791 3814 omnium
1818 3759 2022 3816 futuro-

443 3865 581 3917 rum,
613 3859 664 3906 et
685 3867 782 3906 nos
813 3861 984 3906 tamen
1017 3852 1236 3906 velimus
1265 3851 1403 3921 quod
1431 3851 1694 3907 volumus.
1723 3850 1854 3906 Cum
1877 3853 2018 3908 enim

442 3945 512 4000 sit
557 3945 806 4016 praescius
844 3945 1128 4000 voluntatis
1174 3953 1386 4009 nostrae,
1444 3943 1596 4014 cujus
1632 3954 1715 4000 est
1762 3945 2018 4014 praescius

443 4037 554 4107 ipsa
576 4038 696 4094 erit.
724 4037 975 4092 Voluntas
999 4051 1127 4107 ergo
1159 4035 1280 4100 erit,
1305 4035 1426 4104 quia
1450 4035 1735 4089 voluntatis
1761 4042 1842 4089 est
1880 4050 2018 4104 prte-

444 4128 605 4184 scius.
657 4128 765 4182 Nec
791 4128 1031 4181 voluntas
1056 4141 1176 4182 esse
1221 4125 1429 4196 poterit,
1457 4125 1502 4180 si
1541 4125 1596 4180 in
1620 4132 1882 4194 potestate
1911 4141 2020 4180 non

444 4219 564 4273 erit.
594 4219 731 4290 Ergo
769 4227 821 4271 et
846 4217 1120 4288 potestatis
1164 4225 1247 4271 est
1278 4216 1550 4286 prmscius.
1580 4214 1695 4271 Non
1737 4215 1896 4286 igitur
1923 4231 2020 4286 per

449 4310 565 4382 ejus
590 4309 974 4380 prmscientiam
1003 4309 1130 4363 mihi
1160 4293 1395 4380 potestas
1421 4306 1688 4374 adimitur,
1720 4323 1841 4382 quae
1891 4325 2017 4384 pro-

444 4409 622 4472 pterea
651 4399 775 4466 mihi
802 4401 996 4455 certior
1021 4399 1210 4466 aderit,
1245 4399 1368 4472 quia
1396 4398 1484 4453 ille
1503 4398 1654 4469 cujus
1683 4401 2018 4468 praescientia

446 4506 551 4546 non
583 4489 797 4556 fallitur,
833 4490 1128 4562 adfuturam
1164 4489 1295 4544 mihi
1321 4504 1439 4544 esse
1466 4490 1748 4559 praescivit.
1785 4488 1852 4544 E.
1880 4491 2018 4548 Ecce

440 4581 549 4652 jam
578 4596 686 4636 non
709 4596 843 4651 nego
873 4581 943 4636 ita
982 4596 1200 4638 necesse
1223 4595 1342 4637 esse
1370 4580 1483 4636 ﬁeri
1509 4595 1855 4651 quaecumque
1879 4599 2016 4652 prae-

444 4673 598 4742 scivit
647 4673 806 4739 Deus,
851 4680 904 4727 et
947 4673 1018 4727 ita
1047 4687 1166 4728 eum
1197 4679 1410 4740 peccata
1438 4681 1619 4726 nostra
1660 4673 1932 4743 praescire,
1963 4683 2020 4729 ut

443 4771 656 4819 maneat
685 4772 862 4818 tamen
889 4763 1040 4818 nobis
1079 4762 1323 4817 voluntas
1347 4761 1532 4830 libera,
1559 4769 1716 4832 atque
1759 4763 1812 4818 in
1837 4774 2017 4821 nostra

445 4856 614 4926 posita
643 4864 922 4924 potestate.

444 4943 670 5003 CAPUT
711 4946 797 5001 IV.
815 4943 1038 4998 —Deus
1062 4959 1380 5013 praenoscens
1411 4959 1512 4998 non
1549 4943 1679 5016 cogit
1705 4944 1773 4998 ad
1799 4961 2015 5016 peccan-

725 5041 862 5105 dum,
881 5047 1030 5108 atque
1043 5036 1168 5090 adeo
1189 5045 1393 5108 peccata
1411 5036 1546 5104 iuste
1571 5037 1734 5108 punit.

514 5133 566 5190 9.
611 5134 672 5187 Λ.
701 5129 835 5199 Quid
874 5144 1001 5198 ergo
1045 5137 1097 5184 te
1126 5127 1337 5184 movet?
1367 5143 1436 5182 an
1487 5127 1622 5184 forte
1649 5129 1845 5185 oblitus
1891 5129 2018 5200 quid

446 5228 613 5298 prima
654 5233 828 5278 nostra
859 5220 1147 5290 disputatio
1184 5221 1464 5292 peregerit,
1516 5221 1732 5292 negabis
1761 5222 1905 5278 nullo
1928 5238 2018 5278 co-

447 5330 623 5389 gente,
657 5323 745 5370 aut
765 5315 1058 5385 superiore,
1076 5324 1166 5367 aut
1196 5313 1466 5379 inferiore,
1494 5321 1584 5367 aut
1601 5314 1812 5383 aequali,
1836 5315 1927 5370 sed
1951 5331 2016 5372 ea

447 5425 546 5464 nos
575 5408 843 5462 voluntate
858 5404 1112 5476 peccare?
1128 5402 1195 5458 E.
1217 5403 1360 5458 Nihil
1393 5402 1579 5458 horum
1602 5418 1820 5472 prorsus
1847 5405 2018 5461 audeo

447 5513 644 5570 negare
671 5515 687 5551 :
712 5497 805 5554 sed
849 5507 1046 5562 tamen,
1075 5495 1260 5560 fateor,
1295 5494 1530 5549 nondum
1560 5495 1712 5550 video
1752 5496 2017 5567 quomodo

453 5590 558 5648 sibi
581 5604 685 5646 non
703 5589 1046 5648 adversentur
1064 5588 1176 5644 hare
1191 5587 1318 5656 duo,
1344 5586 1671 5658 praescientia
1693 5587 1785 5643 Dei
1810 5587 1876 5642 de
1896 5603 2016 5659 pecs

512 5751 527 5782 ι
551 5747 672 5798 Editi
839 5746 1112 5817 necessitate
1131 5745 1424 5818 superposita
1446 5747 1635 5818 deferre
1669 5745 1836 5798 nititur
1857 5746 2012 5798 volun-

450 5818 604 5864 tatem.
629 5816 743 5862 Octo
763 5816 891 5872 Mss,
913 5815 994 5874 qut
1014 5815 1286 5868 necessitate
1307 5815 1560 5874 supposita.

1401 345 1489 404 ne
1525 303 1770 403 masne
1808 338 2151 414 assumo,
2176 341 2233 400 s.
2270 340 2640 412 aucusrnu

3565 350 3700 416 1276

2124 455 2255 512 catis
2288 459 2506 534 nostris,
2538 467 2594 530 et
2646 466 2885 529 nostrum
2905 461 2974 532 {in
3005 460 3272 534 peccando
3298 460 3525 520 liberum
3553 467 3701 523 arbi-

2124 548 2302 606 trium.
2323 549 2454 606 Nam
2483 560 2537 606 et
2555 551 2757 622 justum
2799 553 2964 608 Deum
2991 568 3210 610 necesse
3233 563 3314 610 est
3346 555 3624 625 fateamur,
3645 566 3703 616 et

2124 642 2424 710 praescium.
2451 639 2555 698 Sed
2580 643 2718 698 scire
2739 644 2926 703 vellem
2945 645 3252 715 quajustitia
3268 647 3453 718 puniat
3483 657 3698 717 peccata

2124 746 2244 801 qua:
2273 748 2492 789 necesse
2520 742 2601 790 est
2631 735 2780 803 fieri;
2809 744 2903 790 aut
2938 736 3205 808 quomodo
3236 752 3343 792 non
3382 739 3452 794 sit
3476 754 3696 796 necesse

2124 822 2241 879 fieri
2258 839 2375 894 qua:
2390 823 2564 880 futura
2580 840 2699 889 esse
2713 827 2976 896 prmscivit
2995 845 3008 894 ;
3028 837 3119 883 aut
3136 828 3402 899 quomodo
3419 845 3523 886 non
3538 831 3701 886 Crea-

2124 915 2227 971 tori
2271 917 2632 987 deputandum
2675 927 2777 988 est,
2804 919 3056 992 quidquid
3081 921 3133 976 in
3161 921 3279 990 ejus
3307 929 3547 978 creatura
3588 922 3701 978 ﬁeri

2125 1021 2344 1064 necesse
2365 1019 2468 1066 εει.

2198 1099 2284 1160 10.
2325 1100 2389 1154 Α.
2444 1099 2596 1158 Unde
2626 1101 2718 1158 tibi
2748 1102 2955 1158 videtur
2979 1102 3259 1159 adversum
3306 1119 3427 1160 esse
3473 1105 3700 1161 liberum

2126 1190 2402 1247 arbitrium
2429 1202 2667 1248 nostrum
2691 1195 3040 1266 praescientiaz
3067 1195 3198 1250 Dei?
3230 1197 3352 1266 quia
3371 1198 3704 1266 praiseientia

2124 1292 2225 1350 est,
2251 1298 2318 1339 an
2357 1287 2477 1357 quia
2507 1287 2599 1342 Dei
2628 1287 2958 1357 praescientia
2983 1287 3102 1343 est?
3131 1286 3198 1342 E.
3228 1287 3361 1356 Quia
3383 1289 3479 1343 Dei
3509 1291 3700 1359 potius.

2126 1377 2186 1430 A.
2207 1376 2341 1444 Quid
2356 1378 2518 1452 ergo?
2534 1379 2580 1434 si
2594 1388 2645 1434 tu
2658 1381 2934 1451 prmscires
2949 1389 3288 1451 peccaturum
3302 1396 3423 1436 esse
3445 1382 3696 1452 aliquem,

2126 1485 2231 1525 non
2260 1480 2403 1526 esset
2432 1486 2648 1546 necesse
2671 1481 2729 1527 ut
2753 1473 3034 1544 peccaret?
3058 1471 3124 1527 E.
3166 1471 3278 1528 lmo
3299 1487 3514 1528 necesse
3558 1481 3701 1528 esset

2127 1571 2184 1616 ut
2200 1572 2443 1634 peccaret
2464 1581 2476 1617 :
2494 1579 2598 1618 non
2609 1565 2752 1619 enim
2768 1565 2921 1620 aliter
2931 1571 3076 1620 esset
3086 1565 3416 1634 prtescientia
3435 1578 3567 1630 mea,
3595 1565 3698 1618 nisi

2126 1662 2271 1710 certa
2298 1654 2619 1730 praescirem.
2665 1655 2729 1708 A.
2757 1654 2874 1711 Non
2907 1655 3066 1726 igitur
3098 1655 3220 1724 quia
3243 1655 3334 1709 Dei
3375 1655 3703 1724 praeseientia
3791 1657 3794 1660 ’

2127 1751 2241 1811 est,
2282 1759 2500 1801 necesse
2545 1753 2626 1801 est
2659 1746 2773 1800 fieri
2819 1761 2939 1817 qua:
2991 1745 3304 1816 praascierit,
3347 1745 3443 1801 sed
3473 1754 3704 1799 tantum-

2127 1835 2289 1890 modo
2310 1838 2432 1907 quia
2460 1838 2792 1907 przescientia
2820 1847 2934 1904 est;
2957 1852 3076 1907 quae
3102 1838 3146 1892 si
3190 1851 3296 1892 non
3325 1846 3470 1893 certa
3499 1852 3708 1908 praeno-

2126 1926 2246 1992 scit,
2273 1913 2454 1997 utique
2479 1928 2619 1982 nulla
2641 1937 2738 1983 est.
2754 1926 2820 1981 E.
2842 1926 3132 1983 Consentio
3156 1946 3169 1982 :
3189 1928 3280 1983 sed
3295 1943 3548 2000 quorsum
3574 1928 3708 1983 ista?

2126 2019 2189 2072 Α.
2214 2019 2366 2086 Quia,
2390 2020 2491 2074 nisi
2516 2018 2691 2089 fallor,
2720 2035 2825 2076 non
2858 2021 3111 2076 continuo
3141 2028 3196 2076 tu
3227 2035 3447 2092 peccare
3465 2035 3706 2092 cogeres,

2129 2124 2286 2178 quem
2316 2118 2655 2180 peccaturum
2692 2125 2814 2166 esse
2860 2111 3178 2181 prtescires;
3230 2126 3402 2182 neque
3433 2112 3544 2182 ipsa
3572 2126 3710 2181 pra:-

2132 2201 2353 2256 scientia
2385 2210 2470 2255 tua
2497 2216 2719 2274 peccare
2738 2217 2859 2258 eum
2888 2209 3120 2273 cogeret,
3149 2203 3388 2273 quamvis
3407 2203 3521 2258 sine
3545 2202 3709 2258 dubio

2130 2303 2444 2364 peccaturus
2472 2303 2614 2350 esset
2650 2313 2663 2348 :
2702 2309 2806 2350 non
2837 2295 2978 2350 enim
3023 2295 3180 2350 aliter
3234 2294 3287 2349 id
3323 2293 3558 2350 futurum
3587 2308 3710 2350 esse

2129 2387 2430 2455 prtescircs.
2460 2387 2609 2442 Sicut
2632 2387 2811 2459 itaque
2831 2403 2936 2442 non
2961 2387 3064 2442 sibi
3085 2387 3434 2442 adversantur
3445 2387 3558 2442 haec
3576 2387 3704 2454 duo,

2129 2485 2188 2531 ut
2214 2487 2270 2531 tu
2295 2478 2629 2548 praescientia
2651 2487 2739 2534 tua
2765 2478 2976 2534 noveris
2999 2479 3140 2549 quod
3169 2479 3305 2535 alius
3325 2493 3419 2534 sua
3435 2480 3707 2536 voluntate

2128 2567 2363 2624 facturus
2379 2578 2462 2624 est
2485 2585 2498 2633 ;
2530 2570 2601 2624 ita
2620 2569 2760 2624 Deus
2773 2571 3039 2625 neminem
3061 2571 3126 2626 ad
3141 2572 3465 2641 peccandum
3489 2585 3705 2643 cogens,

2130 2659 2384 2730 praevidet
2415 2668 2592 2715 tamen
2622 2675 2716 2716 eos
2743 2661 2833 2730 qui
2851 2661 3062 2731 propria
3099 2662 3372 2718 voluntate
3389 2663 3700 2733 peccabunt.

2200 2752 2286 2806 11.
2327 2752 2433 2807 Cur
2459 2766 2585 2824 ergo
2610 2767 2715 2806 non
2741 2752 2970 2807 vindlcet
2989 2751 3183 2823 justus,
3210 2768 3331 2824 qua:
3353 2753 3464 2809 ﬁeri
3493 2768 3596 2808 non
3613 2768 3706 2810 co-

2126 2843 2202 2914 git
2227 2842 2523 2912 praescius?
2573 2842 2720 2899 Sicut
2745 2843 2890 2898 enim
2933 2851 2987 2897 tu
3018 2845 3272 2900 memoria
3304 2851 3390 2899 tua
3426 2858 3535 2900 non
3560 2845 3708 2916 cogis

2128 2934 2265 2988 facta
2309 2948 2430 2989 esse
2471 2949 2590 3004 quae
2629 2934 3033 3004 praeterierunt;
3081 2934 3160 2989 sic
3192 2934 3333 2990 Deus
3376 2935 3707 3005 praescientia

2127 3037 2221 3078 sua
2244 3038 2349 3078 non
2379 3025 2520 3094 cogit
2557 3023 2798 3080 facienda
2838 3039 2957 3095 quas
2996 3023 3170 3080 futura
3198 3033 3344 3080 sunt.
3375 3025 3443 3081 Et
3486 3025 3621 3081 sicut
3651 3034 3707 3083 tu

2125 3113 2369 3185 quaedam
2396 3130 2514 3184 quae
2538 3114 2712 3172 fecisti
2749 3116 3057 3182 meministi,
3089 3130 3193 3171 nec
3242 3124 3419 3171 tamen
3448 3131 3567 3187 qua
3588 3132 3704 3171 me-

2126 3204 2324 3260 ministi
2351 3204 2528 3258 omnia
2555 3204 2754 3272 iecisti;
2782 3204 2868 3270 vita
2919 3206 3060 3261 Deus
3087 3205 3265 3261 omnia
3317 3220 3544 3277 quorum
3592 3206 3704 3276 ipse

2126 3303 2313 3350 auctor
2338 3305 2419 3350 est
2450 3297 2680 3366 praescit,
2712 3311 2811 3352 nec
2841 3304 3021 3353 tamen
3065 3299 3300 3352 omnium
3329 3313 3449 3369 qua:
3472 3298 3702 3368 pressit,
3765 3314 3768 3315 ν

2128 3388 2241 3457 ipse
2256 3398 2440 3442 auctor
2459 3397 2558 3444 est.
2579 3388 2816 3455 Quorum
2841 3398 3017 3446 autem
3045 3369 3149 3444 non
3172 3398 3254 3444 est
3282 3390 3453 3444 malus
3468 3393 3701 3457 auctor‘,

2121 3479 2298 3549 justus
2322 3487 2406 3535 est
2443 3479 2602 3534 ultor.
2640 3479 2775 3536 Hinc
2794 3495 2922 3552 ergo
2954 3480 3066 3551 jam
3107 3481 3344 3552 intelligo
3384 3497 3484 3554 qua
3504 3483 3704 3553 justitia

2126 3572 2268 3627 Deus
2288 3580 2500 3642 peccata
2520 3573 2730 3642 puniat,
2754 3577 2873 3643 quia
2899 3587 3020 3643 quae
3046 3573 3195 3628 novit
3239 3573 3434 3640 futura,
3469 3589 3577 3628 non
3623 3573 3704 3629 fa-

2124 3665 2196 3720 cit
2227 3679 2385 3719 :nam
2425 3665 2472 3720 si
2500 3671 2780 3734 propterea
2826 3679 2933 3720 non
2975 3665 3135 3720 debet
3172 3665 3468 3722 retribuere
3495 3667 3700 3738 suppli-

2124 3755 2264 3810 cium
2289 3756 2654 3827 peccantibus,
2680 3757 2801 3827 quia
2815 3757 3073 3827 praevidet
3087 3768 3416 3828 peccaturos,
3437 3774 3534 3816 nec
3556 3770 3706 3815 recte

2123 3846 2438 3903 facientibus
2455 3848 2612 3903 debet
2637 3849 2849 3919 prmmia
2876 3849 3192 3916 retribuere,
3223 3851 3345 3922 quia
3373 3860 3428 3907 et
3462 3863 3606 3908 recte
3626 3852 3706 3906 fa-

2123 3946 2302 3994 cturos
2323 3938 2664 3994 nihilominus
2683 3939 2956 4009 praevidet.
2989 3939 3100 3996 imo
3122 3957 3249 3997 vero
3276 3942 3534 3999 fateamur
3560 3952 3614 4000 et
3635 3944 3704 4000 ad

2123 4031 2513 4102 praescientiam
2565 4031 2680 4102 ejus
2713 4031 2981 4102 pertinere
3006 4047 3074 4088 ne
3102 4032 3230 4105 quid
3271 4049 3393 4089 eum
3431 4035 3592 4090 lateat
3619 4037 3706 4090 fu-

2125 4131 2384 4187 turorum,
2419 4132 2471 4178 et
2497 4123 2563 4178 ad
2583 4123 2876 4194 justitiam,
2917 4131 2976 4179 ut
3014 4134 3313 4195 peccatum,
3345 4125 3470 4198 quia
3517 4127 3706 4182 volun-

2125 4222 2231 4270 tate
2276 4215 2640 4282 committitur,
2689 4216 2761 4271 ita
2786 4214 2989 4286 judicio
3030 4217 3148 4286 ejus
3176 4217 3393 4288 impune
3431 4232 3539 4273 non
3587 4217 3701 4288 ﬁat,
3776 4241 3778 4244 ·

2122 4306 2258 4361 sicut
2285 4305 2615 4376 praeseientia
2659 4320 2766 4361 non
2793 4307 2996 4378 cogitur
3029 4307 3168 4366 ﬁeri.

2191 4395 2417 4454 CAPUT
2455 4395 2596 4452 V.—
2609 4395 2746 4452 Deus
2775 4397 2838 4452 de
2859 4408 3102 4459 creatum
3120 4401 3270 4455 ctiam
3295 4416 3410 4473 qua
3429 4410 3601 4472 peccat

2228 4487 2537 4556 utt'sen'eque
2556 4487 2770 4543 obnoxia
2808 4499 2880 4544 est
2898 4491 3228 4561 productione
3255 4491 3561 4550 laudandus.

2195 4576 2282 4631 12.
2322 4577 2438 4632 Jam
2467 4577 2593 4632 illud
2640 4578 2782 4648 quod
2812 4581 2970 4635 tertio
3013 4581 3132 4636 loco
3158 4583 3401 4652 posuisti,
3432 4583 3700 4655 quomodo

2121 4684 2229 4725 non
2255 4667 2494 4725 Creatori
2535 4670 2894 4739 deputandum
2937 4673 3006 4727 sit
3034 4673 3289 4745 quidquid
3326 4675 3380 4730 in
3407 4676 3528 4747 ejus
3549 4691 3703 4734 crea-

2122 4767 2238 4815 tura
2267 4760 2382 4815 ﬁeri
2403 4775 2624 4817 necesse
2651 4771 2768 4828 est;
2791 4763 2970 4833 regula
2999 4763 3089 4819 illa
3130 4764 3343 4835 pietatis
3377 4766 3534 4824 facile
3549 4781 3700 4824 com-

2121 4853 2359 4908 monebit
2384 4855 2426 4921 ’,
2467 4869 2625 4923 quam
2654 4855 2962 4911 meminisse
2985 4870 3086 4912 nos
3113 4859 3380 4926 convenit,
3410 4861 3700 4931 gratiarum

2121 4944 2383 4999 actionem
2413 4959 2511 5000 nos
2537 4945 2735 5001 debere
2757 4946 2997 5002 Creatori
3037 4955 3240 5004 nostro.
3268 4948 3432 5020 Cujus
3458 4951 3698 5022 profecto

2122 5034 2418 5106 largissime
2438 5035 2647 5091 bonitas
2675 5036 2968 5107 justissime
2991 5037 3315 5105 laudaretur,
3350 5041 3559 5097 etiamsi
3594 5043 3694 5098 ali-

2121 5143 2228 5198 quo
2247 5127 2497 5183 inferiore
2525 5137 2784 5184 creatum
2806 5129 2972 5200 gradu
3003 5145 3102 5186 nos
3121 5130 3464 5189 condidisset.
3495 5133 3696 5202 Quam-

2120 5224 2204 5278 vis
2229 5223 2370 5279 enim
2401 5223 2577 5278 anima
2624 5231 2808 5278 nostra
2846 5224 3080 5293 peccatis
3123 5223 3380 5280 tabefacta
3407 5225 3498 5294 sit,
3529 5225 3696 5281 subli-

2122 5315 2258 5372 mior
2286 5325 2368 5370 est
2392 5324 2571 5370 tamen
2595 5324 2649 5370 et
2677 5315 2886 5383 melior,
2915 5330 3072 5386 quam
3101 5316 3144 5370 si
3173 5317 3224 5370 in
3256 5315 3395 5371 hanc
3423 5317 3594 5372 lucem
3613 5317 3696 5372 vi-

2185 5433 2203 5465 ¹
2227 5438 2390 5502 Deest
2415 5430 2571 5502 motus
2587 5432 2641 5502 in
2662 5431 2876 5502 editione
2911 5436 3042 5492 tom;
3075 5431 3164 5502 sed
3199 5431 3340 5482 adest
3380 5432 3432 5502 in
3469 5432 3702 5502 antiquio-

2119 5495 2260 5562 ribus
2278 5495 2568 5546 editionibus
2586 5493 2693 5542 Bad.
2720 5499 2772 5562 et
2792 5501 2886 5562 in...
2908 5506 3096 5562 necnon
3110 5495 3162 5543 in
3177 5503 3282 5562 ayss.
3299 5493 3664 5562 ιεεδιξιαιιιῐιςικδιξὶ[ιι.τ

2185 5560 2205 5589 ²
2221 5559 2292 5606 sic
2306 5563 2379 5605 Er.
2397 5564 2452 5619 et
2462 5565 2568 5605 Lov.
2590 5563 2644 5604 At
2657 5555 2762 5619 Bad.
2780 5557 2850 5604 sic
2863 5556 3044 5619 habet;
3063 5555 3241 5619 {tegula
3254 5554 3540 5619 estpt'ctqtis,
3558 5554 3700 5617 facile

2122 5619 2254 5669 nobis
2264 5618 2492 5691 monebit.
2621 5618 2836 5680 quinque
2850 5632 2864 5667 :
2884 5615 3057 5691 negata
3069 5614 3155 5666 illi:
3169 5614 3509 5691 facile
3522 5614 3615 5691 non
3626 5629 3704 5691 ref

2122 5681 2417 5743 movebitur;
2429 5679 2512 5743 alii
2530 5669 2656 5737 tres;
2665 5669 3028 5743 non'nwvcbt'iur
3047 5669 3270 5743 ;scp_'tem
3297 5669 3395 5740 alii,
3424 5675 3592 5743 regula
3617 5675 3704 5727 illa

2122 5741 2310 5854 gigans
2324 5739 2462 5813 [iteite
2475 5754 2566 5811 non
2581 5739 2778 5812 "urgebit
2796 5754 2812 5801 ;
2827 5742 3132 5812 Corbeiensis
3139 5739 3344 5792 demum
3356 5739 3512 5794 θοάεί
3529 5773 3542 5801 ,
3559 5752 3702 5802 regu-

2234 5803 2369 5856 ttlam
2381 5810 2567 5868 pietatis
2580 5801 2721 5866 focale
2732 5815 2826 5854 non
2840 5802 3054 5860 movebat.
