2059 3185
192 206 260 236 1277
860 201 962 230 LIBER
979 201 984 211 ‘

1037 202 1136 232 iTlUS.
1606 211 1613 215 '
1756 209 1825 238 1278

190 264 294 293 sibilem
309 264 467 290 verteretur.
486 260 519 289 Et
533 260 608 288 vides
629 258 749 295 profecto
762 258 796 287 de
809 258 888 294 hujus
912 259 980 287 lucis

190 308 345 342 eminentia,
357 312 485 343 quantum
498 306 605 333 laudent
620 306 715 333 anima:
731 306 814 333 Deum
828 305 908 333 etiam
923 313 983 333 eor-

191 355 264 392 poris
274 353 398 381 sensibus
407 352 513 380 deditte.
525 352 692 386 Quapropter
704 359 755 379 non
771 352 855 387 tejam
866 357 980 386 moveat,

191 400 262 436 quod
277 400 463 435 vituperantur
485 398 580 425 animae
606 398 778 433 peccatriees,
804 402 834 425 ut
858 397 930 424 dicas
955 397 981 424 in

191 446 272 475 corde
280 450 326 473 tuo
337 445 430 473 melius
439 444 521 471 fuisse
535 444 557 471 si
568 451 620 470 non
633 447 730 471 essent.
739 442 768 470 In
777 443 817 470 sui
830 443 902 470 enim
911 450 983 470 com-

191 493 330 528 paratione
343 491 537 526 vituperantur,
554 489 616 516 dum
636 489 767 524 cogitatur
779 489 871 524 quales
882 492 981 521 essent,

192 539 214 566 si
236 545 347 573 peccare
360 537 518 564 noluissent.
534 536 669 563 institutor
688 539 774 563 tamen
796 542 886 562 earum
911 535 983 563 Deus

194 584 400 621 prmclarissime
422 591 470 619 pro
492 583 606 610 humana
620 581 742 609 facultate
759 581 906 609 laudandus
931 586 981 614 est,

192 640 246 660 non
261 632 348 659 solum
363 631 487 668 quoniam
504 633 645 665 peccantes
660 635 705 656 eas
723 629 793 663 juste
806 628 918 661 ordinat,
937 628 983 655 sed

193 679 272 707 etiam
285 679 347 715 quia
359 678 424 711 tales
442 677 602 710 instituit,ut
612 675 690 703 etiam
700 675 815 710 peccatis
829 675 980 708 sordidatos,

193 726 267 753 nullo
290 724 369 759 modo
381 723 449 753 lucis
462 722 607 758 corporalis
623 721 750 756 dignitate
770 726 938 756 superentur,
951 721 984 748 de

193 779 242 807 qua
258 775 345 798 tamen
357 771 417 811 jure
431 769 563 797 laudatur.

228 817 271 852 15.
284 815 350 852 illud
360 822 467 857 quoque
485 821 581 842 moneo
597 820 700 847 caveas,
712 820 746 840 ne
761 812 829 840 forte
843 820 895 840 non
909 812 983 839 dicas

194 863 300 899 quidem
314 862 409 896 melius
428 861 509 889 fuisse
523 865 550 888 ut
571 869 623 887 non
639 864 738 893 essent,
756 860 801 886 sed
820 859 892 886 dicas
906 859 984 885 aliter

195 909 252 937 ﬁeri
266 917 311 937 eas
324 908 455 936 debuisse.
466 907 596 942 Quidquid
609 907 677 934 enim
690 907 735 934 tibi
746 914 807 934 vera
817 906 918 933 ratione
928 914 983 933 me-

196 955 246 982 lius
263 954 418 987 occurrerit,
435 953 503 980 scias
514 953 608 982 fecisse
621 953 701 980 Deum
716 957 838 987 tanquam
853 952 983 979 bonorum

195 1001 310 1028 omnium
323 1000 497 1028 conditorem.
513 998 569 1025 Non
586 1002 626 1025 est
643 1002 729 1025 autem
748 1005 810 1025 vera
834 997 911 1029 ratio,
937 996 984 1024 sed

194 1045 280 1072 invida
292 1044 440 1077 inﬁrmitas,
454 1051 514 1071 cum
528 1044 625 1078 aliquid
639 1043 734 1071 melius
743 1042 892 1070 faciendum
904 1042 984 1069 fuisse

195 1091 361 1127 cogitaveris,
375 1091 429 1127 jam
451 1090 517 1124 nihil
535 1090 605 1117 aliud
620 1090 729 1117 inferius
741 1089 809 1117 velle
834 1089 899 1121 fieri,
923 1093 983 1116 tan-

196 1146 271 1173 quam
285 1137 308 1165 si
322 1141 462 1173 perspecto
470 1136 548 1169 coelo,
561 1136 645 1163 nolles
665 1140 763 1164 terram
786 1136 880 1163 factam
906 1143 982 1168 esse;

195 1183 281 1218 inique
289 1183 408 1211 omnino.
422 1182 503 1210 Recte
516 1182 586 1210 cnim
600 1182 819 1217 reprehenderes,
835 1182 856 1208 si
875 1186 984 1218 practer-

195 1230 357 1264 missocmlo
372 1234 469 1257 terram
490 1229 585 1260 factam
597 1228 709 1260 videres,
736 1228 861 1263 quoniam
880 1227 984 1255 diceres

194 1275 227 1310 ita
239 1283 298 1310 eam
311 1275 370 1308 ﬁeri
392 1275 525 1310 debuisse,
541 1275 617 1302 sicuti
638 1282 729 1309 posses
744 1274 860 1309 cogitare
875 1273 983 1301 coelum.

197 1321 261 1358 Cum
273 1330 336 1358 ergo
349 1322 430 1357 etiam
445 1321 507 1349 illud
526 1321 559 1348 ad
580 1321 655 1356 cujus
678 1321 792 1356 speciem
807 1320 913 1347 volebas
926 1324 980 1347 ter-

196 1375 251 1403 ram
267 1367 422 1404 perducere,
437 1367 534 1395 factum
555 1375 614 1394 esse
630 1367 808 1403 perspiceres,
830 1374 881 1392 non
896 1370 984 1393 autem

196 1412 244 1440 hoc
255 1417 362 1445 terram,
388 1413 435 1443 sed
448 1413 544 1441 coelum
566 1413 669 1445 vocari;
689 1412 770 1439 credo
787 1412 855 1447 quod
877 1420 905 1439 re
930 1421 985 1439 mc-

196 1459 260 1488 liore
274 1467 326 1488 non
345 1459 488 1491 fraudatus,
505 1463 534 1486 ut
549 1458 658 1486 inferior
684 1466 787 1493 quoque
804 1458 891 1492 aliqua
908 1457 985 1485 ﬁeret

197 1509 221 1532 et
239 1509 308 1534 terra
323 1509 407 1536 esset,
423 1511 590 1540 nequaquam
607 1502 725 1537 invidere
744 1503 864 1530 deberes.
890 1502 918 1529 In
934 1510 986 1537 qua

197 1556 264 1585 terra
280 1558 371 1578 rursus
385 1551 529 1578 sccundutn
545 1553 633 1585 partes
647 1549 704 1584 ejus
720 1553 790 1575 tanta
805 1553 845 1576 est
859 1549 983 1582 varietas,

199 1602 225 1625 ut
237 1598 302 1626 nihil
316 1597 385 1633 quod
405 1597 437 1624 ad
449 1601 525 1624 terrae
541 1596 655 1632 pertinet
673 1595 788 1630 speciem
801 1594 924 1630 cogitanti
943 1602 986 1621 oc-

196 1647 293 1680 currat,
308 1643 377 1683 quod
391 1650 442 1670 non
457 1642 483 1670 in
499 1646 552 1675 tota
563 1642 620 1676 ejus
632 1640 703 1668 mole
712 1641 781 1667 Deus
794 1640 911 1667 omnium
923 1647 986 1666 eon-

197 1689 265 1717 ditor
280 1688 382 1716 fecerit.
399 1688 541 1722 Namquca
560 1691 629 1714 terra
645 1686 806 1714 feracissima
822 1690 847 1713 et
858 1685 985 1713 amoenis-

196 1735 259 1761 sima
282 1741 367 1770 usque
389 1733 422 1760 ad
444 1733 614 1760 salsissimatn
630 1736 657 1759 et
670 1731 922 1763 infecundissimam,
949 1731 985 1758 ita

197 1780 322 1815 gradatim
337 1788 384 1815 per
398 1779 498 1807 medias
513 1778 676 1814 pervenitur,
686 1781 712 1804 ut
728 1778 826 1805 nullam
838 1777 984 1814 reprehen-

196 1827 258 1854 dere
271 1827 378 1859 audeas,
395 1826 444 1853 nisi
460 1826 485 1853 in
499 1825 696 1860 comparatione
711 1823 846 1855 melioris;
858 1828 936 1857 atque
951 1823 986 1850 ita

196 1880 241 1907 per
256 1880 348 1900 omnes
361 1872 455 1909 gradus
468 1871 553 1899 laudis
567 1870 704 1903 ascendas,
725 1874 754 1897 ut
771 1869 841 1905 quod
853 1877 985 1897 summum

197 1925 278 1952 genus
288 1922 365 1945 terrae
379 1917 520 1950 inveneris,
533 1916 617 1944 solum
628 1920 714 1942 tamen
729 1923 788 1942 esse
813 1915 880 1942 nolis
895 1915 913 1940 ².
928 1914 986 1941 Jam

195 1963 333 1989 verointer
344 1966 425 1988 totam
437 1966 533 1988 terram
545 1961 671 1987 etcmlum
682 1964 779 1995 quanta
794 1959 916 1986 distantia
928 1959 984 1987 est?

197 2007 400 2043 lnterponuntur
414 2006 483 2034 enim
496 2005 602 2032 humida
623 2000 768 2040 ﬂabilisqne
784 2008 875 2031 natura
889 2013 895 2031 ε
908 2009 986 2039 atque

196 2061 227 2080 ex
250 2053 291 2080 his
312 2056 424 2088 quatuor
445 2051 584 2079 elementis
596 2051 655 2086 aliae
677 2050 883 2086 innumerabiles
898 2051 984 2085 nobis,

194 2103 338 2126 numeratae
348 2103 435 2125 autem
461 2098 514 2124 Deo
527 2104 614 2124 rerum
635 2098 737 2130 species
761 2095 905 2131 torumque
932 2104 980 2124 va-

194 2145 304 2172 riantur.
323 2144 413 2175 Potest
427 2151 491 2180 ergo
506 2150 566 2173 esse
590 2141 688 2186 aliquid
713 2142 738 2168 in
764 2150 852 2169 rerum
881 2146 985 2174 natura,

193 2190 263 2224 quod
283 2195 324 2217 tua
337 2190 439 2217 ratione
459 2197 510 2227 non
534 2188 643 2224 cogitas.
662 2187 718 2215 Non
737 2195 796 2215 esse
811 2190 906 2215 iaulem
918 2188 987 2223 quod

193 2243 253 2263 vera
269 2236 369 2263 ratione
382 2235 491 2271 cogitas,
503 2242 555 2263 non
566 2238 663 2270 potest.
675 2233 766 2269 Neque
783 2233 854 2261 enim
870 2239 896 2262 tu
912 2238 988 2270 potes

193 2281 291 2315 aliquid
304 2282 397 2316 melius
410 2282 434 2308 in
446 2286 567 2308 creatura
582 2280 707 2315 cogitare,
720 2279 790 2317 quod
806 2284 934 2307 creaturre
949 2287 988 2306 ar.

195 2326 291 2352 tilicem
306 2327 409 2361 fugerit.
427 2327 546 2354 Humana
561 2327 658 2362 quippe
672 2326 759 2353 anima
775 2326 933 2353 naturaliter
944 2326 987 2353 di-

195 2371 262 2398 vinis
274 2379 305 2398 ex
322 2372 416 2406 quibus
432 2372 528 2406 pendet
542 2379 660 2399 connexa
681 2371 828 2399 rationibus
841 2393 848 2405 ,
868 2379 927 2399 cum
947 2371 987 2398 di<

194 2417 240 2450 cit,
262 2417 355 2445 Melius
375 2418 424 2444 hoc
439 2418 511 2445 fieret
526 2426 602 2452 quam
618 2417 698 2455 illud,
722 2418 744 2444 si
757 2425 848 2445 verum
865 2418 937 2450 dicit,
961 2422 988 2445 et

198 2463 268 2490 videt
282 2463 350 2497 quod
361 2463 434 2495 dicit,
451 2463 476 2489 in
493 2463 545 2490 illis
556 2462 775 2497 quibusconnexa
788 2467 829 2490 est
839 2463 985 2490 rationibus

194 2508 276 2535 videt.
290 2507 386 2535 Credat
399 2516 461 2543 ergo
473 2508 556 2535 Deum
569 2507 663 2534 fecisse
676 2508 744 2542 quod
758 2516 818 2535 vera
839 2509 942 2535 ratione
953 2509 987 2536 ab

193 2560 225 2580 eo
241 2552 387 2580 faciendum
406 2552 486 2580 fuisse
511 2552 645 2587 cognovit,
662 2553 765 2580 etiamsi
791 2553 842 2580 hoc
864 2553 890 2580 in
905 2553 986 2581 rebus

193 2599 271 2627 factis
286 2606 337 2626 non
358 2599 439 2627 videt.
456 2599 522 2634 Quia
541 2599 644 2627 etiamsi
672 2599 768 2626 coelum
793 2599 876 2626 oculis
894 2599 986 2627 videre

194 2652 246 2671 non
260 2650 360 2679 posset,
373 2648 400 2672 et
416 2649 502 2672 tamen
514 2644 617 2671 ratione
630 2651 692 2672 vera
706 2644 758 2671 tale
772 2644 869 2679 aliquid
886 2644 984 2671 facien-

194 2690 255 2718 dum
276 2691 357 2718 fuisse
382 2691 528 2726 colligeret,
553 2691 662 2719 credere
683 2691 774 2718 debuit
794 2691 891 2718 factum
914 2699 984 2725 esse,

194 2738 313 2771 quamvis
329 2737 354 2764 id
373 2737 457 2764 oculis
475 2745 527 2764 non
538 2737 650 2765 videret.
666 2737 723 2765 Non
738 2737 809 2764 enim
824 2737 985 2773 cogitatione

192 2782 294 2808 videret
306 2782 386 2808 fuisse
401 2781 560 2814 faciendum,
576 2782 626 2809 nisi
640 2783 666 2809 in
686 2783 718 2810 iis
732 2783 877 2810 rationibus
889 2782 985 2818 quibus

194 2826 260 2853 facta
276 2832 337 2854 sunt
347 2828 446 2854 omnia.
461 2828 536 2861 Quod
546 2833 634 2856 autem
655 2829 691 2856 ibi
703 2836 755 2856 non
771 2833 821 2863 est,
838 2833 892 2856 tam
906 2836 984 2856 nemo

195 2877 282 2906 potest
294 2874 380 2900 veraci
391 2874 551 2908 cogitatione
562 2874 662 2908 videre,
672 2882 751 2910 quam
766 2883 818 2904 non
828 2881 869 2903 est
881 2883 981 2903 verum.

226 2928 231 2942 ³
243 2928 295 2952 uad.
307 2932 330 2953 et
339 2931 386 2959 Er,
396 2929 480 2954 coctum
487 2936 537 2955 esse
544 2929 612 2956 nolis.

1071 261 1114 288 Η.
1131 261 1160 289 ln
1179 269 1211 290 co
1229 262 1350 299 plerique
1371 264 1493 294 homines
1513 269 1617 300 errant,
1638 266 1698 302 quia
1715 267 1826 297 meliora

1035 313 1095 334 cum
1110 312 1198 336 mente
1212 310 1400 345 conspexerint
1411 332 1419 343 ,
1434 319 1486 339 non
1500 313 1526 339 in
1541 312 1646 340 sedibus
1658 314 1781 348 congruis
1794 319 1826 342 ea

1035 353 1119 381 oculis
1133 360 1264 389 quierunt.
1280 356 1359 384 Velut
1368 356 1391 384 si
1402 357 1540 393 quisquam
1552 357 1696 393 perfectam
1707 358 1827 386 rotundi-

1036 403 1114 426 tatem
1130 401 1231 428 ratione
1244 402 1487 436 eomprehendens,
1503 403 1683 431 stomachetur
1701 403 1771 438 quod
1788 407 1828 432 ιν

1035 445 1088 473 lem
1109 446 1135 473 in
1153 454 1219 475 nuce
1239 455 1291 475 non
1310 448 1426 484 invenit,
1443 450 1465 477 si
1484 449 1584 477 nullum
1599 457 1714 485 unquam
1728 457 1832 485 corpus.

1035 491 1178 519 rotundum
1196 497 1293 528 prater
1310 493 1492 529 hujuscemodi
1504 502 1583 530 poma
1599 495 1747 530 conspexit.
1760 495 1828 525 Nam

1034 537 1070 565 ita
1086 538 1191 573 quidam
1210 546 1270 567 cum
1291 540 1394 568 ratione
1411 540 1549 568 verissima
1566 540 1672 569 videant
1689 541 1828 570 meliorem

1036 590 1095 611 esse
1114 588 1278 618 creaturam,
1293 592 1351 620 quae
1366 586 1486 620 quamvis
1499 585 1596 614 habeat
1607 585 1720 614 liberam
1733 586 1828 614 voluné

1036 632 1127 663 tatem,
1138 629 1193 658 Deo
1203 634 1290 659 tamen
1301 639 1408 667 semper
1418 632 1510 665 intlxa,
1521 639 1655 668 nunquam
1664 631 1827 667 peccaverit;

1035 675 1168 703 intuentes
1183 682 1291 711 peccata
1305 677 1454 712 hominum,
1469 685 1524 705 non
1533 681 1562 706 ut
1574 685 1685 713 peccare
1694 677 1828 714 desinant,

1035 721 1082 749 sed
1095 721 1154 756 quia
1169 722 1231 750 facti
1246 728 1307 751 sunt
1320 723 1427 758 dolent,
1442 724 1560 752 dicentes
1574 733 1580 751 :
1593 723 1673 752 Tales
1690 731 1740 752 nos
1759 723 1830 752 face-

1036 772 1091 800 ret,
1106 772 1136 795 ut
1159 775 1265 803 semper
1284 770 1494 797 incommutabili
1512 770 1569 806 ejus
1588 770 1699 798 veritate
1711 769 1830 805 perﬁci,

1035 821 1169 848 nunquam
1184 817 1272 842 autem
1288 822 1399 849 peccare
1412 816 1553 844 vellemus.
1565 815 1623 844 Non
1636 816 1760 849 clament,
1775 822 1831 843 non

1036 863 1210 887 succenseant
1225 868 1232 887 :
1249 860 1308 895 quia
1325 868 1410 896 neque
1429 861 1502 896 ipsos
1521 861 1581 889 ideo
1599 862 1686 897 coegit
1703 868 1830 897 peccare,

1036 904 1096 943 quia
1111 904 1184 938 fecit,
1201 906 1296 941 quibus
1310 910 1469 941 potestatem
1485 910 1574 934 utrum
1587 907 1687 935 vellent
1702 907 1788 940 dedit;
1804 910 1834 935 et

1035 954 1097 977 sunt
1110 951 1175 979 tales
1188 951 1295 986 quidam
1311 952 1415 987 Angeli,
1429 953 1474 987 qui
1487 959 1573 987 neque
1586 956 1765 987 peccaverunt
1777 960 1829 981 un_-

1035 1003 1114 1030 quam
1125 1016 1132 1028 ,
1148 1004 1236 1031 neque
1250 998 1383 1032 peccaturi
1397 1002 1468 1025 sunt.
1485 997 1664 1031 Quamobrem
1676 993 1699 1024 si
1716 1001 1743 1026 te
1755 998 1832 1026 dele-

1036 1045 1090 1068 ctat
1111 1047 1232 1070 creatura
1249 1050 1308 1078 qua:
1329 1043 1592 1078 perseverantissima
1616 1043 1754 1071 voluntate
1777 1050 1833 1072 non

1036 1092 1137 1122 peccat,
1151 1096 1203 1115 non
1217 1093 1258 1116 est
1270 1089 1445 1117 dubitandum
1460 1089 1529 1124 quod
1549 1096 1608 1116 eam
1622 1089 1742 1123 peccanti
1758 1092 1832 1116 recta

1036 1134 1140 1162 ratione
1154 1142 1294 1171 prmponas
1310 1144 1317 1162 :
1330 1135 1378 1163 sed
1396 1135 1464 1163 sicut
1477 1136 1536 1163 eam
1551 1139 1580 1166 tu
1591 1135 1750 1170 cogitatione
1761 1142 1832 1170 prte-
1859 1152 1860 1157 η

1037 1180 1131 1215 ponis;
1153 1181 1191 1208 sic
1206 1189 1264 1209 eam
1280 1187 1386 1209 creator
1400 1182 1471 1209 Deus
1492 1181 1659 1209 ordinatione
1678 1181 1830 1216 praeposuit.

1036 1225 1121 1253 Crede
1134 1234 1194 1254 esse
1209 1226 1289 1254 talem
1305 1227 1332 1254 in
1345 1227 1526 1262 superioribus
1538 1226 1656 1258 sedibus,
1669 1231 1695 1254 et
1711 1227 1738 1254 in
1752 1226 1833 1254 subli-

1036 1271 1128 1299 milate
1142 1272 1269 1299 caelorum
1282 1281 1289 1300 :
1300 1272 1361 1307 quia
1376 1272 1398 1300 si
1415 1272 1561 1300 bonitatem
1577 1271 1705 1300 Conditor
1718 1271 1831 1306 praebuit

1036 1316 1070 1344 ad
1090 1324 1148 1344 eam
1172 1318 1336 1346 condendam
1359 1318 1436 1353 cujus
1455 1318 1578 1353 praevidit
1598 1317 1686 1345 futura
1705 1320 1831 1353 peccata,
1856 1333 1858 1337 τ

1037 1363 1109 1390 nullo
1123 1363 1202 1390 modo
1216 1371 1268 1391 non
1282 1363 1412 1398 praeberet
1425 1370 1485 1391 eam
1503 1363 1648 1391 bonitatem
1660 1383 1668 1395 ,
1683 1367 1714 1390 ut
1732 1366 1834 1391 creatu-
1882 1390 1888 1397 ,

1036 1416 1094 1435 ram
1109 1409 1236 1437 conderet
1250 1417 1327 1444 quam
1342 1414 1510 1444 peecaturam
1526 1416 1577 1437 non
1596 1416 1656 1437 esse
1670 1408 1814 1444 praescivit.

1074 1454 1118 1480 15.
1136 1454 1220 1482 Habet
1234 1455 1304 1481 enim
1320 1455 1362 1482 illa
1376 1455 1497 1483 sublimis
1515 1458 1670 1490 perpetuam
1689 1453 1832 1482 beatitudi-

1037 1507 1098 1527 nem
1112 1507 1196 1532 suam,
1216 1500 1242 1527 in
1259 1504 1414 1535 perpetuum
1434 1501 1524 1528 fruens
1540 1501 1666 1528 Creatore
1679 1507 1737 1533 suo,
1752 1507 1834 1535 quam

1038 1551 1165 1581 perpetua
1179 1547 1300 1573 tenenda:
1315 1546 1424 1582 justitim
1436 1547 1574 1575 voluntate
1589 1551 1765 1582 promeretur.
1777 1546 1833 1574 Ha-

1038 1592 1083 1621 bet
1095 1592 1191 1620 deinde
1203 1592 1323 1621 ordinem
1337 1601 1414 1621 suum
1425 1593 1505 1621 etiam
1518 1594 1567 1620 ista
1579 1593 1723 1628 peccatrix,
1735 1593 1833 1621 amissa

1038 1638 1065 1665 in
1082 1638 1196 1673 peccatis
1209 1638 1381 1672 beatitudine,
1394 1639 1441 1666 sed
1453 1646 1505 1666 non
1521 1639 1630 1666 dimissa
1644 1639 1835 1674 recuperanda;

1039 1684 1209 1712 beatitudinis
1221 1685 1356 1713 facultate.
1371 1685 1435 1718 Quae
1446 1685 1562 1720 profecto
1570 1689 1679 1720 superat
1686 1692 1744 1712 eam
1754 1692 1833 1720 quam

1039 1729 1165 1765 peccandi
1183 1734 1310 1765 perpetua
1324 1731 1447 1758 voluntas
1461 1734 1533 1758 tenet
1542 1731 1551 1746 ¹
1564 1738 1570 1757 :
1585 1730 1655 1758 inter
1668 1737 1748 1765 quam
1761 1735 1788 1757 et
1802 1730 1835 1757 il-

1039 1776 1092 1803 lam
1104 1776 1217 1810 priorem
1233 1780 1434 1811 permanentem
1450 1777 1476 1803 in
1491 1776 1627 1804 voluntate
1638 1775 1759 1811 justitize,
1774 1775 1833 1803 hate

1038 1823 1207 1851 medietatem
1220 1824 1361 1859 quamdam
1372 1823 1545 1857 demonstrat,
1557 1831 1616 1858 qum
1626 1823 1772 1858 paenitendi
1784 1823 1834 1850 hu-

1039 1868 1149 1896 militate
1163 1869 1330 1897 altitudinem
1350 1877 1424 1897 suam
1439 1869 1542 1904 recipit.
1556 1868 1621 1896 Nam
1640 1876 1726 1904 neque
1743 1868 1776 1895 ab
1790 1868 1835 1897 illa

1039 1918 1176 1949 creatura,
1193 1922 1271 1951 quam
1292 1915 1424 1951 praescivit
1442 1915 1513 1942 Deus
1532 1921 1586 1942 non
1607 1914 1693 1941 solum
1713 1917 1836 1949 peceatu-

1038 1968 1107 1993 ram,
1120 1961 1166 1988 sed
1178 1961 1258 1989 etiam
1271 1961 1297 1989 in
1311 1960 1436 1996 peccandi
1450 1959 1585 1987 voluntate
1600 1966 1763 1992 mansuram,
1775 1958 1836 1986 abs-

1039 2006 1116 2034 tinuit
1129 2006 1275 2042 largitatem
1291 2007 1417 2034 bonitatis
1431 2014 1495 2039 sna),
1507 2010 1536 2033 ut
1551 2013 1610 2033 eam
1632 2012 1684 2032 non
1695 2005 1833 2033 conderet.

1039 2052 1113 2080 Sicut
1125 2052 1197 2081 enim
1212 2052 1307 2081 melior
1318 2057 1359 2081 est
1372 2053 1415 2081 vel
1429 2053 1556 2080 aberrans
1566 2058 1661 2087 equus,
1673 2058 1752 2086 quam
1767 2050 1835 2086 lapis

1040 2103 1180 2133 propterea
1194 2107 1245 2126 non
1259 2099 1397 2132 aberrans,
1414 2099 1474 2134 quia
1495 2098 1602 2134 proprio
1620 2102 1694 2125 motu
1712 2101 1740 2125 et
1755 2104 1835 2125 sensu

1039 2148 1127 2176 caret;
1143 2144 1177 2171 ita
1193 2149 1234 2172 est
1247 2144 1419 2172 excellentior
1432 2149 1553 2172 creatura
1568 2151 1628 2179 quae
1642 2143 1725 2171 libera
1738 2143 1835 2170 volun-

1040 2192 1095 2216 tate
1109 2193 1215 2224 peccat,
1235 2198 1314 2224 quam
1336 2197 1395 2225 qua:
1414 2194 1555 2225 propterea
1576 2197 1630 2217 non
1650 2192 1754 2224 peccat,
1775 2188 1836 2224 quia

1040 2242 1094 2262 non
1117 2234 1198 2263 habet
1221 2235 1331 2262 liberam
1356 2229 1586 2262 voluntatemCEt
1607 2235 1676 2262 sicut
1699 2234 1835 2262 laudarem

1039 2280 1130 2308 vinum
1144 2281 1171 2308 in
1187 2288 1235 2308 suo
1249 2288 1347 2317 genere
1361 2281 1470 2319 bonum,
1487 2281 1521 2308 de
1537 2288 1589 2316 quo
1601 2280 1664 2308 vino
1678 2280 1836 2307 inebriatum

1040 2325 1174 2353 hominem
1196 2327 1391 2362 vituperarem,
1406 2330 1433 2354 et
1453 2330 1540 2354 tamen
1558 2326 1682 2354 eumdem
1701 2325 1835 2352 hominem

1039 2370 1093 2407 jam
1113 2372 1290 2407 vituperatum
1305 2376 1332 2400 et
1346 2372 1433 2400 adhuc
1446 2372 1547 2400 ebrium
1558 2391 1567 2406 ,
1583 2371 1688 2399 laudato
1701 2371 1739 2398 illi
1752 2370 1831 2404 vino,

1040 2417 1073 2445 de
1083 2425 1136 2453 quo
1148 2417 1237 2446 ebrius
1252 2418 1335 2446 factus
1350 2423 1400 2450 est,
1417 2422 1607 2453 anteponerem
1623 2426 1629 2443 :
1644 2417 1678 2444 ita
1690 2416 1836 2451 corporalia

1043 2469 1164 2492 creatura
1179 2465 1205 2492 in
1220 2472 1269 2493 suo
1282 2465 1365 2501 gradu
1378 2466 1438 2500 jure
1452 2465 1580 2492 laudanda
1595 2469 1652 2497 est;
1669 2471 1728 2491 cum
1742 2463 1780 2491 illi
1794 2464 1829 2491 vi-

1042 2512 1182 2547 tuperandi
1204 2512 1272 2547 sint,
1293 2513 1337 2548 qui
1356 2513 1414 2547 ejus
1436 2511 1609 2539 immoderato
1623 2518 1671 2537 usu
1687 2518 1702 2537 a
1716 2509 1836 2537 veritatis

1040 2559 1211 2594 perceptione
1230 2562 1401 2590 avertuntur;
1424 2556 1545 2592 quamvis
1569 2555 1648 2583 iidem
1669 2562 1762 2582 rursus
1780 2554 1837 2590 jam

1040 2605 1175 2639 perversi,
1192 2609 1219 2632 et
1231 2604 1426 2639 quodammodo
1441 2604 1596 2636 temulenti,
1610 2603 1695 2631 eidem
1709 2607 1837 2631 creatura:

1039 2650 1066 2677 in
1081 2650 1176 2677 ordine
1195 2658 1244 2677 suo
1265 2649 1409 2689 laudabili,
1431 2650 1506 2685 cujus
1520 2649 1644 2677 aviditate
1658 2652 1834 2682 evanuerunt,

1039 2704 1092 2725 non
1103 2698 1157 2732 jam
1170 2697 1266 2724 merito
1279 2697 1417 2730 vitiorum,
1430 2696 1478 2724 sed
1492 2695 1579 2723 adhuc
1593 2700 1695 2723 natura:
1709 2695 1836 2731 dignitate

1038 2743 1224 2778 praaferuntur.

1074 2789 1118 2816 16.
1132 2788 1197 2822 Quia
1216 2789 1296 2824 igitur
1313 2788 1400 2816 omnis
1416 2789 1505 2816 anima
1518 2789 1589 2816 omni
1603 2795 1714 2823 corpore
1726 2791 1768 2815 est
1778 2794 1834 2815 me-

1038 2835 1099 2867 lior,
1115 2829 1256 2870 omnisque
1269 2835 1404 2869 peccatrix
1418 2835 1504 2861 anima
1519 2842 1686 2870 quocumque
1698 2833 1833 2868 ceciderit,

1070 2903 1078 2918 ¹
1087 2906 1153 2933 Lov.,
1162 2901 1388 2936 perpetuaqvoluptaa
1395 2904 1464 2928 tenet.
1473 2902 1519 2928 Sed
1525 2902 1675 2934 antiquiores

1037 2936 1091 2959 us.
1099 2931 1237 2959 constanter
1243 2931 1343 2964 habeth
1350 2932 1464 2959 υοιυηιαδ.
1585 2931 1593 2934 -
1782 2931 1797 2936 ,.
