4118 6370
440 387 578 443 {279

436 502 576 559 nulla
604 498 1012 556 commutatione
1039 508 1230 564 corpus
1260 492 1506 556 efficitur,
1550 505 1647 545 nec
1686 488 1900 543 omnino
1942 487 2015 540 illi

435 595 673 651 aufertur
700 592 841 663 quod
880 590 1054 645 anima
1081 596 1195 654 est,
1225 594 1280 641 et
1305 585 1424 640 ideo
1458 583 1603 638 nullo
1637 591 1789 653 pacto
1824 579 2017 634 amittit

435 686 576 757 quod
601 701 823 755 corpore
848 692 930 738 est
954 682 1160 743 melior,
1193 679 1245 733 in
1274 677 1583 748 corporibus
1610 683 1786 729 autem
1815 674 1901 727 lux
1930 682 2013 727 te-

435 787 528 834 net
554 778 779 849 primum
812 778 1018 839 locum;
1051 786 1382 843 consequens
1405 778 1488 825 est
1521 778 1579 823 ut
1604 769 1776 839 primo
1803 768 2013 836 corpori

434 870 609 925 anima
638 879 873 923 extrema
900 872 1253 936 praeponatur,
1285 863 1502 932 fierique
1527 861 1694 931 possit
1720 870 1776 914 ut
1802 859 2009 928 corpori

433 962 657 1032 alicujus
694 963 884 1014 anima:
921 958 1131 1029 aliquod
1168 956 1309 1011 aliud
1350 970 1541 1024 corpus
1579 953 1914 1017 anteferatur,
1954 961 2013 1006 ut

422 1062 609 1108 autem
636 1052 734 1121 ipsi
757 1052 947 1105 animae
974 1050 1115 1103 nullo
1144 1047 1321 1102 modo.
1351 1046 1459 1101 Cur
1482 1060 1608 1115 ergo
1636 1060 1741 1098 non
1769 1044 2013 1099 laudetur

432 1143 593 1206 Deus,
623 1151 676 1196 et
703 1140 949 1196 ineffabili
975 1138 1346 1209 praedicatione
1374 1136 1635 1202 laudetur,
1665 1137 1751 1205 qui
1781 1149 1900 1189 cum
1932 1133 2004 1189 fe-

427 1234 563 1289 cerit
589 1248 678 1287 eas
703 1248 819 1302 qua:
844 1232 897 1286 in
926 1230 1131 1302 legibus
1162 1238 1339 1285 essent
1371 1228 1588 1298 justitiaa
1614 1241 1970 1298 permansurze
1988 1266 2006 1293 ,

427 1324 552 1381 fecit
581 1327 739 1380 etiam
778 1326 907 1380 alias
943 1325 1176 1389 animas,
1208 1336 1339 1393 quas
1366 1322 1451 1376 vel
1483 1329 1819 1391 peccaturas,
1844 1321 1929 1375 vel
1955 1320 2010 1375 in

428 1417 662 1486 peccatis
690 1416 848 1472 etiam
890 1423 1316 1485 perseveraturas
1351 1427 1469 1468 esse
1505 1411 1856 1482 praevidebat;
1888 1426 2011 1467 cum

424 1515 481 1564 et
508 1507 639 1562 tales
664 1506 834 1562 adhuc
860 1507 1104 1561 meliores
1133 1505 1238 1558 sint
1261 1504 1355 1569 eis,
1390 1518 1507 1572 qua:
1533 1503 1782 1573 quoniam
1806 1501 2007 1555 nullum

423 1596 620 1653 habent
646 1598 900 1652 rationale
925 1612 987 1651 ac
1014 1596 1236 1650 liberum
1260 1593 1544 1648 voluntatis
1563 1593 1858 1658 arbitrium,
1885 1608 2011 1661 pec-

423 1703 549 1744 care
574 1704 679 1743 non
716 1688 970 1759 possunt?
991 1688 1119 1755 Quae
1148 1695 1323 1741 tamen
1352 1685 1523 1739 adhuc
1550 1685 1707 1740 etiam
1738 1685 1866 1753 ipsa:
1890 1699 2009 1739 me»

422 1778 587 1836 liores
628 1789 783 1846 sunt,
816 1796 974 1850 quam
1015 1792 1295 1847 corporum
1330 1775 1686 1846 quorumlibet
1717 1775 2008 1845 quamlibet

421 1871 880 1941 Splendidissimus
924 1869 1115 1940 fulgor,
1156 1883 1315 1939 quem
1356 1882 1453 1937 pro
1487 1867 1653 1936 ipsius
1690 1866 1880 1921 summi
1911 1866 2007 1921 Dei

420 1961 711 2015 substantia
737 1960 969 2031 quidam,
993 1960 1231 2030 quamvis
1257 1974 1375 2013 cum
1406 1972 1596 2027 magno
1620 1972 1819 2022 errore,
1844 1972 2006 2013 vene-

422 2061 623 2106 rantur.
652 2052 802 2119 Quod
839 2054 882 2106 si
922 2052 973 2105 in
1014 2051 1200 2106 ordine
1239 2064 1612 2119 corporearum
1643 2060 2005 2105 creaturarum

419 2140 489 2194 ab
512 2141 640 2211 ipsis
669 2141 899 2198 siderum
919 2141 1094 2197 choris
1115 2156 1279 2211 usque
1298 2140 1363 2195 ad
1391 2156 1668 2195 numerum
1690 2143 2004 2211 capillorum

420 2242 720 2287 nostrorum
741 2273 755 2299 ,
786 2234 855 2286 ita
882 2233 1137 2305 gradatim
1169 2233 1428 2287 bonarum
1459 2247 1637 2286 rerum
1666 2232 2004 2301 pulchritudo

418 2323 737 2387 contexitur,
783 2332 841 2377 ut
877 2322 1267 2391 imperitissime
1306 2321 1530 2387 dicatur,
1572 2321 1705 2388 Quid
1748 2330 1830 2377 est
1867 2323 2004 2377 hoc?

418 2415 600 2485 utquid
640 2415 780 2473 hoc?
817 2416 995 2471 omnia
1039 2415 1181 2471 enim
1225 2415 1409 2470 ordine
1447 2430 1543 2470 suo
1582 2424 1758 2471 creata
1796 2417 1998 2471 sunt‘:

417 2516 613 2578 quanto
641 2507 939 2576 imperitius
966 2506 1033 2561 de
1059 2521 1390 2577 quacumque
1424 2507 1600 2561 anima
1632 2507 1844 2574 dicitur,
1882 2522 2003 2578 qua:

416 2598 483 2654 ad
508 2596 886 2667 quantamlibet
914 2597 995 2651 sui
1029 2596 1237 2652 decoris
1273 2596 1675 2653 diminutionem
1706 2598 2000 2653 defectum-

310 2752 324 2767 .
414 2704 519 2759 que
560 2689 896 2758 pervenerit,
937 2688 1173 2742 omnium
1218 2703 1500 2759 corporum
1535 2689 1842 2759 dignitatem
1885 2690 2002 2746 sine

414 2779 522 2834 ulla
548 2779 875 2834 dubitatione
903 2793 1115 2849 semper
1143 2779 1487 2849 superabit’?

486 2870 575 2924 17.
616 2868 784 2924 Aliter
819 2869 961 2923 enim
1004 2869 1231 2923 testimat
1268 2870 1434 2937 ratio,
1472 2869 1627 2925 aliter
1659 2885 1804 2924 usus.
1848 2870 2001 2927 Ratio

416 2960 641 3014 aestimat
669 2960 787 3014 luce
815 2960 1072 3026 veritatis,
1097 2968 1153 3014 ut
1185 2970 1331 3015 recto
1350 2960 1551 3031 judicio
1576 2960 1765 3016 subdat
1792 2962 2000 3017 minora

413 3054 704 3123 majoribus
744 3070 757 3107 :
802 3068 926 3108 usus
968 3064 1145 3109 autem
1191 3054 1573 3109 consuetudine
1610 3055 2001 3111 commoditatis

414 3145 725 3217 plerumque
753 3146 1053 3214 inclinatur,
1084 3156 1142 3201 ut
1167 3162 1228 3202 ea
1259 3146 1424 3217 pluris
1448 3147 1674 3202 aestimet
1707 3164 1825 3217 qua:
1856 3149 1997 3202 veri-

413 3247 499 3294 tas
526 3241 728 3293 minora
760 3255 879 3295 esse
900 3240 1183 3295 convincit.
1206 3240 1337 3294 Cum
1360 3239 1501 3295 enim
1521 3256 1743 3311 corpora
1763 3241 1998 3297 cmlestia

411 3329 723 3398 corporibus
761 3329 1102 3384 terrestribus
1139 3344 1327 3400 magna
1363 3329 1657 3385 differentia
1692 3331 1827 3385 ratio
1857 3347 1997 3401 pra:-

410 3430 605 3492 ponat,
644 3421 762 3489 quis
804 3428 982 3475 tamen
1020 3421 1313 3475 carnalium
1343 3420 1617 3474 hominum
1648 3436 1751 3475 non
1782 3422 1995 3489 mallet,

411 3513 493 3566 vel
523 3513 672 3581 plura
703 3511 893 3567 deesse
921 3512 973 3565 in
1004 3511 1142 3567 caelo
1170 3511 1362 3577 sidera,
1388 3526 1544 3581 quam
1566 3526 1723 3565 unam
1747 3513 1999 3568 arbuscu-

412 3604 517 3659 lam
558 3604 609 3658 in
648 3619 775 3675 agro
815 3618 938 3669 suo,
978 3612 1070 3659 aut
1106 3619 1320 3658 vaccam
1350 3608 1404 3658 in
1429 3604 1706 3659 armento?
1731 3604 1834 3660 Sed
1860 3606 1998 3662 sicut

411 3704 567 3751 (etate
594 3696 825 3766 majores
866 3695 1109 3750 homines
1137 3696 1220 3750 vel
1254 3695 1470 3750 omnino
1498 3704 1879 3765 contemnunt,
1912 3698 1997 3753 vel

410 3796 554 3843 certe
580 3789 842 3860 patienter
865 3789 1175 3858 corrigenda
1196 3796 1505 3859 exspectant
1526 3788 1719 3858 judicia
1750 3790 1996 3859 parvulo—

410 3893 549 3946 rum,
572 3879 663 3950 qui
686 3879 922 3949 exceptis
943 3878 1257 3949 quibusdam
1280 3894 1506 3949 quorum
1526 3894 1707 3935 amore
1728 3881 1991 3947 laetantur,

409 3972 697 4041 quemlibet
739 3972 1012 4026 hominum
1045 3980 1363 4028 cancrorum
1402 3973 1537 4027 mori
1566 3974 1804 4041 malunt,
1834 3989 1993 4044 quam

408 4078 678 4133 passerem
705 4079 889 4130 suum;
917 4072 972 4119 et
998 4065 1165 4119 multo
1192 4066 1360 4136 magis
1385 4066 1427 4119 si
1457 4065 1617 4121 homo
1640 4069 1709 4122 sit
1731 4068 1819 4124 ille
1840 4071 1994 4125 terri-

408 4155 549 4224 bilis,
582 4171 765 4225 passer
788 4166 963 4211 autem
987 4172 1215 4212 canorus
1238 4166 1293 4213 et
1320 4158 1538 4228 pulcher
1562 4177 1574 4213 :
1599 4159 1669 4214 ita
1694 4161 1725 4214 ii
1750 4163 1839 4232 qui
1869 4178 1992 4233 pro-

409 4254 565 4300 vectu
587 4247 750 4300 animi
786 4247 853 4301 ad
888 4247 1199 4315 sapientiam
1226 4248 1581 4318 profecerunt,
1605 4250 1879 4320 imperitos
1901 4270 1991 4310 re-

408 4351 529 4392 rum
566 4336 915 4393 aestimatores
950 4352 1069 4392 cum
1105 4340 1401 4394 invenerint
1437 4341 1603 4396 Deum
1635 4342 1907 4401 laudantes
1934 4347 1991 4403 in

409 4428 667 4482 creaturis
694 4427 1015 4494 minoribus,
1045 4430 1133 4499 qui
1163 4444 1256 4485 eas
1292 4432 1589 4487 carnalibus
1614 4434 1723 4488 suis
1746 4436 1991 4493 sensibus

407 4520 855 4576 accommodatius
883 4521 1166 4587 adhibent,
1210 4523 1262 4577 in
1300 4524 1658 4593 superioribus
1683 4542 1809 4582 vero
1832 4537 1991 4599 atque

407 4610 714 4666 melioribus
753 4612 941 4680 partim
980 4627 1099 4666 eum
1130 4627 1236 4666 non
1274 4613 1575 4679 laudantes,
1604 4616 1844 4671 minusve
1870 4618 1988 4673 lau-

405 4705 612 4773 dantes,
640 4704 830 4775 partim
856 4705 1013 4758 etiam
1044 4706 1340 4774 vituperare
1364 4715 1455 4760 aut
1477 4708 1762 4765 emendare
1787 4726 1989 4768 conan-

404 4806 505 4861 tes,
534 4797 721 4866 partim
745 4811 847 4850 non
865 4795 1144 4851 credentes
1164 4796 1303 4864 quod
1322 4811 1503 4851 earum
1525 4798 1612 4853 ille
1629 4800 1697 4854 sit
1715 4801 1984 4869 conditor;

407 4890 588 4945 talium
626 4887 821 4959 judicia
868 4889 953 4944 vel
986 4889 1203 4942 omnino
1241 4897 1614 4956 contemnere,
1651 4892 1695 4945 si
1722 4893 1986 4962 corrigere

405 4990 705 5052 nequeunt,
732 4982 815 5036 vel
851 4981 1020 5037 donec
1044 4981 1311 5051 corrigant
1330 5020 1344 5046 ,
1372 4996 1525 5051 aequo
1550 4983 1727 5038 animo
1757 4985 1986 5043 tolerare

403 5089 465 5129 ac
488 5075 755 5133 sustinere
770 5082 1137 5129 c0nsuescant.

402 5164 629 5220 CAPUT
660 5162 746 5218 Vl.
781 5194 853 5205 ——
879 5162 1043 5218 Nemo
1083 5180 1194 5220 vere
1236 5165 1420 5220 dixerit
1460 5182 1514 5221 se
1553 5167 1706 5223 malle
1743 5186 1845 5224 non
1883 5187 1985 5227 esse

910 5270 1060 5324 quam
1088 5254 1322 5309 miserum
1347 5273 1470 5310 esse.

478 5346 565 5402 18.
592 5345 721 5414 Quae
743 5360 865 5401 cum
894 5346 966 5400 ita
1002 5360 1061 5401 se
1099 5346 1345 5410 habeant,
1375 5356 1575 5403 tantum
1599 5349 1750 5405 abest
1776 5365 1807 5405 a
1832 5366 1976 5420 vero,

405 5438 547 5508 quod
570 5438 807 5494 Creatori
844 5436 1141 5508 deputanda
1177 5438 1546 5495 existimantur
1585 5452 1798 5511 peccata
1828 5458 1982 5500 crea-

405 5615 779 5730 ﬂ“Iubegendum
795 5623 871 5665 est
880 5616 1015 5678 juxta
1028 5624 1153 5677 Mss,
1168 5616 1326 5667 onmia
1339 5617 1466 5669 enim
1478 5616 1529 5668 in
1541 5618 1708 5670 ordine
1723 5633 1809 5672 suo
1822 5628 1985 5674 creata

402 5802 603 5866 perabit.

1449 374 1535 427 DE
1573 371 1823 428 LIBERO
1862 367 2210 436 ARBlTRlO,
2252 370 2304 423 S.
2349 371 2716 429 AUGUSTINI

468 5716 621 5809 aditi
637 5774 652 5801 ,
666 5738 1182 5793 sineuuadubitatione
1202 5740 1456 5806 superavit.
1474 5750 1527 5794 At
1554 5752 1678 5808 Mss,
1692 5757 1876 5809 semper
1900 5761 1983 5799 δα-
2005 5775 2025 5791 ι

3565 382 3706 441 1280

2124 494 2272 552 ειη-ω,
2300 489 2541 557 quamvis
2565 503 2783 545 necesse
2806 497 2888 545 est
2923 489 3054 546 ﬁant
3084 506 3202 562 quae
3228 492 3338 564 ipse
3360 493 3532 549 futura
3558 510 3701 564 pra:-

2121 579 2290 643 scivit,
2318 590 2373 633 ut
2396 596 2513 635 cum
2542 590 2597 635 tu
2622 581 2819 637 dixeris
2845 597 2951 637 non
2974 591 3026 637 te
3046 583 3283 639 invenire
3306 586 3572 653 quomodo
3592 602 3702 643 non

2120 671 2167 725 ei
2196 671 2477 741 deputetur
2514 673 2766 744 quidquid
2809 674 2860 727 in
2900 675 3018 743 ejus
3054 685 3296 730 creatura
3334 675 3448 731 fieri
3477 694 3702 735 necesse

2119 772 2233 831 est;
2260 780 2357 835 ego
2383 774 2563 820 contra
2590 781 2695 821 non
2721 767 2986 822 inveniam
3011 767 3249 836 modum,
3274 784 3445 840 neque
3472 770 3699 826 invenir=

2119 870 2277 925 posse
2304 864 2461 926 atque
2489 857 2707 912 omnino
2744 873 2850 912 non
2877 873 2997 913 esse
3021 858 3330 913 continuem
3347 901 3361 924 ,
3391 874 3498 930 quo
3523 858 3573 915 ei
3598 861 3688 917 deo

2116 954 2330 1016 putetur
2352 948 2603 1019 quidquid
2630 948 2682 1003 in
2708 950 2822 1018 ejus
2846 958 3087 1006 creatura
3112 951 3183 1005 ita
3210 950 3323 1006 fieri
3348 966 3568 1008 necesse
3592 964 3690 1021 est,

2116 1045 2176 1090 ut
2202 1039 2471 1094 voluntate
2503 1041 2830 1109 peccantium
2869 1040 2977 1094 fiat.
3025 1042 3080 1097 Si
3120 1043 3262 1096 enim
3304 1042 3423 1113 quis
3466 1044 3695 1113 dixerit,

2114 1126 2231 1183 Non
2243 1145 2380 1197 esse,
2396 1146 2551 1200 quam
2570 1132 2822 1187 miserum
2846 1147 2933 1187 me
2949 1146 3065 1187 esse
3080 1133 3293 1188 mallem
3309 1152 3321 1186 :
3337 1136 3692 1204 respondebo,

2114 1220 2373 1276 Mentiris.
2411 1222 2541 1276 Nam
2570 1232 2626 1278 et
2662 1237 2803 1278 nunc
2831 1224 2993 1279 miser
3018 1239 3111 1290 es,
3139 1239 3239 1279 nec
3277 1224 3347 1279 ob
3383 1225 3525 1281 aliud
3560 1229 3694 1283 mori

2114 1326 2221 1367 non
2248 1312 2346 1380 vis,
2376 1314 2473 1368 nisi
2501 1324 2557 1368 ut
2582 1314 2655 1370 sis
2682 1331 2695 1367 :
2723 1316 2795 1369 ita
2820 1329 2941 1369 cum
2961 1315 3125 1370 miser
3149 1315 3285 1370 nolis
3308 1330 3448 1384 esse,
3476 1332 3596 1373 esse
3615 1319 3693 1375 vis

2114 1410 2310 1458 tamen.
2353 1406 2465 1474 Age
2503 1406 2659 1475 igitur
2695 1406 2888 1475 gratias
2927 1421 2992 1461 ex
3030 1420 3096 1461 eo
3134 1405 3275 1475 quod
3302 1420 3363 1461 es
3389 1407 3604 1475 volens,
3637 1418 3691 1464 ut

2114 1494 2254 1562 quod
2285 1494 2477 1549 invitus
2500 1511 2559 1550 es
2588 1495 2878 1550 auferatur.
2920 1497 3111 1552 Volens
3136 1496 3284 1552 enim
3318 1511 3409 1564 es,
3442 1507 3495 1552 et
3525 1499 3692 1553 miser

2112 1583 2308 1639 invitus
2333 1600 2411 1640 es.
2447 1586 2599 1654 Quod
2640 1588 2684 1641 si
2724 1588 2958 1657 ingratus
2983 1602 3042 1642 es
3079 1588 3133 1642 in
3171 1602 3235 1643 eo
3265 1588 3407 1658 quod
3429 1602 3544 1645 esse
3573 1589 3689 1655 vis,

2107 1674 2229 1745 jure
2266 1677 2471 1746 cogeris
2508 1692 2629 1732 esse
2665 1678 2804 1747 quod
2844 1692 2948 1733 non
2991 1678 3091 1732 vis.
3130 1678 3206 1732 Ex
3241 1678 3333 1733 illo
3369 1677 3527 1749 igitur
3548 1679 3693 1750 quod

2111 1768 2270 1823 etiam
2298 1768 2533 1839 ingratus
2571 1769 2736 1824 habes
2765 1770 2905 1839 quod
2935 1770 3035 1836 vis,
3064 1769 3333 1826 Creatoris
3359 1770 3518 1826 laudo
3537 1770 3691 1827 boni-

2110 1864 2275 1914 tatem
2310 1877 2323 1913 :
2350 1875 2413 1914 ex
2442 1860 2532 1915 illo
2555 1869 2731 1915 autem
2759 1861 2900 1930 quod
2931 1861 3127 1931 pateris
3153 1860 3387 1932 ingratus
3414 1862 3557 1933 quod
3584 1878 3691 1919 non

2108 1946 2210 2011 vis,
2240 1948 2558 2004 ordinatoris
2597 1949 2754 2005 laudo
2778 1949 3057 2020 justitiam.

2181 2038 2269 2093 l9.
2297 2037 2353 2094 Si
2378 2039 2587 2108 dixerit,
2610 2040 2726 2096 Non
2755 2041 2875 2097 ideo
2898 2040 3033 2096 mori
3056 2042 3194 2109 nolo,
3221 2042 3361 2115 quod
3387 2042 3567 2099 malim
3591 2046 3694 2100 mi-

2107 2140 2196 2182 ser
2218 2142 2337 2184 esse
2365 2144 2522 2198 quam
2547 2130 2762 2186 omnino
2796 2146 2899 2187 non
2929 2146 3077 2199 esse,
3110 2132 3204 2188 sed
3229 2147 3296 2187 ne
3321 2140 3441 2203 post
3467 2142 3690 2190 mortem

2107 2218 2354 2273 miserior
2376 2218 2477 2273 sim
2511 2236 2524 2273 :
2552 2221 2912 2289 respondebo,
2943 2221 3000 2278 Si
3027 2223 3128 2279 hoc
3151 2223 3407 2293 injustam
3441 2233 3553 2292 est,
3582 2240 3690 2281 non

2106 2321 2185 2362 sne
2212 2308 2354 2374 eris;
2382 2309 2427 2363 si
2461 2319 2636 2367 autem
2664 2310 2766 2367 hoc
2786 2312 2987 2381 justum
3012 2322 3115 2383 est,
3141 2314 3418 2370 laudemus
3446 2330 3565 2370 eum
3590 2330 3689 2371 cu-

2103 2398 2190 2468 jus
2211 2400 2413 2471 legibus
2437 2402 2516 2457 sic
2539 2402 2664 2457 eris.
2694 2403 2749 2458 Si
2784 2403 2995 2470 dixerit,
3027 2403 3175 2462 Unde
3208 2420 3524 2474 praesumam
3549 2406 3689 2476 quod

2105 2492 2151 2546 si
2173 2492 2274 2547 hoc
2304 2493 2552 2563 injustum
2581 2503 2682 2562 est,
2707 2510 2811 2549 non
2842 2496 2919 2550 sic
2943 2495 3070 2551 ero?
3096 2497 3428 2567 respondebo
3450 2538 3465 2564 ,
3486 2497 3616 2566 Quia
3640 2512 3689 2553 SI

2106 2584 2214 2639 eris
2236 2585 2286 2638 in
2310 2593 2396 2638 tua
2419 2592 2698 2654 potestate,
2722 2593 2814 2641 aut
2838 2586 3003 2641 miser
3030 2600 3137 2642 non
3157 2588 3285 2654 eris,
3306 2594 3403 2642 aut
3424 2596 3482 2643 tu
3504 2588 3616 2659 ipse
3634 2596 3691 2644 te

2104 2675 2302 2745 injuste
2326 2677 2578 2746 regendo,
2606 2678 2746 2747 juste
2774 2678 2881 2734 eris
2904 2678 3103 2744 miser;
3131 2687 3222 2733 aut
3252 2679 3477 2734 volendo
3498 2687 3552 2735 et
3576 2694 3688 2734 non

2104 2766 2330 2821 valendo
2356 2775 2408 2822 te
2431 2768 2573 2836 juste
2596 2783 2810 2839 regere,
2833 2784 2939 2825 non
2968 2770 3077 2825 eris
3113 2770 3165 2824 in
3201 2777 3287 2825 tua
3315 2779 3602 2841 potestate,
3631 2779 3686 2827 et

2104 2856 2264 2912 autin
2282 2856 2478 2912 nullius
2499 2858 2627 2925 eris,
2649 2870 2741 2913 aut
2761 2861 2814 2914 in
2834 2861 3051 2915 alterius
3074 2877 3087 2913 :
3111 2861 3155 2915 si
3180 2861 3232 2914 in
3261 2862 3477 2927 nullius,
3500 2870 3588 2915 aut
3607 2862 3685 2916 in-

2104 2950 2266 3018 vitus,
2290 2960 2381 3005 aut
2409 2952 2592 3007 volens
2616 2968 2628 3004 :
2658 2951 2753 3007 sed
2777 2951 2976 3006 invitus
3002 2965 3120 3006 esse
3145 2952 3274 3005 nihil
3302 2961 3473 3021 potes,
3506 2952 3603 3006 nisi
3634 2960 3686 3009 te

2104 3042 2186 3096 vis
2212 3042 2386 3111 aliqua
2413 3042 2773 3112 superaverit;
2805 3056 2966 3112 porro
2986 3042 3128 3097 nulla
3152 3042 3205 3097 vi
3228 3043 3468 3112 superari
3492 3051 3683 3113 potest,

2102 3134 2192 3204 qui
2216 3141 2299 3189 est
2325 3133 2377 3186 in
2403 3134 2599 3190 nullius
2622 3142 2882 3204 potestate
2906 3151 2919 3188 :
2946 3135 2991 3188 si
3011 3142 3187 3189 autem
3211 3134 3394 3189 volens
3416 3135 3468 3189 in
3489 3135 3685 3190 nullius

2102 3225 2209 3279 eris
2241 3232 2520 3293 potestate,
2551 3224 2617 3279 ad
2644 3224 2745 3279 hoc
2772 3225 2907 3279 ratio
2933 3225 3179 3291 recurrit,
3210 3232 3271 3279 ut
3300 3224 3373 3279 sis
3398 3225 3453 3279 in
3481 3234 3603 3289 tua;
3631 3233 3684 3280 et

2102 3324 2193 3371 aut
2222 3325 2271 3371 te
2301 3316 2495 3386 injuste
2532 3316 2765 3387 regendo
2797 3316 2941 3387 juste
2975 3330 3139 3371 miser
3176 3315 3284 3383 sis;
3315 3324 3407 3370 aut
3432 3317 3682 3385 quoniam

2101 3407 2377 3479 quodlibet
2406 3408 2590 3468 volens
2619 3409 2745 3474 eris,
2775 3408 2938 3470 babes
2962 3407 3137 3469 adhuc
3160 3406 3301 3462 unde
3325 3407 3523 3479 gratias
3556 3421 3681 3477 agas

2100 3500 2322 3559 bonitati
2352 3504 2651 3560 Conditoris
2677 3507 2770 3561 tui.
2799 3507 2950 3575 Quod
2988 3509 3031 3563 si
3069 3509 3122 3562 in
3154 3517 3244 3563 tua
3282 3510 3541 3579 potestate
3577 3520 3684 3566 non

2100 3596 2229 3664 eris,
2264 3603 2358 3651 aut
2386 3598 2655 3666 potentior
2689 3598 2926 3669 profecto
2945 3640 2959 3666 ,
2985 3609 3075 3654 aut
3107 3600 3368 3656 infirmior
3394 3612 3444 3657 te
3471 3603 3681 3657 habebit

2101 3687 2155 3741 in
2196 3696 2483 3758 potestate.
2524 3689 2675 3755 Quod
2717 3690 2763 3746 si
2802 3691 3080 3759 infirmior,
3111 3700 3200 3747 tua
3226 3694 3414 3763 culpa,
3446 3702 3497 3748 et
3535 3693 3677 3763 justa

2099 3778 2314 3833 miseria
2344 3796 2357 3833 :
2393 3781 2592 3850 poteris
2614 3782 2758 3836 enim
2788 3781 3134 3838 inﬁrmiorem
3164 3798 3417 3854 superare
3441 3786 3486 3840 si
3509 3786 3673 3841 voles.

2099 3870 2156 3928 Si
2195 3880 2371 3927 autem
2408 3872 2675 3941 potentior
2717 3882 2769 3929 te
2810 3874 3155 3930 inﬁrmiorem
3185 3875 3403 3931 habebit
3440 3877 3492 3931 in
3532 3888 3677 3948 pote-

2098 3972 2267 4032 state,
2294 3964 2443 4020 nullo
2472 3965 2631 4021 modo
2660 3975 2765 4021 tam
2791 3976 2990 4023 rectam
3017 3968 3408 4026 ordinationem
3432 3977 3574 4025 recte
3597 3970 3675 4024 in-

2092 4057 2291 4128 justam
2330 4058 2557 4126 putabis.
2601 4058 2890 4114 Verissime
2929 4060 3087 4130 igitur
3116 4060 3313 4116 dictum
3348 4069 3431 4115 est
3459 4060 3548 4117 :Si
3575 4060 3678 4116 hoc

2099 4142 2351 4211 injustum
2378 4151 2490 4207 est,
2517 4156 2627 4197 non
2651 4143 2729 4197 sic
2754 4144 2893 4210 eris;
2933 4144 2978 4198 si
3018 4152 3193 4200 autem
3228 4144 3427 4215 justum
3447 4185 3464 4213 ,
3496 4145 3676 4201 laude-

2099 4248 2217 4287 mus
2238 4248 2360 4287 eum
2383 4233 2533 4303 cujus
2561 4234 2766 4305 legibus
2786 4235 2863 4289 sic
2881 4236 3009 4291 eris.

2096 4321 2325 4379 CAPUT
2347 4322 2531 4379 Vll.—
2556 4324 2683 4379 Esse
2710 4325 2939 4396 diligitur
2962 4333 3007 4379 et
3034 4341 3067 4379 a
3093 4324 3288 4381 miseris
3306 4365 3322 4392 ,
3351 4326 3471 4396 quia
3495 4326 3557 4379 ab
3586 4326 3675 4380 illo

2600 4428 2716 4474 sunt
2739 4419 2825 4489 qui
2846 4436 3036 4473 summe
3063 4428 3154 4474 est.

2165 4509 2255 4565 20.
2280 4509 2337 4565 Si
2357 4510 2581 4567 dixerit:
2602 4510 2725 4567 Ideo
2748 4512 2915 4581 magis
2935 4513 3056 4568 volo
3076 4513 3159 4568 vel
3179 4512 3339 4567 miser
3358 4527 3495 4577 esse,
3514 4528 3664 4583 quam

2094 4604 2311 4658 omnino
2337 4617 2444 4657 non
2471 4617 2611 4670 esse,
2637 4604 2758 4675 quia
2784 4604 2893 4675 jam
2920 4620 3071 4670 sum;
3101 4605 3146 4658 si
3171 4612 3345 4659 autem
3368 4604 3661 4674 priusquam

2091 4710 2264 4750 essem
2294 4710 2508 4764 possem
2528 4696 2751 4762 consuli,
2774 4697 3023 4766 eligerem
3046 4710 3152 4750 non
3173 4710 3292 4751 esse
3312 4695 3487 4765 potius
3512 4710 3670 4765 quam

2091 4794 2150 4841 ut
2174 4800 2345 4841 essem
2373 4786 2551 4840 miser.
2583 4787 2731 4842 Nunc
2756 4788 2897 4842 enim
2917 4786 3057 4857 quod
3083 4787 3243 4841 timeo
3271 4801 3379 4840 non
3404 4801 3523 4841 esse
3546 4801 3670 4842 cum

2090 4879 2253 4934 miser
2280 4879 2379 4933 sim
2400 4919 2415 4945 ,
2439 4878 2505 4934 ad
2550 4880 2721 4949 ipsam
2750 4880 3014 4935 miseriam
3044 4879 3307 4950 pertinet,
3337 4895 3438 4949 qua
3471 4894 3580 4934 non
3614 4880 3668 4936 id

2089 4972 2231 5037 volo,
2250 4972 2391 5042 quod
2411 4972 2550 5027 velle
2568 4972 2849 5039 deberem;
2868 4973 3034 5042 magis
3059 4972 3200 5028 enim
3221 4987 3326 5027 non
3346 4988 3486 5039 esse,
3507 4988 3667 5043 quam

2088 5063 2253 5118 miser
2276 5078 2395 5120 esse
2432 5064 2569 5118 velle
2594 5064 2862 5119 deberem.
2891 5063 3043 5118 Nunc
3078 5079 3205 5118 vero
3237 5061 3408 5118 fateor
3430 5078 3517 5118 me
3550 5064 3666 5132 qui-

2088 5155 2211 5210 dem
2238 5156 2398 5211 malle
2424 5156 2507 5211 vel
2534 5156 2787 5209 miserum
2827 5170 2945 5210 esse
2988 5170 3147 5224 quam
3191 5154 3355 5220 nihil;
3383 5154 3476 5209 sed
3522 5164 3665 5209 tanto

2087 5247 2297 5301 stultius
2327 5247 2378 5300 id
2404 5247 2555 5312 volo,
2582 5256 2777 5315 quanto
2802 5244 3079 5300 miserius:
3107 5254 3251 5299 tanto
3288 5254 3461 5299 autem
3502 5246 3663 5299 misc-

2089 5339 2216 5405 rius,
2250 5347 2447 5408 quanto
2476 5338 2653 5393 verius
2676 5336 2830 5391 video
2855 5352 2961 5392 non
2991 5337 3091 5391 hoc
3117 5352 3202 5391 me
3226 5336 3363 5390 velle
3396 5336 3662 5392 debuisse.

2088 5429 2477 5499 Respondebo:
2501 5428 2644 5485 Cave
2671 5429 2843 5499 potius
2867 5443 2934 5483 ne
2962 5427 3047 5482 hic
3075 5442 3254 5493 erres,
3285 5428 3371 5481 ubi
3404 5436 3451 5481 te
3487 5427 3665 5481 videte

2088 5537 2269 5575 verum
2300 5531 2472 5591 putas.
2513 5520 2641 5575 Nam
2672 5522 2715 5574 si
2744 5521 2927 5575 beatus
2959 5534 3126 5586 esses,
3159 5520 3335 5590 utique
3362 5534 3480 5573 esse
3505 5534 3663 5587 quam

2088 5631 2193 5669 non
2214 5631 2334 5671 esse
2353 5616 2572 5681 malles;
2595 5624 2649 5670 et
2676 5630 2815 5669 nunc
2840 5616 3000 5669 miser
3026 5628 3145 5668 cum
3172 5614 3265 5679 sis,
3296 5614 3462 5666 mavis
3487 5622 3664 5667 tamen

2087 5721 2205 5761 esse
2230 5707 2314 5762 vel
2344 5707 2505 5761 miser
2527 5722 2681 5776 quam
2705 5707 2920 5760 omnino
2947 5720 3051 5759 non
3081 5718 3217 5771 esse,
3240 5718 3358 5757 cum
3380 5718 3499 5758 esse
3529 5704 3666 5758 nolis

2090 5799 2271 5855 miser.
2290 5799 2573 5855 Considera
2597 5800 2771 5870 igitur,
2789 5807 3041 5869 quantum
3058 5808 3228 5870 potes,
3244 5812 3399 5867 quam
3419 5813 3663 5867 magnum
