4118 6370
398 332 529 391 1281

393 451 593 506 bonum
618 445 689 503 sit
717 445 891 517 ipsum
910 460 1052 511 esse,
1075 444 1215 516 quod
1234 452 1288 501 et
1314 444 1454 501 beati
1479 451 1534 500 et
1557 442 1737 498 miseri
1769 442 1972 495 volunt.

394 540 526 596 Nam
555 539 600 596 si
626 537 729 594 hoc
754 538 896 595 bene
923 536 1369 601 consideraveris,
1386 535 1590 591 videbis
1616 543 1668 591 te
1697 534 1749 589 in
1774 542 1977 589 tantum

394 646 514 689 esse
548 632 823 700 miserum,
849 630 903 687 in
934 640 1189 702 quantum
1230 644 1334 685 non
1378 630 1699 701 propinquas
1742 628 1792 683 ei
1835 626 1977 698 quod

395 740 604 783 summe
630 734 747 793 est;
775 726 828 780 in
862 733 1064 780 tantum
1094 734 1269 779 autem
1300 732 1483 794 putare
1524 722 1713 778 melius
1740 735 1888 787 esse,
1919 728 1979 775 ut

396 821 618 890 quisque
639 835 744 874 non
766 819 835 873 sit
850 833 1007 889 quam
1034 826 1091 872 ut
1113 818 1276 872 miser
1294 818 1381 884 sit,
1406 816 1462 871 in
1487 824 1739 887 quantum
1762 828 1870 869 non
1892 812 1975 868 vi-

402 912 488 970 .lcs
512 913 653 984 quod
674 928 882 969 summe
900 920 983 968 est
1001 929 1014 965 :
1037 921 1093 968 et
1118 911 1236 967 ideo
1257 918 1434 966 tamen
1457 919 1508 965 te
1532 923 1651 965 esse
1666 907 1820 976 velle,
1844 920 1977 977 quo-

392 1006 531 1061 niam
558 1004 627 1061 ab
647 1006 739 1060 illo
759 1019 819 1060 es
843 1004 933 1075 qui
953 1009 1161 1073 sﬁmme
1188 1012 1289 1059 est.

464 1097 556 1153 21.
584 1097 639 1153 Si
676 1098 755 1152 vis
788 1098 964 1167 itaque
1001 1097 1269 1153 miseriam
1305 1096 1507 1168 fugere,
1529 1109 1647 1150 ama
1687 1095 1739 1149 in
1782 1102 1832 1150 te
1872 1092 1975 1149 hoc

392 1189 586 1260 ipsum,
608 1188 730 1259 quia
750 1203 870 1243 esse
891 1189 988 1243 vis.
1021 1187 1077 1243 Si
1094 1178 1236 1243 enim
1258 1187 1427 1258 magis
1448 1186 1723 1257 magisque
1740 1199 1862 1241 esse
1882 1200 1977 1239 vo-

390 1279 573 1349 lueris,
595 1281 645 1336 ei
664 1279 806 1353 quod
824 1295 1032 1336 summe
1051 1288 1132 1336 est
1151 1278 1528 1350 propinquabis
1552 1296 1565 1332 :
1589 1286 1646 1333 et
1663 1276 1858 1347 gratias
1877 1292 1977 1348 age

392 1388 533 1428 nunc
557 1373 677 1443 quia
701 1388 780 1428 es.
807 1371 1059 1441 Quamvis
1085 1372 1230 1427 enim
1257 1370 1426 1426 beatis
1452 1370 1526 1426 sis
1552 1370 1789 1437 inferior,
1813 1384 1978 1439 supe-

392 1465 500 1521 rior
531 1474 707 1522 tamen
731 1480 790 1521 es
815 1479 971 1536 quam
999 1480 1062 1521 ea
1085 1479 1203 1535 quae
1225 1478 1330 1519 non
1357 1463 1556 1520 habent
1579 1462 1663 1518 vel
1686 1462 1973 1517 beatitudi-

388 1556 472 1611 nis
494 1556 853 1624 voluntatem;
882 1571 1108 1627 quorum
1136 1564 1314 1612 tamen
1339 1554 1505 1610 multa
1526 1554 1684 1610 etiam
1707 1569 1735 1615 τι
1765 1553 1975 1608 miseris

387 1648 688 1707 laudantur.
723 1649 915 1707 Omnia
951 1658 1131 1706 tamen
1157 1665 1222 1706 eo
1252 1650 1368 1720 ipso
1395 1662 1501 1719 quo
1528 1656 1686 1713 sunt,
1709 1647 1832 1717 jure
1858 1647 1973 1699 lau-

392 1740 566 1799 danda
596 1749 752 1808 sunt;
776 1740 897 1812 quia
921 1755 986 1796 eo
1007 1739 1124 1812 ipso
1148 1756 1253 1811 quo
1273 1748 1417 1806 sunt,
1442 1739 1579 1795 bona
1601 1746 1744 1793 sunt.
1768 1737 1975 1806 Quanto

386 1832 529 1889 enim
573 1833 801 1903 amplius
842 1848 963 1889 esse
1003 1831 1297 1899 amaveris,
1346 1840 1492 1887 tanto
1537 1831 1763 1901 amplius
1810 1830 1975 1884 vitam

386 1934 641 1980 aeternam
664 1924 1013 1991 desiderabis,
1038 1935 1193 1996 teque
1221 1926 1294 1980 ita
1334 1924 1553 1980 formari
1593 1923 1888 1993 exoptabis,
1919 1930 1976 1977 ut

386 2014 691 2072 affectiones
722 2024 823 2072 tuae
852 2032 957 2072 non
988 2017 1095 2072 sint
1124 2018 1468 2088 temporales,
1501 2016 1568 2071 de
1601 2016 1971 2086 temporalium

386 2120 563 2161 rerum
586 2107 859 2163 amoribus
888 2109 1078 2162 inustae
1100 2117 1153 2163 et
1178 2108 1454 2178 impressae
1480 2126 1492 2162 :
1515 2123 1634 2177 quae
1662 2107 1973 2176 temporalia

386 2204 443 2252 et
463 2206 743 2268 antequam
764 2200 870 2253 sint
891 2214 999 2253 non
1025 2208 1167 2263 sunt,
1182 2208 1376 2255 etcum
1397 2208 1518 2254 sunt
1534 2198 1830 2269 fugiunt,et
1849 2213 1973 2253 cum

386 2289 611 2358 fugerint
638 2304 742 2343 non
775 2299 951 2344 erunt.
980 2289 1163 2360 Itaque
1191 2305 1312 2345 cum
1343 2290 1516 2345 futura
1555 2298 1702 2357 sunt,
1733 2289 1971 2344 nondum

386 2390 539 2448 sunt;
568 2398 689 2438 cum
713 2391 889 2439 autem
924 2386 1188 2454 praeterita
1215 2392 1358 2449 sunt,
1378 2384 1487 2453 jam
1516 2399 1621 2439 non
1648 2392 1791 2438 sunt.
1824 2383 1971 2451 Quo-

386 2472 545 2528 modo
572 2474 729 2544 igitur
762 2474 1084 2530 tenebuntur
1119 2485 1175 2530 ut
1218 2485 1501 2541 maneant,
1530 2476 1720 2546 quibus
1757 2479 1859 2531 hoc
1888 2489 1971 2530 est

386 2562 620 2636 incipere
640 2574 697 2620 ut
719 2566 843 2633 sint,
872 2567 1013 2637 quod
1033 2577 1116 2622 est
1135 2583 1355 2638 pergere
1377 2576 1433 2621 ut
1454 2583 1559 2623 non
1581 2568 1726 2622 sint?
1752 2568 1853 2636 Qui
1879 2583 1974 2621 au—

386 2665 492 2711 tem
524 2666 665 2712 amat
694 2673 843 2725 esse,
872 2659 1061 2729 probat
1087 2661 1186 2715 ista
1213 2661 1264 2714 in
1293 2670 1549 2731 quantum
1576 2672 1723 2729 sunt,
1752 2670 1807 2716 et
1829 2668 1973 2715 amat

384 2751 527 2820 quod
554 2765 765 2820 semper
788 2760 891 2806 est.
933 2752 999 2806 Et
1027 2754 1071 2808 si
1100 2754 1403 2810 variabatur
1426 2757 1479 2810 in
1509 2770 1691 2810 amore
1722 2757 1967 2821 istorum,

384 2843 654 2898 munietur
682 2844 735 2899 in
759 2844 901 2900 illius
927 2847 981 2910 ¹;
1010 2854 1063 2900 et
1090 2846 1136 2901 si
1171 2846 1444 2903 difﬂuebat
1486 2849 1541 2903 in
1579 2864 1767 2927 amore
1795 2859 1971 2906 trans-

383 2935 647 3003 euntium,
672 2936 724 2990 in
751 2939 1112 3006 permanentis
1136 2953 1319 2994 amore
1345 2940 1675 3008 solidabitur,
1709 2952 1764 2998 et
1790 2945 1970 3011 stabit,

384 3035 441 3081 et
462 3026 722 3083 obtinebit
747 3028 917 3097 ipsum
942 3043 1081 3094 esse,
1105 3030 1245 3100 quod
1267 3032 1475 3087 volebat
1490 3048 1610 3088 cum
1631 3034 1849 3089 timebat
1864 3050 1973 3089 non

386 3131 528 3185 esse,
552 3127 605 3173 et
633 3130 777 3175 stare
802 3135 907 3175 non
930 3131 1134 3191 poterat
1164 3123 1399 3179 irretitus
1427 3141 1611 3182 amore
1642 3129 1972 3196 fugientium.

387 3208 504 3265 Non
533 3210 690 3281 igitur
729 3212 821 3267 tibi
848 3212 1143 3283 displiceat,
1176 3215 1285 3270 imo
1309 3218 1541 3274 maxime
1578 3220 1805 3290 placeat,
1832 3221 1976 3292 quod

387 3301 558 3355 mavis
587 3317 707 3358 esse
733 3305 818 3358 vel
841 3305 1020 3370 miser,
1039 3322 1196 3376 quam
1224 3318 1502 3378 propterea
1527 3311 1691 3366 miser
1705 3328 1811 3367 non
1832 3328 1973 3383 esse,

387 3393 512 3462 quia
543 3393 673 3447 nihil
700 3395 827 3449 eris.
855 3395 989 3451 Huic
1012 3402 1154 3452 enim
1182 3398 1403 3453 exordio
1423 3416 1529 3471 quo
1555 3417 1675 3458 esse
1694 3403 1795 3468 vis,
1815 3405 1859 3459 si
1884 3404 1978 3459 ad-

384 3484 539 3554 jicias
565 3487 734 3557 magis
760 3487 1038 3560 magisque
1066 3504 1216 3557 esse,
1244 3493 1522 3563 consurgis
1550 3502 1709 3564 atque
1737 3505 1979 3552 exstrue-

389 3575 466 3630 ris
496 3577 547 3630 iu
578 3576 631 3631 id
659 3578 801 3648 quod
826 3593 1033 3635 summe
1055 3590 1357 3652 est;atque
1385 3583 1456 3638 ita
1484 3591 1537 3639 te
1575 3584 1642 3639 ab
1676 3586 1822 3640 omni
1858 3585 1979 3642 labe

389 3668 694 3736 cohibebis,
722 3687 826 3742 qua
852 3673 1041 3727 transit
1066 3682 1123 3727 ut
1148 3690 1256 3729 non
1282 3676 1354 3730 sit
1396 3676 1539 3746 quod
1585 3677 1766 3733 inlimc
1792 3686 1894 3743 est,
1922 3686 1978 3733 et

391 3773 571 3814 secum
597 3764 824 3818 amantis
852 3764 993 3818 vires
1022 3765 1247 3819 subruit.
1282 3766 1415 3821 Hinc
1444 3767 1536 3821 lict
1564 3776 1623 3822 ut
1647 3768 1739 3838 qui
1776 3770 1979 3824 mavult

392 3865 499 3905 non
525 3854 666 3918 esse,
683 3868 750 3906 ne
780 3854 940 3907 miser
960 3855 1048 3918 sit,
1063 3856 1185 3923 quia
1204 3871 1308 3910 non
1327 3872 1448 3912 esse
1469 3874 1573 3912 non
1598 3868 1795 3928 potest,
1812 3868 1979 3916 restet

392 3949 451 3994 ut
467 3942 627 3995 miser
642 3943 729 3996 sit.
749 3943 850 4009 Qui
865 3951 1042 3998 autem
1061 3946 1177 4013 plus
1193 3958 1335 4001 amat
1352 3963 1471 4003 esse
1499 3965 1656 4019 quam
1675 3952 1786 4005 odit
1815 3952 1979 4007 miser

390 4046 533 4099 esse,
565 4033 860 4104 adjiciendo
880 4035 946 4089 ad
976 4036 1025 4090 id
1047 4036 1187 4106 quod
1208 4048 1370 4104 amat,
1394 4040 1535 4109 quod
1565 4041 1676 4095 odit
1700 4043 1973 4099 excludat:

392 4139 513 4179 cum
542 4126 684 4180 enim
714 4127 767 4181 in
795 4142 894 4183 suo
921 4143 1116 4199 genere
1142 4130 1378 4199 perfecte
1400 4147 1519 4187 esse
1543 4135 1784 4204 coeperit,
1812 4135 1978 4192 miser

390 4230 496 4269 non
522 4217 642 4271 erit.

392 4308 617 4365 CAPUT
647 4310 855 4365 Vlll.——
879 4310 1001 4366 Non
1026 4329 1129 4368 esse
1157 4331 1189 4368 a
1212 4318 1408 4370 nemine
1444 4318 1666 4389 eligitur,
1692 4337 1753 4376 ne
1775 4322 1977 4392 quidem

692 4404 753 4457 ab
779 4405 882 4461 illis
908 4408 993 4477 qui
1022 4407 1117 4461 sibi
1143 4425 1311 4463 necem
1338 4412 1670 4467 consciscunt.

462 4495 551 4559 Ὠ.
584 4497 711 4551 Nam
745 4499 870 4553 illud
893 4499 1013 4555 vide
1035 4516 1192 4571 quam
1220 4502 1451 4558 absurde
1471 4513 1525 4558 et
1545 4504 1979 4566 ineonvenienter

393 4586 597 4639 dicatur
621 4605 632 4639 ε
660 4589 867 4642 Mallem
898 4606 1003 4645 non
1030 4584 1147 4647 esSe
1168 4609 1324 4662 quam
1351 4595 1515 4650 miser
1537 4609 1675 4651 esse.
1706 4597 1806 4666 Qui
1833 4600 1975 4654 enim

393 4674 541 4741 dicit,
576 4676 780 4731 Mallem
813 4679 913 4733 hoc
938 4697 1094 4751 quam
1123 4684 1275 4752 illud,
1298 4686 1444 4756 eligit
1468 4687 1685 4758 aliquid.
1718 4690 1832 4745 Non
1854 4707 1976 4749 esse

395 4776 570 4820 autem
597 4784 699 4822 non
729 4780 809 4824 est
838 4772 1053 4842 aliquid,
1084 4776 1177 4829 sed
1218 4777 1381 4844 nihil;
1414 4788 1469 4834 et
1491 4780 1611 4836 ideo
1638 4784 1785 4839 nullo
1821 4794 1976 4855 pacto

396 4868 547 4929 potes
572 4870 714 4915 recte
744 4863 939 4933 eligere
958 4906 972 4932 ,
1003 4868 1215 4935 quando
1251 4871 1390 4939 quod
1419 4872 1581 4943 eligas
1606 4892 1709 4929 non
1740 4886 1841 4933 est.
1881 4878 1974 4933 Di-

393 4954 471 5007 cis
494 4954 626 5009 velle
655 4964 703 5009 te
726 4956 938 5025 quidem
967 4973 1108 5025 esse,
1136 4974 1259 5015 cum
1288 4963 1363 5017 sis
1390 4964 1582 5033 miser,
1616 4968 1711 5022 sed
1736 4984 1842 5024 non
1871 4970 1976 5027 hoc

395 5044 530 5099 velle
550 5044 817 5102 debuisse.
850 5048 985 5113 Quid
1024 5050 1185 5121 igitur
1222 5054 1357 5109 velle
1384 5055 1658 5113 debuisti?
1686 5060 1801 5115 Non
1831 5077 1971 5132 esse,

395 5136 592 5206 inquis,
622 5140 817 5207 potius.
849 5141 904 5195 Si
946 5142 1045 5198 hoc
1067 5145 1202 5199 velle
1229 5145 1477 5212 debuisti,
1505 5148 1605 5204 hoc
1632 5161 1715 5205 est
1744 5153 1971 5223 melius;
2038 5164 2041 5169 '

392 5227 535 5296 quod
565 5239 739 5284 autem
765 5248 869 5286 non
893 5241 993 5301 est,
1017 5235 1205 5289 melius
1221 5251 1339 5292 csse
1359 5253 1465 5292 non
1489 5250 1661 5309 potest
1687 5261 1699 5295 :
1724 5260 1827 5298 non
1847 5261 1975 5317 ergo

398 5317 446 5371 id
488 5320 620 5375 velle
653 5320 916 5388 debuisti;
941 5325 1289 5405 veraciorque
1317 5343 1505 5385 sensus
1541 5342 1622 5387 est
1650 5350 1754 5403 quo
1790 5336 1840 5390 id
1868 5352 1974 5392 non

390 5415 470 5469 vis
490 5458 505 5476 .
536 5432 692 5485 quam
714 5416 948 5488 Opinatio
981 5435 1075 5489 per
1103 5435 1260 5491 quam
1288 5429 1340 5479 te
1374 5423 1426 5478 id
1455 5426 1591 5481 velle
1610 5427 1857 5485 debuisse
1882 5446 1971 5487 ar-

395 5504 628 5561 bitraris.
652 5508 853 5564 Deinde
868 5510 1009 5579 quod
1031 5510 1254 5581 quisque
1274 5522 1419 5570 recte
1436 5515 1969 5592 eligitappetendum,

397 5612 516 5651 cum
542 5598 607 5653 ad
632 5599 684 5654 id
712 5603 1036 5671 pervenerit,
1065 5618 1285 5659 necesse
1311 5614 1394 5661 est
1418 5609 1608 5665 melior
1635 5612 1754 5678 ﬁat;
1786 5615 1974 5670 melior

453 5712 468 5743 ¹
488 5716 887 5782 cemmeticensis
898 5716 1076 5782 Codex,
1092 5722 1146 5767 Et
1177 5717 1221 5768 si
1238 5718 1455 5782 variatur
1481 5721 1531 5772 in
1550 5738 1719 5782 more
1737 5728 1935 5782 istorum
1952 5746 1972 5782 :

390 5784 605 5835 moxque
627 5788 735 5826 cum
750 5776 857 5828 aliis
873 5773 1098 5831 undecim
1113 5787 1218 5832 Mss.
1237 5780 1412 5849 habet,
1428 5773 1708 5841 munitur’in-
1950 5773 1967 5798 ³

1752 322 1955 383 LIBER
1990 316 2308 397 TERTIUS.

3528 337 3667 395 ηδε

2085 452 2262 499 autem
2283 457 2403 501 esse
2418 458 2525 500 non
2547 444 2760 516 poterit,
2776 444 2867 516 qui
2887 459 2992 502 non
3011 446 3112 502 erit
3130 464 3143 502 :
3163 462 3320 504 nemo
3339 449 3495 521 igitur
3516 462 3665 509 recte

2081 546 2259 609 potest
2277 540 2472 610 eligere
2491 549 2550 596 ut
2570 556 2676 596 non
2697 540 2786 596 sit.
2808 541 2988 613 Neque
3006 542 3148 598 enim
3168 544 3368 600 moveri
3388 560 3486 601 nos
3505 562 3666 618 opor-

2082 639 2160 687 tet
2182 647 2364 687 eornm
2390 633 2611 703 judicio,
2640 634 2733 705 qui
2760 643 2981 705 urgente
3000 635 3212 690 miseria
3240 649 3358 690 sese
3383 635 3667 692 intereme-

2082 731 2227 778 runt.
2259 724 2366 778 Aut
2398 725 2539 779 enim
2566 740 2630 780 co
2655 724 3036 796 confugerunt,
3066 726 3153 781 ubi
3191 726 3380 782 melius
3413 726 3524 781 fore
3564 726 3665 782 sibi

2081 824 2364 885 putarunt;
2396 825 2452 872 et
2478 832 2586 872 non
2612 826 2695 872 est
2721 818 3042 872 contrarium
3070 818 3263 873 rationi
3292 828 3511 885 nostrae,
3530 834 3665 889 quo-

2081 920 2187 976 quo
2214 906 2372 962 modo
2398 908 2724 976 putaverint:
2754 916 2845 963 aut
2869 908 2912 962 si
2935 908 3109 964 nullos
3138 924 3197 964 se
3221 910 3426 964 futuros
3446 909 3664 964 omnino

2044 1011 2051 1019 '
2080 998 2441 1069 crediderunt,
2463 1002 2630 1057 multo
2649 1001 2824 1056 minus
2846 1001 2975 1056 falsa
3000 1002 3189 1058 electio
3211 1003 3338 1057 nihil
3355 1003 3663 1073 eligentium

2081 1092 2450 1146 commovebit.
2484 1092 2761 1160 Quomodo
2786 1094 2926 1148 enim
2948 1109 3141 1164 sequar
3163 1094 3443 1165 eligentem
3460 1136 3476 1163 ,
3500 1111 3531 1150 a
3562 1111 3666 1165 quo

2080 1180 2127 1234 si
2158 1197 2390 1251 quaeram
2418 1183 2543 1253 quid
2584 1184 2777 1254 eligat,
2807 1185 3183 1256 respondebit,
3210 1186 3385 1240 Nihil?
3412 1185 3542 1242 Nam
3575 1186 3665 1257 qui

2081 1273 2226 1344 eligit
2254 1290 2359 1329 non
2389 1291 2537 1344 esse,
2561 1279 2797 1346 profecto
2827 1292 2884 1333 se
2913 1278 3044 1332 nihil
3070 1278 3264 1349 eligere
3282 1320 3298 1348 ,
3321 1279 3528 1334 etiamsi
3559 1278 3663 1333 hoc

2080 1366 2213 1421 nolit
2238 1368 2582 1438 respondere,
2613 1370 2962 1424 convincitur.

2150 1460 2241 1515 25.
2272 1460 2647 1517 Verumtamen
2676 1471 2733 1517 ut
2770 1462 2835 1517 de
2861 1463 2962 1518 hac
2988 1470 3095 1518 tota
3122 1478 3212 1529 re,
3243 1462 3288 1517 si
3329 1471 3515 1533 potero
3534 1503 3548 1529 ,
3581 1462 3665 1517 di-

2080 1567 2198 1608 cam
2238 1553 2380 1623 quod
2420 1554 2591 1609 sentio
2618 1573 2631 1609 :
2656 1570 2813 1610 nemo
2855 1556 2984 1610 mihi
3020 1556 3227 1611 videtur
3267 1570 3389 1610 cum
3432 1556 3665 1627 seipsum

2080 1655 2256 1711 necat,
2278 1655 2369 1701 aut
2393 1646 2630 1716 quolibet
2649 1649 2807 1703 modo
2827 1649 2993 1704 emori
3016 1650 3178 1719 cupit,
3205 1650 3401 1705 habere
3423 1650 3476 1704 in
3502 1664 3665 1706 sensu

2079 1737 2222 1807 quod
2252 1747 2371 1807 post
2398 1746 2629 1795 mortem
2655 1754 2762 1795 non
2801 1742 2867 1796 sit
2902 1740 3142 1808 futurus;
3170 1742 3379 1796 tametsi
3419 1742 3665 1813 aliquan-

2079 1835 2191 1881 tum
2216 1829 2315 1883 hoc
2336 1830 2387 1884 in
2411 1830 2663 1903 opinione
2680 1830 2890 1886 habeat.
2915 1832 3045 1886 Nam
3068 1831 3247 1902 opinio
3267 1841 3359 1887 aut
3384 1833 3436 1887 in
3458 1848 3664 1902 errore,

2079 1928 2169 1973 aut
2194 1921 2245 1974 in
2271 1922 2491 1977 veritate
2515 1924 2879 1979 ratiocinantis
2907 1934 3009 1991 est,
3040 1925 3121 1978 vel
3151 1924 3416 1980 credentis
3440 1943 3453 1979 :
3478 1938 3666 1981 sensus

2077 2022 2253 2068 autem
2274 2023 2366 2070 aut
2384 2016 2786 2083 consuetudine,
2806 2027 2895 2071 aut
2913 2026 3099 2071 natura
3121 2017 3277 2071 valet.
3301 2016 3465 2072 Posse
3488 2025 3667 2072 autem

2079 2105 2195 2160 ﬁeri
2224 2115 2280 2161 ut
2298 2108 2439 2162 aliud
2460 2109 2528 2162 sit
2551 2110 2603 2163 in
2634 2110 2902 2178 opinione,
2927 2108 3069 2163 aliud
3090 2109 3141 2164 in
3162 2122 3343 2175 sensu,
3371 2108 3452 2162 vel
3474 2123 3540 2162 ex
3561 2107 3665 2163 hoc

2077 2212 2400 2269 cognoscere
2420 2200 2573 2255 facile
2592 2210 2693 2268 est,
2712 2201 2851 2272 quod
2873 2202 3183 2272 plerumque
3201 2199 3345 2257 aliud
3366 2198 3665 2255 faciendum

2079 2305 2199 2346 csse
2228 2292 2515 2356 credimus,
2538 2300 2593 2347 et
2616 2293 2755 2347 aliud
2795 2292 2972 2348 facere
3006 2293 3253 2349 delectat.
3286 2294 3353 2347 Et
3380 2289 3667 2365 aliquando

2076 2383 2317 2437 veracior
2337 2391 2419 2438 est
2446 2398 2632 2439 sensus
2661 2400 2817 2454 quam
2848 2383 3025 2455 opinio
3044 2427 3059 2451 ,
3078 2386 3122 2439 si
3150 2385 3237 2439 illa
3260 2383 3327 2440 de
3349 2400 3552 2452 errore,
3576 2387 3664 2442 ille

2077 2472 2143 2527 de
2164 2483 2348 2528 natura
2376 2484 2453 2529 est
2478 2493 2489 2528 :
2510 2475 2651 2529 velut
2670 2491 2791 2530 cum
2812 2491 2953 2545 mger
2977 2476 3287 2547 plerumque
3312 2492 3446 2548 aqua
3473 2477 3663 2549 frigida

2076 2562 2479 2618 conducibiliter
2508 2565 2799 2620 delectatur
2830 2568 2846 2598 ¹
2869 2608 2883 2629 ,
2916 2582 3071 2635 quam
3104 2576 3276 2624 tamen
3305 2568 3490 2634 credit,
3512 2570 3556 2623 si
3584 2569 3666 2624 bi-

2077 2652 2243 2721 berit,
2261 2671 2378 2710 esse
2400 2657 2713 2710 nocituram.
2739 2658 3036 2727 Aliquando
3051 2662 3290 2714 veracior
3307 2661 3484 2730 opinio
3503 2676 3665 2732 quam

2076 2758 2288 2811 sensus,
2317 2747 2360 2800 si
2390 2746 2556 2801 credit
2586 2749 2685 2801 arti
2718 2747 3013 2815 medicinae,
3041 2750 3228 2804 obesse
3259 2750 3519 2821 frigidam,
3543 2766 3664 2807 cum

2074 2853 2264 2894 revera
2307 2838 2500 2908 oberit,
2545 2847 2598 2894 et
2639 2848 2815 2894 tamen
2858 2840 3043 2895 bibere
3086 2841 3313 2897 delectet
3343 2860 3357 2896 :
3384 2843 3667 2914 aliquando

2081 2932 2443 3003 utrumquein
2470 2933 2692 2987 veritate
2728 2941 2835 2999 cst,
2865 2948 2983 2987 cum
3016 2933 3067 2987 id
3112 2934 3252 3004 quod
3282 2936 3527 3004 prodest,
3560 2953 3668 2994 non

2081 3024 2255 3079 solum
2287 3025 2359 3079 ita
2385 3024 2637 3092 creditur,
2659 3025 2751 3080 sed
2779 3025 2938 3080 etiam
2967 3026 3126 3093 libet;
3157 3027 3440 3098 aliquando
3467 3040 3670 3085 utrum-

2080 3131 2187 3187 que
2216 3117 2268 3171 in
2294 3132 2498 3184 errore,
2525 3134 2645 3172 cum
2681 3117 2735 3171 id
2765 3118 2904 3187 quod
2933 3128 3107 3186 nocet,
3138 3128 3191 3174 et
3216 3120 3473 3190 prodesse
3498 3122 3670 3178 credi-

2082 3217 2201 3277 tur,
2235 3218 2289 3264 et
2310 3209 2476 3264 libere
2504 3225 2611 3264 non
2637 3209 2849 3264 desinit.
2882 3210 3028 3264 Solet
3053 3219 3228 3266 autem
3256 3219 3309 3267 et
3326 3224 3465 3268 recta
3488 3216 3669 3284 opinio

2082 3314 2303 3369 pravam
2327 3301 2596 3369 corrigere
2614 3299 3052 3355 consuetudinem
3070 3340 3083 3365 ,
3108 3310 3161 3356 et
3191 3317 3349 3370 prava
3379 3305 3557 3373 Opinio
3584 3323 3671 3361 re-

2083 3400 2223 3447 ctam
2272 3392 2562 3462 depravare
2602 3400 2883 3446 naturam:
2911 3400 3049 3447 tanta
3081 3395 3161 3450 vis
3189 3404 3269 3449 est
3306 3395 3357 3449 in
3398 3395 3669 3453 dominatu

2082 3497 2137 3540 et
2194 3486 2489 3555 principatu
2544 3486 2782 3547 rationis.
2835 3486 2965 3541 Cum
3007 3502 3133 3559 ergo
3176 3489 3397 3560 quisque
3442 3491 3669 3548 credens

2084 3576 2224 3646 quod
2252 3586 2368 3646 post
2397 3586 2620 3631 mortem
2644 3592 2749 3631 non
2779 3580 2899 3643 erit,
2920 3578 3337 3635 intolerabilibus
3360 3589 3532 3636 tamen
3557 3599 3671 3638 mo-

2084 3667 2251 3723 lestiis
2274 3667 2339 3721 ad
2366 3676 2529 3722 totam
2557 3668 2899 3737 cupiditatem
2929 3670 3114 3725 mortis
3146 3670 3467 3739 impellitur,
3491 3682 3543 3727 et
3570 3673 3668 3727 de-

2084 3758 2257 3813 cernit
2286 3767 2442 3829 atque
2480 3759 2666 3830 arripit
2696 3767 2961 3827 mortem;
2989 3760 3039 3816 in
3069 3762 3318 3830 Opinione
3341 3761 3500 3817 habet
3524 3779 3672 3819 erro-

2084 3866 2197 3905 rem
2226 3851 2544 3906 omnimodae
2582 3852 2916 3922 defectionis,
2951 3856 3001 3910 in
3034 3869 3194 3911 sensu
3228 3863 3405 3909 autem
3432 3858 3670 3912 naturale

2082 3941 2407 3997 desiderium
2432 3944 2645 4013 quietis.
2678 3944 2829 4012 Quod
2849 3957 3023 4003 autem
3050 3950 3290 4019 quietum
3315 3956 3417 4015 est,
3444 3964 3548 4002 non
3588 3958 3670 4004 est

2082 4034 2252 4099 nihil;
2286 4037 2392 4089 imo
2431 4036 2589 4089 etiam
2621 4038 2787 4107 magis
2816 4048 2900 4093 est
2925 4055 3083 4109 quam
3114 4041 3165 4095 id
3205 4038 3346 4112 quod
3379 4038 3667 4109 inquietum

2081 4136 2181 4183 est.
2216 4128 2527 4197 lnquietudo
2567 4130 2708 4184 enim
2740 4131 2909 4186 variat
2938 4132 3262 4201 affectiones,
3296 4138 3359 4184 ut
3396 4131 3555 4189 altera
3582 4132 3667 4193 al—
3751 4177 3757 4181 -

2080 4226 2247 4273 teram
2271 4219 2526 4288 perimat:
2551 4219 2700 4290 quies
2720 4228 2896 4277 autem
2918 4222 3077 4278 habet
3096 4222 3466 4295 constantiam,
3488 4229 3536 4282 in
3560 4246 3662 4300 qua

2080 4311 2311 4365 maxime
2342 4312 2649 4382 intelligitur
2676 4313 2817 4383 quod
2842 4314 3056 4383 dicitur,
3085 4326 3165 4371 est
3191 4320 3233 4370 ².
3274 4319 3457 4374 Omnis
3486 4320 3663 4391 itaque

2080 4398 2171 4455 ille
2194 4402 2456 4471 appetitus
2480 4403 2532 4457 in
2569 4404 2836 4460 voluntate
2867 4408 3050 4461 mortis
3068 4447 3084 4473 ,
3110 4422 3217 4462 non
3246 4419 3302 4463 ut
3325 4412 3412 4480 qui
3441 4414 3662 4468 moritur

2080 4508 2184 4548 non
2213 4493 2312 4561 sit,
2341 4493 2434 4549 sed
2464 4503 2521 4549 ut
2559 4497 2857 4566 requiescat
2886 4498 3195 4553 intenditur.
3237 4500 3308 4554 Ita
3334 4517 3452 4557 cum
3479 4520 3662 4561 errore

2079 4586 2261 4641 credat
2283 4601 2385 4639 non
2409 4601 2467 4640 se
2486 4585 2743 4656 futurum,
2766 4597 2951 4642 natura
2974 4598 3152 4645 tamen
3172 4593 3380 4662 quietus
3401 4610 3537 4663 esse,
3564 4597 3663 4651 hoc

2080 4686 2163 4732 est
2182 4677 2351 4748 magis
2372 4691 2490 4733 esse
2509 4677 2794 4734 desiderat.
2817 4679 3167 4751 QuaprOpter,
3188 4683 3323 4739 sicut
3343 4686 3485 4739 nullo
3510 4696 3662 4756 pacto

2079 4768 2193 4824 ﬁeri
2224 4776 2399 4840 potest
2416 4778 2476 4824 ut
2504 4784 2608 4824 non
2635 4784 2755 4825 esse
2780 4770 3010 4842 aliquem
3036 4772 3197 4827 libeat
3215 4790 3229 4841 ;
3250 4775 3320 4828 ita
3347 4778 3491 4830 nullo
3509 4788 3660 4846 pacto

2078 4860 2197 4917 ﬁeri
2230 4870 2441 4932 oportet
2467 4870 2525 4917 ut
2546 4877 2615 4918 ex
2639 4877 2705 4919 eo
2726 4863 2868 4934 quod
2886 4872 2969 4919 est
2991 4865 3234 4936 quisque,
3257 4867 3474 4923 bonitati
3497 4868 3659 4924 Crea-

2078 4960 2209 5011 torls
2238 4958 2472 5027 ingratus
2497 4958 2584 5014 sit.

2080 5070 2306 5127 CAPUT
2330 5070 2829 5127 lX.—Peccantium
2853 5073 3138 5127 animarum
3160 5076 3360 5131 miseria
3383 5081 3573 5148 confert
3592 5076 3656 5131 mi

2562 5164 2912 5233 perfectionem
2939 5165 3177 5219 universi.

2150 5254 2239 5308 24.
2270 5253 2324 5309 Si
2354 5254 2547 5309 dixerit
2573 5271 2584 5306 :
2608 5252 2723 5308 Non
2752 5263 2865 5309 erat
2886 5262 3062 5310 tamen
3082 5254 3295 5311 difﬁcile
3318 5265 3408 5311 aut
3433 5256 3658 5313 laborio-

2080 5362 2198 5402 sum
2227 5346 2574 5415 omnipotenti
2603 5346 2734 5411 Deo,
2762 5354 2821 5401 ut
2848 5347 3025 5401 omnia
3056 5364 3402 5420 quaecumque
3430 5350 3553 5406 fecit
3581 5352 3656 5407 sic

2142 5476 2423 5548 ἰὰ-,κυβίῳ
2453 5491 2561 5548 cun;
2591 5490 2721 5548 aeger
2755 5478 3033 5544 plerumque
3067 5494 3194 5546 aqua
3228 5481 3412 5548 frigida
3446 5497 3655 5535 cwmton

2076 5542 2231 5603 obest,
2257 5539 2460 5594 dulciter
2475 5539 2767 5603 delectatur;
2810 5549 2868 5591 Μ.

2140 5608 2159 5637 ²
2183 5612 2254 5680 Er:
2293 5602 2932 5680 ειυξτονηὶίιξρμὶρξωνεδεε
2966 5603 3307 5680 φιοάηάὶσιῃηι
3328 5613 3412 5658 est.
3440 5615 3494 5657 At
3516 5608 3657 5680 abest

2075 5668 2507 5741 esseeditione
2529 5665 2646 5741 ‘Ba‘d.
2671 5665 2727 5741 et
2757 5678 2785 5714 a
2815 5673 2956 5741 Mss...
2974 5665 3202 5741 e‘quibus
3223 5677 3385 5719 tamen
3411 5672 3543 5741 [anei
3568 5683 3656 5741 pro

2076 5730 2407 5844 qngduitrictum
2428 5733 2513 5791 est,
2529 5728 2728 5791 habent,
2752 5726 2878 5793 quod
2902 5726 3098 5794 dicunt,
3125 5738 3225 5794 est;
3240 5746 3348 5796 qua:
3370 5726 3487 5783 vera
3511 5726 3654 5783 lectio

2081 5808 2125 5843 vi
2160 5806 2189 5844 e
2262 5828 2278 5844 .

2081 5806 2278 5845 VlOBlﬂl‘o
