2059 3185
214 174 286 210 1283

212 239 342 268 baberent
354 236 474 267 ordinem
490 240 577 270 suum,
593 238 622 264 at
636 234 707 264 nulla
729 238 849 264 creatura
870 240 954 270 usque
968 234 1004 262 ad

211 287 346 316 miseriam
362 286 527 322 perveniret;
549 291 602 312 non
624 284 694 312 enim
709 283 759 311 hoc
773 286 817 310 aut
833 282 1003 317 omnipotens

212 342 266 363 non
282 331 376 370 potuit,
391 337 437 360 aut
449 332 534 360 bonus
547 330 648 359 invidit.
670 329 857 365 Respondebo,
880 328 1002 356 ordinem

211 385 394 409 creaturarum
413 387 428 406 a
452 385 553 407 summa
573 384 656 413 usque
682 376 715 404 ad
737 376 855 404 infimam
877 374 1003 410 gradibus

209 426 287 463 iustis
296 427 331 454 ita
342 425 494 457 decurrere,
505 426 534 452 ut
543 422 587 451 ille
595 423 712 451 invideat
720 422 764 458 qui
772 421 878 455 dixerit,
889 421 940 448 ista
950 427 1003 448 non

211 477 297 506 esset;
312 471 429 500 invideat
438 471 520 499 etiam
533 470 577 499 ille
590 469 634 505 qui
651 469 756 502 dixerit,
776 467 827 496 Ista
847 467 907 495 talis
920 470 1001 495 esset.

211 517 239 548 Si
252 520 322 548 enim
340 519 419 546 talem
435 517 490 545 vult
504 525 563 545 esse
581 516 667 552 qualis
681 519 723 544 est
743 515 874 549 superior,
888 514 943 549 jam
957 512 1003 541 illa

211 571 263 601 est,
272 570 298 594 et
307 569 379 594 tanta
387 569 428 593 est
436 568 465 592 ut
473 562 551 599 adjici
560 563 584 591 ei
595 570 649 590 non
661 564 793 598 oporteat,
804 560 865 596 quia
885 559 1002 595 perfecta

209 617 259 641 est.
271 612 321 646 Qui
332 619 396 647 ergo
408 611 481 644 dicit,
494 610 579 638 Etiam
591 609 640 638 ista
652 609 711 636 talis
721 611 801 639 esset,
820 609 865 634 aut
877 605 1002 641 perfech

210 657 340 694 superiori
352 656 524 690 vultaddere,
537 660 563 684 et
573 656 625 683 erit
636 654 828 682 immoderatus
840 657 867 681 et
877 652 999 688 injustas;

209 710 255 734 aut
266 706 343 734 istam
354 705 409 732 vult
419 704 584 737 interimere,
598 707 625 731 et
635 702 686 731 erit
695 701 780 729 malus
790 705 869 736 atque
882 699 1000 727 invidus.

209 752 259 787 Qui
279 757 368 780 autem
390 748 497 784 dixerit,
520 747 572 778 Ista
587 758 641 778 non
663 753 745 784 esset,
763 747 936 776 nihilominus
951 746 1002 775 erit

208 799 295 827 malus
305 803 384 835 atque
395 798 509 832 invidus,
524 806 584 826 cum
598 805 658 825 eam
672 804 725 824 non
740 795 796 824 vult
809 802 878 829 esse,
892 802 943 830 qua
958 794 1000 822 in-

208 843 333 874 feriorem
353 845 462 875 laudare
485 845 573 873 adhuc
587 844 700 880 cogitur.
716 840 794 871 Velut
808 842 831 870 si
845 842 926 876 dicat,
942 841 1001 869 Non

208 897 280 922 esset
294 893 367 927 luna,
381 900 440 920 cum
455 892 536 920 etiam
549 891 665 918 lucernae
676 890 823 918 claritatem
838 888 916 923 longe
931 886 1000 915 infe-

208 938 317 974 riorem,
328 938 356 967 in
370 947 419 967 suo
434 941 523 967 tamen
537 945 635 974 genere
642 937 791 973 pulchram,
802 938 828 963 et
837 935 951 964 terrenis
960 938 1000 962 te-

207 986 299 1016 nebris
311 994 371 1015 esse
383 986 508 1014 decoram
518 986 526 1002 ยน
537 989 616 1022 atque
630 988 718 1020 aptam
740 983 878 1011 nocturnis
895 981 999 1014 usibus,

207 1039 288 1070 atque
301 1034 327 1062 in
341 1034 382 1061 his
397 1033 520 1062 omnibus
530 1041 578 1069 pro
591 1040 640 1061 suo
653 1031 760 1059 modulo
774 1031 864 1066 utique
879 1028 1000 1057 laudabi-

207 1080 262 1109 lem
275 1085 320 1108 aut
334 1080 455 1113 fateatur,
465 1083 512 1107 aut
521 1078 677 1107 stultissime
685 1078 726 1106 vel
735 1077 901 1106 contentiose
910 1079 999 1112 neget.

207 1126 347 1160 Quomodo
361 1134 423 1162 ergo
436 1130 508 1154 recte
517 1125 606 1154 dicere
616 1124 733 1158 audebit,
743 1124 816 1152 Luna
827 1131 880 1151 non
889 1126 962 1151 esset
973 1123 1000 1150 in

206 1173 298 1206 rebus,
309 1173 353 1208 qui
367 1173 388 1200 si
399 1173 510 1205 diceret,
524 1171 643 1200 Lucerna
662 1179 715 1199 non
726 1176 806 1203 esset,
823 1169 999 1198 deridendum

205 1226 236 1247 se
245 1226 305 1247 esse
312 1219 440 1247 sentiret?
447 1219 524 1253 Quod
536 1218 559 1247 si
571 1226 624 1247 non
633 1218 705 1252 dicit,
714 1217 789 1246 Luna
797 1225 849 1245 non
857 1221 938 1249 esset,
950 1215 1000 1244 sed

205 1264 311 1301 qualem
322 1265 407 1292 solem
422 1264 502 1299 videt,
517 1264 596 1292 talem
610 1264 674 1293 dicit
686 1264 776 1291 lunam
793 1270 852 1291 esse
865 1262 998 1296 debuisse,

205 1317 260 1338 non
274 1310 396 1347 intelligit
408 1310 474 1338 nihil
498 1309 569 1338 aliud
590 1317 620 1338 se
641 1309 732 1338 dicere
744 1317 834 1345 quam,
855 1309 913 1337 Non
927 1311 1000 1337 esset

205 1357 279 1392 luna,
294 1358 340 1386 sed
356 1362 446 1386 essent
461 1358 531 1385 soles
554 1357 617 1385 duo.
640 1356 668 1384 lu
683 1364 737 1392 quo
759 1356 901 1392 dupliciter
915 1361 998 1391 errat,

205 1404 278 1440 quod
292 1412 381 1432 rerum
396 1403 553 1439 perfectioni
568 1408 594 1431 et
613 1402 713 1431 addere
725 1401 825 1437 aliquid
840 1401 921 1437 cupit,
936 1409 998 1429 cum

206 1452 341 1480 desiderat
352 1451 465 1478 alterum
479 1451 580 1484 solem;
595 1454 622 1478 et
633 1450 763 1483 minuere,
775 1456 834 1477 cum
845 1449 935 1477 lunam
944 1448 1000 1477 vult

205 1497 319 1526 detrahi.

241 1544 286 1572 25.
308 1544 356 1571 llic
367 1543 481 1572 fortasse
501 1543 581 1576 dicat,
597 1543 657 1571 ideo
678 1543 743 1571 nihil
763 1550 793 1571 se
810 1542 843 1571 de
856 1541 918 1570 luna
932 1550 998 1571 con-

206 1590 292 1627 queri,
304 1590 365 1626 quia
378 1590 505 1625 splendor
516 1591 573 1625 ejus
586 1590 621 1618 ita
631 1589 720 1618 minor
730 1593 780 1623 est,
803 1593 832 1617 ut
851 1589 933 1617 miser
944 1596 999 1617 non

205 1637 257 1671 sit;
270 1636 305 1664 de
318 1636 466 1664 animarum
483 1641 570 1664 autem
584 1644 638 1664 non
652 1636 823 1670 obscuritate,
837 1636 883 1664 sed
893 1636 1000 1665 miseria

205 1693 237 1715 se
257 1685 359 1713 dolere.
380 1684 481 1713 Sedulo
504 1685 612 1720 cogitet,
628 1684 664 1712 ita
678 1684 748 1712 lunae
763 1684 933 1720 splendorem
945 1692 999 1712 non

205 1739 266 1761 esse
280 1731 418 1765 miserum,
432 1734 462 1758 ut
474 1738 524 1758 nec
536 1730 663 1765 splendor
674 1730 739 1757 solis
747 1730 891 1758 sitbeatus.
901 1730 1000 1765 Quam-

205 1778 247 1806 vis
260 1778 330 1806 enim
354 1784 466 1812 corpora
487 1777 606 1805 caelestia
626 1777 690 1810 sint,
706 1784 817 1812 corpora
833 1780 895 1804 sunt
910 1781 999 1804 tamen

205 1828 334 1860 quantum
348 1823 382 1852 ad
394 1823 481 1852 lucem
494 1824 570 1851 istam
585 1823 710 1858 pertinet,
724 1830 784 1858 quae
795 1830 842 1858 per
856 1829 1000 1858 corporeos

206 1871 299 1899 oculos
314 1870 407 1899 sentiri
425 1873 523 1906 potest.
536 1869 615 1898 Nulla
627 1873 717 1898 autem
732 1877 855 1905 corpora,
871 1873 999 1906 quantum

205 1919 240 1948 ad
254 1926 314 1947 sese
328 1918 432 1952 attinet,
453 1917 498 1946 vel
512 1917 589 1945 beata
613 1920 725 1952 possunt
749 1923 817 1951 esse,
832 1916 875 1945 vel
889 1916 999 1950 misera;

205 1972 358 2001 quanquam
373 1964 511 1993 beatorum
532 1967 579 1991 aut
599 1962 758 1991 miserorum
772 1970 884 1998 corpora
897 1962 1001 1998 possint

207 2020 278 2041 esse.
291 2012 344 2040 Sed
359 2012 393 2040 de
405 2012 458 2039 illis
468 2010 613 2039 luminibus
626 2010 771 2039 similitudo
782 2011 899 2038 adhibita
913 2010 939 2038 id
952 2009 1000 2038 do-

205 2065 260 2093 cet,
274 2063 304 2086 ut
316 2058 539 2094 quemadmodum
552 2065 693 2093 corporum
702 2057 865 2086 dillโerentias
879 2060 1000 2084 contem-

206 2105 315 2141 plando,
331 2105 424 2133 videns
435 2105 484 2132 alia
500 2104 625 2138 clariora,
639 2105 738 2140 injuste
751 2104 819 2140 petis
833 2103 931 2132 auferri
940 2111 999 2140 quae

206 2151 361 2179 obscuriora
377 2151 559 2187 conspexeris,
569 2156 614 2179 aut
622 2151 781 2179 clarioribus
790 2151 940 2186 adsequari;
953 2150 1000 2178 sed

207 2198 240 2226 ad
255 2198 448 2237 perfectionem
462 2198 642 2226 universitatis
656 2197 777 2226 referens
787 2197 886 2229 omnia,
900 2200 1001 2232 quanto

207 2246 292 2281 magis
302 2245 424 2273 minusve
437 2245 505 2273 inter
517 2252 546 2273 se
559 2245 630 2273 clara
644 2249 718 2278 sunt,
733 2248 806 2272 tanto
816 2244 901 2279 magis
913 2243 1000 2271 cernis

206 2299 267 2320 esse
275 2291 438 2325 omnia;ncc
449 2291 495 2319 tibi
507 2290 624 2319 occurrit
634 2290 750 2326 perfecta
764 2289 933 2323 universitas,
950 2289 1002 2317 nisi

207 2339 252 2367 ubi
267 2338 368 2373 majora
382 2338 421 2366 sic
432 2342 529 2373 praesto
540 2342 612 2371 sunt,
629 2342 658 2365 ut
673 2337 775 2365 minora
787 2344 839 2364 non
848 2336 951 2364 desint:
962 2335 1002 2365 sic

206 2386 286 2413 etiam
311 2384 475 2412 ditiโerentias
498 2384 648 2411 animarum
668 2384 779 2418 cogites,
793 2383 820 2410 in
840 2383 937 2418 quibus
950 2382 1002 2410 hoc

206 2439 313 2467 quoque
327 2431 456 2463 invenies,
467 2434 498 2458 ut
507 2429 643 2458 miseriam
655 2437 734 2465 quam
745 2429 830 2463 doles,
842 2429 875 2456 ad
893 2429 919 2456 id
936 2436 1003 2464 quo-

205 2485 258 2514 que
272 2477 363 2505 valere
375 2484 532 2513 cognoscas,
548 2480 576 2504 ut
588 2476 770 2504 universitatis
783 2475 939 2511 perfectioni
953 2482 1003 2504 nec

209 2525 262 2552 illa:
277 2524 365 2565 desint
377 2524 481 2557 animae,
496 2531 555 2559 quas
569 2523 676 2552 misera:
688 2523 746 2551 fieri
764 2522 925 2556 debuerunt,
941 2522 1002 2557 quia

207 2572 371 2608 peccatrices
385 2579 445 2600 esse
454 2572 607 2599 voluerunt.
624 2571 791 2606 Tantumque
801 2570 877 2598 abest
890 2575 918 2598 ut
932 2570 1003 2598 Deus

207 2619 274 2646 tales
288 2617 375 2646 facere
385 2625 439 2645 non
454 2616 587 2651 debuerit,
606 2622 635 2645 ut
647 2618 728 2645 etiam
742 2621 853 2645 caeteras
866 2621 1004 2645 creaturas

207 2663 377 2693 laudabiliter
387 2664 481 2692 fecerit
491 2664 572 2700 longe
585 2664 725 2692 inferiores
739 2664 835 2692 animis
851 2664 965 2692 miseris.

243 2711 287 2738 9.6.
298 2710 351 2738 Sed
361 2710 448 2738 adhuc
455 2710 560 2739 videtur
568 2711 657 2739 minus
665 2711 815 2746 intelligens
823 2711 892 2747 quod
904 2711 1003 2738 dictum

209 2763 260 2792 est,
276 2758 375 2787 habere
388 2758 459 2794 quod
478 2758 654 2787 contradicat.
669 2759 738 2787 Dicit
750 2759 820 2786 enim
833 2768 838 2785 :
850 2757 877 2787 Si
897 2758 1003 2786 univcr-

209 2805 296 2832 sitatis
319 2804 511 2840 perfectionem
526 2806 644 2841 complct
667 2805 746 2833 etiam
771 2810 862 2833 nostra
884 2805 1001 2838 miseria,

210 2852 340 2882 defuisset
362 2852 463 2889 aliquid
484 2853 547 2881 huic
572 2852 740 2889 perfectioni,
768 2853 791 2882 si
812 2852 883 2882 beati
899 2860 1005 2888 semper

197 2969 201 2974 '
242 2931 253 2951 ฮน
269 2933 379 2966 Quinque
390 2937 453 2966 Mss,
465 2933 652 2960 accommodam.

710 176 753 206 DE
772 172 897 205 LlBERO
915 169 1085 209 AftBlTMO,
1114 172 1142 203 s.
1164 172 1345 205 AUGUSTlNl

1055 237 1185 261 esMUs.
1200 234 1370 270 Quapropter
1393 234 1415 262 sl
1437 233 1472 262 ad
1493 233 1629 264 miseria-
1641 234 1692 265 nisl
1711 238 1851 272 peccando

1055 283 1109 307 non
1121 281 1243 314 pervenit
1261 280 1358 313 anima,
1373 281 1454 308 etiam
1469 286 1580 317 peccata
1593 287 1686 311 nostra
1697 287 1850 315 accusas-ia

1055 329 1119 353 sunt
1132 326 1290 361 perfectioni
1315 327 1497 356 universitatis
1517 335 1597 365 quam
1624 331 1744 359 condidit
1766 333 1848 362 Deus.

1055 370 1195 405 Quomodo
1206 379 1269 407 ergo
1279 372 1351 407 justo
1361 378 1469 408 peccata
1483 375 1570 409 punit,
1586 383 1646 411 quae
1656 376 1680 404 si
1687 376 1847 413 defuissent,

1055 423 1176 445 creatura
1184 418 1242 453 ejus
1255 419 1333 454 plena
1347 423 1373 447 et
1382 408 1498 454 perfecta
1512 428 1565 450 non
1580 408 1668 450 esset?
1679 423 1728 451 Hie
1736 408 1889 460 ฮทฮนฯฮฟแฟ

1055 462 1144 497 detur,
1158 472 1210 492 non
1219 465 1276 499 ipsa
1286 469 1395 500 peccata
1404 467 1446 494 vel
1454 467 1538 502 ipsam
1546 467 1682 497 miseriam
1690 470 1848 504 perfectioni

1055 509 1235 544 universitatis
1249 518 1309 538 esse
1323 512 1483 545 necessaria,
1500 506 1665 549 Manimos
1677 515 1704 543 in
1718 520 1848 550 quantum

1054 557 1151 584 anima:
1169 561 1245 590 sunt;
1259 565 1319 593 quat
1331 558 1354 585 si
1369 558 1462 592 velint,
1475 565 1603 594 peccant;
1624 561 1646 588 si
1666 564 1845 598 peccaverint,

1054 603 1159 631 miserae
1167 604 1243 631 ๏ฌunt.
1253 604 1282 632 Si
1291 605 1362 632 enim
1370 606 1488 640 peccatis
1498 614 1589 634 earum
1603 607 1731 637 detractis
1738 610 1848 639 miseria

1054 657 1215 686 perseverat,
1232 657 1276 679 aut
1291 653 1370 679 etiam
1386 658 1493 687 peccata
1511 655 1646 688 praecedit,
1668 660 1742 683 recte
1756 657 1846 685 detor-

1053 699 1121 725 mari
1143 699 1238 726 dicitur
1261 699 1327 727 ordo
1350 705 1430 735 atque
1446 701 1640 729 administratio
1655 703 1843 731 univcrsitatis.

1054 744 1165 778 Rursus,
1183 746 1205 771 si
1221 750 1327 780 peccata
1339 745 1413 779 flant,
1426 751 1453 773 et
1466 747 1535 774 desit
1546 747 1661 780 miseria,
1674 748 1845 777 nihilominus

1055 789 1212 818 dehonestat
1228 791 1349 819 ordinem
1372 793 1506 827 iniquitas.
1521 793 1586 820 Cum
1600 798 1689 821 autem
1710 801 1763 822 non
1784 802 1847 830 pec-

1054 837 1174 864 cantibus
1187 838 1262 866 adest
1271 839 1416 871 beatitudo,
1426 840 1542 874 periecta
1551 845 1593 867 est
1599 841 1769 870 universitas.
1778 842 1845 870 Cum

1054 890 1118 910 vero
1131 885 1302 918 peccantibus
1317 885 1393 912 adest
1405 885 1523 919 miseria,
1541 887 1714 915 nihilominus
1728 887 1845 923 perfecta

1053 934 1094 957 cst
1106 931 1274 959 universitas.
1292 932 1367 966 Quod
1384 937 1472 960 autem
1486 933 1550 968 ipste
1565 941 1617 961 non
1630 934 1726 963 desunt
1738 936 1844 970 animus,

1053 983 1119 1011 quas
1134 977 1175 1004 vel
1189 983 1329 1012 peccantes
1344 980 1463 1014 sequitur
1473 980 1591 1014 miseria,
1603 981 1645 1009 vel
1659 987 1732 1010 recte
1746 983 1846 1011 facien-

1053 1026 1093 1050 tes
1117 1023 1262 1057 beatitudo,
1283 1032 1389 1059 semper
1413 1026 1515 1053 naturis
1538 1027 1662 1055 omnibus
1687 1029 1846 1058 universitas

1053 1069 1131 1104 plena
1147 1074 1227 1105 atque
1241 1071 1357 1105 perfecta
1371 1076 1421 1099 est.
1434 1072 1492 1099 Non
1505 1073 1575 1100 enim
1593 1079 1730 1108 peccatum
1742 1079 1770 1103 et
1780 1083 1845 1111 sup-

1053 1114 1161 1149 plicium
1175 1118 1275 1150 peccati
1292 1121 1392 1144 naturae
1402 1118 1606 1152 suntquaedam,
1627 1120 1674 1147 sed
1690 1121 1845 1150 affectiones

1053 1164 1218 1194 naturarum,
1227 1162 1270 1189 illa
1279 1163 1338 1189 volu
1345 1163 1439 1197 ntaria,
1450 1164 1498 1191 ista
1507 1165 1628 1198 poenalis.
1636 1165 1689 1193 Sed
1697 1167 1844 1195 voluntaria

1053 1213 1112 1241 qum
1126 1207 1151 1234 in
1166 1212 1273 1241 peccato
1293 1208 1331 1241 fit,
1357 1210 1440 1244 turpis
1453 1209 1558 1237 ali'ectio
1572 1216 1621 1238 est.
1643 1211 1690 1238 Cui
1703 1217 1844 1247 propterea

1055 1253 1168 1287 poenalis
1177 1254 1328 1287 adhibetur,
1339 1259 1366 1281 nt
1374 1255 1478 1282 ordinet
1488 1263 1557 1288 eam,
1569 1256 1615 1283 ubi
1628 1257 1707 1285 talem
1721 1266 1780 1286 esse
1790 1266 1844 1287 non

1052 1304 1130 1335 turpe
1151 1300 1195 1334 sit,
1209 1305 1237 1328 et
1251 1301 1339 1328 decori
1356 1303 1536 1330 universitatis
1549 1310 1698 1339 congruere
1715 1309 1801 1340 cogat,
1815 1310 1845 1334 ut

1052 1347 1154 1382 peccati
1167 1347 1284 1375 dedecus
1296 1349 1419 1376 emendet
1435 1357 1513 1384 poena
1528 1351 1639 1384 peccati.

1088 1392 1132 1419 27.
1155 1393 1222 1420 llinc
1237 1394 1264 1420 tit
1278 1399 1307 1420 ut
1321 1401 1435 1428 peccans
1449 1400 1570 1423 creatura
1592 1397 1723 1431 superior,
1738 1404 1754 1424 ฮต
1768 1403 1845 1426 crea-

1052 1440 1118 1467 turis
1130 1440 1299 1468 interioribus
1313 1442 1446 1475 puniatur,
1461 1442 1521 1476 quia
1531 1442 1585 1469 illm
1596 1446 1650 1470 tam
1660 1447 1723 1470 sunt
1733 1443 1844 1478 intimae,

1052 1491 1081 1514 ut
1094 1486 1184 1513 ornari
1199 1487 1278 1513 etiam
1291 1494 1305 1514 a
1327 1487 1446 1522 turpibus
1469 1489 1565 1516 animis
1579 1489 1690 1523 possint,
1715 1493 1795 1525 atque
1809 1491 1846 1518 ita

1051 1532 1141 1559 decori
1151 1532 1329 1559 universitatis
1338 1540 1494 1567 congruere.
1504 1534 1571 1567 Quid
1581 1535 1652 1562 enim
1659 1539 1712 1562 tam
1721 1542 1846 1571 magnum

1052 1579 1078 1605 in
1094 1578 1175 1605 domo
1195 1582 1237 1606 est
1258 1587 1337 1614 quam
1360 1579 1462 1606 homo?
1485 1584 1512 1607 et
1526 1581 1588 1615 quid
1604 1584 1658 1608 tam
1671 1581 1805 1616 abiectum
1818 1587 1845 1610 et

1051 1624 1172 1652 intimum
1188 1632 1266 1659 quam
1291 1626 1380 1652 cloaca
1395 1625 1507 1653 domus?
1532 1625 1630 1654 Servus
1655 1631 1744 1654 tamen
1759 1627 1787 1655 in
1800 1627 1845 1655 tali

1052 1675 1163 1706 peccato
1177 1671 1308 1703 detectus,
1324 1677 1352 1698 ut
1365 1672 1524 1699 mandanda:
1532 1672 1632 1699 cloaca:
1639 1671 1735 1707 dignus
1747 1672 1845 1700 habea-

1053 1720 1106 1750 tur,
1125 1722 1203 1744 ornat
1223 1725 1282 1744 eam
1305 1718 1385 1745 etiam
1403 1718 1565 1752 turpitudine
1578 1725 1643 1751 sua;
1665 1723 1692 1745 et
1704 1722 1846 1754 utrumque

1053 1763 1158 1797 borum,
1177 1764 1202 1791 id
1223 1769 1263 1792 est
1279 1764 1415 1799 turpitudo
1435 1765 1515 1797 servi,
1536 1769 1563 1792 et
1583 1764 1722 1793 mundatio
1734 1765 1843 1799 cloaca,

1050 1808 1106 1844 jam
1119 1810 1289 1845 conjunctum
1302 1815 1328 1837 et
1338 1810 1475 1838 redactum
1489 1811 1515 1837 in
1530 1811 1671 1846 quamdam
1689 1812 1730 1839 sui
1740 1812 1846 1847 generis

1053 1856 1194 1890 unitatem,
1217 1857 1252 1884 ita
1274 1857 1411 1892 dispositae
1426 1858 1515 1885 domui
1530 1861 1670 1893 coaptatur
1687 1862 1768 1894 atque
1781 1859 1846 1886 sub-

1053 1902 1162 1941 texitur,
1178 1906 1206 1929 ut
1218 1903 1274 1937 ejus
1287 1904 1453 1931 universitati
1466 1904 1665 1932 ordinatissime
1677 1904 1774 1932 decore
1781 1912 1847 1932 con~

1053 1949 1152 1976 veniat.
1173 1949 1221 1983 Qui
1244 1953 1331 1977 tamen
1352 1957 1445 1977 servus
1472 1950 1494 1978 si
1514 1958 1625 1985 peccare
1640 1951 1777 1984 noluisset,
1793 1959 1848 1980 non

1053 1993 1182 2022 defuisset
1204 1995 1358 2022 domesticae
1384 1996 1532 2031 disciplina:
1558 1996 1609 2023 alia
1634 1997 1767 2032 provisio,
1795 2005 1847 2032 qua

1053 2041 1204 2068 necessaria
1220 2041 1423 2069 mundarentur.
1437 2042 1505 2075 Quid
1521 2043 1610 2079 itaque
1624 2047 1677 2070 tam
1689 2043 1809 2071 intimum
1820 2043 1848 2071 in

1053 2087 1134 2114 rebus
1146 2095 1224 2122 quam
1236 2095 1333 2122 corpus
1347 2096 1427 2116 omne
1439 2094 1572 2117 terrenum
1580 2089 1593 2116 แผฒ
1602 2090 1676 2118 lianc
1686 2094 1774 2118 tamen
1785 2097 1847 2118 cor-

1054 2133 1205 2167 ruptibilem
1221 2141 1329 2160 carnem
1352 2135 1432 2161 etiam
1453 2136 1587 2170 peccatrix
1604 2137 1691 2163 anima
1706 2136 1745 2164 sic
1759 2141 1847 2170 ornat,

1054 2183 1082 2205 ut
1094 2179 1117 2206 ei
1129 2180 1245 2215 speciem
1254 2179 1469 2208 decentissimum
1479 2182 1606 2216 prtcbeat,
1616 2187 1770 2218 motumque
1778 2183 1848 2211 vita-

1055 2224 1117 2251 lem.
1132 2225 1292 2253 llabitationi
1305 2233 1368 2261 ergo
1380 2227 1482 2254 ccelcsti
1494 2227 1552 2255 talis
1563 2228 1651 2255 anima
1662 2235 1715 2256 non
1727 2229 1850 2264 cOngruit

1055 2277 1103 2305 per
1112 2275 1258 2305 peccatum,
1269 2272 1386 2299 terrestri
1398 2276 1486 2300 autem
1494 2274 1670 2309 congruitper
1678 2274 1848 2309 supplicium;

1055 2321 1083 2343 ut
1103 2316 1238 2351 quodlibet
1257 2317 1378 2353 elegerit,
1397 2325 1503 2354 semper
1514 2320 1547 2346 sit
1561 2319 1672 2355 pulchra
1688 2320 1850 2348 universitas

1055 2362 1251 2390 decentissimis
1273 2364 1392 2398 partibus
1416 2365 1547 2398 ordinata,
1565 2365 1642 2400 cujus
1664 2371 1706 2394 est
1727 2366 1850 2394 conditor

1055 2413 1083 2437 et
1096 2409 1297 2438 administrator
1311 2412 1392 2439 Deus.
1408 2411 1528 2447 Namque
1543 2412 1651 2447 optimm
1669 2413 1766 2441 animae
1785 2421 1848 2441 cum

1056 2455 1083 2483 in
1096 2455 1194 2483 in๏ฌmis
1207 2458 1338 2485 creaturis
1358 2458 1488 2492 habitant,
1503 2466 1556 2486 non
1570 2466 1616 2487 eas
1630 2463 1727 2486 ornant
1742 2459 1850 2486 miseria

1056 2509 1113 2536 sua,
1125 2510 1204 2538 quam
1218 2511 1269 2531 non
1281 2504 1389 2538 habent,
1402 2505 1449 2532 sed
1461 2513 1509 2533 usu
1518 2513 1610 2534 earum
1627 2505 1708 2534 bono.
1721 2506 1748 2535 Si
1761 2511 1850 2534 autem

1057 2550 1219 2585 peccatrices
1240 2551 1336 2578 animm
1349 2552 1535 2587 permittantur
1550 2553 1672 2581 habitare
1685 2553 1713 2580 in
1726 2552 1850 2581 sublimi-

1057 2597 1107 2624 bus
1122 2597 1198 2630 locis,
1213 2597 1382 2625 inhonestum
1395 2602 1450 2633 est;
1464 2599 1525 2634 quia
1540 2606 1594 2626 non
1611 2600 1774 2627 conveniunt
1786 2599 1848 2632 illis,

1057 2644 1153 2679 quibus
1168 2650 1216 2671 nec
1231 2644 1298 2672 bene
1319 2644 1357 2672 uti
1379 2649 1500 2679 possunt,
1526 2652 1576 2673 nec
1589 2645 1739 2673 ornamenti
1753 2644 1851 2680 aliquid

1057 2691 1208 2719 conferunt.

1092 2737 1137 2767 28.
1159 2738 1222 2766 ideo
1234 2745 1385 2774 quanquam
1408 2737 1482 2767 orbis
1496 2737 1548 2767 iste
1560 2742 1685 2767 terrenus
1700 2739 1778 2767 rebus
1792 2745 1850 2766 corโ

1058 2784 1228 2820 mptibilibus
1249 2785 1391 2821 deputatus
1413 2786 1458 2820 sit,
1483 2790 1572 2814 tamen
1587 2793 1699 2815 servans
1724 2790 1852 2821 quantum

1058 2836 1146 2867 potest
1158 2831 1298 2867 imaginem
1310 2831 1487 2867 superiorum,
1497 2831 1621 2867 exempla
1634 2831 1713 2859 nobis
1721 2835 1748 2859 et
1757 2831 1853 2858 indicia

1059 2878 1180 2914 quaedam
1194 2878 1378 2906 demonstrare
1402 2885 1456 2905 non
1475 2882 1571 2906 cessat.
1585 2877 1613 2905 Si
1628 2877 1699 2905 enim
1713 2877 1811 2905 bonum
1827 2880 1855 2903 et

1059 2934 1183 2961 magnum
1204 2925 1317 2961 aliquem
1339 2925 1435 2959 virum,
1452 2924 1576 2954 hortante
1591 2924 1740 2954 honestatis
1754 2922 1854 2958 officio,
