4118 6370
429 365 567 423 1285

423 481 702 537 videamus
747 478 982 549 ignibus,
1025 483 1278 549 quantum
1304 475 1371 532 ad
1397 489 1589 547 corpus
1617 475 1832 540 attinet,
1876 489 2006 529 con—

424 573 684 639 cremari;
716 587 820 627 non
852 570 953 627 hoc
978 586 1227 626 vocamus
1264 585 1476 641 poenam
1506 570 1745 642 peccati,
1783 569 1877 625 sed
1902 569 2010 625 ior-

426 665 667 723 titudinis
710 674 765 720 et
806 666 1072 736 patientiae
1119 665 1526 731 documentum,
1568 678 1796 735 eumque
1841 664 2007 735 magis

425 758 712 831 diligimus,
743 772 863 813 cum
891 757 1181 811 foedissima
1208 757 1477 826 corruptio
1492 770 1747 825 corporea
1769 756 2007 811 membra

424 849 539 920 ejus
579 848 855 911 absumat,
900 860 1057 916 quam
1088 845 1132 901 si
1168 845 1298 901 nihil
1348 845 1649 916 hujusmodi
1698 854 2000 915 pateretur;

422 939 681 995 miramur
701 938 897 1009 quippe
925 937 1086 991 animi
1115 946 1359 991 naturam
1388 936 1738 991 mutabilitate
1766 937 2004 1006 corporis

423 1046 528 1086 non
572 1031 787 1086 mutari.
834 1031 903 1085 At
947 1043 1073 1084 vero
1117 1029 1467 1085 crudelissimi
1513 1028 1734 1083 latronis
1766 1029 2004 1085 membra

422 1139 543 1180 cum
573 1125 659 1179 tali
692 1124 951 1194 supplicio
973 1122 1161 1177 confici
1190 1123 1505 1192 aspicimus,
1535 1121 1889 1191 approbemus
1917 1137 2002 1176 or-

423 1214 603 1271 dinem
644 1215 839 1285 legum.
888 1213 1089 1269 Ornant
1115 1228 1242 1283 ergo
1279 1212 1437 1269 ambo
1464 1212 1550 1267 illa
1582 1221 1875 1279 tormenta;
1908 1213 2001 1268 sed

422 1304 510 1361 ille
538 1306 730 1361 merito
751 1306 980 1372 virtutis,
1013 1306 1113 1360 iste
1136 1305 1356 1375 peccati.
1386 1305 1455 1358 At
1479 1304 1523 1358 si
1546 1312 1665 1374 post
1690 1304 1808 1359 illos
1830 1305 1997 1374 ignes,

422 1399 507 1454 vel
538 1399 699 1455 etiam
728 1408 851 1453 ante
876 1398 1015 1464 illos,
1049 1396 1305 1468 Optimum
1329 1396 1501 1451 virum
1528 1396 1675 1451 illum
1705 1405 2000 1451 commuta-

430 1499 539 1545 tum
580 1489 645 1546 ad
678 1490 1077 1561 congruentiam
1108 1488 1339 1545 caelestis
1367 1488 1704 1544 habitationis
1732 1489 1798 1544 ad
1827 1486 2000 1543 sidera

421 1582 727 1638 videremus
755 1582 961 1651 attolli,
990 1581 1169 1653 utique
1198 1582 1519 1638 lmtarernur.
1551 1581 1605 1637 Si
1632 1590 1809 1637 autem
1833 1582 1995 1637 scele-

421 1683 592 1730 ratum
625 1676 909 1744 latronem,
941 1678 1052 1733 sive
1079 1686 1204 1733 ante
1229 1678 1563 1748 supplicium,
1592 1678 1701 1731 sive
1728 1684 1848 1747 post
1874 1692 1998 1746 sup-

420 1765 658 1836 plicium,
682 1783 803 1823 cum
819 1768 1003 1824 eadem
1026 1768 1221 1823 malitia
1242 1769 1525 1823 voluntatis
1546 1767 1613 1824 ad
1633 1768 1813 1823 sedem
1831 1771 1997 1823 bono-

421 1858 495 1913 ris
522 1860 893 1929 sempiternam
918 1860 1079 1915 levari
1106 1860 1403 1916 videremus
1431 1861 1481 1913 in
1503 1861 1717 1926 omium,
1746 1859 1862 1929 quis
1890 1876 1995 1915 non

417 1950 815 2006 olienderetur?
865 1953 939 2006 ita
986 1952 1045 2007 ﬁt
1091 1961 1149 2007 ut
1201 1953 1475 2009 inferiores
1527 1963 1797 2009 creaturas
1839 1954 1995 2008 ambo

420 2056 616 2097 ornare
638 2043 927 2112 potuerint,
958 2043 1259 2114 superiores
1285 2053 1461 2100 autem
1483 2060 1620 2099 unus
1650 2044 1881 2099 illorum.
1913 2044 1995 2100 Ex

417 2148 522 2203 quo
547 2131 898 2195 admonemur
916 2134 1211 2203 advertere,
1242 2137 1618 2192 mortalitatem
1641 2136 1817 2191 carnis
1836 2135 1995 2207 hujus

419 2231 474 2279 et
505 2225 733 2295 primum
761 2226 1029 2283 hominem
1059 2244 1279 2284 ornasse
1300 2272 1314 2297 ,
1346 2238 1404 2284 ut
1430 2238 1646 2299 peccato
1672 2243 1829 2298 paena
1860 2244 1990 2283 con-

412 2326 645 2387 grueret,
664 2327 719 2374 et
743 2320 1023 2375 Dominum
1045 2330 1305 2389 nostrum,
1332 2330 1435 2376 uta
1456 2331 1671 2391 peccato
1691 2316 1993 2377 misericor-

417 2407 501 2464 dia
534 2409 801 2466 liberaret.
840 2410 955 2467 Non
993 2421 1169 2468 autem
1209 2414 1345 2468 sicut
1384 2413 1558 2483 justus
1595 2413 1765 2483 potuit
1797 2413 1850 2466 in
1878 2412 1989 2482 ipsa

408 2494 611 2571 justitia
633 2517 949 2571 permanens
969 2518 1164 2574 corpus
1187 2503 1384 2560 habere
1404 2505 1660 2570 mortale;
1686 2504 1754 2558 ita
1783 2502 1990 2573 iniquus

408 2602 601 2665 potest,
629 2594 754 2650 dum
785 2597 994 2667 iniquus
1014 2606 1116 2663 est,
1146 2598 1210 2652 ad
1237 2598 1687 2653 immortalitatem
1712 2598 1989 2667 pervenire

408 2694 734 2752 sanctorum,
755 2688 958 2745 scilicet
977 2689 1256 2745 sublimem
1269 2698 1323 2744 et
1338 2689 1660 2759 angelicam;
1684 2704 1790 2744 non
1804 2703 1987 2743 eorum

409 2777 751 2847 angelorum,
793 2780 861 2835 de
908 2781 1097 2852 quibus
1126 2781 1411 2850 Apostolus
1453 2781 1560 2847 ait,
1610 2779 1831 2835 Nescitis
1871 2779 1988 2850 quia

406 2870 612 2940 angelos
640 2887 813 2926 sumus
828 2874 1108 2943 iudicaturi
1141 2866 1183 2945 (ι
1212 2872 1329 2927 Cor.
1356 2889 1431 2937 vr,
1470 2873 1555 2943 5);
1585 2872 1678 2927 sed
1704 2888 1888 2928 eorum
1918 2872 1986 2928 de

404 2961 598 3031 quibus
640 2963 895 3018 Dominus
936 2965 1050 3029 ait,
1093 2964 1162 3018 Et
1198 2974 1341 3018 erunt
1386 2964 1601 3034 wquales
1642 2963 1847 3034 Angelis
1890 2962 1985 3018 Dei

403 3048 555 3121 (Luc.
573 3070 669 3121 xx,
694 3053 805 3126 56).
832 3055 930 3122 Qui
954 3056 1094 3110 enim
1121 3056 1478 3126 aequalitatem
1502 3055 1824 3124 Angelorum
1846 3054 1989 3110 desi-

403 3142 593 3198 derant
614 3154 829 3215 propter
851 3146 1060 3203 inanem
1085 3147 1304 3217 gloriam
1327 3160 1498 3213 suam,
1525 3160 1631 3200 non
1658 3144 1778 3200 ideo
1806 3145 1987 3201 volunt

404 3238 636 3306 aequales
664 3253 783 3293 esse
811 3239 1049 3309 Angelis,
1078 3240 1171 3295 sed
1197 3239 1431 3309 Angelos
1454 3238 1573 3293 sibi.
1605 3238 1785 3309 Itaque
1812 3238 1868 3293 in
1894 3238 1984 3294 tali

401 3329 674 3385 voluntate
705 3324 1103 3399 perseverantes
1128 3374 1143 3397 ,
1175 3331 1524 3401 aequabuntur
1549 3330 1809 3401 supplicio
1842 3347 1980 3401 prae-

400 3422 782 3478 varicatorihus
810 3424 1012 3495 angelis
1034 3466 1050 3491 ,
1093 3433 1409 3495 potestatem
1436 3440 1583 3479 suam
1624 3425 1796 3494 potius
1824 3440 1981 3495 quam

400 3514 496 3569 Dei
524 3516 899 3586 omnipotentis
929 3516 1289 3588 diligentibus.
1333 3517 1548 3572 Talibus
1574 3517 1715 3571 enim
1750 3517 1817 3571 ad
1850 3517 1979 3571 sini-

401 3612 569 3660 stram
619 3606 956 3675 constitutis,
1004 3608 1126 3678 quia
1166 3624 1273 3664 non
1317 3608 1640 3679 qumsierunt
1677 3609 1841 3664 Deum
1886 3624 1982 3679 per

401 3694 715 3753 humilitatis
738 3698 993 3769 januam,
1038 3716 1201 3771 quam
1234 3700 1288 3754 in
1328 3701 1504 3770 seipse
1537 3700 1790 3755 Dominus
1826 3700 1979 3756 Jesus

400 3788 646 3847 Christus
698 3794 970 3861 ostendit,
1016 3802 1071 3850 et
1112 3794 1603 3851 immisericorditer
1645 3793 1979 3865 superbequc

398 3884 662 3948 vixerunt,
694 3884 917 3954 dicetur,
946 3886 1029 3941 Ite
1050 3888 1103 3940 in
1131 3888 1297 3957 ignem
1322 3896 1582 3955 teternum,
1610 3890 1695 3959 qui
1719 3905 1976 3960 prwpara—

398 3983 481 4030 tus
511 3986 583 4031 est
612 3977 811 4032 diabolo
832 3987 877 4032 et
903 3978 1094 4050 angelis
1114 3981 1222 4049 ejus
1248 3980 1459 4051 (Matth.
1493 3997 1628 4048 xxv,
1659 3982 1771 4054 M).

400 4069 626 4128 CAPUT
661 4069 730 4125 X.
763 4101 835 4112 —
865 4072 976 4138 Quo
1004 4074 1124 4144 jure
1156 4072 1385 4128 diabolus
1410 4064 1680 4143 possederit
1704 4078 1972 4146 hominem,

763 4172 809 4218 et
832 4180 930 4235 quo
949 4166 1069 4235 jure
1098 4164 1233 4220 Deus
1259 4165 1391 4220 hunc
1417 4166 1655 4222 liberarit.

501 4274 553 4329 9.
589 4274 723 4330 Cum
751 4277 891 4332 enim
918 4277 1037 4333 dum
1072 4278 1181 4334 sint
1210 4280 1443 4350 origines
1469 4290 1805 4351 peccatorum
1824 4324 1839 4351 ,
1872 4299 1975 4341 una

395 4374 688 4435 spontanea
714 4368 1031 4438 cogitatione
1054 4412 1070 4436 ,
1103 4370 1206 4425 alia
1236 4372 1578 4442 persuasione
1600 4375 1840 4442 alterius,
1870 4391 1974 4445 quo

396 4460 664 4526 pertinere
706 4461 935 4516 arbitror
963 4462 1106 4533 quod
1150 4463 1413 4533 Propheta
1460 4464 1588 4519 dicit
1618 4483 1631 4521 :
1661 4465 1737 4520 Ab
1767 4470 1974 4522 occultis

394 4552 521 4605 meis
549 4552 739 4605 munda
766 4569 871 4617 me,
914 4553 1131 4609 Domine
1149 4595 1164 4623 ,
1191 4555 1325 4609 etab
1349 4556 1525 4610 alienis
1553 4573 1701 4625 parce
1724 4573 1862 4612 servo
1889 4567 1975 4613 tuo

396 4638 569 4710 (Psal.
598 4657 751 4708 xvtu,
783 4644 872 4708 l3,
904 4644 991 4715 M)
1028 4664 1041 4700 :
1070 4654 1352 4716 utrumque
1376 4646 1732 4701 voluntarium
1753 4655 1836 4702 est
1854 4649 1972 4718 qui-

396 4728 540 4784 dem.
559 4730 690 4785 Nam
713 4732 848 4786 sicut
866 4736 1076 4804 propria
1095 4737 1412 4805 cogitatione
1428 4753 1537 4792 non
1554 4748 1736 4808 peccat
1754 4738 1969 4807 invitus,

396 4820 471 4875 ita
499 4821 625 4877 dum
651 4824 917 4878 consentit
941 4826 1079 4879 male
1108 4826 1370 4892 suadenti,
1404 4843 1509 4883 non
1540 4830 1725 4899 utique
1747 4830 1848 4885 nisi
1872 4846 1971 4885 vo-

394 4913 599 4967 luntate
626 4913 895 4968 consentit
928 4932 940 4967 :
972 4915 1069 4971 sed
1095 4924 1270 4972 tamen
1298 4918 1510 4987 gravius
1540 4928 1641 4985 est,
1673 4935 1778 4975 non
1800 4922 1971 4976 solum

396 5006 545 5061 nullo
564 5006 821 5063 suadente
843 5009 1055 5079 propria
1080 5008 1396 5080 cogitatione
1424 5025 1664 5081 peccare,
1689 5012 1782 5067 sed
1811 5013 1970 5068 etiam

393 5099 725 5170 peccandum
756 5100 907 5156 alteri
928 5116 1024 5173 per
1048 5101 1390 5157 invidentiam
1415 5103 1701 5174 dolumque
1726 5104 1967 5173 suadere,

390 5208 555 5265 quam
573 5193 641 5248 ad
662 5194 987 5264 peccandum
1006 5195 1226 5251 alterius
1241 5196 1487 5251 suasione
1504 5195 1725 5251 traduci.
1754 5197 1971 5254 Servata

391 5294 476 5341 est
499 5300 628 5357 ergo
653 5287 711 5341 in
737 5294 965 5357 utroque
982 5295 1200 5357 peccato
1224 5286 1426 5358 justitia
1448 5286 1657 5343 Domini
1685 5288 1968 5358 punientis.

390 5375 525 5434 Nam
554 5386 610 5433 et
628 5377 756 5433 illud
782 5392 1076 5449 appensum
1102 5387 1185 5435 est
1209 5380 1474 5450 aequitatis
1498 5381 1763 5448 examine,
1791 5387 1851 5437 ut
1873 5396 1973 5437 nec

389 5467 557 5539 ipsius
596 5468 790 5527 diaboli
828 5472 1077 5541 potestati
1118 5481 1404 5544 negaretur
1428 5470 1621 5538 homo,
1667 5487 1825 5543 quem
1868 5472 1970 5529 sibi

392 5560 536 5617 male
566 5561 837 5618 suadendo
877 5564 1195 5635 subjecerat.
1234 5564 1477 5635 iniquum
1516 5564 1659 5620 enim
1685 5572 1798 5619 erat
1832 5572 1893 5619 ut
1919 5563 1971 5621 ei

388 5665 549 5722 quem
575 5662 789 5723 ceperat
807 5696 823 5723 ,
854 5670 961 5711 non
986 5655 1364 5713 dominaretur.
1406 5655 1515 5713 Nec
1538 5656 1651 5711 ﬁeri
1681 5656 1788 5711 ullo
1811 5654 1969 5711 modo

388 5750 565 5813 potest
611 5752 669 5799 ut
711 5745 805 5802 Dei
844 5748 1041 5805 summi
1075 5757 1130 5806 et
1156 5750 1271 5806 veri
1311 5749 1541 5821 perlecta
1576 5749 1811 5820 justitia,
1850 5764 1968 5819 quae

380 5847 767 5911 muequaque
803 5841 1164 5913 pertenditur,
1202 5842 1420 5903 deserat
1455 5842 1615 5900 etiam
1644 5842 1965 5901 ordinandas

1791 352 1994 414 LIBER
2029 336 2339 417 TERTIUS.

3020 448 3103 455 ψ
3136 450 3237 457 Ὃ*
3257 453 3351 464 Ἦ
3564 349 3691 422 1286

2117 473 2297 528 ruinas
2338 471 2685 542 peccantium.
2732 466 2802 530 Et
2832 482 3010 530 tamen
3032 474 3155 546 quia
3184 460 3359 534 minus
3380 460 3690 551 peccaverat

2116 564 2278 618 homo
2293 580 2451 635 quam
2467 564 2729 633 diabolus,
2763 564 2831 619 idi
2838 581 2992 636 psum
3013 566 3061 622 ei
3081 567 3241 623 valuit
3255 568 3321 624 ad
3342 576 3687 641 reparandam

2112 655 2373 723 salutem,
2413 657 2555 727 quod
2593 657 2818 727 principi
2864 657 3019 728 hujus
3044 659 3266 729 mundi,
3309 666 3477 734 partis
3504 683 3684 724 rerum
3782 684 3783 687 ‘

2111 749 2317 803 scilicet
2343 749 2496 819 hujus
2519 750 2757 806 mortalis
2785 758 2943 822 atque
2972 751 3165 808 intima:
3187 794 3202 819 ,
3230 752 3330 809 hoc
3358 766 3441 811 est
3463 759 3685 829 principi

2109 843 2344 897 omnium
2377 852 2713 913 peccatorum
2744 845 2782 910 ί,
2808 852 2863 899 et
2886 846 3169 915 praeposito
3194 847 3400 915 mortis,
3430 864 3595 919 usque
3616 850 3683 906 ad

2108 936 2485 991 mortalitatem
2508 937 2683 992 carnis
2708 935 2949 992 addictus
2970 946 3073 993 est.
3106 938 3181 992 lta
3196 939 3337 994 enim
3362 941 3683 997 conscientia

2108 1029 2447 1083 mortalitatis
2484 1030 2700 1085 timidus
2722 1070 2737 1096 ,
2785 1039 2839 1085 et
2864 1045 2895 1084 a
2923 1030 3191 1087 vilissimis
3221 1040 3275 1086 et
3313 1032 3680 1103 abjectissimis

2106 1119 2295 1175 bestiis
2319 1122 2405 1176 vel
2428 1121 2589 1176 etiam
2616 1122 3007 1189 minutissimis,
3039 1123 3311 1179 molestias
3344 1134 3502 1195 atque
3523 1126 3683 1182 inter-

2106 1209 2239 1265 itum
2265 1211 2637 1280 reformidans,
2676 1214 3012 1283 incertusque
3043 1214 3358 1282 luturorum,
3391 1226 3444 1273 ct
3473 1218 3680 1277 illicitas

2106 1301 2356 1358 cohibere
2387 1305 2593 1361 laetitias
2622 1306 2663 1373 ¹,
2691 1310 2745 1360 et
2773 1307 3002 1362 maxime
3028 1309 3351 1378 superbiam,
3378 1311 3527 1381 cujus
3555 1327 3678 1384 per-

2106 1397 2354 1451 suasione
2377 1396 2613 1467 dejcctus
2646 1407 2727 1454 est
2751 1441 2766 1466 ,
2803 1406 2855 1453 et
2882 1410 2986 1470 quo
3016 1410 3121 1455 uno
3151 1400 3277 1456 vitio
3304 1402 3679 1459 misericordia:

2102 1485 2368 1541 medicina
2414 1488 2683 1557 respuitur
2706 1524 2721 1553 ,
2751 1488 2997 1559 frangere
3035 1491 3327 1546 consuevit.
3373 1492 3509 1560 Quid
3537 1494 3678 1551 enim

2104 1586 2213 1633 tam
2241 1592 2375 1649 opus
2404 1578 2602 1634 habens
2647 1580 3008 1636 misericordia
3033 1597 3190 1653 quam
3226 1584 3425 1640 miser?
3464 1586 3530 1641 Et
3553 1587 3677 1659 quid

2103 1675 2208 1724 tam
2242 1669 2514 1741 indignum
2545 1671 2904 1727 misericordia
2931 1688 3089 1742 quam
3113 1677 3370 1745 superbus
3399 1678 3597 1733 miser?

2175 1763 2263 1818 50.
2310 1764 2385 1818 Ex
2424 1777 2529 1833 quo
2571 1764 2765 1820 factum
2806 1773 2888 1821 est
2924 1773 2981 1819 ut
3020 1766 3147 1820 illud
3186 1767 3277 1822 Dei
3319 1769 3545 1825 Verbum
3584 1785 3677 1842 per

2100 1851 2243 1923 quod
2273 1853 2408 1911 facta
2431 1864 2551 1910 sunt
2574 1857 2750 1911 omnia
2772 1898 2787 1924 ,
2819 1866 2871 1911 et
2894 1871 2999 1926 quo
3029 1856 3221 1912 fruitur
3245 1861 3416 1915 omnis
3445 1864 3677 1934 angelica

2084 1946 2405 2015 beatitudo,
2454 1962 2622 2019 usque
2663 1950 2729 2005 ad
2769 1949 3035 2005 miseriam
3066 1959 3300 2005 nostram
3345 1954 3677 2011 clementiam

2100 2050 2250 2093 suam
2281 2042 2602 2111 porrigeret,
2635 2050 2689 2097 et
2712 2041 2943 2097 Verbum
2971 2056 3099 2097 caro
3120 2042 3302 2111 ﬁeret,
3342 2052 3396 2099 et
3419 2045 3678 2104 habitaret

2098 2129 2155 2185 in
2177 2132 2328 2187 nobis
2358 2132 2535 2203 (Joan.
2566 2147 2617 2202 ι,
2648 2134 2701 2199 5,
2732 2132 2841 2203 14).
2872 2131 2959 2188 Sic
2979 2133 3118 2187 enim
3142 2143 3324 2205 posset
3349 2148 3543 2205 panem
3569 2135 3677 2192 An-

2096 2223 2335 2293 gelorum
2356 2224 2520 2280 homo
2545 2224 2894 2290 manducare,
2929 2225 3162 2280 nondum
3188 2226 3403 2296 Angelis
3428 2226 3676 2299 adaequa-

2096 2323 2215 2382 tus,
2259 2317 2305 2371 si
2339 2318 2491 2388 panis
2515 2318 2632 2389 ipse
2673 2318 2997 2389 Angelorum
3038 2317 3338 2373 hominibus
3369 2317 3677 2389 dignaretur

2095 2411 2314 2479 aequari.
2350 2409 2460 2467 Nec
2489 2412 2566 2467 sic
2592 2412 2872 2467 descendit
2898 2412 2967 2467 ad
2991 2426 3109 2478 nos,
3140 2420 3199 2466 ut
3222 2411 3341 2467 illos
3368 2412 3671 2481 desereret;

2098 2503 2192 2557 sed
2213 2504 2369 2558 simul
2390 2505 2596 2576 integer
2612 2504 2715 2559 illis
2735 2547 2748 2571 ,
2779 2505 2990 2574 integer
3009 2505 3182 2571 nobis,
3210 2503 3327 2560 illos
3356 2504 3674 2562 intrinsecus

2092 2608 2318 2665 pascens
2353 2612 2450 2667 per
2479 2597 2532 2652 id
2568 2597 2712 2668 quod
2734 2598 2875 2652 Deus
2898 2604 3012 2663 est,
3045 2611 3143 2651 nos
3170 2594 3461 2652 forinsecus
3484 2596 3672 2655 admo-

2092 2700 2225 2743 nens
2248 2702 2342 2758 per
2370 2688 2422 2743 id
2450 2689 2591 2759 quod
2618 2704 2714 2743 nos
2744 2700 2942 2755 sumus,
2979 2686 3198 2743 idoneos
3227 2687 3350 2742 facit
3378 2703 3471 2757 per
3488 2687 3667 2757 ﬁdem,

2090 2792 2225 2850 quos
2243 2792 2339 2850 per
2358 2781 2587 2850 speciem
2608 2790 2790 2851 pascat
2816 2780 3107 2851 aequaliter.
3134 2778 3265 2846 Quia
3285 2780 3426 2834 enim
3442 2780 3672 2836 rationa-

2090 2870 2158 2926 lis
2185 2879 2428 2927 creatura
2449 2871 2627 2927 Verbo
2650 2871 2741 2926 illo
2764 2879 3013 2942 tanquam
3031 2870 3237 2941 optimo
3257 2870 3371 2929 cibo
3390 2885 3486 2929 suo
3502 2871 3671 2945 pasci-

2091 2970 2207 3030 tur;
2240 2965 2471 3019 humana
2497 2972 2673 3020 autem
2702 2964 2879 3020 anima
2907 2964 3181 3021 rationalis
3210 2974 3309 3031 est,
3339 2982 3455 3037 qua:
3473 2976 3672 3021 morta-

2090 3055 2229 3110 libus
2246 3057 2468 3111 vinculis
2494 3056 2696 3127 peccati
2722 3070 2878 3125 poena
2900 3056 3200 3123 tenebatur,
3224 3057 3290 3113 ad
3319 3059 3419 3113 hoc
3439 3057 3671 3115 diminu-

2090 3148 2249 3202 tionis
2292 3148 2502 3203 redacta
2524 3190 2538 3216 ,
2591 3156 2647 3203 ut
2681 3164 2776 3218 per
2817 3150 3151 3219 conjecturas
3180 3166 3357 3205 rerum
3384 3151 3670 3207 visibilium

2087 3239 2171 3313 ad
2198 3239 2536 3311 intelligenda
2580 3240 2862 3295 invisibilia
2898 3241 3160 3297 niteretur
3190 3261 3203 3297 :
3231 3243 3379 3297 cibus
3401 3244 3669 3300 rationalis

2087 3340 2344 3387 creatum
2374 3330 2542 3386 factus
2566 3340 2648 3386 est
2675 3331 2930 3399 visibilis,
2975 3347 3085 3389 non
3121 3336 3535 3389 commutatione
3569 3350 3667 3390 na-

2087 3429 2221 3477 turae
2251 3438 2359 3477 sua:
2380 3466 2393 3489 ,
2434 3423 2528 3478 sed
2556 3423 2737 3478 habitu
2763 3432 2961 3479 nostra:
2980 3467 2994 3494 ,
3036 3435 3096 3481 ut
3133 3425 3357 3481 visibilia
3382 3433 3663 3492 sacrantes,

2085 3515 2154 3570 ad
2186 3531 2245 3570 se
2275 3516 2593 3570 invisibilem
2635 3524 2937 3572 revocaret.
2987 3517 3074 3573 Sic
3114 3532 3233 3573 eum
3267 3518 3473 3584 anima,
3506 3532 3664 3589 quem

2085 3608 2401 3678 superbicns
2432 3608 2573 3663 intus
2614 3608 2935 3678 reliquerat,
2983 3610 3113 3665 {oris
3153 3611 3403 3667 humiiem
3443 3611 3662 3679 invenit,

2084 3698 2353 3753 imitatore
2374 3699 2487 3769 ejus
2509 3698 2859 3756 humilitatem
2885 3700 3167 3770 visibilem,
3190 3710 3244 3758 et
3263 3702 3328 3758 ad
3349 3700 3663 3759 invisibilem

2083 3788 2415 3844 altitudinem
2446 3789 2696 3846 reditura.

2156 3880 2243 3935 3i.
2273 3881 2445 3951 Atque
2474 3879 2706 3937 Verbum
2733 3880 2828 3937 Dei
2856 3882 3041 3939 unicus
3067 3882 3162 3940 Dei
3186 3881 3372 3954 Filius,
3394 3880 3663 3941 diabolum

2082 3986 2240 4043 quem
2272 3986 2500 4043 semper
2543 3974 2645 4030 sub
2690 3973 2894 4044 legibus
2939 3976 3048 4030 suis
3094 3976 3277 4031 habuit
3325 3986 3380 4031 et
3427 3977 3660 4046 habebit,

2083 4065 2300 4123 homine
2346 4067 2560 4122 indutus
2614 4067 2773 4123 etiam
2827 4068 3028 4123 homini
3074 4069 3371 4139 subiugavit
3401 4086 3413 4123 :
3444 4069 3574 4124 nihil
3610 4070 3661 4126 ei

2019 4198 2027 4207 .
2081 4168 2405 4229 extorqueas
2429 4160 2659 4215 violento
2677 4160 2965 4228 dominatu,
2994 4160 3086 4216 sed
3114 4175 3371 4231 superans
3395 4176 3517 4217 eum
3543 4162 3660 4232 lege

2076 4248 2295 4320 justitiae
2320 4266 2335 4315 ;
2370 4259 2426 4304 ut
2450 4252 2720 4321 quoniam,
2764 4252 2957 4306 femina
2987 4253 3227 4324 decepta,
3258 4262 3310 4308 et
3333 4253 3542 4323 dejecto
3566 4265 3692 4367 per‘

2081 4339 2329 4367 ΡΛ-κῖηηηι
2354 4342 2465 4367 ..ἔ-Α
2520 4357 2727 4367 ,ιι-...ηλνη
2757 4343 2954 4367 ..κλιιιη
2978 4344 3129 4367 ..-ε-,ε
3161 4345 3384 4367 ι.-...ξ..ξ-
3411 4353 3659 4367 .-μ----Δ

2079 4339 2331 4395 feminam
2354 4342 2487 4409 viro,
2517 4357 2728 4397 omnem
2757 4343 2956 4412 prolem
2977 4344 3132 4413 primi
3158 4345 3386 4399 hominis
3411 4353 3661 4415 tanquam

2081 4431 2429 4501 peccatricem
2447 4432 2654 4501 legibus
2675 4433 2881 4501 mortis,
2912 4434 3174 4488 malitiosa
3198 4435 3411 4505 quidem
3432 4436 3659 4492 nocendi

2078 4523 2383 4593 cupiditate,
2409 4522 2503 4579 sed
2530 4530 2701 4578 tamen
2720 4522 2839 4593 jure
2855 4524 3159 4594 aequissimo
3182 4525 3500 4594 vindicabat,
3525 4536 3658 4583 tam-

2079 4614 2168 4670 diu
2198 4622 2435 4685 potestas
2464 4614 2579 4686 ejus
2618 4614 2846 4682 valeret,
2891 4616 3059 4671 donec
3089 4616 3409 4675 interficeret
3431 4618 3654 4690 justum,

2083 4707 2135 4764 in
2166 4722 2273 4779 quo
2298 4708 2426 4763 nihil
2451 4708 2665 4780 dignum
2694 4718 2865 4765 morte
2893 4720 3075 4781 posset
3099 4714 3401 4780 ostendere,
3430 4726 3539 4768 non
3564 4726 3656 4769 so-

2078 4800 2186 4855 lum
2218 4801 2339 4872 quia
2381 4800 2496 4857 sine
2539 4802 2759 4857 crimine
2798 4802 3001 4857 occisus
3042 4810 3160 4871 est,
3210 4803 3303 4859 sed
3336 4804 3495 4859 etiam
3532 4804 3655 4875 quia

2077 4891 2194 4948 sine
2220 4893 2435 4949 libidine
2456 4901 2610 4949 natus
2632 4912 2645 4948 :
2667 4893 2750 4948 cui
2777 4894 3148 4964 subjugaverat
3165 4894 3251 4950 ille
3267 4909 3399 4966 quos
3418 4904 3651 4966 ceperat,

2076 4996 2135 5042 ut
2163 4986 2418 5057 quidquid
2458 4988 2579 5044 inde
2622 4997 2962 5057 nasceretur,
3012 4995 3256 5059 tanquam
3299 5002 3411 5044 suae
3449 4989 3655 5046 arboris

2075 5077 2299 5146 fructus,
2329 5095 2485 5150 prava
2512 5081 2723 5152 quidem
2749 5079 2974 5136 habendi
3002 5080 3322 5152 cupiditate,
3353 5079 3450 5138 sed
3478 5089 3653 5138 tamen

2076 5184 2184 5224 non
2211 5171 2392 5240 iniquo
2419 5171 2725 5241 possidendi
2754 5171 2877 5241 jure
2904 5170 3176 5227 retineret.
3224 5170 3527 5227 Justissime
3552 5172 3654 5227 ita—

2076 5275 2179 5331 que
2207 5261 2473 5319 dimittere
2488 5263 2695 5334 cogitur
2713 5262 2987 5319 credentes
3017 5262 3069 5318 in
3094 5277 3215 5318 eum
3234 5276 3392 5334 quem
3419 5262 3656 5334 iniustis-

2076 5355 2209 5409 sime
2238 5355 2459 5422 occidit,
2493 5363 2548 5409 ut
2575 5364 2627 5410 et
2653 5354 2795 5426 quod
2828 5355 3191 5425 temporaliter
3212 5355 3529 5423 moriuntur,
3560 5355 3655 5412 de-

2076 5445 2242 5502 bitum
2260 5447 2553 5515 exsolvant,
2574 5456 2628 5502 et
2647 5446 2788 5517 quod
2813 5462 3022 5517 semper
3040 5447 3248 5516 vivunt,
3263 5448 3317 5501 in
3338 5447 3427 5502 illo
3446 5447 3653 5515 vivant,

2076 5540 2166 5611 qui
2191 5555 2287 5611 pro
2314 5540 2391 5596 eis
2418 5539 2561 5611 quod
2589 5554 2693 5594 non
2719 5539 2945 5595 debebat
2970 5538 3214 5595 exsolvit.
3247 5538 3449 5608 Quibus
3473 5549 3650 5597 autem

2138 5657 2154 5689 ι
2179 5664 2229 5705 In
2252 5658 2383 5729 prius
2403 5656 2538 5729 E‘ddp
3049 5662 3370 5722 peccatorum
3394 5666 3451 5711 At
3472 5662 3522 5710 in
3542 5664 3649 5711 Im.

2073 5719 2406 5783 novemdectm
2427 5718 2635 5769 habetur
2655 5718 2750 5783 hic,

2134 5789 2155 5819 ε
2178 5790 2244 5850 Ita
2266 5782 2373 5850 bad.
2401 5790 2453 5834 et
2482 5788 2588 5833 Mss.
2624 5780 2864 5845 plerique.
2904 5780 3053 5843 IttEr.
3081 5789 3134 5834 et
3287 5783 3497 5850 habent,
3520 5782 3653 5837 adti-

2077 5849 2183 5902 bere
2208 5846 2403 5898 delicias
