4118 6370
506 374 644 434 1287

502 490 834 548 inﬁdelitatis
859 490 1310 559 perseverantiam
1340 491 1716 562 persuasisset,
1744 492 1887 562 juste
1914 507 2097 549 secum

498 582 725 637 haberet
750 582 803 636 in
826 591 1078 651 perpetua
1102 582 1445 638 damnatione
1471 592 1766 638 consortes.
1806 583 1879 639 Ita
1902 586 2098 640 factum

502 684 585 729 est
610 682 668 729 ut
693 688 867 744 neque
900 673 1112 729 diabolo
1135 689 1232 743 per
1258 674 1363 728 vim
1387 674 1683 744 eriperetur
1708 674 1870 730 homo
1891 718 1905 743 ,
1936 691 2097 747 quem

502 777 604 818 nec
626 764 739 833 ipse
758 764 829 829 vi,
857 764 949 820 sed
966 765 1311 834 persuasione
1330 774 1546 835 ceperat
1565 785 1578 821 :
1595 776 1647 821 et
1667 767 1756 837 qui
1774 766 1916 837 juste
1941 769 2057 838 plus
2076 769 2094 800 ⁸

504 854 815 909 humiliatus
842 862 959 922 est,
988 863 1044 909 ut
1070 856 1296 911 serviret
1332 856 1416 911 cui
1455 857 1519 911 ad
1559 857 1755 911 malum
1802 872 2094 915 consense-

501 955 605 1013 rat,
630 945 772 1014 juste
796 960 889 1016 per
911 960 1030 1000 eum
1055 944 1139 1000 cui
1160 946 1226 1001 ad
1242 946 1438 1001 bonum
1461 946 2091 1014 consensitliberaretur;

505 1040 627 1108 quia
658 1039 831 1092 minus
870 1039 968 1093 iste
1010 1038 1064 1093 in
1100 1039 1480 1095 consentiendo
1504 1081 1519 1106 ,
1564 1056 1721 1110 quam
1752 1040 1841 1097 ille
1872 1040 1924 1095 in
1954 1040 2093 1097 male

500 1128 778 1183 suadendo
804 1138 1132 1199 peccaverat.

497 1255 720 1312 CAPUT
747 1256 837 1311 XI.
879 1286 952 1297 --
986 1257 1226 1312 Creatura
1265 1258 1366 1312 sive
1397 1259 1451 1313 in
1478 1260 1682 1330 justitia
1738 1277 2087 1330 permansura,

635 1351 736 1404 sive
754 1351 962 1421 lapsura
979 1390 997 1419 ,
1020 1350 1087 1403 ad
1116 1359 1464 1405 ornamentum
1489 1353 1707 1407 universi
1730 1356 1943 1424 confert.

572 1462 662 1519 32.
692 1464 916 1518 Naturas
944 1462 1102 1533 igitur
1127 1478 1315 1519 omnes
1342 1464 1483 1520 Deus
1512 1466 1637 1521 fecit
1658 1507 1674 1533 ,
1701 1481 1806 1522 non
1831 1467 2007 1523 solum
2032 1468 2085 1523 in

498 1555 690 1610 virtute
719 1564 875 1626 atque
908 1554 1111 1625 justitia
1136 1570 1514 1625 permansuras
1537 1597 1550 1617 .
1581 1556 1674 1612 sed
1700 1558 1859 1613 etiam
1894 1572 2083 1628 pecca-

496 1654 676 1712 turas;
704 1664 809 1703 non
840 1656 899 1701 ut
924 1657 1225 1716 peccarent,
1258 1647 1353 1702 sed
1384 1656 1441 1702 ut
1467 1656 1647 1703 essent
1672 1657 1939 1703 ornatura:
1968 1649 2084 1704 uni-

494 1756 708 1795 versum
738 1741 780 1807 ',
810 1741 922 1795 sive
960 1754 1203 1810 peccare,
1238 1740 1351 1794 sive
1380 1754 1485 1793 non
1511 1754 1732 1809 peccare
1768 1740 2078 1795 voluissent.

494 1832 553 1887 Si
577 1833 717 1887 enim
758 1832 918 1887 rebus
958 1832 1207 1887 deessent
1236 1832 1429 1886 anima:
1455 1847 1574 1902 qua:
1611 1833 1783 1901 ipsum
1812 1832 2080 1904 fastigium

491 1925 696 1980 ordinis
724 1924 779 1979 in
804 1925 1049 1980 universa
1073 1934 1314 1980 creatura
1345 1924 1424 1979 sic
1448 1924 1771 1991 obtinerent,
1802 1934 1861 1981 ut
1885 1927 1928 1980 si
1959 1942 2081 1997 pec-

490 2030 617 2072 care
642 2015 950 2082 voluissent,
978 2015 1337 2070 infirmaretur
1360 2024 1415 2070 et
1440 2014 1851 2072 labefactaretur
1870 2019 2081 2073 univer-

488 2106 642 2174 sitas,
664 2122 912 2177 magnum
936 2106 1185 2176 quiddam
1213 2106 1425 2161 deesset
1450 2115 1711 2162 creatura:
1743 2126 1755 2162 :
1785 2109 1913 2164 illud
1935 2110 2077 2165 enim

493 2196 729 2263 deesset,
763 2212 867 2267 quo
898 2206 1103 2251 remoto
1145 2196 1401 2251 stabilitas
1429 2212 1607 2252 rerum
1633 2209 1791 2271 atque
1818 2202 2078 2257 connexio

489 2288 809 2344 turbaretur.
838 2288 992 2343 Tales
1012 2296 1135 2343 sunt
1161 2289 1395 2359 Optimae,
1426 2298 1481 2345 et
1506 2300 1725 2358 sanctae,
1749 2303 1803 2347 et
1823 2294 2078 2350 sublimes

487 2389 744 2433 creatura:
772 2379 1067 2437 caelestium
1112 2380 1197 2434 vel
1236 2381 1692 2450 supercmlestium
1721 2392 2073 2455 potestatum,

489 2471 679 2540 quibus
702 2472 849 2526 solus
872 2472 1013 2527 Deus
1042 2473 1297 2542 imperat;
1331 2475 1611 2530 universus
1645 2486 1821 2533 autem
1848 2480 2076 2537 mundus

485 2563 758 2633 subjectus
786 2574 889 2620 est.
917 2566 1044 2621 Sine
1068 2566 1288 2621 istarum
1310 2567 1501 2624 ofﬁciis
1526 2569 1684 2639 justis
1710 2580 1871 2643 atque
1899 2574 2075 2643 perfe-

485 2655 584 2710 ctis
603 2670 721 2710 esse
741 2656 1058 2711 universitas
1079 2671 1185 2712 non
1209 2667 1403 2729 potest.
1428 2658 1582 2728 ltem,
1609 2662 1654 2715 si
1672 2662 1924 2719 deessent
1951 2681 2073 2735 quae

486 2746 599 2801 sive
622 2758 922 2817 peccarent,
951 2748 1064 2803 sive
1092 2763 1199 2803 non
1230 2758 1531 2820 peccarent,
1560 2752 1693 2807 nihil
1719 2755 2075 2813 universitatis

483 2837 655 2893 ordini
669 2839 1014 2907 minueretur,
1036 2840 1198 2896 etiam
1220 2840 1297 2897 sic
1312 2841 1596 2912 plurimum
1614 2844 1842 2902 deesset.
1866 2848 2073 2905 Anima:

485 2936 611 2984 sunt
636 2930 779 2986 enim
802 2931 1110 3003 rationales,
1141 2941 1196 2989 et
1220 2933 1326 2989 illis
1361 2936 1725 3006 superioribus
1754 2939 1931 2995 ofﬁcio
1956 2942 2074 3011 qui-

484 3018 605 3078 dem
637 3020 888 3094 itnparcs,
929 3025 1020 3081 sed
1050 3034 1237 3080 natura
1266 3041 1424 3096 pares
1463 3046 1475 3081 :
1505 3028 1697 3098 quibus
1734 3030 1905 3086 adhuc
1933 3032 2071 3091 infer

481 3117 654 3173 riores
682 3125 805 3171 sunt
829 3116 1001 3182 multi,
1032 3126 1086 3171 et
1129 3126 1302 3173 tamen
1346 3117 1637 3176 laudabiles
1665 3135 1696 3176 a
1724 3135 1935 3179 summo
1960 3124 2071 3180 Deo

480 3208 883 3263 constitutarum
909 3223 1086 3263 rerum
1107 3208 1319 3280 gradus.

551 3300 639 3356 35.
668 3297 761 3355 Illa
791 3315 917 3371 ergo
943 3309 1129 3355 natura
1160 3301 1484 3358 sublimioris
1504 3302 1666 3361 ofﬁcii
1689 3315 1790 3373 est,
1821 3318 1940 3379 qua:
1961 3325 2069 3366 non

484 3389 659 3446 solum
693 3391 739 3445 si
765 3406 873 3445 non
910 3399 1072 3458 esset,
1119 3390 1215 3446 sed
1260 3393 1466 3449 etiamsi
1511 3405 1775 3465 peccaret,
1806 3400 2069 3457 minueret

481 3483 723 3539 ordinem
758 3484 1136 3540 universitatis.
1170 3483 1440 3540 Inferioris
1482 3486 1642 3543 ofﬁcii
1670 3498 1753 3544 est
1778 3491 1876 3546 ista
1902 3533 1918 3561 ,
1947 3509 2066 3563 qua:

480 3576 848 3631 tantummodo
871 3576 917 3631 si
946 3591 1051 3630 non
1075 3584 1236 3638 esset.
1263 3592 1371 3631 non
1400 3585 1579 3633 autem
1609 3580 1653 3634 si
1676 3591 1939 3650 peccaret,
1967 3584 2065 3639 ali-

476 3666 601 3737 quid
632 3667 809 3721 minus
835 3667 1053 3721 haberet
1074 3666 1410 3723 universitas.
1437 3666 1519 3723 Illi
1562 3668 1685 3724 data
1720 3678 1803 3727 est
1827 3673 2064 3742 potentia

474 3758 649 3813 omnia
695 3756 999 3813 continendi
1048 3756 1224 3812 ofﬁcio
1273 3757 1526 3828 pmprio,
1572 3759 1715 3830 quod
1752 3777 1932 3817 rerum
1977 3779 2066 3818 or-

473 3849 584 3905 dini
627 3848 816 3904 deesse
856 3864 964 3903 non
990 3850 1160 3919 possit
1190 3866 1202 3901 :
1238 3864 1336 3903 nec
1373 3849 1495 3905 ideo
1521 3850 1575 3905 in
1603 3851 1743 3908 bona
1790 3854 2064 3912 voluntate

472 3950 769 4011 permanet,
812 3942 933 4012 quia
962 3939 1065 3995 hoc
1090 3940 1296 4010 accepit
1324 3940 1591 4009 ofﬁcium;
1637 3943 1731 3999 sed
1758 3944 1877 3999 ideo
1905 3961 2061 4003 acce-

468 4033 569 4104 pit,
596 4033 845 4105 quoniam
868 4034 934 4087 ab
961 4032 1051 4088 illo
1077 4033 1166 4102 qui
1186 4032 1331 4088 dedit
1350 4048 1693 4103 permansura
1720 4040 1940 4107 praevisa
1958 4050 2058 4097 est.

471 4124 581 4179 Nec
609 4133 786 4179 tamen
813 4138 907 4177 sua
948 4122 1227 4191 majestate
1262 4124 1499 4179 continet
1522 4127 1721 4193 omnia,
1768 4129 1862 4184 sed
1890 4131 2059 4187 inhae-

471 4213 638 4269 rendo
684 4214 822 4267 illius
846 4212 1126 4283 majestati,
1178 4222 1231 4268 et
1293 4215 1410 4282 ejus
1449 4215 1687 4286 imperiis
1716 4217 2059 4280 dev0tissime

450 4303 909 4374 ‘obtemperando,
927 4318 957 4358 a
987 4317 1090 4373 quo
1111 4312 1162 4359 et
1188 4318 1283 4374 per
1315 4320 1471 4375 quem
1500 4307 1622 4361 etin
1642 4324 1746 4379 quo
1771 4308 1907 4366 facta
1936 4323 2059 4370 sunt

466 4395 663 4452 omnia.
684 4392 817 4450 Huic
832 4402 1008 4449 autem
1032 4395 1209 4449 datum
1243 4405 1327 4451 est
1346 4396 1559 4467 quidem
1584 4413 1688 4453 non
1713 4404 1952 4471 peccanti
1972 4419 2057 4474 po-

467 4486 820 4542 tentissimum
880 4485 1112 4541 officium
1159 4487 1465 4542 continendi
1503 4490 1845 4558 omnia;non
1878 4501 2054 4551 tamen

463 4580 759 4651 proprium,
802 4579 896 4635 sed
949 4595 1070 4635 cum
1101 4581 1207 4646 illa,
1257 4589 1505 4652 tanquam
1538 4584 1590 4639 ei
1630 4600 1751 4657 quae
1772 4598 2052 4657 peccatura

462 4672 781 4743 praecognita
806 4678 906 4726 est.
945 4671 1152 4726 Habent
1185 4687 1314 4729 sane
1348 4674 1640 4745 Spiritualia
1670 4693 1893 4750 quaeque
1916 4682 2052 4737 inter

460 4776 524 4819 se
565 4769 621 4818 et
664 4762 1092 4833 coniunctionem
1126 4764 1243 4819 sine
1290 4766 1525 4835 cumulo,
1550 4776 1621 4838 et
1664 4770 2048 4839 sejunctionem

459 4851 579 4908 sine
599 4852 949 4908 diminutione
977 4870 990 4907 :
1015 4861 1073 4908 ut
1090 4869 1262 4924 neque
1281 4855 1623 4925 adjuvaretur
1639 4860 1725 4913 illa
1748 4862 1798 4915 in
1825 4863 2048 4921 actionis

461 4960 573 5001 sua:
612 4945 883 5013 facilitate,
924 4962 1045 5001 cum
1087 4946 1204 5001 haec
1249 4948 1351 5003 sibi
1397 4950 1841 5022 conjungeretur;
1875 4970 2047 5026 neque

460 5034 726 5093 difﬁcilior
764 5038 839 5092 illi
868 5038 1008 5093 actio
1037 5039 1188 5094 ﬁeret
1212 5081 1227 5106 ,
1255 5039 1302 5094 si
1332 5040 1447 5095 hazc
1476 5041 1707 5099 ofﬁcium
1732 5060 1887 5101 suum
1916 5061 2045 5117 pee-

459 5128 629 5184 cando
656 5128 945 5185 desereret.
975 5129 1091 5185 Non
1131 5132 1271 5185 enim
1304 5131 1436 5187 locis
1476 5143 1531 5189 et
1560 5135 1701 5191 mole
1734 5151 2039 5209 corporum,

456 5220 549 5276 sed
578 5220 845 5292 parilitate
871 5221 1154 5284 affectuum
1177 5222 1346 5295 jungi,
1383 5234 1437 5281 et
1466 5226 1817 5298 disparilitate
1837 5232 2043 5305 sejungi

457 5322 680 5381 possunt
724 5314 1025 5384 spirituales
1068 5326 1327 5371 creatura:
1351 5358 1366 5386 ,
1408 5321 1649 5390 quamvis
1694 5337 1915 5394 corpora
1944 5338 2040 5382 sua

455 5440 679 5499 quaeque
707 5428 1033 5500 possideant.

528 5517 619 5575 54.
645 5520 702 5575 1η
737 5524 1048 5593 corporibus
1077 5533 1253 5581 autem
1284 5525 1623 5586 inferioribus
1657 5538 1815 5603 atque
1838 5540 2039 5590 morta-

517 5695 1007 5776 ‘.F9.i,‘_‘_21_.“‘_‘9l?.‘“8:
1033 5704 1212 5776 ξιυίΡιξε
1242 5706 1356 5776 rari.
1391 5712 1518 5776 μεεε.
1540 5708 1889 5776 sumatur;
1928 5726 2040 5767 nam

453 5755 944 5830 itindecim'melioris
966 5755 1092 5830 notae
1116 5766 1312 5830 habent,
1328 5767 1458 5829 juste
1469 5755 1590 5830 plus:

515 5822 536 5855 ³
559 5820 746 5888 Aliquot
767 5829 875 5875 Mss.
900 5838 928 5873 e
953 5828 1236 5891 potioribus,
1258 5820 1501 5880 ornatura:
1522 5832 1852 5888 unitersitatis.

1503 374 1592 431 DE
1631 375 1882 434 LIBERO
1922 368 2273 449 ARBITRIO,
2318 381 2377 440 S.
2419 386 2789 450 AUGUSTINI

3658 414 3809 472 1288

2204 493 2341 554 libus
2386 513 2507 573 post
2554 518 2826 576 peccatum
2870 514 3046 570 anima
3092 517 3368 587 ordinata,
3419 525 3557 596 regit
3598 541 3799 598 corpus

2204 600 2379 659 suum,
2433 611 2538 651 non
2568 601 2876 659 omnimodo
2922 621 3017 676 pro
3060 609 3316 679 arbitrio,
3344 614 3441 669 sed
3470 616 3605 672 sicut
3648 619 3804 690 leges

2203 683 2564 745 universitatis
2609 692 2811 751 sinunt.
2843 697 2954 755 Nec
3001 702 3121 758 ideo
3148 713 3321 761 tamen
3355 710 3473 764 talis
3500 712 3674 767 anima
3710 716 3801 770 in-

2202 770 2365 830 ferior
2390 789 2472 833 est
2496 796 2721 853 corpore
2751 789 2957 845 caelesti
2984 834 2999 860 ,
3028 794 3110 849 cui
3142 798 3354 867 corpori
3383 802 3544 855 etiam
3570 817 3799 872 corpora

2202 873 2413 926 terrena
2442 875 2678 945 subjecta
2704 890 2849 936 sunt.
2878 883 3121 942 Pannosa
3142 890 3337 960 quippe
3368 895 3530 949 vestis
3558 895 3797 953 damnati

2200 961 2340 1014 servi
2383 964 2548 1019 multo
2576 977 2657 1023 est
2692 970 2915 1029 inferior
2938 986 3088 1033 veste
3126 979 3265 1037 bene
3291 984 3487 1053 meriti,
3531 996 3585 1040 et
3610 986 3665 1041 in
3694 988 3797 1043 bo-

2201 1066 2331 1142 norc
2362 1072 2555 1127 magno
2597 1064 2735 1131 apud
2777 1065 3051 1125 dominum
3081 1076 3380 1141 constituti;
3422 1078 3517 1132 sed
3544 1079 3654 1148 ipse
3677 1096 3794 1136 ser-

2198 1158 2295 1240 vus
2323 1148 2511 1203 melior
2531 1163 2612 1207 est
2632 1157 2866 1224 qualibet
2902 1171 3053 1219 veste
3093 1168 3343 1235 pretiosa,
3365 1170 3489 1240 quia
3513 1170 3671 1227 homo
3687 1182 3786 1230 est.

2194 1235 2289 1293 Illa
2310 1256 2436 1312 ergo
2460 1245 2683 1304 inhaeret
2708 1250 2838 1320 Deo,
2870 1264 2924 1310 et
2949 1256 3000 1311 in
3042 1259 3246 1315 caalesti
3270 1235 3514 1333 corpore,
3545 1267 3781 1335 angelica

2193 1338 2474 1401 potestate,
2504 1340 2663 1394 etiam
2695 1350 2945 1402 terrestre
3004 1364 3197 1419 corpus
3240 1362 3393 1407 ornat
3419 1364 3473 1409 et
3498 1359 3652 1426 regit.
3680 1359 3791 1413 sic-

2191 1429 2249 1475 ut
2291 1423 2442 1493 jubet
2482 1428 2571 1484 ille
2600 1432 2751 1503 cujus
2787 1446 2972 1509 nutum
3010 1440 3244 1497 intuetur
3278 1423 3635 1503 ineffabiliter.
3681 1448 3790 1505 Ista

2189 1526 2319 1569 vero
2346 1521 2658 1578 mortalibus
2678 1528 2932 1585 membris
2961 1542 3199 1600 onerata,
3242 1536 3329 1590 vix
3356 1536 3457 1592 hoc
3481 1539 3649 1608 ipsum
3680 1554 3790 1610 quo

2189 1607 2465 1674 premitur,
2489 1611 2818 1672 administrat
2835 1619 3167 1693 intrinsecus,
3189 1634 3241 1680 et
3267 1634 3441 1682 tamen
3460 1607 3792 1700 ornatquan-

2187 1700 2299 1750 tum
2324 1710 2536 1769 potest:
2566 1715 2755 1762 caetera
2786 1725 2909 1767 vero
2934 1718 3262 1772 extrinsecus
3281 1719 3598 1788 adjacentia,
3626 1721 3785 1791 longe

2204 1788 2494 1850 inﬁrmiore
2540 1802 2850 1867 operatione
2910 1808 3243 1867 extrinsecus
3294 1810 3459 1867 afﬁcit
3508 1814 3645 1868 sicut
3690 1828 3786 1885 ρος

2186 1892 2310 1940 test.

2184 1975 2410 2037 CAPUT
2459 1984 2575 2040 ΧΠ.
2625 2017 2695 2028 -
2736 1989 3045 2050 Gubernatio
3094 1998 3312 2053 uniuersi
3362 2017 3465 2055 non
3496 2002 3784 2057 turbaretur

2395 2077 2591 2133 etiamsi
2611 2084 2846 2154 angelica
2867 2089 3035 2142 omnis
3059 2100 3295 2146 creatura
3320 2106 3566 2163 peccaret.
3783 2084 3793 2093 ’

2254 2164 2342 2219 55.
2374 2165 2526 2224 Unde
2549 2171 2815 2243 colligitur
2840 2192 2945 2231 non
2975 2178 3286 2237 defuturum
3330 2184 3493 2239 fuisse
3536 2196 3780 2243 ornatum

2183 2258 2715 2324 congruentissimum
2738 2264 2931 2322 infimae
2948 2284 3220 2339 corporea:
3240 2283 3499 2329 creaturae
3513 2316 3531 2342 ,
3566 2277 3776 2332 etiamsi

2185 2342 2285 2399 ista
2329 2361 2553 2416 peccare
2596 2353 2871 2412 noluisset.
2923 2359 3183 2427 Quoniam
3230 2381 3349 2434 qua:
3395 2374 3560 2421 totum
3598 2377 3776 2439 potest

2181 2451 2384 2506 regere,
2407 2441 2566 2497 etiam
2593 2456 2796 2515 partem
2827 2451 2991 2521 regit;
3018 2470 3136 2523 qum
3156 2466 3333 2512 autem
3363 2459 3539 2515 minus
3572 2471 3764 2531 potest,

2182 2542 2289 2583 non
2316 2533 2573 2590 continuo
2603 2546 2777 2605 potest
2804 2542 3080 2611 ampliora.
3122 2545 3395 2603 Perfectus
3435 2550 3575 2604 enim
3604 2551 3772 2606 inedi-

2181 2632 2277 2674 cus
2303 2621 2465 2677 etiam
2492 2626 2725 2682 scabiem
2751 2640 2903 2685 sanat
2930 2633 3257 2703 efﬁcaciter;
3286 2646 3343 2695 at
3369 2656 3473 2694 non
3518 2643 3771 2698 continuo

2180 2712 2269 2781 qui
2298 2713 2543 2772 scabiosa
2571 2719 2768 2776 utiliter
2793 2726 3040 2794 consulit,
3072 2729 3331 2785 universa:
3354 2730 3595 2787 humana:
3623 2733 3771 2787 vale-

2180 2802 2350 2858 tudini
2392 2806 2598 2863 mederi
2644 2821 2838 2881 potest.
2871 2815 2939 2870 Et
2966 2818 3101 2873 ratio
3142 2821 3353 2889 quidem
3379 2821 3426 2877 si
3452 2833 3597 2877 certa
3636 2839 3769 2881 con-

2177 2895 2419 2964 spicitur,
2447 2914 2549 2970 qua
2578 2903 2914 2961 manifestum
2941 2908 3033 2963 ﬁat
3075 2925 3194 2966 esse
3219 2914 3517 2983 oportuisse
3555 2925 3769 2971 creatu-

2177 3001 2293 3042 ram
2340 3005 2458 3060 quze
2502 3008 2773 3063 nunquam
2812 3002 3140 3069 peccaverit,
3186 3019 3457 3075 nunquam
3487 3017 3769 3076 peccatum

2176 3079 2267 3145 sit,
2298 3084 2459 3137 etiam
2492 3084 2617 3139 illud
2648 3086 2835 3143 eadem
2860 3092 2998 3147 ratio
3022 3095 3339 3149 renuntiata
3366 3107 3588 3166 peccato
3618 3099 3765 3154 illam

2176 3169 2341 3227 libera
2387 3175 2658 3233 voluntate
2685 3179 2971 3249 abstinere,
3017 3200 3189 3255 neque
3218 3195 3458 3243 coactam
3494 3205 3601 3245 non
3625 3206 3756 3261 pec-

2174 3278 2318 3332 care,
2341 3267 2433 3322 sed
2458 3272 3045 3339 sponteNerumtamen
3074 3279 3280 3335 etiamsi
3303 3292 3548 3350 peccaret
3574 3284 3764 3355 (quan-

2173 3370 2330 3424 quam
2358 3373 2465 3413 non
2492 3363 2727 3430 peccavit
2751 3406 2765 3431 ,
2794 3366 2932 3420 sicut
2967 3381 3083 3422 eam
3112 3384 3215 3424 non
3240 3382 3578 3441 peccaturam
3613 3390 3755 3445 prae-

2172 3444 2327 3501 scivit
2354 3447 2516 3521 Deus)
2543 3467 2555 3503 :
2585 3460 2762 3508 tamen
2793 3455 2836 3507 si
2858 3456 3016 3512 etiam
3047 3458 3157 3528 ipsa
3188 3472 3451 3530 peccaret,
3496 3444 3760 3520 sufﬁceret

2174 3536 2266 3591 Dei
2316 3548 2550 3607 potestas
2594 3543 2873 3602 ineffabilis
2911 3551 3161 3619 potentia
3189 3553 3255 3607 ad
3287 3555 3574 3625 regendam
3603 3558 3758 3613 istam

2169 3629 2600 3699 universitatem,
2629 3644 2688 3689 ut
2725 3638 2972 3694 omnibus
3017 3655 3250 3713 congrua
3280 3654 3333 3699 et
3368 3646 3627 3717 condigna
3656 3664 3748 3704 re-

2170 3721 2431 3789 tribuens,
2461 3724 2591 3778 nihil
2618 3726 2669 3779 in
2697 3735 2809 3782 toto
2849 3728 3076 3799 imperio
3097 3748 3193 3787 suo
3223 3744 3372 3805 turpe
3413 3746 3569 3807 atque
3597 3738 3753 3794 inde-

2168 3828 2353 3870 corum
2398 3832 2516 3871 esse
2547 3820 2895 3887 permitteret.
2927 3823 3060 3889 Quia
3086 3826 3199 3881 sive
3226 3842 3320 3897 per
3344 3829 3516 3884 nullas
3554 3830 3622 3885 ad
3649 3831 3755 3889 hoc

2171 3908 2347 3977 ipsum
2374 3909 2616 3965 conditas
2643 3922 2955 3983 potestates,
2989 3918 3032 3972 si
3079 3920 3252 3974 omnis
3296 3923 3533 3992 angelica
3564 3932 3750 3981 natura

2167 3998 2236 4053 ab
2259 4000 2374 4069 ejus
2400 4002 2679 4072 praaceptis
2706 4007 2981 4073 peccando
3009 4006 3312 4077 defecisset,
3342 4014 3623 4083 majestate
3651 4029 3748 4071 sua

2168 4089 2186 4121 ⁸
2216 4089 2587 4148 decentissime
2628 4102 2785 4165 atque
2818 4098 3017 4167 optime
3043 4112 3251 4171 regeret
3279 4104 3457 4161 omnia
3486 4123 3499 4159 :
3528 4121 3628 4161 nec
3668 4107 3747 4163 sic

2166 4179 2411 4237 invidens
2436 4194 2690 4240 creatura:
2716 4188 2972 4256 spirituali
2999 4198 3051 4245 ut
3078 4202 3250 4257 esset;
3276 4195 3365 4264 qui
3386 4197 3547 4252 etiam
3566 4212 3747 4269 carpo,

2165 4273 2334 4329 ralem
2364 4277 2703 4345 peccantibus
2722 4294 2933 4351 quoque
2957 4282 3318 4353 spiritualibus
3343 4286 3502 4357 longe
3525 4288 3742 4345 inferio-

2166 4379 2301 4429 rem,
2356 4374 2501 4422 tanta
2549 4368 2790 4440 largitate
2816 4371 3067 4428 bonitatis
3105 4375 3349 4445 instituit,
3390 4388 3449 4434 ut
3472 4381 3645 4435 nullus
3672 4383 3743 4438 sit

2161 4456 2356 4511 ccelum
2399 4466 2700 4530 terramque
2741 4463 3124 4520 rationabiliter
3165 4467 3394 4534 intuens,
3446 4485 3738 4543 omnesque

2159 4554 2374 4602 naturas
2399 4548 2640 4605 visibiles
2671 4551 2721 4605 in
2748 4552 2861 4608 suis
2877 4555 3158 4623 generibus
3183 4559 3506 4629 moderatas,
3537 4563 3741 4619 forma-

2157 4646 2258 4705 tas,
2285 4640 2575 4709 ordinatas,
2607 4643 2696 4713 qui
2718 4645 2799 4699 vel
2826 4646 2987 4701 alium
3011 4649 3193 4704 credat
3215 4651 3472 4708 artiﬁcem
3503 4655 3740 4712 omnium

2155 4745 2274 4786 esse
2297 4747 2457 4802 quam
2500 4733 2686 4801 Deum,
2720 4737 2805 4792 vel
2834 4753 2939 4793 non
2980 4754 3100 4795 eum
3137 4741 3476 4801 ineffabiliter
3516 4746 3741 4802 laudan-

2154 4822 2279 4879 dum
2304 4840 2424 4882 esse
2450 4826 2695 4883 fateatur.
2739 4829 2861 4885 Sive
2888 4832 3030 4887 nulla
3058 4843 3141 4889 est
3167 4836 3187 4867 ³
3212 4836 3401 4893 melior
3437 4855 3619 4897 rerum
3648 4856 3736 4897 or-

2151 4913 2369 4981 dinatio,
2422 4917 2523 4971 nisi
2568 4926 2802 4987 potestas
2829 4923 3062 4993 angelica
3106 4936 3308 4982 natura:
3340 4930 3651 4986 excellentia
3685 4942 3733 4987 et

2149 5004 2386 5062 bonitate
2422 5008 2711 5072 voluntatis
2757 5010 2811 5066 in
2860 5013 3208 5085 dispositione
3252 5018 3612 5077 universitatis
3645 5037 3734 5078 su-

2149 5098 2493 5167 peremineat,
2526 5101 2733 5155 etiamsi
2760 5117 2945 5159 omnes
2968 5117 3275 5177 peccassent
3295 5110 3503 5180 Angeli,
3528 5115 3728 5169 nullam

2147 5189 2381 5260 inopiam
2401 5190 2642 5248 facerent
2663 5194 2732 5249 ad
2751 5197 3040 5266 regendum
3072 5200 3354 5270 imperium
3384 5220 3538 5260 suum
3561 5205 3725 5263 Crea-

2147 5281 2250 5336 tori
2273 5282 2619 5353 Angelorum.
2650 5285 2768 5340 Non
2796 5288 2937 5343 enim
2967 5290 3049 5346 vel
3079 5290 3286 5348 bonitas
3310 5296 3426 5365 ejus
3457 5300 3603 5369 quasi
3628 5300 3727 5355 ali-
3782 5350 3785 5357 ί

2146 5388 2251 5444 quo
2277 5375 2457 5443 taedio,
2496 5377 2582 5433 vel
2607 5379 2988 5450 omnipotentia
3030 5382 3344 5442 difﬁcultate
3371 5388 3619 5445 deﬁceret
3654 5392 3724 5447 ad
3784 5379 3796 5442 ἱ

2146 5468 2406 5524 creandos
2431 5469 2587 5537 alios,
2618 5486 2752 5542 quos
2776 5473 2831 5528 in
2866 5474 2946 5529 eis
2990 5475 3203 5531 sedibus
3244 5479 3564 5553 collocaret,
3590 5498 3728 5555 quas

2144 5561 2415 5633 peccando
2453 5562 2543 5618 alii
2592 5563 2981 5634 deseruissent;
3034 5577 3125 5625 aut
3154 5580 3399 5630 creatura
3436 5576 3724 5647 spiritualis

2127 5794 2136 5802 -
2209 5780 2230 5851 ξ
2251 5785 2457 5851 Quatuor
2477 5786 2583 5831 Mss.
2598 5780 2871 5851 defecisset,
2895 5784 2983 5851 sed
3003 5785 3247 5848 majestate
3262 5801 3373 5851 Vsua.
3396 5797 3493 5839 non
3518 5792 3659 5842 male.

2209 5842 2363 5893 ’Lov.
2408 5842 2461 5892 in
2503 5842 2679 5904 textu,‘
2706 5844 2811 5897 sive
2853 5842 2956 5898 uua
2994 5842 3389 5903 existimer.
3416 5854 3732 5917 etMss.SM
