4118 6370
383 285 521 344 1289

376 399 694 472 quantilibet
715 397 918 454 numeri
945 398 985 462 ¹,
1008 397 1052 452 si
1079 411 1180 468 pro
1222 395 1333 450 suis
1361 393 1563 449 meritis
1591 393 1954 457 damnaretur,

375 500 662 562 angustare
679 497 860 561 posset
882 487 1143 554 ordinem,
1173 487 1260 557 qui
1287 485 1664 542 convenienter
1690 491 1746 538 et
1767 482 1958 536 decen-

380 597 462 639 ter
503 584 700 652 excipit
743 596 1103 652 quoscumque
1123 578 1450 634 damnandos
1471 579 1513 631 ³.
1538 577 1876 645 Quacumque
1900 588 1959 628 se

380 677 540 747 igitur
589 675 945 732 consideratio
991 683 1171 730 nostra
1216 671 1578 737 converterit,
1627 667 1959 724 ineffabiliter

381 769 703 825 laudandum
720 767 922 823 invenit
948 768 1112 822 Deum
1136 775 1438 820 naturarum
1457 763 1692 819 omnium
1715 759 1958 816 condito-

301 877 308 880 ·
382 871 494 918 rem
523 860 801 930 Optimum,
828 867 882 914 et
908 856 1391 912 administratorem
1409 854 1780 926 justissimum.

447 944 536 1008 36.
596 952 894 1017 Postremo,
922 959 980 1004 ut
1051 949 1411 1019 relinquamus
1457 944 1956 1015 contemplationem

377 1041 786 1116 pulchritudinis
829 1055 1007 1095 rerum
1038 1040 1102 1095 iis
1131 1039 1220 1109 qui
1268 1053 1386 1094 eam
1431 1037 1606 1092 divino
1637 1048 1854 1089 munere
1877 1033 1956 1085 vi—

378 1138 506 1192 dere
534 1141 773 1206 possunt,
803 1146 901 1187 nec
920 1123 1014 1186 eos
1034 1131 1121 1204 qui
1148 1146 1252 1185 non
1284 1137 1507 1200 possunt
1531 1127 1552 1158 ⁸
1581 1126 1646 1180 ad
1676 1123 1956 1179 ineffabilia

378 1226 678 1282 eontucuda
707 1223 884 1278 verbis
913 1237 1166 1277 conemur
1210 1219 1470 1275 adducere
1493 1259 1506 1283 ,
1538 1224 1594 1273 et
1622 1228 1794 1271 tamen
1837 1230 1959 1284 pro-

377 1319 773 1390 pterloquaccs
821 1303 910 1370 aut
957 1314 1196 1369 infirmos
1243 1320 1339 1366 aut
1391 1310 1673 1364 insidiosos
1715 1307 1957 1362 homines

381 1423 579 1468 tantam
641 1410 989 1482 quaestionem
1033 1405 1343 1462 brevissima
1405 1401 1770 1472 complexione
1839 1414 1958 1469 per-

381 1519 619 1574 agamus.

379 1595 602 1651 CAPUT
629 1593 763 1649 Xlll.
791 1623 860 1633 -—
885 1591 970 1647 Ea:
993 1600 1232 1646 creatura:
1248 1589 1565 1660 corruptione
1585 1595 1629 1639 et
1645 1601 1706 1639 ex
1729 1583 1834 1637 vitii
1850 1584 1958 1652 ejus

622 1687 982 1756 vituperatione
1005 1684 1198 1739 bonitas
1239 1682 1399 1753 ipsius
1424 1679 1714 1736 ostenditur.

450 1781 634 1838 Omnis
672 1789 855 1834 natura
891 1794 1010 1849 quae
1055 1777 1228 1832 minus
1261 1777 1396 1830 bona
1425 1773 1537 1829 fieri
1585 1779 1790 1843 potest,
1823 1770 1957 1822 bona

384 1885 456 1928 est
483 1891 496 1939 ;
518 1883 571 1927 et
597 1871 767 1928 omnis
783 1869 1106 1938 naturadum
1118 1867 1492 1936 corrumpitur,
1514 1865 1692 1918 minus
1711 1864 1845 1917 bona
1880 1859 1958 1913 fit.

383 1969 488 2021 Aut
515 1968 654 2020 enim
681 1980 786 2020 non
811 1965 856 2020 ei
884 1972 1040 2019 nocet
1053 1961 1342 2031 corruptio,
1367 1968 1546 2016 etnon
1574 1954 1955 2024 corrumpitur;

382 2069 467 2112 aut
502 2061 543 2112 si
572 2057 946 2126 corrumpitur,
975 2062 1132 2110 nocet
1169 2053 1217 2110 ei
1268 2051 1538 2122 corruptio
1578 2067 1590 2103 :
1621 2056 1674 2104 et
1696 2048 1740 2102 si
1780 2055 1956 2110 nocet,

383 2150 572 2205 minuit
591 2147 785 2217 aliquid
803 2146 869 2202 de
907 2146 1046 2201 bono
1074 2145 1210 2215 ejus,
1239 2151 1292 2198 et
1315 2158 1431 2198 eam
1460 2141 1636 2195 minus
1663 2139 1853 2194 bonam
1883 2135 1960 2189 fa-

383 2242 476 2296 cit.
509 2241 637 2294 Nam
664 2239 709 2295 si
751 2239 956 2309 penitus
985 2252 1100 2291 eam
1134 2235 1304 2306 privat
1329 2233 1470 2288 omni
1501 2232 1640 2286 bono
1663 2272 1678 2296 ,
1707 2228 1960 2302 quidquid

383 2335 498 2404 ejus
527 2330 835 2396 remanebit,
860 2329 968 2399 jam
997 2327 1265 2396 corrumpi
1306 2341 1412 2380 non
1446 2323 1640 2394 poterit
1659 2338 1674 2388 ;
1693 2321 1813 2391 quia
1845 2320 1960 2374 nul-

385 2425 491 2479 lum
509 2423 609 2479 crit
646 2423 838 2478 bonum
868 2419 1019 2489 cujus
1039 2417 1376 2487 ademptione
1405 2413 1572 2485 possit
1603 2427 1798 2468 nocere
1833 2426 1957 2466 eor-

383 2517 555 2586 ruptio
583 2532 596 2570 :
629 2514 712 2570 cui
741 2523 916 2568 autem
957 2525 1060 2565 non
1091 2516 1266 2580 potest
1290 2521 1480 2562 nocere
1519 2504 1786 2575 corruptio
1809 2544 1824 2568 ,
1857 2518 1960 2558 non

384 2607 759 2676 corrumpitur.
808 2605 974 2659 Porro
1016 2609 1203 2656 natura
1242 2614 1365 2669 qua:
1422 2611 1528 2652 non
1568 2594 1958 2664 corrumpitur,

384 2697 802 2768 iucorruptibilis
857 2704 940 2750 est
981 2711 994 2747 :
1041 2693 1143 2749 erit
1181 2705 1306 2760 ergo
1351 2699 1557 2753 natura,
1609 2686 1749 2757 quod
1775 2686 1960 2740 absur-

385 2791 660 2846 dissimum
709 2796 790 2843 est
831 2786 1008 2842 dicere
1033 2826 1049 2851 ,
1093 2782 1430 2852 corruptione
1474 2781 1606 2834 facta
1649 2777 1964 2845 incorrupti-

387 2885 527 2939 bilis.
554 2882 886 2950 Quapropter
912 2877 1055 2949 quod
1105 2875 1381 2931 verissime
1411 2873 1619 2938 dicitur,
1673 2870 1846 2926 omnis
1881 2886 1965 2924 na-

388 2982 504 3026 tura
527 2972 578 3025 in
604 2979 853 3042 quantum
883 2976 1070 3023 natura
1099 2975 1200 3032 εει,
1223 2965 1357 3019 bona
1385 2975 1497 3019 est:
1517 2963 1635 3032 quia
1663 2962 1706 3015 si
1730 2962 1968 3016 incorru-

391 3062 592 3132 ptibilis
620 3071 729 3135 est,
767 3060 958 3115 melior
980 3066 1062 3114 est
1098 3071 1253 3127 quam
1284 3052 1672 3122 corruptibilis;
1702 3051 1746 3105 si
1789 3060 1965 3105 autem

389 3152 742 3222 corruptibilis
784 3159 866 3205 est
892 3149 1176 3220 ,quoniam
1225 3145 1352 3200 dum
1397 3144 1751 3214 corrumpitur
1794 3141 1968 3196 minus

390 3246 527 3300 bona
568 3245 624 3298 fit
649 3286 661 3309 ,
711 3244 828 3298 sine
868 3241 1195 3296 dubitatione
1246 3239 1383 3295 bona
1419 3245 1519 3291 est.
1554 3235 1740 3290 Omnis
1792 3243 1967 3288 autem

394 3345 576 3390 natura
604 3343 694 3388 aut
719 3331 1075 3402 corruptibilis
1101 3338 1183 3384 est
1205 3371 1219 3396 ,
1250 3339 1340 3382 aut
1368 3325 1807 3396 incorruptibilis.
1838 3323 1968 3380 Om—

396 3425 479 3479 nis
500 3440 628 3494 ergo
645 3432 828 3477 natura
851 3421 985 3475 bona
1012 3430 1094 3475 est
1121 3437 1134 3472 :
1162 3430 1402 3474 naturam
1435 3432 1566 3472 voco
1594 3432 1712 3486 qua:
1744 3426 1798 3470 ct
1839 3415 1968 3470 sub-

394 3516 587 3571 stantia
605 3515 705 3570 dici
722 3515 877 3568 solet.
893 3512 1078 3568 Omnis
1104 3511 1260 3581 igitur
1284 3509 1574 3565 substantia
1594 3517 1684 3562 aut
1703 3508 1860 3569 Deus.
1881 3515 1973 3561 aut

394 3622 458 3660 ex
487 3607 628 3672 Deo;
655 3606 776 3675 quia
818 3618 975 3659 omne
1001 3603 1196 3656 bonum
1245 3609 1336 3655 aut
1365 3601 1524 3662 Deus,
1554 3609 1643 3653 aut
1676 3614 1740 3653 ex
1771 3600 1898 3653 Deo.

467 3701 556 3754 '57.
603 3698 804 3766 Quibus
849 3694 1152 3751 constitutis
1193 3702 1352 3763 atque
1381 3691 1602 3746 firmatis
1645 3700 1890 3761 tanquam
1919 3690 1971 3743 in

399 3790 571 3859 capite
625 3787 1042 3842 ratiocinationis
1089 3793 1288 3840 nostrte
1313 3823 1329 3850 ,
1359 3783 1572 3838 attende
1611 3781 1737 3852 quid
1778 3781 1971 3835 dicam.

399 3880 582 3934 Omnis
607 3889 793 3934 natura
815 3878 1104 3941 rationalis,
1133 3891 1253 3931 cum
1276 3875 1441 3930 libero
1463 3874 1744 3930 voluntatis
1757 3872 1976 3928 arbitrio

401 3970 633 4034 condita,
659 3969 703 4022 si
733 3975 912 4022 manet
940 3966 991 4020 in
1016 3965 1239 4021 fruendo
1265 3980 1472 4020 summo
1495 3974 1651 4035 atque
1679 3967 1974 4018 incommu-

403 4062 547 4116 tabili
581 4060 719 4114 bono
738 4101 752 4125 ,
779 4057 962 4128 procul
981 4057 1142 4112 dubio
1162 4055 1420 4112 laudanda
1444 4064 1558 4121 est;
1587 4064 1640 4111 et
1659 4056 1831 4111 omnis
1859 4071 1978 4124 qua:

407 4144 575 4207 tendit
603 4160 660 4205 ut
689 4158 921 4212 maneat,
942 4149 1103 4203 etiam
1130 4146 1241 4216 ipsa
1267 4145 1527 4201 laudanda
1549 4154 1631 4200 est
1652 4163 1664 4198 :
1683 4146 1857 4200 omnis
1885 4161 1978 4200 au-

406 4257 510 4300 tem
541 4259 659 4313 qua:
686 4256 790 4297 non
817 4243 869 4295 in
896 4254 960 4295 eo
990 4246 1188 4304 manet,
1214 4245 1269 4292 et
1305 4251 1410 4290 non
1448 4237 1559 4290 vult
1585 4250 1742 4306 agere
1780 4246 1836 4289 ut
1863 4251 1977 4290 ma-

407 4346 551 4404 neat,
579 4337 629 4390 in
649 4342 900 4404 quantum
922 4332 994 4386 ibi
1012 4345 1116 4385 non
1143 4339 1244 4394 est,
1267 4329 1392 4383 etin
1408 4336 1656 4398 quantum
1680 4342 1784 4382 non
1804 4327 1854 4382 id
1872 4328 1980 4397 agit

411 4443 467 4487 ut
495 4432 568 4486 ibi
599 4431 686 4496 sit,
709 4423 1056 4498 vituperanda
1078 4433 1177 4479 est.
1207 4422 1262 4478 Si
1289 4437 1416 4490 ergo
1437 4420 1679 4475 laudatur
1709 4420 1981 4474 rationalis

409 4533 604 4577 natura
633 4537 750 4591 qua:
789 4527 870 4573 est
898 4518 1054 4581 facta,
1087 4530 1244 4571 nemo
1267 4513 1470 4568 dubitat
1499 4510 1821 4566 laudandum
1863 4525 1982 4565 esse

413 4614 503 4683 qui
531 4614 688 4677 lecit;
717 4621 770 4666 et
793 4614 838 4665 si
867 4612 1209 4678 vituperatur,
1239 4619 1396 4660 nemo
1427 4603 1630 4658 dubitat
1659 4604 1772 4672 ejus
1791 4600 1984 4657 Condi—

412 4717 584 4760 torem
616 4705 668 4757 in
712 4703 823 4771 ipsa
860 4701 975 4771 ejus
1003 4698 1387 4768 vituperatione
1412 4695 1633 4751 laudari.
1662 4692 1793 4749 Cum
1840 4695 1982 4749 enim

414 4805 700 4867 prepterca
729 4794 1089 4862 vituperamus
1116 4790 1250 4843 hanc
1269 4829 1284 4855 ,
1315 4789 1564 4858 quoniam
1596 4802 1803 4841 summo
1823 4795 1876 4840 et
1899 4785 1982 4841 in-

414 4885 777 4944 commutabili
802 4884 962 4948 bono,
993 4882 1044 4937 id
1073 4890 1155 4937 est
1192 4880 1445 4936 Creatore
1468 4894 1565 4934 suo
1594 4877 1698 4933 frui
1725 4895 1830 4934 non
1852 4877 1982 4946 vult,

410 5017 546 5072 nulla
578 5025 680 5078 est;
703 5025 812 5080 qua:
834 5016 983 5067 lectio
1007 5013 1300 5080 ineditione
1333 5019 1447 5080 nov.
1477 5011 1536 5080 ad
1568 5011 1840 5080 marginem
1861 5011 1988 5080 haud

411 5071 550 5135 recte
571 5071 756 5142 rejécta
778 5087 882 5142 est,
895 5089 1004 5126 cum
1026 5076 1308 5142 disjunctiva
1330 5073 1560 5142 particula
1581 5071 1697 5142 sive,
1709 5072 1989 5142 indiceth‘oc

413 5131 821 5194 esse—membrum
843 5131 1050 5189 alterum
1070 5131 1344 5199 oppositum
1362 5134 1616 5198 superiori,
1632 5131 1727 5183 sive
1738 5145 1822 5195 per
1833 5131 1990 5184 nullas

411 5207 477 5256 ad
501 5206 589 5254 hoc
599 5204 773 5256 ipsum.

478 5217 589 5315 t'iif
599 5217 846 5314 mallius
875 5261 1089 5322 quinque
1122 5259 1328 5309 vetustis
1358 5269 1451 5308 nec
1471 5255 1733 5307 deterioris
1754 5261 1880 5305 uota:
1902 5256 1989 5305 ha-

411 5329 574 5388 betur,
601 5323 877 5390 quantilibet
893 5319 1123 5371 numeris.

476 5379 496 5423 ί
521 5379 593 5437 Er.
613 5379 672 5448 ἐι
694 5393 822 5444 Lov.,
846 5393 1160 5448 quoscumque
1184 5379 1480 5448 dmmtmdos
1523 5379 1708 5448 multos.
1734 5379 1994 5448 Emungi-

412 5464 521 5561 anus
540 5447 730 5509 multos,
757 5441 872 5510 quia
891 5441 1146 5504 redundat,
1169 5443 1410 5506 abestque
1431 5454 1460 5491 a
1483 5441 1590 5490 Bad.
1616 5448 1669 5490 et
1688 5450 1716 5487 a
1854 5441 1993 5503 quin-

447 5527 588 5561 ectm.

447 5527 588 5564 CCII“.

478 5561 638 5622 inditi
663 5577 715 5620 et
735 5575 842 5619 Mss.
869 5567 1092 5630 plerique
1127 5573 1293 5615 carent
1328 5566 1433 5616 istis
1454 5564 1618 5630 verbis
1634 5600 1648 5624 ,
1673 5561 1755 5630 qui
1777 5574 1869 5612 non
1891 5576 1994 5630 pos-

413 5642 518 5683 sunt
559 5647 668 5695 quae
690 5631 785 5695 huc
816 5625 1085 5695 revocanda
1108 5630 1379 5690 putavimus
1402 5639 1433 5677 e
1455 5628 1619 5677 codice
1644 5625 1803 5676 altero
1823 5625 1994 5676 Sorbe-

417 5698 522 5747 nico
543 5687 593 5748 εἰ
617 5708 680 5745 ex
704 5687 811 5744 aliis
831 5691 1035 5742 duobus.

691 5777 915 5842 Saucr.
951 5775 1224 5836 Anausr.
1253 5774 1303 5834 ι.

1701 276 1898 331 LIBER
1939 273 2253 330 TERTIUS.

3495 280 3630 336 1290

2063 390 2212 444 illum
2256 392 2372 448 sine
2398 391 2500 446 ulla
2528 393 2852 448 dubitatione
2883 395 3175 449 laudamus.
3220 396 3481 464 Quantum
3509 414 3634 468 ergo

2063 482 2280 548 bonum,
2308 495 2361 539 et
2383 499 2540 555 quam
2567 486 2651 542 vel
2680 485 3014 542 incfl‘abilitcr
3041 487 3232 558 linguis
3260 489 3523 556 omnibus,
3551 485 3636 544 vel

2063 573 2401 630 ineffabiliter
2449 575 2854 645 cogitationibus
2899 575 3144 632 omnibus
3189 579 3554 647 pra-dicandus
3583 591 3638 634 ct

2063 663 2402 722 honorandus
2449 677 2532 722 est
2579 678 2790 723 creator
2841 669 3076 723 omnium
3116 669 3275 734 Deus,
3330 671 3442 722 sine
3486 673 3638 739 cujus

2063 754 2216 810 laude
2267 773 2366 812 nec
2420 757 2621 812 laudari
2675 773 2974 828 possumus,
3027 775 3126 815 nec
3165 761 3476 831 vituperari!
3519 761 3634 817 Non

2060 844 2203 927 enim
2234 846 2520 916 vituperari
2555 864 2847 918 possumus
2885 851 3004 920 quia
3036 851 3087 904 in
3112 866 3177 906 co
3204 867 3306 905 non
3340 867 3633 917 manemus,

2063 935 2163 989 nisi
2203 937 2322 1006 quia
2354 954 2600 1009 magnum
2645 949 2697 994 et
2737 956 3000 996 summum
3047 951 3102 996 et
3130 943 3352 1012 primum
3401 953 3635 998 nostrum

2061 1025 2256 1081 bonum
2281 1038 2362 1083 εει
2389 1045 2607 1086 manere
2639 1031 2688 1085 iu
2713 1027 2804 1084 illo
2835 1048 2847 1084 :
2881 1031 3023 1087 unde
3046 1042 3222 1088 autem
3248 1033 3368 1098 hoc,
3392 1033 3491 1087 nisi
3515 1032 3636 1104 quia

2063 1117 2149 1171 ille
2179 1118 2441 1176 ineflabile
2463 1122 2656 1176 bonum
2682 1123 2801 1178 est?
2824 1124 2957 1190 Quid
2975 1139 3101 1195 ergo
3135 1126 3356 1180 inveniri
3386 1137 3556 1196 potest
3583 1127 3634 1181 in

2062 1211 2257 1263 nostris
2275 1215 2504 1282 peccatis
2521 1214 2656 1268 unde
2674 1215 2761 1270 ille
2780 1215 3128 1284 vituperetur,
3148 1216 3354 1287 quando
3368 1217 3475 1272 vitu
3485 1233 3639 1286 pera-

2063 1301 2137 1354 tio
2156 1312 2485 1370 peccatorum
2501 1311 2798 1360 nostrorum
2824 1307 2966 1360 nulla
2980 1315 3081 1371 est,
3112 1308 3212 1361 nisi
3239 1308 3326 1362 ille
3352 1307 3634 1362 laudetur?

2133 1389 2219 1445 '58.
2250 1391 2406 1460 Quid,
2440 1395 2577 1463 quod
2607 1396 2764 1450 etiam
2789 1396 2839 1450 in
2867 1395 2994 1466 ipsis
3012 1398 3170 1452 rebus
3189 1413 3308 1468 qua:
3335 1399 3638 1468 vituperan-

2063 1489 2166 1546 tur,
2215 1483 2413 1537 nullius
2460 1485 2788 1555 vituperatur
2819 1481 2928 1542 nisi
2977 1487 3199 1541 vitium?
3227 1486 3432 1541 Nullius
3460 1497 3634 1541 autem

2061 1571 2389 1641 vituperatur
2422 1575 2630 1642 vitium,
2676 1571 2776 1630 nisi
2808 1577 2960 1646 cujus
2991 1585 3174 1631 natura
3217 1577 3477 1631 laudatur.
3530 1579 3637 1632 Aut

2063 1664 2207 1717 enim
2235 1665 2522 1719 secundum
2558 1675 2799 1722 naturam
2841 1677 2923 1722 cst
2951 1668 3091 1738 quod
3118 1668 3384 1737 vituperas
3409 1686 3422 1735 ;
3450 1681 3502 1723 et
3532 1677 3636 1723 non

2061 1763 2143 1809 est
2168 1757 2348 1811 vitium
2374 1799 2385 1819 ,
2419 1766 2580 1827 tuque
2606 1761 2773 1828 magis
2797 1759 3160 1815 emendandus
3185 1769 3244 1815 es
3265 1800 3280 1826 ,
3307 1769 3364 1814 ut
3391 1769 3531 1815 recte
3559 1764 3637 1814 vi—

2063 1855 2306 1916 tuperare
2324 1850 2552 1914 noveris,
2575 1864 2731 1920 quam
2755 1849 2880 1903 illud
2906 1849 3043 1920 quod
3056 1865 3161 1904 non
3184 1862 3326 1905 recte
3343 1851 3635 1920 vituperas;

2061 1947 2152 1994 aut
2179 1940 2224 1994 si
2263 1940 2445 1995 vitium
2489 1951 2608 2002 est,
2654 1951 2709 1995 ut
2747 1945 2890 1996 recte
2931 1941 3215 2010 vituperari
3255 1943 3454 2011 possit,
3479 1943 3637 1998 etiam

2062 2041 2248 2088 contra
2276 2043 2516 2089 naturam
2544 2034 2611 2088 sit
2638 2041 2857 2090 necesse
2881 2042 2981 2090 est.
3011 2034 3179 2089 Omne
3203 2034 3396 2104 quippe
3431 2035 3636 2100 vitium,

2061 2127 2126 2179 eo
2153 2124 2266 2192 ipso
2291 2138 2396 2194 quo
2423 2124 2607 2180 vitium
2632 2135 2742 2190 est,
2770 2134 2953 2180 contra
2997 2131 3235 2180 naturam
3265 2132 3367 2180 cst.
3400 2123 3454 2180 Si
3495 2125 3638 2179 cnim

2061 2215 2264 2271 natura:
2289 2231 2392 2271 non
2420 2225 2595 2280 nocet,
2621 2231 2720 2271 nec
2746 2216 2924 2271 vitium
2944 2216 3114 2279 est;si
3141 2223 3315 2272 autem
3339 2216 3458 2285 quia
3487 2225 3642 2270 nocet

2063 2307 2184 2364 ideo
2211 2308 2394 2364 vitium
2423 2319 2537 2375 εει,
2568 2308 2687 2364 ideo
2718 2309 2898 2363 vitium
2926 2319 3009 2363 est
3037 2309 3156 2379 quia
3186 2315 3369 2362 contra
3401 2318 3639 2361 naturam

2063 2407 2168 2455 est.
2212 2398 2364 2468 Quod
2393 2399 2435 2454 si
2466 2415 2570 2454 non
2601 2413 2718 2466 suo,
2745 2399 2838 2452 sed
2877 2399 3050 2454 alieno
3075 2398 3203 2453 vitio
3237 2397 3408 2467 aliqua
3453 2405 3638 2452 natura

2063 2490 2440 2560 corrumpitur,
2487 2489 2677 2560 injuste
2706 2491 3052 2561 vituperatur,
3100 2496 3152 2543 ct
3192 2489 3532 2558 quaerendum
3559 2499 3642 2542 est

2065 2589 2240 2636 utrum
2273 2581 2361 2635 illa
2393 2591 2578 2636 natura
2604 2596 2708 2636 non
2737 2590 3105 2650 corrumpatur
3151 2580 3278 2634 vitio
3321 2593 3438 2643 suo,
3486 2579 3637 2648 cujus

2065 2673 2193 2728 vitio
2243 2675 2412 2742 potuit
2451 2671 2621 2728 aliena
2671 2680 2856 2728 natura
2895 2672 3186 2741 corrumpi.
3229 2669 3335 2727 Sed
3377 2668 3505 2741 quid
3558 2679 3641 2724 est

2066 2759 2207 2817 aliud
2243 2762 2448 2830 vitiari,
2477 2761 2578 2816 nisi
2603 2761 2730 2816 vitio
2770 2761 3079 2830 corrumpi?
3123 2761 3288 2815 Porro
3315 2768 3496 2813 natura
3519 2774 3641 2829 qua:

2066 2869 2173 2908 non
2204 2853 2454 2917 vitiatur,
2481 2861 2627 2907 caret
2655 2852 2782 2906 vitio
2833 2868 2846 2905 :
2893 2850 3042 2921 cujus
3084 2862 3260 2905 autem
3301 2850 3426 2904 vitio
3472 2851 3642 2904 aliena

2068 2951 2253 3000 natura
2279 2943 2636 3014 corrumpitur
2657 2982 2672 3007 ,
2701 2940 2858 2997 habet
2883 2942 3060 3010 utique
3087 2940 3290 2994 vitium.
3325 2939 3473 2993 l’rior
3519 2950 3646 3009 ergo

2069 3029 2256 3090 vitiosa
2285 3043 2385 3101 est,
2409 3043 2460 3089 et
2488 3034 2630 3103 prior
2682 3031 3038 3102 corrumpitur
3078 3031 3207 3085 vitio
3251 3045 3369 3095 suo,
3395 3028 3544 3099 cujus
3569 3031 3646 3082 vi-

2070 3130 2145 3182 tio
2173 3127 2275 3181 alia
2314 3142 2523 3197 quoque
2561 3125 2829 3194 corrumpi
2873 3131 3066 3194 potest.
3099 3123 3175 3177 Ex
3216 3135 3318 3193 quo
3361 3122 3644 3192 colligitur,

2071 3225 2254 3273 contra
2280 3227 2519 3271 naturam
2547 3231 2666 3271 esse
2695 3231 2852 3270 omne
2880 3215 3081 3280 vitium,
3105 3215 3265 3270 etiam
3293 3215 3408 3283 ejus
3431 3215 3509 3268 rei
3543 3231 3642 3267 cu-

2068 3309 2154 3378 jus
2180 3316 2262 3362 est
2289 3308 2493 3360 vitium.
2534 3306 2867 3376 Quapropter
2889 3346 2904 3370 ,
2937 3305 3184 3375 quoniam
3237 3303 3290 3358 in
3320 3317 3652 3374 quacumque

2074 3415 2130 3454 re
2155 3414 2260 3453 non
2289 3399 2617 3468 vituperatur
2640 3397 2743 3452 nisi
2770 3397 2977 3462 vitium,
2997 3397 3116 3450 ideo
3136 3403 3312 3450 autem
3341 3395 3521 3448 vitium
3545 3404 3648 3460 est,

2075 3492 2195 3562 quia
2225 3501 2407 3545 contra
2438 3499 2678 3544 naturam
2725 3489 2842 3558 ejus
2879 3488 2954 3543 rei
2999 3495 3081 3542 εει
3116 3486 3268 3556 cujus
3307 3494 3390 3540 cst
3429 3487 3648 3550 vitium,

2077 3582 2272 3637 nullius
2320 3582 2394 3636 rei
2430 3589 2575 3635 recte
2617 3580 2945 3649 vituperatur
2971 3578 3192 3642 vitium,
3236 3578 3336 3632 nisi
3379 3578 3530 3647 cujus
3560 3595 3653 3631 na-

2078 3680 2196 3728 tura
2227 3672 2487 3726 laudatur.
2515 3670 2632 3726 Non
2659 3671 2800 3725 enim
2826 3669 2920 3724 tibi
2945 3679 3089 3724 recte
3137 3667 3190 3722 in
3216 3668 3343 3722 vitio
3385 3668 3649 3737 displicet,

2079 3765 2179 3821 nisi
2210 3765 2330 3836 quia
2360 3764 2506 3817 vitiat
2533 3761 2674 3832 quod
2705 3762 2756 3816 in
2787 3769 2972 3816 natura
3005 3759 3193 3829 placet.

2079 3853 2302 3910 CAPUT
2365 3851 2502 3907 XIV.
2543 3881 2614 3891 —
2651 3850 2773 3905 Non
2809 3851 2970 3905 omnis
3008 3850 3262 3920 corruptio
3299 3849 3656 3920 vituperatione

2725 3941 2880 4013 digna
2917 3950 3009 3995 est.

2149 4032 2239 4088 59.
2269 4031 2564 4088 Videndum
2594 4038 2676 4086 est
2708 4031 2866 4086 etiam
2904 4027 3031 4085 illud
3051 4070 3065 4095 ,
3093 4039 3269 4084 utrum
3300 4043 3423 4084 vere
3452 4028 3655 4083 dicatur

2081 4125 2312 4196 aliquam
2342 4133 2578 4178 naturam
2603 4133 2802 4177 natum
2821 4122 3037 4178 alterius
3057 4121 3183 4175 vitio
3201 4119 3489 4189 corrumpi,
3516 4120 3657 4174 nullo

2084 4216 2332 4286 adjuncto
2359 4214 2486 4269 vitio
2511 4229 2626 4268 suo.
2656 4211 2712 4268 Si
2740 4211 2882 4267 enim
2923 4219 3106 4265 natura
3140 4225 3258 4280 qua":
3295 4209 3501 4264 accedit
3536 4224 3657 4262 cum

2082 4307 2214 4361 vitio
2239 4321 2334 4360 suo
2359 4304 2426 4359 ad
2449 4305 2605 4358 aliam
2631 4302 3090 4371 corrumpendam,
3117 4315 3223 4356 non
3244 4300 3295 4355 in
3317 4315 3378 4355 ea
3398 4300 3660 4368 corrupti-

2084 4397 2190 4450 bile
2213 4394 2408 4463 aliquid
2435 4393 2652 4455 invenit,
2682 4406 2787 4444 non
2812 4406 2926 4444 eam
2957 4389 3266 4458 corrumpit.
3293 4389 3349 4444 Si
3378 4397 3553 4442 autem
3583 4389 3661 4442 in-

2084 4487 2248 4552 venit,
2275 4485 2522 4555 adjuncto
2545 4483 2659 4552 ejus
2683 4483 2810 4536 vitio
2835 4482 3226 4551 corruptionem
3249 4481 3364 4550 ejus
3387 4488 3658 4551 operatur.

2086 4575 2357 4632 Potentior
2384 4574 2526 4628 enim
2556 4573 2624 4627 ab
2651 4571 2942 4627 infirmiore
2970 4571 3015 4624 si
3043 4571 3310 4639 corrumpi
3348 4571 3513 4635 nolit,
3555 4586 3662 4624 non

2085 4667 2480 4738 corrumpitur:
2512 4665 2557 4720 si
2593 4672 2769 4720 autem
2809 4663 2963 4729 velit,
3000 4662 3145 4732 prius
3184 4661 3363 4731 incipit
3399 4673 3497 4715 suo
3535 4661 3663 4714 vitio

2086 4759 2355 4828 corrumpi
2408 4771 2566 4828 quam
2619 4756 2814 4810 alieno.
2858 4752 3098 4823 Equalis
3143 4762 3316 4808 autem
3362 4751 3428 4805 ab
3473 4750 3664 4820 arquali

2087 4850 2432 4910 nihilominus
2459 4849 2506 4903 si
2533 4843 2800 4916 corrumpi
2831 4845 2982 4912 nolit,
3013 4857 3119 4898 non
3146 4850 3336 4912 potest.
3365 4841 3494 4895 Nam
3521 4856 3667 4910 qum-

2090 4958 2316 5014 cumque
2350 4950 2537 4996 natura
2566 4954 2686 4994 cum
2715 4939 2844 4991 vitio
2869 4935 2934 4989 ad
2962 4943 3077 4988 eam
3105 4950 3224 5004 quae
3250 4935 3364 4987 sine
3390 4933 3517 4986 vitio
3537 4942 3661 4999 est,

2090 5041 2149 5089 ut
2184 5041 2489 5102 corrumpat
2526 5027 2766 5094 accedit,
2799 5042 2864 5080 eo
2901 5025 3016 5094 ipso
3049 5039 3153 5078 non
3187 5023 3393 5077 accedit
3426 5022 3662 5092 mqualis,

2090 5125 2183 5181 sed
2210 5123 2468 5179 infirmior
2495 5121 2620 5174 vitio
2649 5131 2764 5173 suo.
2787 5117 2842 5172 Si
2864 5129 2992 5170 vero
3017 5115 3280 5184 potentior
3303 5113 3668 5168 invalidiorcm

2090 5215 2413 5284 corrumpit,
2441 5219 2532 5266 aut
2560 5212 2832 5278 utriusque
2856 5207 2984 5261 vitio
3013 5207 3100 5269 fit,
3131 5207 3180 5260 si
3204 5206 3474 5274 utriusque
3507 5219 3668 5274 prava

2093 5306 2382 5378 cupiditate
2413 5306 2504 5370 fit;
2536 5311 2618 5357 aut
2652 5301 2780 5356 vitio
2818 5291 3129 5370 potentioris
3150 5341 3165 5365 ,
3206 5298 3250 5352 si
3289 5305 3487 5350 naturae
3524 5305 3668 5350 tanta

2093 5395 2397 5469 praestantia
2424 5401 2524 5459 est,
2555 5402 2608 5448 ut
2637 5390 2936 5446 inferiorem
2963 5404 3120 5461 quam
3159 5387 3479 5457 corrumpit,
3510 5386 3668 5440 etiam

2096 5489 2284 5544 vitiosa
2307 5485 2589 5558 praecedat.
2604 5483 2731 5551 Quis
2751 5483 2892 5538 enim
2911 5489 3055 5536 recte
3073 5477 3447 5548 vituperaverit
3469 5476 3670 5531 fructus

2096 5590 2254 5636 terra:
2273 5619 2288 5644 ,
2315 5576 2453 5649 quod
2481 5575 2720 5630 homines
2745 5576 2822 5629 eis
2846 5588 2950 5628 nou
2980 5580 3192 5628 utantur
3219 5571 3350 5623 bene
3369 5609 3385 5635 ,
3412 5568 3670 5637 corrupti:

2097 5690 2203 5746 que
2229 5674 2356 5729 vitio
2380 5685 2496 5740 suo,
2523 5672 2862 5736 corrumpant
2887 5679 2979 5718 eos
3003 5661 3267 5717 abutendo
3287 5660 3352 5715 ad
3380 5660 3670 5724 luxuriam;

2772 5757 3337 5838 {Quarante-mte.)
