4118 6370
505 296 632 354 ιεξθι

498 424 620 465 cum
652 415 826 462 utmcu
854 407 1092 463 dubitare
1122 405 1382 463 dementis
1419 407 1486 460 sit
1527 405 1945 474 prmstautiorem
1983 419 2076 473 pn—

498 503 885 572 tcntioremqne
922 517 1040 555 esse
1081 500 1307 554 hominis
1336 509 1576 554 naturam
1615 499 1775 554 etiam
1807 498 2072 566 vitiosam,

496 611 653 666 quam
685 608 787 647 non
817 593 944 646 vitio
973 609 1032 648 as
1061 608 1292 662 quasque
1321 591 1532 662 fruges?

571 687 660 741 40.
688 687 868 740 Potest
898 685 1055 738 etiam
1085 683 1196 736 fieri
1225 691 1282 735 ttt
1307 683 1532 750 aliquam
1553 679 1850 734 inferiorem
1884 687 2072 748 poten-

501 779 601 832 tior
623 785 806 830 natura
829 780 1149 842 corrumpat,
1177 781 1231 828 ct
1257 773 1358 826 hoc
1384 773 1576 826 nullius
1595 785 1776 826 earum
1803 771 1927 824 vitio
1950 769 2069 824 fiat:

497 869 757 939 siquidem
786 867 965 921 vitium
993 867 1214 920 dicimus
1233 907 1247 930 ,
1279 865 1418 935 quod
1449 865 1830 934 vituperatione
1855 864 2070 933 dignum

491 973 594 1016 est.
626 961 757 1026 Quis
784 968 957 1012 autem
988 957 1071 1012 vel
1092 947 1352 1028 frugalem
1385 955 1649 1010 hominem
1680 953 1806 1008 nihil
1835 947 1974 1008 aliud
2005 953 2070 1010 de

505 1053 766 1122 frugibus,
781 1065 935 1120 quam
965 1049 1328 1119 supplementa
1345 1055 1548 1100 natura:
1572 1048 1586 1077 ¹
1607 1047 1970 1116 ᾳιιπετὶιιιιιιοιιι
1985 1043 2066 1098 vi-

491 1152 737 1212 tuperare
761 1140 970 1202 audeat,
999 1149 1087 1193 aut
1106 1137 1321 1194 easdem
1343 1137 1520 1208 fruges
1543 1137 1681 1207 quod
1705 1151 1800 1189 usu
1828 1136 2066 1220 ciborum

489 1237 606 1305 ejus
640 1235 1083 1304 corrumpantur?
1108 1233 1251 1287 Talis
1284 1233 1423 1288 enim
1451 1246 1550 1289 nec
1579 1231 1767 1285 usitate
1800 1229 2068 1298 corruptio

490 1325 702 1392 dicitur,
729 1326 848 1395 quia
879 1327 1108 1378 maxime
1129 1325 1237 1377 vitii
1261 1339 1453 1377 nomen
1475 1322 1608 1377 solet
1633 1337 1750 1376 esse
1775 1321 2062 1388 corruptio.

486 1417 617 1472 Nam
641 1425 696 1472 et
721 1417 844 1472 illud
877 1418 929 1470 i‘n
957 1411 1117 1470 rebus
1149 1415 1299 1470 facile
1329 1413 1670 1468 animadVerti
1705 1421 1893 1481 potest,
1924 1407 2064 1482 quod

489 1508 797 1576 plerumque
831 1511 882 1560 in
919 1507 1089 1560 nullos
1127 1521 1250 1560 usus
1271 1507 1291 1536 ’
1317 1504 1590 1574 explendae
1627 1503 1924 1574 indigentiae
1954 1519 2063 1557 sua:

485 1608 669 1652 natura
712 1600 976 1669 potentior
1020 1597 1323 1654 inferiorem
1367 1597 1685 1666 corrumpit,
1729 1597 1808 1649 \el
1847 1595 2064 1663 just’itite

483 1689 668 1744 ordine
695 1689 819 1742 dum
851 1689 1080 1742 vindicat
1107 1687 1353 1758 cuipam;
1385 1696 1457 1741 ex
1492 1701 1594 1756 qua
1628 1687 1803 1754 regula
1833 1685 1956 1738 illud
1984 1686 2064 1738 di-

480 1793 626 1836 ctum
653 1789 732 1834 est
755 1779 823 1834 ab
851 1780 1102 1848 Apostulo
1121 1819 1135 1843 ,
1161 1779 1220 1832 Si
1249 1779 1356 1848 quis
1385 1778 1624 1846 templum
1647 1773 1742 1828 Dei
1761 1775 2058 1845 corruperit,

485 1884 769 1944 corrumpet
799 1873 940 1925 illum
974 1871 1104 1924 Deus
1131 1872 1176 1940 (Ι
1211 1869 1326 1926 Con.
1357 1887 1437 1934 Ill,
1473 1863 1594 1938 17):
1622 1869 1699 1921 vel
1730 1869 1913 1921 ordine
1939 1885 2056 1922 mtt-

481 1957 934 2021 tabilium‘rerttm
965 1966 1062 2018 sibi
1091 1965 1390 2018 cedentium
1429 1963 1715 2016 secundum
1755 1963 1896 2031 leges
1933 1978 2060 2016 con-

478 2058 878 2126 gruentissimas
900 2071 996 2126 pro
1019 2056 1242 2110 valentia
1267 2055 1521 2124 cujusque
1549 2054 1710 2122 partis
1733 2052 2058 2107 universitati

477 2147 647 2204 datas.
689 2148 869 2217 Neque
907 2148 1046 2201 enim
1086 2147 1128 2200 si
1161 2147 1471 2214 cujusquam
1509 2145 1694 2200 oculos
1725 2159 1822 2213 pro
1857 2153 2056 2198 natura:

475 2255 587 2294 snze
626 2239 840 2293 modulo
881 2237 1116 2292 ferenda:
1153 2235 1286 2290 lucis
1318 2235 1575 2289 invalidos
1605 2235 1684 2288 sol
1712 2233 1912 2304 fulgore
1940 2245 2057 2288 cor-

474 2337 702 2396 rumpat,
727 2337 818 2382 aut
837 2328 900 2380 ad
923 2327 1236 2396 explendam
1263 2325 1600 2394 indigentiam
1624 2325 1704 2378 sui
1729 2325 1940 2378 luminis
1963 2339 2056 2380 eos

471 2431 798 2476 commutare
826 2420 1085 2489 puutndus
1113 2427 1214 2482 est,
1245 2427 1334 2472 aut
1359 2417 1406 2471 id
1437 2417 1608 2471 facere
1635 2417 1741 2470 ullo
1771 2417 1894 2469 vitio
1923 2431 2052 2482 suo;

474 2521 564 2566 aut
587 2514 773 2566 saltem
803 2512 901 2581 ipsi
927 2512 1062 2566 oculi
1089 2510 1418 2578 vituperandi
1444 2517 1586 2574 sunt,
1613 2509 1733 2578 quia
1759 2517 1813 2563 et
1839 2505 2054 2564 domino

473 2619 572 2658 suo
599 2612 872 2658 cesserunt
897 2613 952 2655 ut
977 2611 1160 2656 contra
1187 2602 1359 2654 lucem
1384 2600 1735 2668 aperirentur,
1758 2608 1809 2653 et
1829 2599 1926 2668 ipsi
1949 2599 2052 2653 luci

472 2703 530 2750 ttt
551 2703 1032 2764 corrumperentur.
1062 2691 1308 2748 Omnium
1337 2693 1492 2760 igitur
1520 2691 1914 2759 eorruptionum
1941 2691 2051 2745 sola

473 2802 592 2856 qua:
622 2787 810 2840 vitiosa
842 2793 925 2839 cst
966 2785 1238 2853 corruptio
1268 2791 1412 2837 recte
1441 2781 1767 2848 vituperatur
1799 2797 1812 2836 :
1843 2787 2052 2834 ca'lerre

470 2887 670 2942 autem,
698 2886 788 2932 aut
809 2891 875 2929 ne
905 2874 1272 2943 corruptiones
1292 2869 1504 2942 quidem
1531 2871 1770 2926 dicenda:
1792 2880 1939 2938 sunt,
1959 2881 2050 2926 aut

472 2975 616 3021 certe
640 2967 761 3036 quia
795 2966 996 3020 vitiosze
1033 2979 1138 3019 non
1161 2973 1316 3030 sunt,
1339 2963 1509 3035 digna:
1532 2964 1913 3032 vituperatione
1931 2971 2048 3019 esse

468 3074 574 3112 non
607 3067 853 3128 possunt.
888 3057 1016 3112 Nam
1043 3067 1096 3112 et
1123 3058 1231 3128 ipsa
1261 3058 1596 3126 vituperatio,
1625 3055 1764 3125 quod
1795 3057 1888 3110 soli
1921 3057 2048 3112 vitio

470 3159 670 3218 parata,
696 3147 750 3203 id
773 3159 854 3204 est
883 3155 1001 3218 apta
1027 3157 1080 3202 ct
1108 3148 1281 3202 debita
1309 3148 1398 3214 sit,
1425 3146 1546 3200 inde
1575 3147 1795 3202 traxisse
1817 3147 2044 3204 vocabu-

463 3238 572 3294 lum
603 3240 856 3308 creditur,
887 3250 942 3292 ιιι
969 3239 1279 3310 vituperatio
1307 3238 1592 3294 diceretur.

534 3331 625 3384 41.
662 3330 854 3386 Vitium
902 3339 1078 3384 autem
1103 3371 1117 3394 ,
1149 3329 1324 3384 dicere
1361 3343 1625 3397 cmpcram
1651 3369 1666 3394 ,
1701 3343 1805 3382 non
1831 3327 2045 3385 aliunde

463 3423 660 3474 malum
689 3429 772 3474 est
795 3462 808 3484 ,
841 3420 940 3474 nisi
985 3420 1104 3490 quia
1154 3430 1354 3474 naturae
1380 3417 1690 3472 adversatur
1733 3417 1849 3487 ejus
1879 3419 2044 3488 ipsius

461 3510 540 3564 rei
567 3509 720 3580 cujus
748 3520 830 3564 est
855 3511 1058 3564 vitium.
1087 3505 1238 3565 Unde
1267 3508 1600 3563 manifestum
1627 3516 1708 3562 cst
1735 3507 1872 3564 hanc
1893 3525 2041 3564 cam-

463 3601 584 3656 dem
615 3617 726 3656 rem
753 3601 902 3671 cujus
927 3601 1108 3656 vitium
1129 3601 1474 3670 vituperatur,
1505 3607 1688 3654 natura
1710 3613 1831 3654 esse
1857 3599 2040 3654 lauda-

462 3689 655 3756 bilem;
687 3691 755 3744 ita
783 3702 836 3744 ut
866 3691 1083 3760 omnino
1119 3691 1253 3744 hanc
1297 3690 1462 3759 ipsam
1494 3689 1932 3759 vituperationem
1966 3690 2042 3742 vi-

465 3783 682 3846 tiorum,
711 3793 1016 3836 naturarum
1049 3781 1256 3836 laudem
1279 3796 1397 3836 csse
1421 3783 1696 3846 fateamur,
1724 3795 1904 3836 earum
1930 3781 2038 3836 sci-

460 3873 584 3928 licet
611 3888 830 3944 qnarum
858 3875 980 3928 vitia
1010 3875 1394 3944 vituperantur.
1419 3873 1550 3940 Quia
1573 3874 1714 3929 enim
1741 3873 1922 3928 vitium
1946 3888 2038 3926 na-

461 3973 602 4020 tura:
649 3963 993 4029 adversatur,
1025 3971 1230 4018 tantum
1257 3963 1468 4018 additur
1504 3963 1719 4018 malitia:
1765 3963 2034 4030 vitiorum,

456 4064 711 4121 quantum
761 4065 1068 4108 naturarum
1117 4053 1404 4124 integritati
1445 4053 1717 4106 minuitur.
1749 4053 1882 4108 Cum
1909 4069 2058 4124 ergo,

453 4145 723 4214 vituperas
765 4145 972 4210 vitium,
1006 4143 1058 4197 id
1105 4143 1342 4214 profecto
1378 4142 1560 4196 laudas
1589 4143 1738 4212 cujus
1767 4143 2038 4214 integritas

454 4246 561 4289 tem
581 4235 852 4290 desideras
875 4251 888 4288 :
910 4234 1060 4304 cujus
1083 4245 1280 4300 autem,
1297 4235 1398 4290 nisi
1419 4244 1620 4290 natura:
1643 4235 2035 4305 integritatem?

455 4323 657 4380 Natura
687 4324 827 4378 enim
855 4323 1114 4394 perfecta,
1133 4341 1240 4380 non
1270 4326 1440 4384 solum
1463 4327 1604 4380 nulla
1625 4327 2030 4398 vituperatione,

457 4417 550 4471 sed
585 4417 740 4471 etiam
772 4417 926 4472 laude
964 4417 1018 4472 in
1048 4431 1144 4472 suo
1179 4433 1372 4488 genere
1401 4419 1555 4490 digna
1593 4428 1692 4476 est.
1725 4419 1876 4488 Quod
1906 4437 2033 4492 ergo

453 4507 764 4578 perfectioni
815 4509 1016 4564 natura:
1061 4509 1248 4566 deesse
1289 4513 1619 4582 perspexeris
1642 4555 1656 4576 ,
1688 4513 1736 4568 id
1769 4529 1925 4568 vocas
1954 4517 2032 4570 vi-

450 4599 603 4664 tium,
629 4599 757 4653 satis
781 4599 872 4653 tibi
899 4615 1014 4654 eam
1041 4593 1249 4670 piaeere
1293 4611 1616 4668 contestans,
1647 4619 1802 4672 quam
1827 4605 2032 4675 vitupe-

449 4689 658 4744 ratione
711 4690 1124 4760 impcrfcctionis
1175 4691 1290 4761 ejus
1345 4693 1507 4747 velles
1558 4709 1676 4750 c5sc
1719 4695 2025 4764 perfectam.

447 4779 674 4838 CAPUT
721 4781 835 4838 XV.
865 4811 935 4822 —-
977 4779 1216 4853 Defectus
1257 4793 1498 4838 creatura:
1539 4787 1676 4840 haud
1721 4803 1912 4858 semper
1957 4797 2030 4842 est

1093 4874 1378 4944 culpabilisa

516 4967 604 5022 42.
635 4965 690 5024 Si
739 4965 897 5036 igitur
927 4965 1243 5036 vituperatio
1288 4968 1538 5022 vitiorum
1568 4968 1799 5037 ipsarum
1842 4970 2022 5036 etiam,

443 5073 665 5130 quarum
710 5069 834 5113 sunt
868 5059 1029 5124 vitia,
1054 5067 1360 5112 naturarum
1405 5058 1570 5113 decus
1611 5059 2026 5130 dignitatemque

442 5149 800 5216 commendat,
828 5149 1214 5220 quantomagis
1243 5150 1382 5204 Deus
1405 5150 1648 5204 conditor
1664 5151 1898 5205 omnium
1927 5163 2022 5206 na-

448 5247 686 5292 turarum
717 5239 873 5292 etiam
905 5238 956 5293 in
985 5253 1168 5294 earum
1195 5239 1336 5294 vitiis
1365 5238 1662 5295 laudandus
1687 5249 1800 5306 est;
1825 5257 1942 5295 cum
1971 5250 2025 5298 et

446 5329 549 5384 hoc
567 5330 634 5384 ab
658 5329 746 5385 illo
765 5329 996 5386 habeant
1021 5329 1160 5400 quod
1184 5337 1382 5385 natura:
1408 5341 1548 5396 sunt,
1576 5341 1630 5386 et
1652 5333 1700 5386 in
1725 5341 1926 5386 tantum
1947 5335 2023 5387 ινΞά

448 5421 597 5476 tiosa:
623 5423 748 5488 sint,
783 5423 832 5476 in
857 5431 1114 5492 quantum
1147 5422 1213 5476 ab
1243 5423 1358 5492 ejus
1393 5431 1493 5494 qua
1517 5423 1671 5480 facta:
1710 5433 1833 5480 sunt
1864 5424 1884 5456 ³
1909 5434 2022 5481 arte

503 5529 520 5563 ⁸
547 5531 654 5592 uad.
678 5538 754 5580 Er.
781 5540 830 5582 et
852 5539 958 5583 Mss.
985 5531 1458 5592 duo,subtevamenta
1479 5539 1680 5587 naturae.
2006 5553 2018 5566 -

503 5595 523 5700 ζ
551 5591 732 5701 ἶὲξξὲἷπί
755 5593 954 5656 habent,
966 5593 1018 5646 in
1028 5591 1274 5646 twiuruﬂos
1297 5609 1426 5648 usus.
1443 5603 1497 5646 At
1508 5605 1608 5647 Mss.
1618 5633 1632 5658 ,
1645 5595 1693 5647 in
1703 5595 1856 5648 nullos
1868 5610 1982 5649 usus
1999 5611 2017 5648 :

519 5667 550 5702 υ
654 5667 790 5702 tmur.

441 5665 790 5776 ,Ἦνὲῗιῖῧῗιῖἳ
807 5717 910 5779 ejus
923 5729 1060 5781 aqua
1079 5719 1221 5780 facta:
1243 5726 1364 5770 sunt.
1393 5727 1447 5770 At
1467 5726 1596 5782 Mss,
1619 5719 1680 5770 ab
1701 5719 1802 5782 ejus
1833 5733 1946 5785 qua.

1510 293 1597 348 DE
1638 289 1884 346 LIBERO
1925 287 2265 359 ARBITRIO,
2308 293 2360 350 S.
2404 296 2768 355 AUGUSTINI

3631 314 3653 372 ἢ
3663 315 3770 372 292

2183 405 2478 471 discedunt,
2501 411 2616 464 etin
2645 423 2843 467 tantum
2869 423 3012 470 recte
3035 415 3412 487 vitnpcrcntur,
3438 421 3490 477 in
3509 436 3766 494 quantum

2180 514 2362 556 earum
2391 503 2710 574 vituperator
2736 515 2907 561 artem
2938 523 3040 578 qua
3067 508 3222 566 facta:
3247 523 3368 567 sunt
3396 514 3557 582 videt,
3583 527 3640 572 ut
3663 519 3768 577 hoc

2179 591 2231 645 in
2261 593 2338 648 cis
2381 597 2678 664 vituperet,
2711 598 2850 668 quod
2891 599 2960 654 ibi
2995 616 3099 655 non
3147 603 3322 660 videt!
3355 607 3419 660 Et
3455 609 3498 662 si
3523 626 3610 665 ars
3649 614 3766 682 ipsa

2179 695 2273 748 per
2296 697 2452 751 quam
2479 684 2612 740 facta
2639 695 2760 742 sunt
2786 689 2984 754 omnia,
3018 689 3118 746 hoc
3143 701 3225 747 est
3249 707 3452 750 summa
3481 706 3534 752 et
3561 700 3765 755 incom-

2177 775 2442 830 mutabilis
2461 775 2728 847 Sapientia
2753 779 2866 844 Dei,
2885 795 3010 838 vere
3030 797 3342 856 summeque
3361 797 3461 852 cst,
3477 791 3626 846 sicuti
3655 803 3760 862 est,

2173 865 2379 933 respice
2417 883 2523 936 quo
2555 869 2734 924 tendat
2759 872 3010 943 quidqttid
3055 875 3124 930 ab
3161 877 3248 932 illa
3279 877 3526 936 discedit.
3557 883 3658 950 Qui
3685 893 3766 942 ta-

2175 965 2296 1010 men
2321 956 2557 1040 defectus
2587 963 2689 1015 non
2711 971 2852 1017 esset
2877 965 3264 1034 vituperatione
3286 969 3474 1040 dignus
3500 1014 3514 1038 ,
3551 975 3653 1030 nisi
3678 992 3763 1032 es-

2173 1053 2256 1100 set
2287 1039 2631 1105 voluntarius.
2678 1053 2909 1109 Attende
2945 1056 3111 1123 enim,
3157 1039 3376 1128 quaeso,
3407 1071 3584 1118 utrum
3615 1076 3762 1124 recte

2171 1135 2439 1206 vitupercs
2463 1141 2602 1210 quod
2627 1142 2698 1196 ita
2721 1153 2802 1198 est
2818 1137 2970 1199 sicuti
2995 1162 3114 1202 esse
3135 1148 3314 1204 debuit
3347 1170 3360 1206 :
3391 1169 3497 1207 non
3529 1156 3752 1225 opinor;

2171 1227 2264 1280 sed
2295 1230 2475 1299 utique
2504 1232 2643 1302 quod
2674 1249 2777 1288 non
2809 1236 2878 1290 ita
2919 1247 3002 1292 est
3047 1247 3102 1294 ut
3145 1239 3346 1297 debuit.
3381 1244 3550 1300 Nemo
3577 1258 3752 1306 autem

2171 1316 2364 1386 debet,
2393 1323 2533 1389 quod
2559 1337 2666 1378 non
2709 1327 2912 1396 accepit
2943 1345 2956 1381 :
2987 1339 3042 1384 et
3064 1330 3301 1402 quisquis
3326 1334 3524 1402 debet,
3553 1340 3634 1393 cui
3665 1339 3756 1395 de-

2169 1407 2276 1496 bet,
2311 1411 2412 1464 nisi
2451 1427 2482 1466 a
2520 1429 2626 1483 quo
2647 1417 2849 1486 accepit
2879 1427 2936 1472 ut
2963 1419 3198 1475 debeat?
3223 1423 3356 1478 Nam
3397 1435 3452 1480 et
3477 1443 3594 1496 qua:
3629 1433 3754 1485 red-

2169 1493 2364 1554 duntur
2391 1503 2852 1574 transicgando,'ei
2883 1511 3176 1566 redduntur
3199 1515 3288 1584 qui
3317 1493 3746 1589 transiegaverat.

2169 1589 2234 1644 Et
2274 1593 2411 1661 quod
2465 1595 2782 1652 creditorum
2823 1600 2981 1670 justis
3021 1607 3426 1662 successoribus
3467 1612 3708 1667 redditur
3733 1657 3748 1682 ,

2167 1682 2296 1751 ipsis
2321 1685 2498 1755 utique
2515 1687 2756 1744 redditur
2785 1693 2974 1761 quibus
2999 1695 3080 1748 isti
3103 1695 3224 1765 jure
3243 1699 3553 1754 succedunt.
3585 1703 3752 1760 Aliter

2161 1785 2269 1826 non
2301 1775 2548 1844 redditio,
2577 1779 2668 1832 sed
2691 1783 2863 1836 cessio
2879 1785 2960 1838 vei
2979 1785 3250 1854 admissio,
3279 1790 3360 1844 vel
3387 1792 3432 1844 si
3457 1793 3584 1861 quid
3605 1795 3749 1851 aliud

2167 1861 2466 1932 hujusmodi
2491 1870 2808 1925 nominanda
2827 1881 2928 1928 est.
2953 1875 3286 1948 Quapropter
3301 1881 3476 1935 omnia
3493 1891 3752 1955 tempora-

2163 1952 2253 2020 lia,
2284 1972 2402 2024 qua:
2429 1958 2478 2011 in
2523 1958 2624 2012 hoc
2655 1977 2829 2016 rerum
2851 1965 3038 2020 ordine
3079 1969 3146 2020 ita
3185 1969 3352 2024 locata
3397 1981 3540 2040 sunt,
3565 1952 3622 2029 ut
3649 1977 3750 2031 nisi

2164 2043 2430 2110 deficiant,
2488 2065 2592 2104 non
2641 2055 2845 2120 possint
2897 2059 3179 2124 pra3tcritis
3221 2058 3395 2116 futura
3439 2065 3747 2134 succedere,

2163 2145 2219 2190 ut
2241 2147 2344 2193 tota
2378 2149 2674 2212 temporum
2717 2147 2768 2200 in
2797 2163 2892 2202 suo
2921 2165 3115 2220 genere
3159 2154 3494 2222 pulchritudo
3525 2175 3746 2230 peraga-

2159 2229 2247 2283 tur
2262 2271 2276 2296 ,
2309 2233 2690 2290 absurdissime
2706 2237 2929 2294 dicimus
2951 2255 3055 2294 non
3078 2242 3272 2300 debere
3289 2246 3537 2304 deficere.
3565 2229 3746 2316 Quan-

2163 2329 2270 2374 tum
2297 2325 2439 2378 enim
2467 2335 2806 2396 acceperunt,
2838 2341 3038 2386 tantum
3069 2345 3249 2404 agunt,
3291 2347 3346 2392 et
3387 2349 3592 2396 tantum
3621 2344 3744 2398 red-

2159 2411 2292 2466 dunt
2315 2415 2364 2468 ei
2380 2417 2464 2469 cui
2488 2416 2684 2472 debent
2710 2421 2848 2489 quod
2871 2431 2994 2476 sunt
3017 2423 3066 2477 in
3090 2435 3574 2500 quantumcumque
3597 2444 3737 2490 sunt.

2157 2505 2259 2572 Qui
2298 2508 2439 2561 enim
2470 2509 2615 2563 dolet
2652 2525 2714 2566 ea
2737 2513 2986 2580 deficere,
3020 2531 3321 2573 sermonem
3351 2535 3505 2577 suum
3534 2535 3742 2593 oportet

2159 2599 2418 2660 attendat,
2449 2616 2569 2654 eum
2600 2613 2744 2658 certe
2790 2605 2960 2674 ipsum
2995 2609 3137 2678 quod
3179 2611 3278 2665 ista
3308 2615 3669 2684 conqueritur,
3691 2619 3738 2672 si

2153 2689 2356 2758 justum
2382 2701 2435 2745 et
2458 2707 2487 2746 a
2527 2693 2804 2762 prudentia
2829 2695 3124 2765 profectum
3154 2715 3275 2756 esse
3304 2703 3620 2773 arbitratur;
3641 2722 3738 2762 cu-

2152 2781 2240 2850 jus
2267 2784 2530 2838 sermonis
2553 2787 2693 2855 quod
2714 2787 2780 2841 ad
2803 2801 2990 2843 sonum
3012 2790 3127 2861 ejus
3146 2794 3356 2861 attinet,
3375 2796 3417 2848 si
3441 2798 3556 2866 quis
3579 2815 3738 2856 unam

2157 2873 2470 2942 particulam
2496 2875 2717 2946 diligat,
2751 2893 2849 2933 nec
2877 2895 2993 2934 eam
3024 2883 3151 2937 velit
3191 2887 3402 2941 caeteris
3445 2888 3740 2946 deficiendo

2157 2963 2329 3018 locum
2357 2966 2508 3029 dare,
2531 2969 2723 3038 quibus
2752 2969 3133 3028 decedentibus
3153 2983 3208 3028 et
3225 2978 3631 3035 succedentibus
3650 2991 3735 3036 to-

2155 3063 2240 3112 tus
2269 3059 2354 3114 ille
2379 3073 2556 3115 sermo
2597 3063 2898 3118 contexitur
2922 3106 2938 3132 ,
2981 3066 3237 3122 mirabilis
3279 3068 3562 3126 dementiae
3595 3073 3736 3144 judi-

2150 3147 2380 3204 Cubitur.

2224 3239 2311 3293 45.
2345 3239 2401 3293 In
2431 3241 2495 3295 iis
2524 3241 2684 3312 igitur
2711 3243 2871 3298 rebus
2889 3259 3008 3314 quae
3033 3245 3153 3302 ideo
3179 3247 3451 3318 deﬁciunt,
3481 3253 3604 3322 quia
3629 3267 3734 3312 non

2150 3331 2286 3384 ultra
2313 3345 2430 3386 esse
2455 3343 2794 3403 acceperunt,
2821 3343 2878 3390 ut
2898 3337 3008 3391 suis
3051 3339 3379 3408 temporibus
3411 3345 3589 3399 omnia
3615 3361 3734 3414 per-

2147 3432 2370 3492 aganlur
2389 3465 2405 3490 ,
2435 3439 2590 3478 nemo
2621 3423 2885 3480 defectum
2925 3435 3070 3483 recte
3097 3430 3394 3500 vituperat;
3425 3435 3546 3504 quia
3577 3453 3734 3492 nemo

2147 3521 2325 3583 potest
2351 3514 2548 3582 dicere,
2585 3515 2770 3570 Debuit
2799 3533 3132 3588 permanere,
3161 3535 3281 3576 cum
3303 3534 3546 3594 acceptas
3563 3536 3732 3584 metas

2147 3605 2371 3658 transire
2393 3619 2495 3659 non
2523 3615 2721 3675 posset.
2747 3607 2804 3660 In
2831 3611 3088 3666 creaturis
3107 3621 3282 3667 autem
3303 3615 3728 3687 rationabilibus,

2144 3695 2334 3764 quibus
2350 3695 2460 3750 sive
2482 3698 2823 3764 peccantibus
2837 3699 2948 3754 sive
2961 3715 3066 3755 non
3079 3704 3436 3772 peccantibus,
3451 3709 3538 3760 uni
3549 3723 3728 3764 versa-

2143 3784 2210 3840 lis
2231 3785 2564 3855 pulchritudo
2577 3788 2747 3842 modis
2767 3793 3264 3859 eongruentissimis
3285 3798 3617 3862 terminatur,
3633 3811 3727 3856 aut

2143 3877 2283 3929 nulla
2303 3885 2514 3946 peccata
2533 3885 2675 3946 sunt,
2691 3881 2830 3950 quod
2845 3881 3281 3939 absurdissimum
3299 3898 3380 3942 est
3413 3889 3596 3968 dicere
3615 3907 3730 3961 pec-

2145 3975 2232 4022 cat
2261 3969 2402 4023 euim
2442 3969 2648 4036 saltem,
2693 3972 2782 4042 qui
2813 3973 2892 4028 vel
2937 3973 3152 4030 damnat
3177 3979 3326 4047 quasi
3344 3991 3558 4048 peccata
3607 3997 3726 4052 qua:

2143 4061 2286 4116 nulla
2315 4071 2478 4117 sunt:
2518 4073 2610 4118 aut
2637 4081 2740 4118 nun
2773 4076 2895 4121 sunt
2935 4069 3279 4138 vituperanda
3319 4082 3552 4142 peccata,
3585 4077 3724 4146 quod

2142 4153 2486 4210 nihilominus
2501 4155 2787 4213 absurdum
2820 4169 2934 4225 est;
2969 4161 3219 4232 incipient
3243 4165 3437 4236 quippe
3461 4183 3559 4222 nec
3583 4180 3722 4225 recte

2139 4245 2274 4301 facta
2295 4247 2520 4314 laudari,
2545 4257 2597 4303 et
2627 4259 2736 4304 tota
2761 4252 3053 4308 turbabitur
3079 4253 3324 4309 humatur
3343 4261 3536 4313 mentis
3562 4260 3724 4315 inten-

2139 4337 2232 4404 tio,
2262 4338 2526 4409 vitamque
2545 4339 2812 4396 subvertet
2835 4359 2848 4395 :
2871 4353 2960 4397 aut
2977 4345 3358 4414 vituperabitur
3373 4347 3564 4403 factum
3581 4351 3722 4420 quod

2137 4429 2206 4484 ita
2230 4429 2424 4484 factunt
2446 4439 2598 4486 estut
2618 4431 2818 4500 debuit,
2841 4444 2894 4489 et
2921 4437 3261 4492 exsecrabilis
3283 4440 3503 4506 insania,
3529 4442 3633 4504 vel,
3659 4452 3718 4497 ut

2137 4522 2317 4576 mitius
2347 4523 2558 4592 loquar,
2585 4539 2736 4580 error
2764 4527 3094 4584 miserrimus
3121 4531 3327 4585 orietur
3355 4551 3368 4586 :
3399 4541 3486 4586 aut
3511 4534 3555 4586 si
3577 4535 3719 4605 cogit

2137 4613 2411 4668 verissima
2451 4615 2586 4669 ratio
2613 4657 2627 4681 ,
2658 4617 2812 4672 sicuti
2856 4619 3017 4689 cogit,
3045 4632 3102 4675 ut
3127 4629 3179 4676 et
3203 4621 3570 4692 vituperemur
3599 4639 3718 4694 pec-

2134 4711 2273 4768 cata,
2303 4711 2357 4758 et
2384 4703 2635 4774 quidquid
2681 4715 2825 4762 recte
2853 4709 3181 4778 vituperatur
3223 4712 3340 4766 ideo
3369 4713 3715 4783 vituperetur,

2134 4793 2253 4864 quia
2280 4809 2385 4848 non
2425 4803 2504 4848 est
2537 4796 2608 4848 ita
2637 4805 2694 4849 ut
2737 4811 2856 4851 esse
2893 4798 3105 4865 debuit;
3153 4815 3333 4870 quaere
3361 4803 3490 4872 quid
3523 4803 3718 4858 debeat

2134 4893 2322 4938 natura
2356 4889 2620 4956 peccatrix
2647 4929 2663 4954 ,
2697 4897 2749 4942 et
2797 4889 3034 4945 invenies
3081 4899 3227 4946 recte
3273 4890 3502 4960 factum;
3533 4910 3716 4964 qutun:

2131 4981 2215 5032 cui
2245 4978 2476 5047 debeat,
2508 4988 2562 5034 et
2603 4981 2840 5037 invenies
2873 4983 3064 5038 Deum.
3113 4984 3154 5038 Α
3189 5001 3294 5054 quo
3330 4987 3472 5040 enim
3511 4987 3714 5057 accepit

2131 5084 2288 5138 posse
2339 5078 2485 5126 recte
2531 5069 2706 5126 facere
2743 5087 2862 5127 cum
2903 5073 3046 5140 velit,
3098 5075 3166 5129 ab
3208 5091 3274 5131 eo
3319 5079 3524 5147 accepit
3561 5087 3618 5133 ttt
3645 5079 3714 5133 sit

2127 5159 2287 5215 etiam
2320 5162 2511 5216 misera
2539 5163 2583 5216 si
2613 5178 2716 5217 non
2741 5163 2948 5232 fecerit,
2977 5173 3030 5220 et
3059 5165 3207 5220 beata
3237 5167 3280 5220 si
3311 5167 3511 5223 fecerit.

2198 5253 2286 5308 44.
2330 5251 2463 5319 Quia
2505 5254 2646 5310 enim
2690 5269 2850 5309 nemo
2897 5265 3114 5326 superat
3151 5257 3296 5326 leges
3337 5258 3709 5328 omnipotentis

2126 5345 2397 5402 Creatoris
2419 5387 2432 5412 ,
2463 5362 2570 5401 non
2614 5347 2806 5401 sinitur
2835 5348 3010 5402 anima
3057 5365 3162 5402 non
3193 5349 3418 5406 reddere
3451 5349 3704 5404 debitum.

2127 5438 2231 5490 Aut
2263 5435 2404 5492 enim
2444 5435 2620 5491 reddit
2641 5437 2776 5492 bene
2820 5437 3017 5492 utendo
3045 5437 3185 5508 quod
3215 5441 3441 5509 accepit,
3471 5449 3559 5494 aut
3587 5438 3707 5493 red-

2123 5526 2199 5580 dit
2237 5527 2528 5581 amittendo
2555 5541 2660 5596 quo
2687 5527 2824 5582 bene
2852 5527 2928 5582 uti
2957 5528 3146 5582 noluit.
3173 5527 3356 5599 Itaque
3382 5531 3425 5584 si
3451 5545 3555 5584 non
3579 5529 3704 5584 red-

2122 5617 2200 5672 dit
2225 5617 2466 5672 faciendo
2487 5619 2765 5688 justitiam,
2787 5619 2966 5674 reddet
2989 5621 3235 5690 patiendo
3259 5623 3528 5684 miseriam
3550 5640 3564 5688 ;
3586 5623 3706 5693 quia

2127 5713 2182 5767 in
2205 5719 2428 5780 utroque
2459 5711 2675 5766 verbum
2703 5711 2829 5765 illud
2855 5711 3018 5766 debiti
3051 5721 3218 5767 sonat.
3249 5712 3358 5768 lloc
3375 5711 3518 5768 enim
3547 5714 3706 5768 etiam
