4118 6370
451 280 592 338 1293

451 391 612 449 modo
640 391 742 448 dici
777 390 945 462 potuit
971 390 1109 461 quod
1144 389 1344 446 dictum
1375 398 1476 456 est,
1507 389 1561 446 Si
1593 404 1698 444 non
1741 390 1918 445 reddit
1948 392 2025 443 fa-

453 484 644 544 ciendo
673 483 813 555 quod
830 483 1006 549 debet,
1021 483 1205 540 reddet
1225 483 1473 552 patiendo
1494 482 1634 552 quod
1663 481 1842 538 debet.
1873 479 2032 535 Nullo

452 587 631 633 autem
680 577 932 646 temporis
977 575 1253 631 intervallo
1283 575 1380 630 ista
1428 574 1766 638 dividuntur,
1796 581 1854 627 ut
1881 573 2032 642 quasi

451 667 557 722 alio
587 675 825 735 tempore
868 681 975 720 non
1006 665 1160 720 faciat
1184 664 1322 735 quod
1350 663 1548 730 debet,
1581 672 1633 716 et
1661 663 1764 716 alio
1808 664 2034 732 patiatur

451 756 594 830 quod
621 756 800 822 debet,
831 771 899 811 ne
941 756 1022 811 vel
1063 759 1258 826 puncto
1297 755 1548 824 temporis
1586 753 1896 808 universalis
1923 752 2036 822 pul-

363 858 379 873 ‘
453 846 974 916 chritudoturpetur,
991 854 1047 901 ut
1073 847 1144 902 sit
1169 847 1221 901 in
1249 861 1310 901 ea
1338 845 1538 916 peccati
1560 843 1794 900 dedecus
1814 843 1930 900 sine
1950 843 2035 898 de.

455 953 581 995 core
607 938 876 994 vindictm.
927 937 1032 992 Sed
1073 938 1126 993 in
1156 939 1386 993 futurum
1409 937 1666 1009 judicium
1697 945 1939 992 servatur
1968 933 2034 990 ad

397 1036 400 1037 ⁷
457 1028 938 1085 manifestationem
979 1037 1138 1100 atque
1167 1029 1238 1097 ad,
1271 1030 1590 1085 acerrimum
1629 1043 1840 1084 sensum
1875 1027 2033 1083 mise-

454 1121 588 1188 riae,
648 1120 902 1192 quidquid
949 1137 1088 1176 nunc
1133 1121 1489 1177 occultissime
1535 1120 1849 1176 vindicatur.
1890 1120 2037 1176 Sicut

454 1211 598 1267 enim
626 1211 712 1281 qui
739 1227 845 1266 non
878 1211 1078 1281 vigilat,
1111 1211 1342 1278 dormit;
1373 1211 1451 1266 sic
1475 1210 1716 1281 quisquis
1759 1226 1864 1264 non
1899 1203 2036 1266 facit

455 1301 600 1373 quod
646 1301 826 1369 debet,
853 1301 968 1356 sine
999 1301 1278 1356 intervallo
1308 1300 1506 1371 patitur
1529 1301 1669 1371 quod
1699 1297 1876 1367 debet,
1900 1315 2032 1370 quo-

455 1393 599 1448 niam
654 1401 797 1448 tanta
845 1401 925 1448 est
967 1392 1235 1448 beatitudo
1287 1391 1546 1461 justitiac,
1578 1399 1634 1446 ut
1677 1405 1834 1446 nemo
1863 1391 1930 1445 ab
1974 1407 2034 1446 ea

457 1485 559 1540 nisi
603 1484 671 1539 ad
703 1483 970 1540 miseriam
1003 1483 1167 1553 possit
1203 1483 1416 1538 abscedi
1436 1499 1514 1538 re.
1545 1482 1601 1537 in
1630 1483 1873 1538 omnibus
1909 1489 2035 1552 ergo

455 1574 766 1640 defectibus,
793 1585 884 1630 aut
908 1588 1014 1628 non
1061 1583 1379 1642 acceperunt
1424 1574 1560 1628 ultra
1606 1587 1725 1629 esse
1754 1588 1872 1643 qua:
1902 1573 2034 1628 deli-

456 1667 624 1734 ciunt,
657 1674 710 1721 et
738 1666 877 1722 nulla
907 1665 1060 1737 culpa
1090 1676 1204 1732 est;
1233 1667 1372 1720 sicut
1401 1667 1561 1721 etiam
1592 1679 1712 1719 cum
1736 1673 1880 1731 sunt,
1912 1664 2034 1734 quia

459 1773 566 1814 non
592 1765 912 1830 acceperunt
951 1758 1180 1829 amplius
1221 1773 1338 1814 esse
1367 1769 1526 1828 quam
1571 1766 1734 1825 sunt,
1768 1757 2036 1812 nihilomi-

457 1865 558 1906 nus
605 1851 746 1905 nulla
786 1850 938 1920 culpa
978 1858 1090 1916 est;
1123 1858 1212 1905 aut
1253 1851 1437 1904 nolunt
1479 1863 1598 1905 esse
1623 1891 1638 1916 ,
1669 1848 1808 1920 quod
1847 1848 1893 1902 si
1927 1847 2036 1903 vel-

457 1941 586 2009 ient,
615 1957 732 1998 esse
749 1951 1072 2014 acceperunt
1103 1944 1154 2008 ¹;
1183 1943 1371 2012 etquia
1394 1942 1588 1997 bonum
1619 1949 1723 2010 est,
1757 1949 1931 1996 reatus
1953 1949 2036 1995 est

457 2033 503 2088 si
538 2033 727 2088 nolint.
1781 2041 1790 2047 ‘

525 2123 753 2181 CAPUT
781 2123 922 2180 XVI.
949 2154 1022 2164 —
1057 2121 1272 2180 Peccata
1293 2125 1538 2180 nostrain
1573 2123 1734 2180 Deum
1762 2122 1964 2194 nfundi

518 2273 521 2275 _
1110 2227 1376 2288 nequeunt.

525 2308 613 2363 45.
640 2307 778 2363 Deus
802 2317 975 2364 autem
1003 2299 1132 2364 nulli
1152 2308 1310 2364 debet
1324 2307 1542 2378 aliquid,
1569 2308 1688 2379 quia
1717 2307 1893 2362 omnia
1917 2322 2034 2378 gra-

455 2399 587 2454 tuito
611 2408 843 2470 prmstat.
871 2401 937 2455 Et
959 2399 1005 2455 si
1035 2401 1312 2471 quisquam
1339 2400 1480 2456 dicet
1508 2399 1690 2454 abillo
1714 2399 1910 2469 aliquid
1939 2399 2035 2454 de-

454 2490 566 2547 beri
596 2492 799 2546 meritis
832 2493 943 2548 suis
967 2534 982 2559 ,
1010 2502 1154 2548 certe
1200 2503 1256 2547 ut
1286 2501 1429 2548 esset
1455 2533 1468 2557 ,
1508 2508 1613 2546 non
1641 2493 1688 2546 ei
1720 2492 2031 2548 debebatur.

452 2582 566 2638 Non
589 2584 730 2640 enim
777 2585 1000 2640 eratcui
1026 2583 1330 2641 deberetur.
1361 2585 1428 2642 Et
1452 2593 1652 2646 tamen.
1686 2584 1828 2656 quod
1871 2587 2031 2640 meri-

453 2679 566 2733 tum
592 2687 673 2734 cst
695 2679 928 2734 converti
954 2679 1020 2733 ad
1041 2693 1162 2734 eum
1183 2694 1248 2734 ex
1274 2694 1378 2750 quo
1408 2694 1466 2734 es
1494 2681 1537 2743 ²,
1565 2687 1622 2734 ιιι
1646 2695 1710 2735 ex
1738 2678 1852 2748 ipso
1873 2679 2030 2732 etiam

451 2768 640 2824 melior
663 2771 757 2837 sis,
785 2784 850 2825 ex
875 2785 980 2840 quo
1011 2769 1171 2825 habes
1199 2779 1256 2825 ut
1294 2771 1402 2825 sis?
1427 2769 1563 2838 Quid
1592 2785 1720 2840 ergo
1758 2769 1804 2825 ei
1833 2784 2036 2839 puero”-

451 2875 566 2930 gas,
597 2869 654 2915 ut
674 2869 919 2932 tanquam
941 2861 1174 2916 debitum
1206 2877 1425 2931 poscas;
1454 2862 1664 2932 quando
1690 2862 1736 2917 si
1767 2863 1938 2918 nolles
1962 2861 2028 2915 ad

451 2965 574 3006 eum
604 2953 862 3017 converti,
893 2951 1019 3006 nihil
1048 2953 1098 3007 ei
1145 2951 1377 3018 deesset,
1411 2953 1503 3008 tibi
1545 2960 1720 3007 autem
1752 2953 1894 3022 ipse,
1917 2954 2031 3007 sine

449 3057 556 3112 quo
582 3043 708 3098 nihil
735 3059 902 3111 esses,
942 3051 996 3098 et
1018 3059 1083 3099 ex
1107 3056 1211 3114 quo
1241 3044 1312 3098 ita
1336 3058 1394 3098 es
1421 3043 1640 3112 aliquid,
1671 3046 1730 3098 ut
1775 3043 1875 3098 nisi
1899 3053 2028 3098 'con-

450 3133 711 3191 Vertendo
740 3144 790 3191 te
817 3135 883 3190 ad
925 3134 1094 3202 illum,
1125 3136 1419 3192 reddideris
1459 3137 1507 3192 ei
1538 3136 1679 3208 quod
1706 3137 1773 3193 ab
1801 3138 1918 3209 ipso
1948 3154 2028 3204 es,

449 3237 558 3283 non
581 3227 793 3298 quidem
817 3227 968 3296 nihil,
1001 3225 1095 3285 sed
1124 3230 1286 3284 miser
1315 3238 1490 3285 tamen
1514 3230 1659 3285 eris?
1687 3225 1878 3286 Omnia
1904 3245 2030 3302 ergo

449 3317 524 3372 illi
554 3317 766 3384 debent,
794 3319 964 3388 primo
1001 3319 1253 3390 quidquid
1279 3329 1439 3388 sunt,
1471 3319 1524 3376 in
1549 3327 1801 3392 quantum
1827 3326 2029 3378 natura:

449 3415 576 3462 Bunt
605 3423 619 3460 :
647 3407 838 3465 deinde
866 3405 1120 3480 quidquid
1150 3410 1339 3466 melius
1369 3420 1589 3481 possunt
1615 3426 1733 3468 esse
1755 3411 1801 3467 si
1825 3413 2025 3480 velint,

450 3511 797 3568 quaecumque
840 3508 1159 3570 acceperunt
1182 3509 1236 3556 ut
1269 3501 1468 3569 velint;
1498 3511 1552 3558 et
1579 3502 1834 3574 quidquid
1871 3518 2029 3573 opor-

451 3590 528 3645 tet
551 3604 642 3646 eas
669 3604 808 3646 esse.
851 3589 930 3645 Ex
973 3605 1039 3646 eo
1084 3591 1243 3663 igitur
1269 3591 1412 3663 quod
1441 3606 1546 3648 non
1585 3593 1820 3663 accepit,
1850 3593 2028 3650 nullus

449 3693 574 3738 reus
603 3691 686 3760 est
717 3700 731 3738 :
762 3698 828 3738 ex
865 3698 930 3738 co
980 3695 1111 3739 vero
1157 3684 1300 3755 quod
1339 3699 1444 3740 non
1487 3685 1613 3740 facit
1639 3665 1792 3757 ‘quod
1844 3685 2026 3754 debet,

444 3774 587 3846 juste
606 3790 731 3832 reus
753 3785 856 3832 est.
888 3776 1055 3832 Debet
1079 3786 1254 3833 autem
1277 3819 1292 3844 ,
1316 3781 1360 3833 si
1390 3779 1593 3849 accepit
1618 3787 1673 3834 et
1700 3772 2026 3834 voluntatem

449 3866 694 3933 liberam,
724 3876 777 3921 et
815 3862 1314 3923 sufﬁcientissimam
1346 3869 1671 3926 facultatem.

516 3958 607 4014 ιϐ.
643 3957 822 4028 Usque
847 3957 982 4013 adeo
1000 3964 1177 4014 autem
1207 3958 1330 4014 dum
1363 3974 1466 4015 non
1487 3960 1610 4015 facit
1633 3961 1855 4031 quisque
1883 3961 2025 4032 quod

447 4051 628 4120 debet,
653 4051 794 4107 nulla
821 4050 978 4121 culpa
1010 4055 1093 4106 est
1118 4047 1438 4117 Conditdris,
1461 4061 1519 4107 ut
1544 4060 1599 4108 et
1634 4053 1747 4108 laus
1775 4055 1862 4120 sit,
1894 4069 2028 4124 quo-

448 4145 589 4200 niam
619 4146 758 4216 quod
783 4145 943 4202 debet
973 4146 1185 4216 patitur,
1222 4155 1276 4201 et
1313 4147 1365 4201 in
1403 4161 1468 4201 eo
1506 4145 1622 4216 ipso
1647 4146 1787 4217 quod
1815 4148 2024 4218 vitupe-

447 4244 595 4292 ratur
622 4251 729 4292 non
754 4237 996 4294 faciendo
1015 4237 1155 4308 quod
1184 4237 1359 4304 debet,
1391 4251 1496 4293 non
1524 4237 1623 4292 nisi
1662 4237 1904 4292 laudatur
1939 4234 2026 4295 ille

446 4329 533 4384 cui
559 4328 735 4384 debet.
769 4329 826 4386 Si
871 4331 1015 4385 enim
1062 4339 1114 4384 tu
1163 4329 1394 4386 laudaris
1420 4328 1650 4385 videndo
1689 4330 1814 4400 quid
1852 4330 2025 4388 facere

445 4418 662 4487 debeas,
694 4436 814 4476 cum
845 4421 896 4475 id
927 4437 1032 4476 non
1061 4423 1261 4490 videas,
1289 4421 1387 4477 nisi
1412 4422 1463 4477 in
1485 4417 1575 4478 illo
1600 4423 1687 4493 qui
1713 4432 1796 4478 εει
1824 4425 2025 4479 incom-

445 4510 714 4566 mutabilis
739 4511 981 4578 Veritas;
1011 4521 1208 4583 quanto
1235 4512 1400 4582 magis
1428 4513 1517 4568 ille
1541 4513 1631 4584 qui
1656 4521 1710 4568 et
1729 4515 1860 4570 velle
1886 4531 2024 4587 pra:-

445 4600 604 4668 cepit,
635 4610 688 4655 et
714 4616 869 4670 posse
896 4602 1142 4671 praebuit,
1185 4610 1238 4657 et
1264 4617 1367 4657 non
1399 4602 1612 4672 impune
1642 4603 1784 4659 nolle
1823 4607 2017 4674 permi-

446 4687 553 4776 sit?
583 4689 638 4744 Si
676 4691 816 4745 enim
847 4691 948 4746 hoc
983 4692 1141 4746 debet
1168 4692 1391 4776 quisque
1422 4692 1562 4762 quod
1599 4695 1818 4765 accepit,
1855 4697 1909 4751 et
1947 4695 2042 4750 sic

447 4775 610 4834 homo
656 4778 824 4836 factus
863 4790 964 4848 est,
995 4791 1054 4835 ut
1081 4775 1382 4838 necessario
1412 4793 1612 4853 peccet,
1642 4783 1744 4842 hoc
1781 4785 1939 4842 debet
1965 4798 2024 4841 lii.

447 4880 648 4941 peccet.
686 4869 816 4927 Cum
847 4887 973 4944 ergo
1017 4882 1218 4943 peccat,
1245 4874 1384 4944 quod
1426 4875 1585 4931 debet
1627 4876 1769 4932 facit.
1801 4878 1950 4946 Quod
1976 4879 2019 4935 si

444 4961 622 5017 scelus
647 4971 727 5018 est
757 4963 954 5031 dicere,
984 4964 1247 5020 neminem
1275 4973 1459 5020 natura
1497 4978 1592 5022 sua
1629 4970 1769 5040 cogit
1795 4979 1854 5025 ut
1892 4985 2017 5041 pec-

443 5054 659 5128 cet_(a).
719 5054 824 5110 Sed
871 5069 968 5112 nec
1020 5051 1214 5112 aliena.
1258 5057 1372 5112 Non
1421 5059 1562 5114 enim
1611 5061 1848 5131 quisqtiis
1894 5062 2019 5117 dum

442 5145 497 5202 id
526 5145 667 5216 quod
696 5159 802 5201 non
831 5145 943 5201 vult
971 5147 1187 5217 patitur,
1216 5149 1419 5218 peccat.
1467 5147 1598 5203 Nam
1637 5150 1680 5204 si
1718 5149 1860 5220 juste
1887 5151 2022 5220 pati-

504 5259 522 5290 ί
547 5263 622 5307 Er.
648 5257 702 5309 et
721 5263 854 5318 Low,
877 5270 977 5309 esse
1009 5256 1293 5322 acciperem.
1320 5266 1374 5308 Αι
1406 5263 1512 5309 uss.
1539 5269 1733 5322 magno
1752 5265 2020 5322 consensu,

437 5326 541 5369 esse
562 5317 946 5386 meper-anget
966 5317 1170 5380 melius;
1193 5320 1286 5370 hoc
1317 5322 1448 5386 enim
1471 5321 1577 5371 istis
1596 5317 1861 5386 stipa-loris
1881 5317 2022 5386 argul

437 5381 612 5440 menti,
623 5381 749 5444 quod
774 5382 852 5430 hic
871 5382 921 5444 in
941 5389 1200 5442 angustum
1220 5383 1532 5444 contrahitur,
1543 5381 1807 5444 respondet
1827 5381 2019 5435 verbis:

438 5454 474 5506 4
497 5454 592 5506 quo
613 5442 741 5492 enim
762 5443 942 5506 accepit
964 5453 1098 5504 posse
1120 5447 1250 5494 recte
1272 5443 1430 5506 facere
1451 5457 1561 5494 cum
1573 5442 1698 5496 velit.
1711 5447 2016 5499 Faveteditio

438 5454 474 5490 Α
497 5454 592 5552 quo
613 5454 741 5492 emm
762 5454 942 5506 acceptt
964 5454 1098 5504 posse
1120 5454 1250 5494 reae
1272 5454 1309 5506 μ

438 5504 514 5566 ea
535 5539 569 5563 .,
591 5517 702 5566 qua:
715 5504 926 5564 praefert,
951 5515 1051 5554 esse
1071 5511 1309 5566 ceperunt.

501 5565 522 5594 ³
545 5565 622 5613 Et.
646 5565 1141 5633 et_wv.,_convertere
1163 5565 1229 5633 ad
1250 5579 1362 5633 cum
1380 5579 1444 5633 ea:
1466 5580 1560 5630 quo
1580 5581 1647 5619 es.
1661 5574 2021 5633 uss._sex,con-

439 5633 565 5675 uerte
591 5639 608 5685 ;
630 5626 719 5678 sed
741 5628 1020 5677 coniciamus
1040 5626 1264 5677 undecim
1286 5627 1364 5677 alii
1389 5626 1549 5680 ierunt
1571 5629 1794 5682 converti.

500 5707 574 5769 (α)
598 5709 696 5758 vid.
726 5714 925 5760 tietrnct.
953 5707 1038 5758 lib.
1067 5709 1112 5768 9,
1137 5721 1238 5772 cap.
1268 5709 1316 5771 9,
1342 5711 1390 5759 n'.
1415 5711 1461 5760 ’5.

1782 272 1977 330 LIBER
2021 271 2334 333 TERTIUS.

3582 297 3718 356 19.95

2140 397 2243 454 tur,
2277 407 2381 445 non
2413 392 2462 445 in
2494 409 2558 447 eo
2593 405 2778 464 peccat
2821 399 2961 469 quod
2991 404 3181 471 patitur
3205 405 3414 473 invitus,
3443 411 3535 466 sed
3566 413 3618 468 in
3654 430 3721 469 eo

2137 481 2379 550 peccavit
2403 483 2544 574 quod
2572 485 2642 540 ita
2669 485 2794 543 fecit
2819 490 3025 559 volens,
3048 502 3107 548 ut
3129 496 3270 566 quod
3297 500 3462 556 nollet
3483 501 3604 574 jure
3631 522 3722 574 pa-

2138 578 2352 661 teretur.
2397 571 2454 627 Si
2495 583 2670 630 autem
2707 576 2900 648 injuste
2943 582 3156 650 patitur,
3184 588 3452 654 quomodo
3486 571 3720 661 peccat?

2137 660 2252 717 Non
2280 665 2420 718 enim
2449 666 2640 735 injuste
2665 670 2860 740 aliquid
2903 674 3029 742 pati,
3058 675 3150 730 sed
3191 677 3384 746 injtiste
3409 660 3605 752 aliquid
3639 687 3718 742 fa-

2137 766 2279 819 cere,
2304 765 2574 824 peccatum
2605 768 2703 813 est.
2737 761 2888 829 Quod
2923 764 2969 819 si
3012 774 3183 836 neque
3213 782 3306 825 sua
3335 788 3506 842 neque
3548 777 3722 835 aliena

2139 852 2321 898 natura
2349 847 2466 916 quis
2491 862 2710 918 peccare
2735 852 2961 922 cogitur,
3003 863 3165 912 restat
3193 867 3251 913 ut
3277 863 3486 931 propria
3528 866 3720 922 volun-

2139 942 2246 990 tate
2282 949 2548 1007 peccetur.
2592 940 2742 1007 Quod
2785 942 2830 997 si
2873 945 3105 1002 tribuere
3148 949 3378 1006 volueris
3420 940 3718 1025 Conditori,

2139 1033 2442 1093 peccantem
2469 1029 2737 1098 purgabis,
2761 1035 2848 1102 qui
2873 1033 2998 1088 nihil
3024 1045 3213 1105 przcter
3227 1040 3307 1094 sui
3333 1039 3633 1099 Conditoris
3650 1046 3722 1101 in.

2138 1113 2318 1206 stituta
2346 1121 2630 1186 commisit,
2676 1124 2764 1191 qui
2794 1123 2837 1178 si
2869 1135 3015 1182 recte
3037 1127 3356 1200 defenditur,
3387 1150 3491 1190 non
3527 1152 3716 1206 pecca-

2139 1202 2213 1256 vit
2238 1221 2250 1256 :
2280 1218 2388 1260 non
2413 1217 2494 1262 est
2529 1225 2656 1281 ergo
2694 1213 2834 1279 quod
2863 1215 3061 1271 tribuas
3087 1217 3376 1276 Conditori.
3421 1202 3719 1285 Laudemus

2139 1308 2264 1365 ergo
2289 1297 2650 1368 Conditorem,
2692 1304 2735 1358 si
2776 1315 2947 1374 potest
2979 1308 3189 1366 defendi
3229 1325 3509 1383 peccator;
3542 1318 3720 1376 laude-

2140 1401 2278 1453 mus,
2309 1388 2354 1442 si
2379 1404 2482 1444 non
2511 1401 2703 1461 potest.
2735 1393 2791 1449 Si
2821 1398 2960 1451 enim
2979 1398 3118 1467 jnste
3147 1401 3470 1475 defenditur,
3500 1422 3604 1462 non
3636 1419 3724 1465 εει

2140 1489 2384 1547 peccator
2424 1500 2436 1536 :
2469 1483 2621 1539 lauda
2663 1501 2791 1557 ergo
2831 1489 3156 1547 Creatorem.
3197 1495 3251 1550 Si
3289 1508 3465 1554 autem
3509 1500 3720 1557 defendi
3775 1532 3782 1537 -

2139 1585 2245 1624 non
2291 1581 2481 1640 potest,
2508 1573 2559 1628 in
2586 1585 2788 1632 tantum
2828 1593 3076 1650 peccator
3105 1593 3187 1640 est
3224 1587 3276 1641 in
3314 1599 3566 1658 quantum
3600 1605 3659 1647 se
3689 1609 3721 1648 a

2138 1661 2388 1718 Creatore
2415 1666 2642 1721 avertit:
2676 1669 2828 1724 lauda
2851 1687 2977 1742 ergo
3003 1675 3331 1734 Creatorem.
3373 1680 3600 1739 Omnino
3627 1685 3723 1756 igi-

2139 1762 2226 1809 tur
2253 1770 2355 1810 non
2398 1757 2628 1826 invenio,
2660 1772 2758 1817 nec
2787 1764 3007 1819 inveniri
3051 1783 3222 1837 posse,
3255 1779 3308 1826 et
3349 1789 3564 1842 prorsus
3613 1793 3720 1837 non

2138 1859 2259 1901 esse
2293 1847 2582 1917 confirmo,
2627 1854 2894 1921 quomodo
2936 1857 3232 1915 tribuantur
3275 1873 3488 1930 peccata
3535 1878 3715 1923 nostra

2137 1940 2365 1994 creatori
2395 1951 2576 1997 nostro
2598 1944 2736 2010 Deo;
2761 1948 2973 2016 quando
3000 1957 3050 2004 et
3092 1951 3141 2005 in
3177 1952 3304 2022 ipsis
3333 1972 3452 2011 eum
3480 1958 3719 2016 laudabi-

2138 2028 2242 2084 lem
2265 2031 2495 2100 invenio,
2518 2048 2620 2088 non
2639 2036 2808 2090 solum
2834 2038 2974 2107 quod
3000 2056 3060 2094 ea
3086 2042 3252 2110 punit,
3281 2045 3374 2099 sed
3397 2046 3553 2102 etiam
3577 2050 3721 2120 quod

2139 2129 2262 2213 tunc
2291 2122 2441 2188 fiunt,
2470 2139 2590 2180 cum
2617 2126 2684 2181 ab
2707 2127 2822 2197 ejus
2848 2131 3068 2186 veritate
3095 2135 3373 2190 rcceditnr.
3409 2137 3472 2191 E.
3504 2139 3722 2213 Accipio

2138 2211 2236 2267 ista
2284 2213 2630 2272 libentissime
2673 2228 2735 2272 a'e
2777 2221 2975 2288 probo;
3017 2232 3071 2278 et
3113 2226 3330 2279 omnino
3370 2244 3554 2284 verum
3601 2211 3722 2287 csse

2137 2307 2429 2370 consentio,
2464 2307 2607 2362 nullo
2634 2310 2792 2363 modo
2832 2311 2944 2366 fieri
2975 2326 3131 2382 posse
3163 2325 3216 2371 ut
3258 2316 3499 2376 Creatori
3537 2332 3720 2379 nostro

2137 2405 2280 2451 recte
2309 2409 2521 2466 peccata
2553 2409 2730 2456 nostra
2763 2402 3077 2460 tribuantur.

2135 2489 2358 2545 CAPUT
2396 2491 2557 2548 XVII.
2581 2525 2650 2534 —
2687 2495 2931 2552 Voluntas
2971 2510 3042 2552 est
3079 2502 3243 2570 prima
3272 2519 3424 2557 causa
3454 2509 3714 2575 peccandi.

2207 2582 2294 2635 47.
2339 2582 2441 2636 Sed
2475 2592 2649 2640 tamen
2677 2586 2813 2641 scire
2844 2588 3056 2651 vellem,
3099 2591 3141 2644 si
3172 2591 3281 2646 fieri
3311 2604 3510 2663 posset,
3553 2611 3720 2667 quare

2138 2673 2224 2727 ilia
2252 2685 2434 2730 natura
2476 2693 2578 2732 non
2621 2690 2824 2748 peccet,
2855 2696 3011 2750 quam
3056 2699 3158 2736 non
3204 2695 3536 2752 peccaturam
3579 2704 3720 2759 pra:-

2135 2766 2289 2819 scivit
2319 2767 2477 2833 Dens,
2507 2778 2561 2822 et
2587 2785 2750 2839 quare
2784 2772 2880 2824 ista
2913 2781 3113 2840 peccet,
3146 2789 3264 2843 quae
3293 2777 3360 2828 ab
3396 2777 3487 2831 illo
3525 2793 3717 2848 pecca-

2137 2863 2251 2910 tura
2280 2859 2501 2927 praevisa
2530 2870 2628 2914 est.
2672 2860 2784 2914 Non
2816 2862 2955 2914 enim
2987 2862 3095 2931 jam
3126 2871 3272 2932 puto,
3304 2865 3414 2932 ipsa
3441 2867 3533 2922 Dei
3577 2882 3717 2937 prm-

2135 2949 2353 3004 scientia
2380 2950 2464 3004 vel
2495 2951 2644 3004 istam
2670 2965 2906 3020 peccare,
2932 2954 3014 3007 vel
3038 2953 3177 3007 illam
3207 2971 3309 3008 non
3339 2967 3559 3025 peccare
3577 2961 3716 3028 cogi.

2134 3038 2238 3093 Sed
2265 3047 2441 3094 tamen
2481 3041 2524 3094 si
2560 3043 2702 3095 nulla
2728 3058 2883 3096 causa
2923 3050 3084 3110 esset,
3115 3060 3217 3098 non
3246 3045 3318 3099 ita
3348 3045 3718 3116 dispertiretur

2133 3138 2374 3184 creatura
2403 3131 2692 3196 rationalis,
2737 3140 2795 3186 ut
2834 3131 2934 3185 alia
2980 3149 3249 3204 nunquam
3291 3145 3493 3205 peccet,
3534 3136 3634 3192 alia
3661 3137 3716 3192 in

2134 3221 2402 3291 peccando
2423 3230 2748 3292 perseveret,
2775 3225 2876 3277 alia
2895 3227 3045 3293 quasi
3073 3226 3246 3281 media
3275 3226 3412 3282 inter
3440 3236 3719 3300 utramque

2131 3311 2414 3383 aliquando
2441 3321 2640 3382 peccet,
2670 3314 2950 3384 aliquando
2976 3314 3042 3369 ad
3070 3316 3214 3371 recte
3255 3315 3553 3372 faciendum
3579 3333 3714 3373 con-

2131 3409 2384 3461 vertatur.
2415 3405 2544 3469 Quze
2569 3421 2725 3460 causa
2774 3405 2828 3460 in
2873 3406 2969 3461 has
3011 3414 3120 3462 tres
3166 3411 3344 3477 partes
3372 3419 3490 3464 “eam
3529 3409 3715 3466 distri-

2131 3494 2284 3550 buit?
2324 3495 2431 3553 Sed
2481 3496 2607 3552 nolo
2649 3495 2779 3550 mihi
2820 3496 3225 3567 respondeatur,
3263 3497 3521 3554 Voluntas
3563 3516 3577 3554 :
3617 3509 3718 3572 ego

2131 3588 2272 3642 enim
2297 3602 2511 3643 causam
2539 3600 2720 3658 quer
2757 3588 2922 3656 ipsius
2947 3587 3253 3644 voluntatis.
3280 3587 3394 3644 Non
3422 3590 3566 3645 enim
3599 3591 3716 3646 sine

2130 3687 2286 3736 causa
2316 3697 2582 3751 nunquam
2612 3680 2724 3735 vult
2759 3681 2844 3736 illa
2887 3691 3128 3752 peccare,
3173 3691 3441 3752 nunquam
3480 3682 3579 3737 ista
3607 3697 3717 3737 non

2129 3767 2261 3840 vult,
2307 3772 2549 3843 quaedam
2594 3776 2722 3826 vero
2767 3771 3051 3842 aliquando
3093 3772 3237 3839 vult,
3285 3772 3567 3843 aliquando
3606 3789 3713 3829 non

2128 3864 2260 3931 Vult,
2297 3879 2418 3919 cum
2450 3863 2688 3934 ejusdem
2729 3865 2942 3935 generis
2979 3869 3168 3920 Omnes
3211 3864 3338 3920 sint.
3380 3865 3492 3921 Hoc
3534 3867 3714 3922 solum

2129 3958 2273 4013 enim
2303 3957 2432 4012 mihi
2461 3957 2642 4012 videre
2668 3957 2872 4022 videor,
2901 3973 3006 4010 non
3053 3957 3168 4012 sine
3205 3963 3364 4013 causa
3393 3966 3514 4013 esse
3556 3959 3713 4014 istam

2131 4049 2444 4119 tripartitam
2491 4044 2817 4104 voluntatem
2847 4046 3120 4103 rationalis
3144 4054 3431 4113 creatum;
3473 4047 3567 4104 sed
3596 4062 3717 4118 qua:

2128 4147 2288 4198 causa
2313 4141 2402 4208 sit,
2429 4140 2630 4196 nescio.

2199 4241 2287 4296 48.
2317 4241 2380 4293 Α.
2409 4239 2666 4307 Quoniam
2694 4239 2937 4293 veluntas
2965 4239 3046 4292 est
3081 4252 3238 4294 causa
3282 4240 3504 4309 peceati,
3536 4245 3590 4295 tu
3621 4256 3716 4294 au-

2132 4341 2235 4386 tem
2277 4345 2490 4384 causam
2525 4331 2692 4399 ipsius
2733 4330 3019 4383 voluntatis
3051 4329 3289 4399 inquiris,
3325 4330 3368 4384 si
3400 4327 3537 4386 hanc
3565 4329 3714 4384 inve-

2129 4422 2245 4478 nire
2269 4431 2513 4492 puluero,
2539 4433 2712 4476 nOnne
2733 4433 2948 4475 causam
2971 4419 3128 4474 etiam
3153 4420 3267 4488 ejus
3289 4434 3462 4475 causa:
3489 4436 3606 4491 qua:
3628 4419 3712 4474 in-

2127 4522 2283 4568 venta
2331 4512 2491 4568 fuerit
2535 4512 2852 4582 quzesiturus
2896 4511 2992 4565 es?
3039 4513 3102 4565 Et
3142 4512 3260 4581 quis
3300 4511 3401 4566 erit
3439 4513 3710 4582 quzerendi

2127 4604 2334 4670 modus,
2368 4603 2484 4674 quis
2515 4602 2633 4657 finis
2668 4601 3042 4672 percunctandi
3071 4618 3133 4656 ac
3162 4601 3477 4668 disserendi,
3506 4616 3626 4656 eum
3660 4613 3712 4658 te

2126 4699 2264 4754 ultra
2293 4696 2526 4752 radicem
2551 4707 2792 4767 qurerere
2819 4695 2950 4750 nihil
2973 4695 3257 4764 oporteat?
3286 4695 3424 4750 Cave
3446 4695 3587 4749 enim
3617 4703 3713 4765 pu-

2127 4802 2208 4846 tes
2235 4788 2520 4860 quidquam
2563 4786 2797 4857 pOtuisse
2823 4785 2926 4841 dici
2958 4786 3132 4841 verius
3161 4801 3317 4854 quam
3363 4784 3414 4839 id
3456 4785 3595 4854 quod
3626 4785 3710 4839 di-

2125 4891 2268 4938 ctum
2293 4888 2396 4946 est,
2427 4878 2659 4934 radicem
2688 4877 2924 4934 Omnium
2969 4875 3227 4930 malorum
3271 4888 3389 4930 esse
3434 4875 3712 4930 avaritiam

2126 4976 2178 5046 (1
2207 4973 2342 5030 Tim.
2383 4989 2454 5035 vi,
2498 4971 2607 5044 10),
2658 4970 2762 5026 hoc
2801 4978 2902 5034 est,
2945 4969 3064 5038 p'lus
3095 4968 3231 5022 velle
3267 4979 3424 5038 quam
3477 4976 3560 5022 sat
3600 4977 3708 5022 est.

2127 5066 2352 5120 Tantum
2377 5069 2555 5118 autem
2586 5069 2668 5116 sat
2691 5068 2792 5123 est,
2824 5064 3077 5129 quantum
3109 5058 3209 5112 sibi
3231 5057 3394 5128 exigit
3433 5068 3636 5113 natura:
3658 5059 3711 5113 in

2125 5170 2222 5213 suo
2245 5161 2440 5228 genere
2465 5151 2842 5210 conservanda:
2872 5149 3080 5205 modus.
3112 5149 3348 5204 Avaritia
3379 5151 3544 5218 enim,
3593 5165 3712 5221 qua:

2123 5262 2296 5319 graece
2320 5251 2603 5319 φιλαργυρία
2629 5241 2841 5305 dicitur,
2881 5256 2988 5295 non
3027 5241 3078 5295 in
3126 5241 3243 5296 solo
3277 5251 3501 5312 argento
3537 5240 3621 5296 vel
3653 5242 3710 5297 iit

2123 5340 2374 5404 nummis,
2402 5337 2544 5392 unde
2567 5335 2734 5404 magis
2754 5349 2946 5389 nomen
2968 5333 3185 5389 duxisse
3209 5343 3456 5399 resonat;
3487 5344 3712 5404 argento

2122 5431 2267 5488 enim
2305 5429 2505 5484 nummi
2529 5427 2612 5482 vel
2643 5427 2808 5481 mixto
2838 5434 3058 5496 argento
3085 5424 3416 5498 frequentius
3444 5426 3583 5496 apud
3611 5441 3709 5482 ve-

2124 5531 2267 5580 teres
2293 5519 2492 5575 iiebant
2516 5536 2528 5573 :
2561 5516 2658 5574 sed
2684 5517 2735 5572 in
2764 5517 3008 5572 omnibus
3029 5517 3189 5572 rebus
3217 5533 3333 5589 qua:
3361 5517 3711 5574 immoderato

2126 5612 2412 5682 cupiuntur
2454 5606 2797 5678 intelligenda
2844 5615 2945 5674 est,
2983 5607 3298 5676 ubicumque
3343 5609 3560 5662 omnino
3586 5609 3707 5678 plus

2127 5703 2236 5760 vult
2257 5701 2481 5772 quisque
2508 5714 2666 5770 quam
2698 5707 2776 5753 sat
2803 5707 2903 5754 est.
2940 5699 3062 5754 lltcc
3092 5706 3270 5752 autem
3294 5699 3512 5754 avaritia
3549 5699 3699 5767 cupis
