4118 6370
433 407 570 464 1297

430 533 486 582 et
530 524 762 591 libidinis
794 525 970 592 nullus
1013 525 1282 579 hominum
1332 526 1494 600 victor
1541 525 1794 580 existeret
1829 541 1841 575 :
1887 540 2008 578 cum

429 632 557 671 vero
585 617 779 687 ubique
807 617 875 671 sit
903 632 1152 685 praesens,
1181 617 1268 686 qui
1297 617 1475 670 multis
1500 616 1670 671 modis
1694 632 1786 690 per
1805 627 2011 670 creatu-

428 723 541 764 ram
567 707 665 761 sibi
699 707 920 760 Domino
958 709 1275 762 servientem
1315 723 1559 762 aversum
1597 715 1783 774 vocet,
1823 705 2012 762 doceat

429 801 759 865 credentem,
778 791 1095 869 consoletur
1123 810 1443 869 sperantem.
1475 798 1780 870 diligentem
1810 797 2008 854 adhor-

431 901 592 958 tetur,
623 901 901 947 conantem
929 892 1170 961 adjuvet,
1199 893 1443 947 exaudiat
1468 893 1868 969 deprecantem;
1903 907 2009 948 non

430 983 525 1038 tibi
566 981 851 1052 deputatur.
895 982 960 1036 ad
998 983 1207 1052 culpam
1247 982 1386 1052 quod
1415 983 1608 1039 invitus
1639 984 1882 1054 ignoras,
1915 985 2009 1040 sed

431 1076 811 1150 quodncgligis
833 1091 1069 1144 qua-rere
1091 1075 1229 1145 quod
1256 1077 1495 1144 ignoras;
1528 1092 1699 1146 neque
1720 1076 1846 1130 illud
1868 1077 2008 1146 quod

427 1169 703 1228 vulnerata
735 1167 968 1222 membra
1009 1183 1110 1222 nou
1155 1169 1387 1237 colligis,
1434 1167 1526 1223 sed
1565 1167 1706 1239 quod
1746 1168 2009 1230 volentem

428 1278 618 1316 sanare
655 1262 1003 1316 contemnis:
1055 1261 1153 1322 ista
1210 1271 1294 1315 tua
1345 1261 1553 1330 prepria
1601 1269 1814 1330 peccata
1863 1269 2008 1317 sunt.

430 1355 568 1413 Nulli
608 1355 747 1408 cnim
794 1353 990 1411 homini
1038 1353 1267 1406 ablatum
1306 1361 1388 1406 est
1430 1351 1566 1407 seire
1607 1351 1807 1408 utiliter
1844 1353 2010 1425 qumri

432 1447 572 1517 quod
606 1446 859 1499 inutiliter
887 1447 1152 1515 ignoratur
1180 1446 1218 1512 ',
1258 1454 1310 1499 ct
1348 1444 1616 1499 humiliter
1655 1443 2008 1499 confitendam

429 1552 547 1591 csse
575 1536 1010 1600 imbecillitatem,
1045 1545 1102 1590 ut
1131 1538 1455 1606 quwrentict
1479 1537 1751 1592 confitenti
1780 1537 1868 1591 ille
1895 1535 2010 1590 sub-

429 1629 622 1690 veniat,
655 1628 739 1697 qui
767 1643 863 1682 nec
890 1638 1032 1683 errat
1056 1629 1178 1682 dum
1208 1629 1468 1694 subvenit,
1501 1645 1598 1696 nec
1627 1629 1851 1685 laborat.

499 1722 588 1777 54.
621 1723 748 1776 Nam
782 1721 910 1775 illud
936 1722 1074 1791 quod
1101 1723 1346 1792 ignorans
1375 1723 1598 1792 quisque
1621 1738 1724 1776 non
1753 1732 1897 1776 recte
1928 1721 2006 1777 fa-

428 1814 532 1878 cit,
579 1820 631 1866 ct
666 1812 805 1882 quod
835 1821 976 1868 recte
1002 1814 1186 1868 volens
1213 1814 1384 1868 facere
1415 1829 1518 1868 non
1550 1821 1742 1884 potest,
1786 1815 1902 1868 ideo
1930 1815 2008 1868 di-

427 1913 617 1958 cuntur
639 1913 852 1973 peccata
872 1946 886 1968 ,
920 1904 1040 1973 quia
1065 1903 1129 1956 de
1157 1915 1372 1974 peccato
1395 1906 1484 1959 illo
1513 1906 1695 1959 libera:
1724 1905 2008 1960 voluntatis

427 1995 683 2066 originem
723 1995 923 2050 ducunt
961 2013 972 2049 :
1019 1995 1144 2049 illud
1175 1998 1314 2050 enim
1345 1997 1648 2067 praecedens
1677 1999 1872 2053 meruit
1911 1999 2007 2052 ista

428 2086 720 2155 sequentia.
774 2085 920 2146 Nam
954 2087 1090 2140 sicut
1141 2088 1372 2157 linguam
1416 2088 1640 2144 dicimus
1683 2106 1786 2144 non
1835 2091 2005 2144 solum

428 2176 726 2231 membrum
767 2177 906 2246 quod
947 2194 1219 2233 movemus
1249 2180 1299 2232 in
1331 2193 1424 2234 ore
1449 2179 1572 2234 dum
1601 2181 1882 2250 loquimur,
1913 2182 2006 2237 sed

427 2268 587 2322 etiam
626 2267 750 2322 illud
795 2269 935 2338 quod
978 2269 1130 2338 hujus
1161 2270 1382 2325 membri
1411 2282 1609 2333 motum
1641 2274 2004 2342 consequitur,

429 2359 480 2413 id
502 2369 581 2413 cst
597 2357 821 2414 formam
843 2370 1185 2431 tcnoremque
1208 2363 1510 2429 verborum,
1537 2364 1827 2418 secundum
1849 2381 2005 2434 quem

428 2452 641 2506 modum
672 2443 864 2508 dicitur
890 2456 989 2508 alia
1020 2454 1193 2525 lingua
1217 2471 1409 2526 graeca,
1438 2457 1539 2510 alia
1570 2456 1729 2510 latina
1757 2475 1768 2508 :
1798 2457 1874 2511 sic
1900 2474 2006 2512 non

427 2544 601 2600 solum
631 2552 900 2614 peccatum
937 2545 1063 2610 illud
1091 2547 1315 2601 dicimus
1336 2589 1349 2610 ,
1383 2547 1523 2617 quod
1553 2549 1764 2618 proprie
1792 2562 2009 2604 vocatur

427 2625 701 2705 peccatum.
722 2679 736 2701 ,
777 2637 941 2702 libera
971 2638 1112 2692 enim
1153 2639 1421 2693 voluntate
1447 2647 1499 2693 et
1527 2640 1592 2694 ab
1621 2641 1821 2696 sciente
1862 2656 2009 2696 cum-

427 2727 683 2793 mittitur;
713 2729 806 2782 sed
832 2731 990 2784 etiam
1016 2729 1141 2784 illud
1172 2730 1313 2801 quod
1336 2732 1444 2800 jam
1473 2731 1538 2786 de
1562 2731 1720 2802 hujus
1747 2733 2008 2802 supplicio

427 2827 780 2887 consequatur
817 2835 1034 2874 necesse
1073 2830 1174 2874 est.
1223 2822 1310 2875 Sic
1355 2823 1511 2876 etiam
1556 2823 1719 2892 ipsam
1765 2813 2006 2892 naturam

427 2907 582 2961 aliter
605 2907 848 2976 dicimus,
879 2925 997 2964 cum
1028 2911 1239 2982 proprie
1274 2912 1554 2981 loquimur,
1584 2922 1822 2978 naturam
1849 2915 2010 2977 homi-

429 2999 511 3052 nis
531 3041 543 3062 ,
577 2999 627 3053 in
664 3015 764 3069 qua
799 3001 1024 3069 primum
1055 3002 1104 3054 in
1131 3016 1228 3055 suo
1255 3018 1452 3071 genere
1482 3003 1813 3080 iueulpiabilis
1839 3006 2008 3062 factus

427 3099 509 3146 est
544 3107 558 3148 :_
605 3092 759 3148 aliter
791 3094 944 3167 istam
968 3137 985 3160 ,
1014 3095 1065 3148 in
1096 3110 1198 3164 qua
1225 3109 1292 3150 ex
1313 3095 1457 3160 illius
1483 3095 1726 3164 damnati,
1748 3114 1922 3167 poma,
1956 3108 2010 3155 et

427 3182 680 3247 mortales
723 3191 777 3238 et
801 3165 986 3253 “'ignari
1027 3192 1080 3239 et
1117 3184 1264 3253 carni
1293 3185 1487 3240 subditi
1525 3188 1824 3254 nascimur;
1851 3189 2008 3257 juxta

427 3288 585 3341 quem
614 3273 826 3327 modum
849 3266 975 3329 dicit
995 3275 1276 3344 Apostolus
1298 3318 1312 3342 ,
1345 3275 1557 3332 Fuimus
1582 3281 1714 3334 enim
1740 3290 1784 3334 et
1805 3297 1896 3335 nos
1915 3297 2009 3342 na—

430 3363 661 3416 turaliter
686 3364 781 3431 ﬁlii
809 3365 918 3430 irw,
951 3365 1080 3418 sicut
1103 3374 1147 3418 et
1175 3369 1340 3422 caeteri
1371 3368 1585 3440 (Ep/tes.
1618 3387 1672 3436 ιι,
1705 3372 1778 3443 5).

427 3452 656 3509 CAPUT
681 3455 798 3511 XX.
821 3486 892 3496 -—
914 3455 1149 3513 Pwuales
1170 3459 1390 3531 defectus
1405 3463 1457 3516 in
1479 3463 1604 3518 Ada:
1621 3475 1844 3536 posteros
1870 3468 2008 3524 haud

499 3546 683 3615 injuste
709 3546 1022 3616 demanasse,
1045 3567 1371 3623 quazcumque
1391 3554 1588 3609 demum
1611 3574 1724 3618 vera
1743 3560 1806 3614 sit
1823 3561 1885 3620 de
1897 3563 2010 3615 ani-

497 3652 692 3690 marum
720 3639 913 3710 origine
930 3642 1213 3704 sententias

498 3726 587 3782 55.
629 3727 696 3784 Ut
720 3737 895 3786 autem
922 3731 988 3786 de
1017 3733 1107 3787 illo
1134 3735 1306 3804 primo
1329 3738 1594 3810 conjugio,
1624 3751 1676 3796 et
1705 3757 1826 3798 cum
1854 3744 2006 3815 igno-

427 3819 596 3872 rantia
618 3860 633 3885 ,
663 3828 859 3875 etcum
889 3822 1216 3892 difficultate,
1245 3835 1442 3884 etcum
1470 3834 1791 3891 mortalitate
1821 3851 2005 3891 nasca-

427 3924 566 3974 mur,
594 3912 841 3979 quoniam
865 3914 938 3970 illi
964 3930 1084 3970 eum
1112 3922 1497 3990 peccavissent,
1518 3933 1571 3979 et
1595 3926 1647 3981 in
1673 3944 1932 3998 errorem,
1952 3940 2008 3986 et

427 3999 482 4053 in
511 4016 824 4067 aerumnam,
857 4012 910 4081 et
932 4006 985 4059 in
1013 4016 1236 4063 mortem
1266 4014 1576 4082 praecipitati
1618 4028 1780 4086 sunt,
1824 4017 2004 4077 rerum

429 4091 750 4148 moderatori
799 4110 1008 4152 summo
1049 4100 1159 4154 Deo
1188 4101 1481 4171 justissime
1524 4108 1754 4176 placuit;
1788 4120 1844 4166 ut
1871 4114 2004 4169 etin

428 4192 546 4237 ortu
575 4182 804 4241 hominis
832 4188 1158 4258 originaliter
1178 4203 1455 4262 appareret
1475 4196 1676 4265 justitia
1707 4201 2000 4269 puuientis,

427 4281 480 4325 et
510 4272 559 4325 in
586 4283 837 4341 provectu
864 4278 1226 4335 misericordia
1251 4282 1542 4340 liberantis.
1583 4288 1696 4342 Non
1725 4292 1865 4346 enim
1909 4295 2002 4348 da-

428 4375 607 4420 mnato
655 4366 826 4435 primo
870 4368 1073 4426 homini
1109 4373 1185 4428 sic
1227 4375 1473 4447 adempta
1503 4389 1585 4435 est
1627 4382 1916 4451 beatitudo,
1948 4398 2004 4443 ut

426 4457 583 4512 etiam
612 4459 900 4516 fecunditas
919 4463 1258 4521 adimeretur.
1289 4468 1505 4534 Poterat
1525 4475 1666 4528 enim
1691 4484 1743 4530 et
1766 4477 1833 4536 de
1853 4481 2003 4550 prole

427 4548 561 4615 ejus,
593 4553 833 4620 quamvis
856 4557 1054 4611 carnali
1085 4567 1138 4613 ct
1164 4563 1410 4628 mortali,
1453 4565 1663 4637 aliquod
1694 4570 1744 4624 in
1782 4548 1882 4627 suo
1907 4589 2000 4642 ge-

428 4652 554 4692 nere
590 4640 702 4695 fieri
741 4642 902 4700 decus
927 4658 1403 4723 ornamentumque
1433 4663 1724 4716 terrarum.
1756 4640 2002 4726 Jamvero

429 4736 487 4781 ut
511 4730 758 4788 meliores
784 4735 1024 4805 gigneret
1051 4754 1208 4809 quam
1241 4743 1354 4812 ipse
1381 4756 1541 4816 esset,
1565 4765 1669 4804 non
1696 4762 1816 4810 erat.
1835 4755 2001 4824 tequi-

430 4819 552 4874 tatis
575 4839 586 4874 :
613 4823 704 4876 sed
730 4838 793 4878 ex
820 4829 1168 4886 conversione
1193 4834 1258 4890 ad
1287 4835 1473 4903 Deum,
1505 4849 1558 4893 ut
1589 4842 1822 4898 vinceret
1857 4819 2002 4915 quis-

426 4925 530 4981 que
545 4913 858 4982 supplicium
879 4919 1016 4988 quod
1041 4921 1187 4992 origo
1207 4924 1321 4994 ejus
1337 4943 1402 4982 ex
1412 4933 1693 4989 aversione
1713 4913 1997 5007 meruerat,

429 5017 531 5056 non
549 5004 718 5059 solum
740 5008 1001 5072 volentem
1023 5027 1128 5069 non
1149 5016 1448 5088 prohiberi,
1466 5024 1557 5077 sed
1582 5004 2001 5099 etiamadjuvari

428 5095 736 5162 oportebat;
785 5098 944 5154 etiam
985 5103 1062 5156 sic
1105 5105 1245 5160 enim
1289 5124 1466 5165 rerum
1508 5112 1729 5170 Creator
1773 5095 2004 5176 ostendit

427 5193 621 5254 quanta
645 5187 895 5247 facilitate
924 5195 1182 5262 potuisset
1203 5197 1382 5266 homo,
1407 5202 1452 5256 si
1475 5204 1746 5273 voluisset,
1774 5214 2001 5269 retinere

426 5277 565 5344 quod
592 5278 758 5333 factus
787 5290 886 5346 est,
914 5297 1032 5337 cum
1063 5287 1238 5354 proles
1256 5289 1370 5360 ejus
1390 5295 1556 5362 potuit
1573 5297 1729 5351 etiam
1751 5314 2000 5370 superare

427 5366 564 5435 quod
594 5376 714 5422 nata
743 5381 843 5424 est.

451 5542 460 5552 ~
489 5481 504 5510 ¹
533 5487 664 5550 _Lov.,
687 5481 812 5534 scire
833 5484 1012 5536 utiliter
1034 5501 1266 5552 qumrere,
1283 5497 1409 5558 quod
1432 5495 1663 5570 inutiliter
1685 5501 1888 5574 ignorat.
1917 5517 2002 5574 Aug

451 5554 660 5574 Iniunan
683 5545 774 5574 mhi
821 5549 909 5574 nm!
955 5556 1012 5574 ιθ.-
1059 5557 1103 5574 ..ο
1129 5559 1217 5574 ιι.-,.
1267 5566 1403 5574 ____-._,
1693 5572 1701 5574 _
1730 5565 1757 5574 ..

674 5545 926 5633 ι.
1251 5545 1494 5633 hianna},

425 5602 936 5684 inﬁtitiliter‘iqnoratur.
951 5609 1034 5682 Alii
1049 5618 1154 5684 Mss.
1170 5602 2002 5684 qum{genii}iidliiiﬁifiiiiﬂrb

1109 5679 1353 5752 Sorbouiei
1366 5669 1482 5752 duo;

426 5729 724 5813 Pegasis,
737 5739 874 5813 ﬁta-1
891 5729 1090 5813 habent,
1104 5737 1232 5813 scire
1250 5741 1426 5811 utiliter
1449 5729 1576 5808 quini

425 5792 668 5845 tgnoratur
697 5802 713 5839 :
735 5804 876 5854 quam
894 5792 1148 5847 lcetiettetn
1172 5801 1407 5864 eligimus.
1586 5792 1598 5799 ’
1625 5792 1679 5815 Ἢ

1785 406 1986 464 LIBER
2026 405 2333 463 TERTIUS.

3561 427 3580 479 l
3591 426 3694 482 298

2191 525 2273 578 56.
2305 525 2520 593 Deinde,
2547 529 2590 581 si
2609 543 2710 582 una
2738 531 2910 585 anima
2939 530 3075 587 facta
3103 542 3204 600 est,
3235 551 3300 591 ex
3328 555 3428 609 qua
3457 542 3694 596 omnium

2119 614 2390 670 hominum
2424 618 2614 673 anima:
2654 621 2935 677 trahuntur
2977 627 3302 681 nascentium
3324 669 3338 694 ,
3379 631 3495 699 quis
3521 643 3696 701 potest

2118 705 2298 761 dicere
2323 724 2428 761 non
2456 723 2513 765 se
2533 725 2804 778 peccasse,
2837 729 2954 767 cum
2983 715 3183 784 primus
3206 717 3293 772 ille
3316 722 3594 789 peccavit?
3638 723 3696 779 Si

2119 809 2296 853 autem
2323 799 2623 870 singillatim
2649 802 2779 858 ﬁunt
2800 806 2850 858 iu
2877 821 3200 877 unoquoque
3215 812 3563 879 uasccntimn,
3589 830 3693 869 non

2118 897 2200 942 est
2225 881 2552 958 per-versum,
2583 893 2690 947 imo
2714 897 3268 953 convenientissimum
3298 910 3352 955 et
3373 901 3700 958 ordinatissio

2121 994 2263 1034 mum
2294 991 2531 1051 apparet,
2564 993 2619 1037 ut
2650 985 2847 1040 malum
2881 989 3123 1042 meritum
3155 990 3363 1058 prioris,
3395 1002 3580 1048 natura
3607 1011 3695 1050 se-

2118 1073 2329 1147 quentis
2367 1075 2467 1140 sit;
2508 1085 2563 1131 et
2603 1077 2804 1132 bonum
2850 1081 3094 1135 meritum
3151 1085 3418 1153 sequentis
3443 1125 3457 1148 ,
3508 1095 3693 1143 natura

2119 1162 2308 1230 prioris
2347 1165 2435 1219 sit.
2479 1165 2614 1232 Quid
2652 1167 2793 1222 enitn
2839 1169 3108 1240 indignum
3129 1213 3143 1237 ,
3172 1173 3216 1226 si
3242 1175 3400 1228 etiam
3429 1175 3508 1230 sic
3533 1178 3698 1232 voluit

2118 1255 2339 1308 Creator
2383 1255 2700 1325 ostendere,
2749 1274 2916 1329 usque
2959 1261 3093 1315 adeo
3137 1265 3397 1321 excellere
3437 1270 3696 1324 creaturis

2117 1346 2387 1412 corporeis
2430 1347 2619 1403 animae
2657 1347 2998 1419 dignitatem,
3048 1363 3106 1407 ut
3140 1354 3207 1408 ab
3244 1369 3308 1409 eo
3335 1357 3502 1426 gradu
3533 1360 3698 1428 possit

2117 1449 2235 1490 esse
2279 1445 2428 1492 ortus
2468 1440 2724 1508 alterius,
2769 1443 2834 1497 ad
2881 1460 3036 1513 quem
3065 1447 3279 1502 alterius
3301 1450 3586 1519 perductus
3615 1462 3697 1506 est

2117 1531 2379 1584 occasus?
2408 1532 2537 1585 Nam
2579 1550 2700 1588 cum
2743 1536 2807 1590 ad
2855 1539 3199 1607 ignorantiam
3227 1540 3698 1612 difﬁcultatemque

2116 1622 2416 1690 pervenerit
2437 1622 2521 1676 illa
2550 1627 2833 1693 peccatrix,
2859 1627 2977 1683 ideo
3000 1645 3151 1698 prima
3179 1641 3320 1686 recte
3342 1632 3549 1697 dicitur,
3575 1634 3696 1704 quia

2115 1713 2305 1768 melior
2326 1725 2448 1770 ante
2479 1716 2613 1772 hanc
2643 1734 2850 1786 pmoam
2881 1721 2994 1775 fuit.
3024 1723 3077 1778 Si
3100 1740 3227 1793 ergo
3252 1725 3414 1780 altera
3437 1727 3556 1781 talis
3578 1742 3697 1782 esse

2114 1805 2311 1873 coepit,
2358 1821 2459 1859 non
2510 1807 2680 1862 solum
2727 1821 2849 1866 ante
2887 1824 3181 1881 peccatum,
3212 1814 3304 1870 sed
3333 1825 3454 1871 ante
3483 1813 3697 1872 omnem

2115 1898 2274 1949 vitam
2321 1912 2507 1966 suam,
2549 1901 2718 1970 qualis
2757 1903 2856 1956 alia
2889 1914 3006 1972 post
3035 1905 3190 1958 vitam
3220 1907 3530 1976 culpabilem
3560 1908 3697 1964 facta

2114 1997 2227 2053 est,
2259 2003 2362 2042 non
2395 2005 2616 2058 parvum
2665 1992 2858 2046 bonum
2902 1995 3097 2062 habet,
3132 1997 3272 2052 unde
3297 1996 3567 2054 Conditori
3597 2016 3694 2056 suo

2111 2078 2307 2146 gratias
2336 2089 2482 2148 agat;
2523 2082 2641 2151 quia
2671 2084 2782 2152 ipse
2805 2094 2951 2139 ortus
2978 2085 3091 2155 ejus
3123 2101 3176 2141 et
3215 2087 3478 2143 inchoatio
3511 2091 3698 2160 quovis

2114 2168 2349 2237 perfecto
2395 2186 2618 2240 corpore
2667 2184 2748 2228 est
2797 2176 3003 2230 melior.
3053 2177 3166 2231 Non
3218 2179 3360 2234 enim
3409 2180 3697 2236 mediocria

2114 2258 2250 2312 bona
2282 2270 2445 2327 sunt,
2479 2277 2583 2315 non
2614 2265 2785 2318 solum
2826 2266 2965 2334 quod
3009 2269 3184 2321 anima
3225 2279 3339 2335 est,
3370 2285 3474 2340 qua
3511 2279 3696 2325 natura

2109 2348 2217 2418 jam
2250 2365 2408 2406 omne
2445 2367 2638 2422 cmpos
2671 2356 2958 2423 pnecedit;
2997 2357 3090 2412 sed
3117 2358 3276 2413 etiam
3307 2360 3446 2430 quod
3477 2362 3697 2416 faculta-

2115 2449 2220 2496 tem
2254 2441 2430 2510 habet,
2461 2453 2516 2498 ut
2546 2447 2828 2515 adjuvante
2858 2448 3108 2506 Creatore
3137 2453 3366 2530 seipsam
3393 2454 3618 2522 excolat,
3645 2465 3700 2510 et

2115 2535 2202 2602 pio
2223 2535 2399 2589 studio
2425 2538 2598 2604 possit
2623 2553 2810 2594 omnes
2836 2543 3112 2610 acquirere
3141 2553 3194 2598 et
3225 2559 3415 2614 capere
3451 2546 3695 2614 virtutes,

2115 2637 2210 2701 per
2245 2640 2376 2693 quas
2402 2635 2453 2680 et
2486 2641 2512 2679 a
2545 2627 2857 2685 difficultate
2885 2633 3153 2687 cruciante
3174 2676 3188 2700 ,
3217 2643 3271 2690 et
3307 2637 3380 2692 ab
3404 2637 3698 2708 ignorantia

2113 2727 2351 2771 uocante
2378 2718 2647 2774 liberetur.
2682 2721 2830 2788 Quod
2853 2723 2896 2776 si
2921 2724 2992 2778 ita
3021 2733 3122 2792 est,
3158 2740 3261 2796 non
3297 2729 3397 2782 erit
3430 2730 3699 2786 nascenti-

2114 2807 2212 2861 bus
2230 2809 2420 2863 animis
2442 2809 2736 2879 ignorantia
2759 2821 2813 2866 et
2835 2812 3117 2872 difﬁcultas
3138 2818 3450 2887 supplicium
3473 2821 3695 2889 peccati,

2114 2897 2206 2952 sed
2239 2899 2544 2968 proficiendi
2584 2901 2906 2970 admonitio,
2939 2916 2991 2960 et
3027 2905 3370 2977 perfectionis
3397 2910 3694 2966 exordium.

2115 2989 2230 3043 Non
2255 2992 2393 3045 enim
2425 3002 2548 3048 ante
2582 3008 2738 3049 omne
2768 2997 3014 3051 meritum
3047 2998 3171 3053 boni
3204 3001 3379 3070 operis
3405 3017 3588 3072 parum
3616 3011 3699 3058 est

2114 3083 2385 3151 accepisse
2416 3085 2652 3139 naturale
2683 3087 2971 3155 judicium,
3016 3105 3122 3159 quo
3151 3092 3462 3162 sapientiam
3492 3109 3698 3164 prmpo-

2116 3182 2206 3225 nat
2248 3161 2446 3239 errori,
2481 3183 2534 3228 et
2579 3177 2808 3244 quietem
2859 3177 3152 3240 difﬁcultati
3179 3161 3282 3244 ,iut
3321 3183 3388 3244 ad
3427 3161 3542 3241 haec
3587 3161 3697 3244 non

2115 3264 2403 3331 nascendo,
2433 3267 2524 3322 sed
2554 3267 2814 3326 studendo
2846 3272 3138 3339 perveniat.
3164 3271 3316 3343 Quod
3330 3275 3396 3333 si
3409 3290 3566 3346 agere
3593 3291 3696 3332 no-

2114 3353 2291 3421 luerit,
2326 3357 2536 3433 peccati
2555 3373 2642 3411 rea
2666 3357 2786 3434 jure
2813 3361 3108 3429 tenebitur,
3141 3369 3545 3436 tanquamqua:
3588 3382 3695 3422 non

2113 3444 2248 3500 bene
2289 3461 2382 3504 usa
2426 3449 2494 3501 sit
2536 3463 2597 3506 ea
2636 3448 2881 3506 facultate
2920 3467 3076 3529 quam
3120 3455 3343 3524 accepit.
3382 3455 3692 3528 Quanquam

2111 3537 2252 3590 enim
2285 3537 2336 3591 in
2369 3538 2660 3608 ignorantia
2688 3550 2742 3595 et
2767 3541 3077 3598 difﬁcultate
3109 3553 3227 3599 nata
3259 3547 3346 3612 sit,
3380 3563 3483 3602 non
3516 3556 3694 3605 tamen

2111 3627 2175 3680 ad
2208 3630 2620 3698 permanendum
2647 3632 2696 3686 in
2725 3648 2789 3688 eo
2814 3634 2954 3704 quod
2984 3643 3106 3690 nata
3135 3645 3237 3703 est,
3265 3637 3437 3708 aliqua
3460 3640 3695 3696 necessi-

2113 3729 2218 3773 tate
2263 3722 2628 3790 comprimitur
2665 3741 2677 3777 :
2708 3739 2878 3794 neque
2924 3727 3142 3781 omnino
3191 3729 3360 3798 potuit
3406 3730 3506 3784 nisi
3551 3731 3693 3787 Deus

2111 3813 2447 3880 omnipotens
2490 3828 2608 3868 esse
2639 3816 2655 3845 ¹
2685 3816 2843 3870 etiam
2895 3817 3077 3871 talium
3115 3827 3324 3874 creator
3371 3821 3687 3889 animarum,

2111 3915 2242 3968 quas
2263 3909 2440 3955 etnon
2462 3902 2682 3958 dilectus
2709 3905 2820 3974 ipse
2840 3903 3014 3974 faciat,
3039 3915 3091 3962 et
3109 3906 3330 3980 diligens
3349 3925 3440 3966 eas
3466 3911 3687 3977 reﬁciat,

2110 4001 2165 4047 et
2205 3991 2426 4048 dilectus
2475 3996 2587 4065 ipse
2632 3997 2908 4066 perficiat;
2957 3997 3048 4068 qui
3094 4008 3149 4054 et
3191 4015 3296 4055 non
3339 4002 3690 4058 existentibus

2108 4092 2325 4151 praestat
2353 4095 2408 4138 ut
2437 4085 2563 4153 sint,
2592 4095 2646 4142 et
2673 4088 2972 4145 amantibus
2999 4103 3121 4149 eum
3141 4104 3172 4146 a
3197 4106 3301 4162 quo
3327 4100 3449 4147 sunt
3473 4101 3690 4163 praestat

2108 4182 2166 4227 ut
2186 4173 2350 4228 beata:
2379 4175 2501 4241 siut.

2178 4265 2265 4318 57.
2294 4265 2348 4320 Si
2373 4282 2496 4321 vero
2518 4267 2569 4321 in
2599 4269 2689 4332 Dei
2719 4269 2895 4341 aliquo
2916 4280 3124 4328 secreto
3141 4273 3250 4344 jam
3271 4274 3557 4331 existentes
3574 4275 3689 4332 ani-

2107 4372 2210 4418 mae
2237 4359 2518 4414 mittuntur
2550 4361 2615 4414 ad
2644 4362 2946 4430 inspiranda
2977 4373 3030 4418 et
3058 4365 3286 4434 regenda
3317 4381 3541 4438 corpora
3569 4369 3684 4424 sin-

2107 4451 2350 4519 gulorum
2413 4467 2741 4522 quorumque
2799 4457 3166 4522 nascentium,
3219 4458 3285 4512 ad
3342 4459 3444 4516 hoc
3493 4461 3688 4532 utique

2107 4541 2386 4594 mittuntur
2413 4541 2663 4608 officium,
2699 4551 2755 4597 ut
2783 4559 2975 4614 corpus
3003 4546 3142 4616 quod
3181 4547 3246 4603 de
3275 4564 3429 4618 pmna
3460 4553 3681 4621 peccati,

2107 4633 2208 4699 hoc
2253 4643 2334 4688 est
2366 4636 2682 4691 mortalitate
2729 4639 2883 4708 primi
2927 4639 3187 4710 hominis,
3233 4647 3498 4714 nascitur,
3547 4647 3685 4705 bene

2105 4725 2543 4792 administrando,
2577 4727 2626 4794 id
2657 4738 2738 4784 est
2766 4733 3072 4810 castigando
3100 4751 3194 4804 per
3222 4737 3440 4792 virtutes
3460 4779 3474 4804 ,
3508 4750 3562 4794 et
3589 4756 3682 4796 or-

2105 4816 2450 4872 dinatissimae
2465 4831 2622 4896 atque
2640 4821 2883 4890 legitima:
2901 4825 3137 4879 servituti
3156 4826 3500 4896 subjicienda,
3520 4832 3682 4886 etiam

2106 4909 2203 4978 ipsi
2231 4920 2541 4978 comparent
2564 4895 2749 4966 ordine
2786 4923 2944 4982 atque
2977 4923 3215 4983 tempore
3245 4895 3541 4986 opportuno
3565 4936 3679 4976 caa-

2106 4997 2252 5053 lestis
2292 5000 2702 5070 iucorruptionis
2741 5003 2936 5058 locum.
2981 5003 3110 5071 Quae
3147 5021 3269 5060 cum
3316 5009 3585 5066 introeunt
3625 5013 3682 5071 in

2104 5089 2240 5144 hanc
2267 5091 2446 5156 vitam,
2476 5092 2806 5162 subeuntque
2847 5095 3101 5164 gestanda
3136 5099 3373 5153 membra
3413 5104 3677 5171 mortalia,

2105 5183 2329 5238 subeant
2361 5185 2520 5238 etiam
2549 5200 2768 5241 necesse
2791 5194 2870 5241 est
2898 5197 2950 5241 et
2971 5188 3286 5245 oblivionem
3317 5195 3436 5250 vitae
3465 5197 3677 5264 prioris,

2104 5282 2157 5326 et
2184 5274 2458 5342 praisentis
2478 5275 2711 5330 laborem
2737 5293 2749 5328 :
2773 5278 2915 5332 unde
2939 5278 3024 5332 illa
3052 5280 3345 5350 ignorantia
3369 5294 3422 5340 et
3449 5286 3682 5342 difﬁcul-

2106 5372 2186 5418 tas
2215 5365 2594 5433 consequitur,
2623 5367 2762 5435 quod
2809 5368 2860 5420 in
2901 5369 3074 5439 primo
3113 5371 3325 5428 homine
3365 5379 3678 5446 supplicium

2104 5457 2440 5515 mortalitatis
2474 5457 2587 5521 fuit,
2621 5460 2684 5512 ad
2712 5461 2872 5526 animi
2895 5465 3293 5532 expendendam
3323 5469 3587 5525 miseriam
3618 5475 3675 5539 ’ς

2168 5572 2184 5602 ί
2211 5569 2360 5646 Editio
2381 5577 2511 5646 Lov_.,
2534 5571 2827 5646 armipotens.
2844 5582 2980 5646 esset.
3007 5582 3062 5646 {tt
3075 5578 3184 5627 Bad.
3203 5587 3252 5628 et
3273 5586 3369 5646 En,
3393 5582 3680 5646 onuripctens

2101 5645 2234 5712 esse;
2256 5634 2550 5712 quilgus‘Mss.
2568 5634 3064 5712 consentiunt.‘l’aulol
3073 5648 3182 5712 post
3197 5655 3307 5702 quae
3331 5634 3378 5690 in
3393 5644 3503 5712 Egd:
3521 5634 3680 5712 'omni-

2101 5695 2194 5744 bus
2207 5695 2518 5768 reperiuntur
2542 5697 2708 5756 verba,
2733 5698 2934 5759 scilicet,
2961 5706 3006 5750 et
3030 5695 3235 5764 diligens
3257 5715 3339 5752 eas
3361 5703 3559 5768 reﬁciat,
3593 5710 3678 5756 ab-

2101 5763 2557 5881 sugtaatsgﬁjuatuor,
2573 5817 2638 5872 ad
2660 5817 2809 5872 animi
2827 5821 3114 5887 explendam
3137 5823 3394 5876 miseriam.
