4118 6370
468 363 607 424 ιῖθθ

464 482 522 537 in
546 477 662 536 istis
685 484 860 533 autem
881 474 1043 547 janua
1072 472 1351 530 ministerii
1382 470 1448 525 ad
1472 468 1820 540 reparandam
1851 479 2042 536 corpo-

465 571 543 630 ris
567 569 1040 639 incorruptionem.
1081 566 1212 623 Nam
1248 567 1348 620 hoc
1375 578 1586 635 quoque
1613 561 1773 616 modo
1813 574 1919 615 non
1959 559 2042 614 di-

463 672 659 720 cuntur
683 663 781 717 ista
807 668 1052 734 peccata,
1083 659 1185 714 nisi
1221 657 1340 728 quia
1375 669 1500 712 caro
1538 654 1605 710 de
1634 654 1920 724 propagine
1947 666 2043 706 ve-

463 754 620 810 niens
644 752 958 824 peccatoris,
986 749 1316 806 venientibus
1341 747 1406 802 ad
1433 763 1490 802 se
1514 746 1704 806 animis
1731 745 1868 799 hane
1898 739 2046 813 igne:-

463 844 692 898 rantiam
728 852 781 898 et
811 840 1174 900 difﬁcultatem
1210 837 1368 904 facit;
1399 851 1516 914 qua:
1542 834 1713 906 neque
1739 834 1842 902 his,
1871 847 2044 902 neque

461 933 700 990 Creatori
734 943 978 1002 tanquam
1005 929 1264 1001 culpanda
1295 927 1574 983 tribuatur.
1606 924 1759 980 Dedit
1791 923 2042 979 enimille

461 1036 518 1082 et
550 1026 852 1082 facultatem
895 1025 1031 1080 bene
1059 1019 1314 1093 operandi
1348 1019 1402 1074 in
1427 1017 1705 1076 laboriosis
1730 1015 1952 1080 ofﬁciis,
1987 1022 2044 1069 et

459 1120 601 1173 viam
637 1117 759 1178 ﬁdei
798 1117 852 1172 in
889 1113 1168 1175 oblivionis
1199 1112 1472 1175 caecitate;
1497 1108 1754 1186 judicium
1802 1106 1926 1161 illud
1957 1105 2040 1158 vel

457 1209 710 1278 maxime,
732 1207 875 1278 quod
901 1205 1079 1271 anima
1106 1205 1278 1262 omnis
1301 1205 1315 1235 ¹
1336 1213 1389 1259 et
1414 1200 1755 1274 quaerendum
1777 1212 1896 1254 esse
1914 1211 2042 1252 con-

454 1299 600 1356 cedit
619 1296 759 1370 quod
787 1295 1045 1364 inutiliter
1073 1295 1274 1362 nescit,
1304 1301 1358 1349 et
1398 1299 1800 1363 perseveranter
1835 1289 1886 1343 in
1916 1287 2036 1344 ofﬁ-

456 1387 618 1444 ciosis
647 1385 913 1453 laboribus
949 1383 1256 1441 enitendum
1295 1382 1360 1440 ad
1383 1381 1729 1441 evineendam
1773 1387 1916 1434 recte
1957 1378 2038 1434 fa-

455 1478 629 1540 ciendi
652 1478 1036 1543 difﬁcultatem,
1055 1485 1108 1533 et
1123 1489 1279 1546 opem
1296 1489 1324 1529 a
1345 1472 1602 1530 Creatore
1628 1469 2034 1542 implorandam,

454 1579 515 1634 ut
535 1577 818 1634 conantem
842 1567 1086 1639 adjuvet;
1115 1565 1205 1636 qui
1231 1565 1316 1621 vel
1345 1565 1674 1620 extrinsecus
1694 1562 1811 1631 lege
1832 1602 1848 1628 ,
1876 1559 1958 1615 vel
1985 1561 2037 1615 in

454 1658 658 1716 intimis
681 1659 860 1716 cordis
879 1657 1196 1717 allocutione
1213 1655 1516 1712 conandum
1535 1667 1656 1711 esse
1677 1651 1951 1734 iit-recepit,
1983 1660 2038 1718 et

453 1760 718 1822 praeparat
741 1750 970 1812 civitatis
995 1747 1315 1808 beatissima:
1341 1746 1562 1824 gloriam
1588 1743 2037 1826 triumphantibus

451 1835 522 1890 de
543 1834 636 1890 illo
665 1835 754 1902 qui
775 1833 1004 1904 primum
1028 1833 1299 1890 hominem
1324 1833 1394 1890 ad
1428 1833 1586 1890 istam
1615 1835 1886 1892 miseriam
1917 1851 2039 1907 per-

451 1925 606 1993 duxit
641 1927 837 1982 victum
869 1926 1102 2004 pessima
1143 1927 1422 1994 suasione;
1451 1941 1610 1999 quam
1654 1928 1924 2004 miseriam
1949 1929 2043 1999 isti

449 2019 750 2091 suscipiunt
778 2019 846 2076 ad
869 2034 992 2076 eum
1020 2019 1342 2078 vincendum
1370 2021 1569 2091 optima
1589 2018 1714 2099 ﬁde.
1751 2019 1871 2099 Non
1894 2021 2036 2088 enim

447 2123 628 2180 parva;
656 2108 840 2182 gloria:
869 2110 1058 2167 militia
1078 2118 1160 2166 est
1179 2109 1448 2166 diabolum
1478 2095 1692 2168 vincere
1710 2095 1899 2168 eodem
1920 2127 2040 2168 sus.

447 2211 608 2274 cepto
647 2203 927 2274 supplicio,
977 2217 1085 2276 quo
1123 2217 1185 2260 se
1230 2203 1320 2262 ille
1361 2203 1634 2262 hominem
1677 2205 1875 2262 victum
1919 2220 2041 2277 pcr-

447 2296 671 2358 duxisse
707 2297 986 2370 gloriatur.
1041 2297 1294 2380 Quisquis
1341 2308 1520 2360 autem
1568 2298 1673 2376 hoc
1716 2300 1869 2358 istius
1917 2302 2040 2358 vim

447 2397 634 2462 captus
661 2404 847 2447 amore
877 2390 1190 2463 neglexerit,
1239 2391 1388 2448 nullo
1430 2401 1585 2464 pacto
1612 2393 1752 2464 iuste
1781 2393 2038 2464 ﬂagitium

449 2481 772 2541 desertionis
791 2496 903 2538 suae
927 2482 1072 2554 regis
1099 2483 1323 2554 imperio
1345 2483 1651 2554 deputabit:
1674 2484 1770 2541 sed
1809 2484 1910 2540 erit
1939 2499 2038 2554 po-

451 2583 559 2640 tius
585 2581 686 2639 sub
723 2580 961 2642 omnium
994 2579 1218 2636 Domino
1249 2580 1304 2648 in
1330 2581 1447 2651 ejus
1475 2579 1714 2652 partibus
1738 2579 2037 2647 ordinatus,

451 2672 604 2744 cujus
631 2681 786 2744 turpe
814 2671 1136 2742 stipendium
1167 2680 1226 2727 ut
1266 2681 1441 2728 castra
1471 2685 1567 2728 sua
1611 2671 1907 2749 desereret,
1939 2671 2036 2727 ad-

708 2845 889 2897 autem
912 2837 1036 2895 alibi
1066 2838 1258 2902 anima:
1282 2838 1582 2894 constitutae
1612 2852 1716 2894 non
1748 2840 2026 2896 mittuntur

443 2943 471 2980 a
495 2923 717 2984 Demin
741 2930 868 2995 Deo,
892 2931 985 2986 sed
1012 2944 1104 2986 sua
1133 2937 1322 3000 sponte
1351 2930 1416 2985 ad
1442 2930 1779 2986 inhabitanda
1800 2945 2023 3001 corpora

445 3019 698 3082 veniunt;
730 3019 880 3075 facile
902 3031 982 3075 est
998 3021 1106 3090 jam
1139 3020 1240 3077 hoc
1262 3019 1468 3082 videre.
1495 3019 1746 3090 quidquid
1777 3021 2025 3092 ignoran-

443 3111 530 3166 tia:
567 3111 999 3182 difﬁcultatisque
1045 3122 1285 3177 secutum
1329 3112 1487 3167 fuerit
1525 3127 1706 3166 earum
1755 3115 2021 3184 pr0priam

442 3203 789 3271 Voluntatem,
819 3204 964 3259 nullo
991 3203 1151 3258 modo
1175 3204 1480 3259 Creatorem
1509 3202 1632 3265 hinc
1651 3218 1768 3258 esse
1797 3204 2018 3272 culpan-

439 3283 606 3356 dum:
629 3293 1052 3364 quandoquidem
1081 3293 1286 3349 etiamsi
1312 3308 1401 3348 eas
1423 3293 1534 3362 ipse
1560 3292 1808 3360 misisset,
1830 3293 2021 3363 quibus

439 3385 599 3441 etiam
627 3385 680 3442 in
709 3385 820 3455 ipsa
852 3384 1145 3462 ignorantia
1173 3393 1227 3439 et
1250 3383 1563 3440 difﬁcultate
1589 3383 1806 3439 liberam
1836 3385 2022 3439 volun-

440 3485 601 3534 tatem
631 3475 844 3548 petendi
874 3487 927 3532 ct
965 3476 1240 3550 qurerendi
1276 3485 1330 3532 et
1367 3476 1595 3539 conandi
1636 3492 1743 3532 non
1781 3477 2015 3545 abstulit,

439 3569 658 3627 daturus
678 3571 998 3642 petentibus,
1020 3569 1481 3625 demonstraturus
1505 3568 1883 3646 quaerentibus,
1904 3571 2019 3640 pul-

440 3662 680 3720 santibus
706 3670 1008 3732 aperturos,
1037 3659 1254 3725 omnino
1284 3669 1430 3714 extra
1457 3658 1664 3728 culpam
1690 3667 1848 3722 esset.
1871 3659 2019 3716 lianc

437 3753 580 3813 enim
608 3752 956 3824 ignorantiam
977 3760 1029 3807 et
1047 3749 1412 3806 difﬁcultatem
1441 3749 1692 3804 studiosis
1715 3759 1770 3804 et
1789 3750 2018 3804 benevo-

371 3836 385 3846 ’
437 3845 505 3901 lis
523 3831 904 3911 evincendam‘,
930 3842 996 3898 ad
1021 3839 1480 3910 coronam'glorite
1504 3841 1679 3894 valere
1706 3845 2014 3908 praestaret;

439 3934 828 4006 negligentibus
856 3942 1032 4002 autem
1063 3943 1116 3988 et
1141 3941 1356 4001 peccata
1385 3944 1477 3985 sua
1501 3929 1566 3985 de
1594 3929 1898 3984 inﬁrmitate
1917 3927 2013 3986 de-

435 4025 650 4083 fendere
679 4025 1000 4100 volentibus,
1031 4039 1137 4079 non
1164 4024 1331 4092 ipsam
1363 4021 1710 4092 ignorantiam
1735 4019 2014 4091 difﬁculta-

436 4130 651 4189 temque
676 4133 774 4189 pro
807 4117 1029 4185 crimine
1056 4115 1342 4183 objiceret;
1372 4113 1466 4168 sed
1501 4113 1622 4183 quia
1654 4112 1705 4166 in
1737 4113 1813 4168 eis
1839 4114 2015 4184 potius

434 4223 772 4281 permanere,
796 4221 952 4276 quam
982 4204 1156 4259 studio
1182 4202 1452 4274 qumrendi
1479 4211 1640 4274 atque.
1660 4201 1896 4258 discendi
1917 4245 1931 4269 ,
1960 4213 2014 4260 et

435 4301 732 4360 humilitate
759 4297 1043 4355 conﬁtendi
1085 4305 1242 4366 atque
1284 4294 1506 4362 orandi,
1536 4295 1600 4349 ad
1641 4297 1917 4352 veritatem
1952 4312 2014 4354 ae

433 4391 737 4456 facilitatem
775 4387 1050 4464 pervenire
1093 4387 1394 4450 voluerunt,
1424 4386 1570 4458 justo
1599 4387 1856 4456 supplicio
1893 4388 2010 4443 vin-

434 4483 656 4548 dicaret.

559 4572 784 4631 CAPUT
813 4571 954 4632 XXI.
983 4601 1055 4612 -
1079 4571 1238 4625 Error
1263 4587 1362 4637 qua
1387 4571 1439 4624 in
1463 4587 1516 4624 re
1541 4571 1867 4640 perniciosus.

502 4667 592 4724 59.
624 4665 821 4733 Harum
847 4673 1022 4719 autem
1051 4674 1276 4733 quatuor
1299 4663 1366 4717 de
1400 4664 1573 4716 anima
1601 4654 2008 4732 sententiarum,

431 4773 608 4830 utrum
631 4762 694 4818 de
725 4760 1012 4840 propagine
1039 4759 1272 4822 veniant,
1296 4772 1361 4810 an
1393 4757 1444 4810 in
1470 4756 1690 4826 singulis
1715 4757 2011 4827 quibuSque

433 4854 774 4912 nascentibus
815 4866 965 4907 novae
993 4849 1156 4924 ﬁant,
1205 4863 1270 4902 an
1315 4848 1365 4901 in
1414 4861 1635 4916 corpora
1679 4847 2009 4903 nascentium

426 4950 538 5021 jam
567 4945 759 5002 alicubi
785 4945 1072 5000 existentes
1093 4941 1177 4995 vel
1207 4940 1478 5016 mittantur
1503 4938 1774 5002 divinitus,
1805 4938 1883 4992 vel
1914 4953 2008 4993 sua

427 5047 618 5110 sponte
633 5037 899 5102 labantur,
918 5034 1114 5089 nullam
1133 5041 1333 5088 temere
1349 5030 1614 5084 afﬁrmare
1630 5027 1890 5098 oportebit
1907 5027 2004 5098 (a).

493 5152 506 5180 ¹
528 5147 658 5208 Bad.,
670 5145 902 5200 ordinum
917 5141 1039 5196 illud
1060 5142 1134 5193 vel
1154 5140 1381 5212 maxime,
1399 5138 1511 5200 quia
1521 5137 1684 5188 (minui
1702 5135 2008 5247 omnis

493 5217 575 5247 iam
593 5217 692 5247 ιιι-αι
713 5209 858 5247 Ιρριὶη
871 5211 979 5247 ln‘v-
1005 5212 1186 5247 mutato
1201 5216 1312 5247 (mm
1337 5216 1384 5247 in
1400 5201 1544 5247 anod.
1563 5207 1618 5247 At
1634 5206 1705 5247 Er.
1735 5207 1784 5247 et
1799 5202 1904 5247 Mss.
1955 5209 2008 5247 a-

430 5214 578 5262 ctiam
593 5201 698 5272 erat
713 5209 858 5272 lectio
871 5211 980 5272 Lg'v.
1005 5212 1186 5272 mutato
1201 5201 1312 5272 quia
1337 5205 1384 5272 in
1400 5201 1544 5264 quod.
1557 5207 1618 5272 Vat
1634 5206 1784 5272 Er._et
1797 5202 1904 5272 alss.
1922 5201 2009 5272 ha-

433 5260 586 5331 bent,
615 5269 860 5333 judicium
894 5267 1096 5335 illud....
1143 5260 1268 5328 quod
1301 5260 1485 5335 «nilne,
1521 5271 1644 5322 etc.;
1680 5261 1760 5332 ubi
1795 5260 1922 5335 forte
1949 5260 2009 5309 li-

432 5322 900 5396 brarii's'u'ii-serunt
928 5330 1054 5394 quod
1079 5322 1167 5392 μό
1186 5340 1305 5392 quo,
1339 5328 1479 5378 sicuti
1511 5338 1597 5375 eos
1634 5323 1812 5386 passim
1833 5322 2010 5374 fecisse

428 5398 754 5446 observamus.

492 5477 565 5538 (α)
587 5482 701 5525 Eum
724 5475 880 5524 locum
904 5474 1202 5538 Augustinus
1216 5472 1264 5520 in
1287 5467 1491 5532 Epistola
1527 5466 1634 5538 ltiti,
1658 5478 1707 5515 n.
1731 5468 1782 5538 7,
1814 5465 1887 5538 ad
1905 5468 2010 5538 nin

429 5511 701 5602 τιιδςῆιῖίίιῖ
1288 5511 1336 5602 ,ς’
1357 5538 1449 5593 Ego
1472 5511 1667 5602 quidem
1692 5511 1809 5602 ante
1829 5527 2011 5602 aliquot

436 5618 458 5654 ς
483 5589 633 5648 annos
652 5589 770 5660 eunt
785 5597 939 5646 libros
953 5597 1184 5658 quosdam
1207 5589 1474 5660 scriberEm
1491 5589 1573 5639 'de
1598 5589 2008 5660 Libe_ro_Arb_itrio,

430 5651 457 5706 «i
475 5663 560 5723 qui
595 5661 644 5708 in
678 5658 935 5708 multorum
972 5651 1142 5723 inaniis
1165 5651 1424 5723 exierunt,
1450 5662 1501 5703 et
1531 5665 1663 5722 nunc
1707 5651 2010 5723 habenturha

434 5743 456 5772 ι(
485 5718 718 5784 plurimis,
743 5727 946 5783 quatuor
970 5721 1224 5784 opiniones
1245 5718 1504 5784 deanimm
1528 5718 1917 5784 incarnatione...
1945 5718 2008 5760 ita

436 5802 458 5838 ιι
482 5779 640 5852 putavi
799 5779 1084 5842 tractandas,
1110 5788 1162 5830 ut
1185 5779 1596 5844 (puelibetcarum
1609 5787 1723 5824 vera
1749 5782 2008 5834 esset,non

1460 359 1546 414 DE
1583 352 1828 412 LIBERO
1869 351 2209 420 ARBITRIO,
2251 352 2306 406 S.
2348 351 2705 422 AUGUSTINI
2769 385 2774 390 -

3596 353 3730 413 1300

2152 467 2257 520 Aut
2281 467 2420 520 enim
2444 468 2676 521 nondum
2701 467 2797 534 ista
2825 464 3045 536 qumstio
3070 479 3098 520 a
3119 461 3432 523 divinorum'
3447 467 3731 525 Librorum

2149 556 2426 612 catholicis
2454 557 2824 613 traetatoribus
2855 571 2950 627 pro
2975 557 3162 612 merito
3182 571 3293 612 sua:
3316 557 3652 615 obscuritatis
3677 569 3733 618 et

2148 649 2514 718 perplexitatis
2554 649 2763 704 evoluta
2795 655 2954 718 atque
2991 646 3251 703 illustrata
3279 656 3387 714 est;
3427 658 3518 704 aut
3545 649 3589 705 si
3612 651 3725 722 jam

2148 739 2341 795 factum
2385 749 2502 804 est,
2534 741 2766 810 nondum
2814 741 2866 796 in
2910 755 3099 795 manus
3130 749 3338 796 nostras
3365 742 3726 811 hujuscemodi

2147 830 2336 887 littera:
2358 840 2728 901 pervenerunt.
2764 831 2992 902 Tantum
3022 831 3159 886 adsit
3187 830 3317 886 ﬁdes
3342 832 3476 909 nihil
3501 833 3568 888 de
3595 834 3727 890 sub-

2146 926 2337 996 stantia
2373 922 2643 980 Creatoris
2688 925 2878 980 falsum
2920 923 3299 996 indignumque
3333 924 3615 979 sentiendi.
3647 925 3730 982 Ad

2147 1014 2292 1069 illum
2320 1015 2461 1070 enim
2489 1015 2754 1071 tendimus
2777 1015 2967 1070 itinere
2997 1015 3227 1084 pietatis.
3253 1013 3308 1070 Si
3339 1030 3467 1085 ergo
3493 1015 3636 1070 aliud
3661 1015 3730 1078 de

2145 1107 2236 1162 illo
2257 1107 2577 1170 senserimus
2597 1123 2753 1178 quam
2781 1117 2884 1175 est,
2908 1107 3130 1162 intentio
3159 1116 3335 1162 nostra
3357 1123 3461 1162 non
3489 1108 3543 1162 in
3564 1107 3730 1164 beati-

2147 1204 2328 1262 tatem,
2352 1197 2444 1252 sed
2469 1197 2521 1251 in
2541 1197 2826 1272 vanitatem
2851 1210 2948 1273 nos
2971 1196 3047 1250 ire
3071 1196 3370 1266 compellet.
3391 1195 3465 1251 De
3484 1207 3729 1273 creatura.

2143 1301 2270 1342 vero
2295 1278 2338 1342 si
2360 1287 2484 1357 quid
2511 1271 2665 1342 aliter
2688 1301 2846 1359 quam
2870 1271 2991 1342 sese
3013 1275 3172 1346 habet
3197 1286 3541 1356 senserimus,
3567 1287 3723 1344 dum-

2145 1380 2303 1434 modo
2332 1396 2436 1437 non
2463 1380 2513 1435 id
2539 1394 2637 1451 pro
2656 1381 2867 1450 cognito
2894 1387 3251 1449 perceptoque
3282 1389 3577 1446 teneamus,
3607 1381 3726 1453 nul-_

2143 1469 2252 1524 lum
2284 1470 2572 1541 periculum
2601 1478 2702 1539 est.
2739 1469 2852 1524 Non
2880 1469 3022 1526 enim
3048 1468 3115 1540 ad
3155 1477 3455 1546 creaturam
3477 1469 3721 1546 jubemui;

2141 1555 2360 1618 tendere
2387 1571 2443 1617 ut
2463 1561 2753 1622 efﬁciantur
2781 1561 2942 1629 beati,
2970 1561 3064 1617 sed
3087 1559 3154 1614 ad
3182 1560 3356 1630 ipsum
3382 1543 3712 1617 Creatoremi

2140 1651 2207 1711 de
2231 1667 2337 1728 quo
2361 1654 2406 1709 si
2430 1653 2570 1710 aliud
2599 1668 2756 1725 quam
2777 1661 2990 1728 oportet
3016 1667 3080 1708 ac
3103 1667 3222 1708 sese
3246 1666 3332 1708 res
3355 1651 3534 1717 habet,
3565 1653 3727 1728 nobis.

2140 1734 2527 1813 persuadetur,
2573 1744 3022 1822 perniciosissimo
3063 1743 3602 1828 errore'deei‘pimur.
3638 1745 3726 1826 Ad

2139 1833 2241 1891 hoc
2265 1835 2408 1908 enim
2446 1837 2744 1918 pergendo,
2769 1837 2910 1910 quod
2949 1843 3042 1894 aut
3072 1851 3178 1890 non
3218 1845 3328 1901 est,
3370 1845 3490 1904 aut,
3531 1836 3578 1890 si
3615 1846 3723 1918 est,
3768 1883 3794 1907 ,

2138 1941 2244 1982 non
2275 1926 2397 1982 facit
2433 1927 2652 2010 beatos,
2677 1929 2745 1984 ad
2785 1926 2995 2004 beatam
3023 1928 3185 1991 vitam
3224 1927 3400 1984 nullus
3440 1917 3730 2009 pervenire:

2137 2025 2333 2088 potest.

2207 2109 2296 2181 60.
2320 2110 2427 2180 Scd
2453 2111 2520 2167 ad
2561 2110 3019 2190 contemplandam
3062 2111 3299 2167 veritatis
3329 2110 3718 2180 aeternitatem,
3779 2187 3782 2192 ι
3855 2136 3871 2148 ο

2141 2208 2203 2274 ut
2244 2217 2307 2259 ea
2353 2203 2551 2283 perfrui
2581 2203 2735 2274 eique
2777 2203 3041 2260 inhaerere
3079 2203 3348 2283 valeamus
3370 2245 3390 2283 ,ν
3426 2193 3726 2258 inﬁrmitati

2134 2302 2332 2350 nostris
2357 2279 2443 2376 via
2463 2293 2532 2350 de
2551 2294 2932 2370 temporalibus
2953 2279 3233 2371 procurata
3254 2301 3355 2360 est,
3378 2282 3437 2348 ut
3459 2302 3726 2378 quantum

2133 2384 2311 2447 itineri
2338 2384 2535 2441 sufﬁcit
2561 2385 2627 2442 ad
2658 2393 2857 2442 mterna
2881 2385 3231 2452 tendentium,
3258 2381 3527 2456 praeterita
3553 2393 3608 2440 et
3635 2383 3715 2451 fu-

2134 2482 2249 2530 tura
2287 2475 2589 2534 credamus.
2621 2475 2750 2544 Quae
2800 2475 2922 2530 ﬁdei
2966 2473 3267 2545 disciplina,
3317 2482 3375 2528 ut
3400 2474 3716 2530 auctoritate

2131 2567 2458 2638 prmpolleat,
2488 2567 2665 2624 divina
2708 2566 3073 2623 misericordia
3098 2565 3442 2637 gubernatur.
3475 2567 3712 2622 Prmen-

2135 2658 2203 2711 t‘ia
2230 2672 2378 2724 vero,
2409 2667 2664 2728 quantum
2687 2657 2753 2713 ad
2779 2666 3075 2728 creaturam
3105 2657 3362 2726 pertinet,
3395 2657 3446 2711 in
3473 2658 3713 2728 corporis

2133 2756 2188 2805 et
2221 2749 2383 2813 animi
2406 2749 2697 2826 mobilitate
2721 2757 2775 2803 et
2801 2747 3174 2816 mutabilitate,
3203 2747 3355 2817 quasi
3381 2747 3708 2818 transeuntia

2130 2842 2444 2898 sentiuntur.
2473 2841 2529 2896 ln
2551 2841 2740 2912 quibus
2765 2840 3018 2912 quidquid
3048 2854 3154 2894 non
3177 2839 3501 2909 experimur,
3530 2841 3710 2910 cogni-

2131 2935 2275 2989 tione
2299 2933 2668 3004 qualicumque
2696 2942 2876 2988 tenere
2904 2921 3010 2986 non
3031 2917 3330 3001 possumus.
3351 2929 3710 3000 Quaecumque

2130 3040 2256 3095 ergo
2285 3026 2438 3080 nobis
2471 3025 2538 3084 de
2581 3025 3000 3096 quibuscumque
3037 3023 3298 3078 creaturis
3327 3023 3410 3079 vel
3443 3023 3711 3093 praterita‘

2128 3119 2213 3172 vel
2255 3116 2427 3179 futura
2470 3117 2647 3173 divina
2699 3116 3014 3172 auctoritate
3075 3115 3338 3171 credenda
3395 3124 3703 3182 narrantur,

2129 3207 2367 3276 quamvis
2424 3207 2615 3276 partim
2672 3207 2976 3276 priusquam
3030 3221 3093 3262 ea
3135 3205 3335 3264 sentire
3379 3204 3704 3276 potuerimus

2127 3296 2493 3364 praeterierint,
2521 3295 2708 3366 partim
2726 3294 2960 3350 nondum
2989 3295 3040 3348 iu
3069 3304 3281 3349 nostros
3305 3308 3495 3350 sensus
3521 3310 3706 3365 perve-

2126 3387 2334 3451 nerint;
2365 3395 2543 3441 tamen
2572 3385 2694 3456 quia
2727 3385 3008 3455 plurimum
3057 3385 3232 3458 valent
3257 3383 3323 3438 ad
3352 3383 3705 3446 roborandam

2123 3487 2273 3545 spem
2302 3482 2560 3540 nostram,
2581 3483 2636 3530 et
2656 3473 3041 3537 exhortandam
3065 3471 3429 3550 dilectionem,
3456 3473 3582 3528 dum
3603 3489 3700 3530 no-.

2122 3553 2204 3620 bis
2243 3563 2616 3638 commendant
2659 3579 2753 3634 per
2797 3563 3243 3619 ordinatissimam
3272 3562 3467 3618 seriem
3495 3571 3702 3632 tempo-

2122 3672 2240 3722 rum
2275 3671 2432 3728 quam
2475 3671 2580 3711 non
2613 3657 2842 3728 negligat
2864 3656 3230 3712 liberationem
3263 3664 3496 3712 nostram
3527 3657 3697 3722 Deus,

2122 3750 2236 3805 sine
2274 3749 2379 3804 ulla
2408 3749 2735 3804 dubitatione
2761 3747 3025 3804 credenda
3055 3757 3198 3803 sunt.
3220 3746 3324 3804 Sed
3350 3747 3586 3818 quisquis
3612 3765 3699 3804 er-

2121 3859 2214 3899 ror
2239 3858 2517 3913 personam
2571 3843 2670 3896 sibi
2708 3841 2902 3896 divinze
2942 3839 3273 3918 auctoritatis
3322 3840 3576 3904 assumit,
3629 3853 3693 3895 ea

2121 3937 2350 3994 maxime
2376 3936 2582 3990 ratione
2611 3933 2885 4000 refellitur,
2917 3932 2965 3986 si
2993 3942 3082 3987 aut
3102 3931 3332 4002 aliquam
3359 3931 3444 3986 vel
3467 3930 3695 3985 mutabi-

2121 4028 2223 4082 lem
2250 4027 2481 4096 speciem
2512 4035 2704 4095 prteter
2726 4033 3022 4079 creaturam
3055 4023 3171 4090 Dei,
3203 4031 3294 4078 aut
3321 4022 3550 4092 aliquam
3585 4037 3697 4076 mu-

2122 4118 2334 4173 tabilem
2382 4118 2611 4189 speciem
2641 4115 2693 4171 in
2748 4114 3038 4171 substantia
3088 4115 3178 4169 Dei
3210 4113 3430 4170 credere
3449 4122 3537 4168 aut
3563 4113 3698 4169 afﬁr.

2119 4225 2266 4264 mare
2289 4208 2642 4273 convincitur,
2687 4220 2910 4276 eamque
2939 4204 3287 4274 substantiam
3331 4203 3425 4258 Dei
3472 4203 3554 4259 vel
3583 4203 3696 4272 plus

2119 4301 2205 4356 vel
2234 4301 2407 4356 minus
2435 4315 2593 4370 quam
2623 4298 2933 4353 Trinitatem
2983 4311 3101 4351 esse
3130 4295 3404 4350 contendit
3429 4312 3442 4348 :
3465 4295 3550 4349 eui
3578 4294 3696 4350 Tri-

2118 4394 2265 4448 nitati
2303 4393 2390 4464 pie
2417 4391 2698 4461 sobrieque
2731 4389 3080 4459 intelligenda:
3121 4388 3296 4442 omnis
3320 4387 3542 4444 excubat
3564 4386 3693 4456 vigi-

2117 4484 2277 4538 lantia
2317 4481 2626 4546 christiana,
2657 4490 2711 4536 et
2737 4481 2910 4535 Omnis
2935 4479 3049 4549 ejus
3077 4487 3353 4549 provectus
3381 4477 3687 4532 intenditur.

2119 4575 2194 4648 De
2221 4573 2378 4648 cujus,
2397 4571 2670 4627 Trinitatis
2695 4571 2892 4625 unitate
2926 4580 2978 4626 et
3024 4569 3354 4640 :equalitate,
3375 4577 3429 4624 et
3455 4568 3692 4639 singula-

2116 4681 2234 4720 rum
2261 4664 2313 4719 in
2343 4679 2404 4719 ea
2438 4677 2782 4733 personarum
2807 4661 3030 4732 quadam
3063 4661 3418 4731 proprietate,
3468 4675 3575 4715 non
3605 4659 3692 4716 hic

2115 4756 2264 4812 locus
2291 4764 2373 4810 est
2398 4752 2714 4809 disserendi.
2751 4751 2881 4806 Nam
2909 4737 3331 4807 commemorare
3359 4750 3600 4822 quaedam
3625 4750 3694 4806 de

2117 4849 2344 4905 Domino
2374 4848 2482 4902 Dco
2510 4856 2725 4901 auctore
2755 4855 2808 4900 et
2857 4844 3146 4900 formatore
3187 4853 3242 4900 et
3275 4844 3581 4900 ordinatore
3608 4859 3693 4899 re-

2114 4956 2232 4996 rum
2259 4939 2517 5010 omnium,
2535 4952 2651 5007 quae
2677 4935 2741 4990 ad
2771 4936 3170 5000 saluberrimam
3193 4934 3349 4990 ﬁdem
3371 4933 3688 5004 pertineant,

2113 5043 2168 5090 ct
2203 5032 2394 5103 quibus
2423 5032 2624 5086 lactens
2663 5039 2821 5100 atque
2858 5044 2888 5082 a
2923 5029 3148 5085 terrenis
3194 5029 3247 5082 in
3295 5027 3531 5082 emlestia
3572 5041 3690 5082 sese

2113 5123 2354 5180 attollere
2383 5123 2669 5192 incipiens,
2701 5121 2901 5176 utiliter
2926 5118 3334 5174 adminiculetur
3353 5119 3607 5185 intentio,
3637 5128 3690 5172 et

2114 5217 2253 5271 factu
2295 5215 2600 5271 facillimum
2632 5222 2685 5269 et
2722 5229 2752 5267 a
2793 5213 3060 5282 plerisque
3092 5211 3202 5282 jam
3247 5210 3537 5266 factitatum
3566 5218 3686 5267 est:

2114 5316 2439 5378 pertractare
2479 5317 2654 5360 autem
2709 5305 2864 5360 istz-m
2909 5313 3108 5368 totam,
3153 5312 3310 5373 atque
3362 5303 3432 5357 ita
3476 5315 3688 5358 versare

2121 5481 2142 5509 ε
2163 5462 2420 5524 impediret
2433 5461 2750 5524 intentionem
2769 5469 2927 5524 meam
2936 5471 3028 5524 qua
3043 5465 3154 5506 tunc
3173 5455 3411 5524 adversus
3429 5469 3515 5505 eos
3536 5469 3689 5524 quan-

2121 5543 2142 5570 ι
2167 5517 2468 5585 tis'poteram
2492 5517 2672 5585 viribus
2695 5521 2918 5583 agebam,
2943 5517 3026 5581 qui
3060 5527 3282 5585 naturam
3303 5519 3413 5585 ntali
3438 5532 3524 5566 suo
3549 5517 3689 5585 prin-

2121 5605 2141 5631 ι
2165 5580 2288 5645 eipio
2313 5585 2558 5645 prmdiutm
2591 5580 2822 5630 adversus
2845 5580 2995 5645 Deum
3018 5591 3248 5645 conantur
3273 5581 3523 5645 inducere,
3549 5580 3592 5629 id
3611 5587 3693 5645 est

2120 5665 2142 5692 ιι
2165 5639 2328 5695 contra
2370 5644 2664 5693 Matuehzeos.
2713 5651 2823 5691 Nam
2868 5643 2932 5692 de
2969 5639 3333 5690 Priscilliamstis
3375 5641 3532 5692 adhuc
3577 5640 3692 5690 nihil

2121 5727 2142 5753 α
2167 5708 2469 5757 audieram...
2496 5707 2606 5755 Ideo
2628 5706 2843 5766 quintam
2865 5704 3138 5766 Opinionem
3155 5717 3249 5767 non
3273 5703 3449 5764 additi,
3476 5718 3617 5767 quam
3645 5717 3692 5751 Ill

2123 5786 2143 5815 ιι
2169 5778 2246 5819 tua
2273 5767 2473 5832 epistola
2497 5771 2621 5818 inter
2646 5774 2848 5818 exteras
2869 5766 3267 5817 oetmnemorasti.
3299 5781 3318 5808 ι
