4118 6370
384 370 516 428 1501

386 484 769 557 (ιυωειὶοιιοῐη,
820 489 876 534 ut
924 477 1215 549 perspicuae
1246 474 1473 539 rationi,
1506 482 1760 549 quantum
1790 472 1840 525 in
1869 470 1969 524 hac

385 579 497 633 vita
551 576 738 640 datur,
788 574 961 629 omnis
993 573 1218 627 humana
1250 568 1593 639 intelligentia
1622 565 1928 635 subjugctur
1949 603 1966 630 ,

387 687 496 729 non
562 669 722 724 modo
777 666 1019 736 eloquio,
1075 662 1171 719 sed
1236 677 1306 718 ne
1369 659 1694 731 cogitatione
1754 655 1968 727 quidem

388 763 473 819 vel
503 760 746 831 cuiquam
797 758 1069 812 hominum
1093 797 1108 821 ,
1159 754 1240 810 vel
1268 761 1413 808 certe
1452 750 1606 805 nobis
1634 749 1763 804 satis
1806 760 1970 815 expe-

390 855 559 927 ditum
608 860 664 907 et
704 849 858 913 facile
904 845 1315 919 aggredicndum
1359 842 1530 898 videri
1580 848 1777 911 potest.
1823 836 1975 893 Nunc

388 961 519 1018 ergo
566 954 624 1000 ut
661 941 805 1016 quod
847 940 1207 1004 instituimus,
1252 946 1505 1009 quantum
1550 934 1880 1004 adiuvamur,
1921 937 1976 984 et

389 1044 647 1108 quantum
692 1018 935 1101 sinimur
983 1044 1351 1104 peragamus:
1392 1039 1739 1099 quaecumque
1791 1022 1972 1087 nobis,

391 1136 648 1199 quantum
676 1124 1060 1199 adcrcaturam
1090 1123 1353 1199 pertinet,
1397 1119 1482 1175 vel
1524 1125 1804 1183 narrantur
1835 1128 1973 1184 pra:-

394 1220 550 1281 terita
576 1260 592 1285 ,
623 1218 706 1273 vel
750 1198 1167 1289 prtenuntiantur
1194 1213 1366 1279 futura
1392 1252 1406 1275 ,
1437 1225 1555 1279 qua:
1602 1208 1667 1262 ad
1700 1219 1976 1259 commen-

395 1309 631 1379 dandam
661 1307 869 1361 valeant
896 1288 1151 1375 integram
1192 1300 1498 1373 religionem
1519 1340 1535 1365 ,
1565 1295 1842 1353 excitando
1882 1308 1978 1348 nos

398 1402 461 1457 ad
485 1398 903 1455 sincerissimam
929 1394 1269 1451 dilectionem
1320 1391 1411 1453 Dei
1456 1399 1511 1445 et
1551 1387 1817 1459 proximi,
1863 1386 1983 1449 sine

399 1490 730 1545 dubitatione
776 1485 1042 1543 credenda
1082 1490 1206 1538 sunt
1234 1500 1246 1535 :
1278 1481 1533 1536 adversus
1563 1476 1860 1535 incredulos
1882 1490 1979 1530 au-

402 1593 507 1641 tem
560 1581 818 1635 hactenus
855 1574 1185 1635 defendenda
1208 1616 1225 1641 ,
1276 1581 1332 1628 ut
1359 1570 1618 1639 veltmolc
1652 1566 1983 1623 auctoritatis

402 1673 682 1729 inﬁdelitas
706 1685 892 1737 eorum
914 1669 1204 1733 obteratur,
1234 1665 1318 1720 vel
1343 1664 1423 1719 eis
1447 1660 1778 1727 ostendatur,
1810 1674 1979 1730 quan-

403 1772 512 1819 tum
543 1770 755 1833 potest,
788 1760 964 1831 primo
1002 1773 1160 1830 quam
1191 1772 1296 1811 non
1325 1754 1397 1810 sit
1452 1753 1670 1808 Stultum
1718 1752 1839 1805 talia
1869 1764 1986 1805 cre-

401 1855 568 1916 dere.
606 1850 799 1909 deinde
848 1864 1008 1921 quam
1040 1838 1123 1902 'sit
1169 1846 1387 1906 stultum
1430 1844 1554 1911 talia
1593 1858 1699 1898 non
1743 1839 1983 1897 credere.

405 1934 993 2014 \‘erumtamcnfalSam
1023 1939 1317 1995 doctrinam
1344 1951 1448 1991 non
1485 1945 1589 2002 tam
1614 1933 1681 1989 de
1707 1931 1986 2003 praeteritis

404 2047 467 2103 et
504 2034 720 2101 futuris,
765 2047 922 2103 quam
968 2030 1035 2086 de
1074 2028 1422 2100 prmsentibus
1448 2036 1501 2081 et
1537 2024 1767 2079 maxime
1793 2023 1860 2078 de
1906 2023 1987 2076 in-

404 2118 863 2189 connnutabilibus
887 2122 1099 2192 oportet
1132 2112 1407 2181 refellere,
1435 2118 1489 2165 et
1512 2117 1768 2216 qpantum
1807 2107 1983 2174 datur,

407 2209 682 2279 pchpieua
743 2208 951 2263 ratione
994 2204 1331 2261 convincere.

420 2280 435 2289 η’
478 2303 567 2355 ﬁl.
604 2299 743 2355 Sane
780 2298 835 2353 in
862 2296 1002 2353 serie
1041 2294 1414 2365 temporalium
1445 2294 1461 2327 ³
1492 2290 1819 2362 inquisitioni
1848 2305 1985 2359 prae—

409 2393 686 2451 teritorum
744 2390 1044 2463 futurorum
1098 2387 1422 2458 exspectatio
1477 2383 1807 2455 prmfcreuda
1856 2391 1986 2449 est:

407 2484 830 2557 quandoquidem
858 2484 1018 2539 etiam
1042 2482 1095 2537 in
1120 2480 1312 2551 divinis
1341 2479 1512 2533 Libris
1534 2494 1594 2532 ea
1621 2493 1738 2546 quae
1766 2484 1986 2546 praeter—

409 2579 478 2631 ita
530 2586 833 2650 narrantur,
878 2574 961 2629 vel
1025 2571 1501 2642 prmﬁgurationem
1541 2568 1872 2631 futurorum,
1906 2566 1988 2621 vel

410 2668 841 2738 pollicitationem
865 2709 880 2733 ,
911 2665 995 2720 vel
1024 2664 1445 2719 testiﬁcationem
1470 2676 1579 2731 prae
1609 2675 1666 2715 sc
1692 2668 1898 2730 gerunt.
1926 2660 1992 2712 Et

410 2774 594 2815 revera
632 2761 683 2812 in
711 2758 775 2812 iis
813 2758 1010 2830 etiam,
1043 2771 1162 2825 qua:
1200 2753 1267 2807 ad
1298 2753 1435 2809 hanc
1476 2752 1634 2805 vitam
1682 2749 1987 2827 pertinent,

410 2850 680 2921 prosperis
708 2848 1049 2917 adversisque
1085 2834 1263 2909 rebus,
1295 2842 1420 2915 quid
1454 2842 1676 2911 quisque
1708 2839 1864 2893 fuerit
1884 2854 1990 2893 non

410 2941 539 2995 satis
572 2948 723 2995 curat
752 2957 766 2994 :
794 2939 847 2992 in
878 2937 930 2992 id
959 2951 1087 3005 vero
1124 2934 1273 3005 quod
1310 2932 1544 2986 futurum
1571 2940 1841 3001 speratur,
1872 2944 1990 2985 sese

412 3033 588 3088 onmis
608 3046 855 3087 curarum
881 3038 1043 3084 aestus
1072 3027 1416 3097 agglotnerat.
1448 3022 1636 3078 Nescio
1664 3037 1771 3090 quo
1800 3022 1991 3093 quippe

414 3124 601 3176 intimo
631 3121 960 3190 naturalique
1001 3132 1161 3174 sensu
1186 3158 1201 3183 ,
1234 3130 1295 3170 ea
1320 3129 1438 3184 qua:
1466 3112 1617 3167 nobis
1646 3111 1988 3177 acciderunt,

414 3216 665 3285 quoniam
698 3223 959 3268 transacta
989 3220 1110 3265 sunt
1134 3252 1149 3277 ,
1182 3209 1259 3263 sic
1289 3192 1548 3261 habentur
1572 3205 1639 3260 ad
1668 3212 1993 3259 momentum

414 3307 686 3362 felicitatis
728 3314 781 3361 et
829 3303 1077 3369 miseriae,
1131 3300 1281 3371 quasi
1333 3313 1600 3367 nunquam
1655 3296 1988 3352 accidissent.

414 3398 551 3466 Quid
585 3397 742 3466 igitur
782 3394 909 3449 mihi
936 3394 1107 3457 obest,
1137 3392 1181 3446 si
1206 3405 1325 3445 esse
1351 3389 1562 3457 quando
1602 3386 1855 3456 coeperim
1901 3400 1995 3441 nc-

413 3489 555 3554 scio,
584 3503 703 3542 cum
729 3500 848 3541 esse
879 3500 961 3539 me
988 3482 1247 3548 noverim,
1277 3496 1375 3535 nec
1404 3477 1638 3535 futurum
1658 3492 1779 3533 esse
1803 3476 1990 3546 deSpe-

412 3595 525 3635 rem
542 3580 565 3632 ’ἔ
590 3578 704 3633 Non
733 3572 873 3632 enim
906 3577 958 3630 in
984 3573 1251 3643 praeterita
1278 3587 1362 3626 me
1386 3569 1633 3635 attendo,
1665 3579 1721 3624 ut
1743 3576 1993 3638 tanquam

412 3685 649 3727 errorem
680 3667 1185 3740 perniciosissimum
1211 3679 1421 3730 verear,
1451 3663 1495 3719 si
1525 3662 1678 3717 aliter
1701 3661 1767 3716 de
1789 3661 1851 3715 iis
1867 3676 1993 3715 scn-

414 3778 536 3818 sero
566 3777 723 3832 quam
755 3761 999 3825 fuerunt:
1030 3757 1123 3813 sed
1154 3755 1282 3811 inid
1311 3755 1450 3826 quod
1486 3753 1695 3809 futurus
1713 3768 1852 3819 sum,
1874 3766 1997 3807 cur-

414 3870 531 3909 sum
555 3853 727 3923 dirigo
748 3852 881 3906 duce
912 3848 1276 3906 misericordia
1303 3847 1604 3902 Conditoris
1632 3847 1756 3901 inci.
1788 3846 1863 3901 De
1893 3845 1995 3901 hoc

415 3947 573 4017 igitur
603 3944 742 4015 quod
762 3944 968 3999 futurus
992 3958 1131 4009 sum,
1160 3952 1213 3997 et
1239 3941 1303 3996 de
1329 3941 1420 3995 illo
1445 3939 1584 4009 apud
1604 3956 1761 4010 quem
1788 3939 1993 3996 futurus

417 4053 566 4104 sum,
598 4037 642 4091 si
664 4038 819 4093 aliter
846 4049 1003 4104 quam
1046 4034 1243 4089 veritas
1270 4047 1388 4088 sese
1416 4030 1576 4088 habet
1599 4031 1878 4087 credidero
1903 4042 1993 4087 aut

417 4141 671 4192 sensero,
715 4126 1062 4189 vehementer
1105 4121 1370 4178 cavendus
1413 4130 1495 4177 est
1532 4136 1715 4187 error;
1765 4137 1833 4176 ne
1862 4122 1992 4176 mihi

416 4230 507 4275 aut
559 4218 857 4275 necessaria
903 4233 1009 4271 non
1045 4228 1379 4287 praeparem,
1422 4222 1512 4267 aut
1559 4212 1627 4268 ad
1671 4229 1793 4267 cum
1823 4214 1994 4283 ipsum

418 4313 574 4368 ﬁnem
604 4310 859 4382 propositi
876 4310 979 4365 mei
1004 4349 1020 4375 ,
1049 4308 1173 4363 dum
1200 4305 1344 4361 aliud
1372 4320 1468 4375 pro
1488 4305 1593 4360 alio
1611 4305 1740 4359 mihi
1766 4305 1992 4375 videtur,

420 4404 695 4475 pervenire
719 4418 826 4458 non
857 4402 1076 4473 possim.
1107 4400 1461 4468 Quamobrem
1485 4440 1501 4465 ,
1526 4399 1660 4453 sicut
1686 4398 1753 4453 ad
1777 4414 1994 4469 compa-

417 4496 635 4552 randam
663 4503 867 4551 vestem
893 4494 1025 4549 nihil
1052 4494 1183 4548 mihi
1210 4493 1453 4557 obesset,
1486 4490 1531 4546 si
1562 4491 1842 4560 praeterita:
1871 4490 1989 4546 bie-

417 4590 519 4644 mis
549 4588 741 4643 oblitus
769 4602 945 4642 essem
967 4626 983 4653 ,
1016 4586 1229 4641 obesset
1271 4592 1448 4639 autem
1475 4583 1519 4638 si
1547 4580 1780 4636 futurum
1825 4580 1995 4653 frigus

421 4680 699 4735 imminere
718 4694 825 4734 non
853 4679 1157 4734 crederem:
1180 4679 1248 4732 ita
1275 4676 1407 4731 nihil
1431 4676 1603 4732 oberit
1624 4675 1814 4730 anima:
1839 4650 2001 4743 meae,

425 4774 468 4827 si
495 4772 659 4828 oblita
690 4781 771 4827 est
799 4771 923 4841 quid
952 4771 1087 4826 forte
1114 4770 1430 4840 pertulerit,
1453 4770 1497 4825 si
1535 4769 1695 4825 modo
1719 4770 1997 4840 diligenter

422 4867 665 4921 advertat
694 4873 748 4921 et
784 4872 961 4918 teneat
988 4878 1095 4933 quo
1119 4878 1176 4917 se
1205 4863 1456 4933 deinceps
1483 4877 1668 4931 parare
1696 4872 1991 4921 moneatur.

420 4959 486 5014 Et
507 4958 675 5019 sicut,
707 4955 856 5011 verbi
880 4955 1067 5024 gratia,
1107 4954 1327 5008 Romam
1372 4953 1637 5023 naviganti
1676 4954 1807 5015 nihil
1834 4969 1995 5011 noce-

418 5059 500 5105 ret
540 5048 583 5103 si
614 5046 899 5103 excidisset
935 5046 1146 5110 animo,
1185 5059 1215 5097 a
1250 5058 1356 5113 quo
1386 5043 1561 5097 littore
1593 5059 1778 5099 navem
1818 5046 1994 5101 solve-

420 5141 518 5205 rit,
549 5139 674 5194 dum
736 5146 910 5192 tamen
947 5137 1015 5191 ab
1056 5150 1123 5191 eo
1159 5135 1277 5191 loco
1314 5134 1401 5188 ubi
1429 5144 1572 5189 esset
1604 5150 1708 5188 non
1733 5136 1997 5204 ignoraret

420 5246 526 5300 quo
553 5245 768 5301 proram
801 5229 1093 5299 dirigeret;
1120 5226 1250 5280 nihil
1288 5234 1465 5281 autem
1493 5226 1768 5294 prodesset
1803 5228 1993 5281 memi-

420 5322 569 5377 nisse
622 5320 816 5374 littoris
846 5318 987 5373 unde
1040 5318 1141 5373 iter
1181 5331 1403 5371 exorsus
1447 5316 1534 5381 sit,
1567 5316 1611 5370 si
1640 5316 1705 5370 de
1758 5316 1996 5371 Romano

419 5424 574 5485 portu
590 5413 778 5469 falsum
801 5410 1001 5481 aliquid
1018 5409 1348 5475 existimans,
1379 5409 1429 5461 in
1451 5423 1577 5463 saxa
1602 5409 1870 5473 incidisset
1891 5428 1903 5464 :
1924 5410 1995 5464 ita

420 5521 591 5575 neque
638 5507 685 5559 si
738 5519 842 5558 non
891 5512 1109 5556 tenuero
1156 5500 1360 5553 initium
1399 5500 1650 5567 temporis
1677 5501 1991 5568 vitzemcaz,

423 5597 711 5667 quidquam
742 5594 875 5650 mihi
906 5593 1076 5649 oberit
1120 5592 1305 5648 scienti
1345 5607 1450 5661 quo
1489 5592 1591 5645 fine
1620 5592 1990 5661 requiescam;

426 5704 521 5742 nec
550 5687 827 5757 prodesset
874 5684 1067 5755 aliquid
1116 5683 1202 5737 illa
1245 5683 1356 5737 sive
1396 5683 1646 5736 memoria
1673 5681 1784 5738 sive
1809 5684 1991 5753 conje-

484 5784 500 5813 ί
519 5780 623 5830 uad.
644 5788 715 5829 Er.
736 5786 785 5831 ct
800 5788 902 5831 Mss.
922 5784 1114 5839 septem
1135 5790 1147 5828 :
1166 5785 1283 5829 Sane
1308 5774 1356 5828 in
1379 5774 1570 5829 miseria
1592 5777 1938 5841 temporal'wm.

1724 355 1925 415 LIBER
1954 324 2275 411 TERTIUS.

2483 306 2522 323 qn
2571 308 2577 314 θ

3552 364 3652 419 502

2077 484 2223 529 ctura
2254 476 2512 532 inchoata:
2539 478 2682 547 vitm,
2702 481 2745 534 si
2770 478 2837 535 de
2864 481 2978 550 ipso
2999 481 3128 549 Deo,
3149 483 3235 551 qui
3259 498 3393 549 unus
3413 484 3651 541 laborum

2079 567 2270 620 anima:
2301 568 2420 622 ﬁnis
2449 578 2531 624 est
2551 612 2567 637 ,
2595 571 2749 627 aliter
2776 587 2932 642 quam
2960 572 3174 642 dignum
3196 583 3276 630 est
3305 575 3568 645 opinatus,
3598 576 3651 631 in

2077 660 2327 729 scopulos
2351 664 2549 717 erroris
2575 664 2852 719 irruerem.

2151 749 2236 805 62.
2265 750 2375 807 Nec
2397 752 2495 807 iste
2518 770 2695 810 sermo
2721 756 2787 810 ad
2817 756 2869 810 id
2896 756 3137 822 valuerit,
3166 766 3222 812 ut
3250 757 3527 829 quisquam
3556 774 3653 815 nos

2081 841 2364 910 prohibere
2389 844 2675 901 arbitretur
2706 855 2766 902 ut
2792 857 3033 918 quaerant
3057 849 3144 919 qui
3174 850 3441 919 potuerint
3464 865 3655 907 secun-

2080 929 2206 986 dum
2232 931 2533 1005 Scripturas
2563 935 2814 992 divinitus
2842 938 3122 1009 inspiratas
3140 980 3155 1006 ,
3188 949 3362 995 utrum
3389 941 3563 995 anima
3589 942 3656 997 de

2080 1023 2256 1077 anima
2287 1036 2626 1095 propagetur,
2654 1042 2718 1081 an
2749 1042 2847 1083 suo
2870 1029 3061 1100 cuique
3084 1030 3337 1084 animauti
3363 1029 3579 1103 singulae
3604 1034 3657 1087 in

2083 1114 2198 1183 ipso
2238 1116 2395 1185 fiant,
2442 1134 2509 1174 an
2552 1120 2618 1175 ad
2659 1121 2948 1192 regendum
2996 1124 3441 1195 animandumque
3467 1140 3659 1195 corpus

2084 1207 2262 1262 divino
2290 1218 2418 1273 nutu
2448 1212 2691 1268 alicunde
2717 1214 3014 1283 mittantur,
3042 1215 3127 1270 vel
3157 1217 3369 1285 propria
3397 1217 3660 1273 voluntate

2084 1312 2143 1352 se
2184 1299 2478 1375 insinuent;
2507 1305 2552 1367 si
2580 1304 2659 1359 vel
2703 1306 2925 1376 alicujus
2975 1306 3318 1377 expediendae
3346 1311 3660 1364 necessaria:

2087 1391 2555 1467 qtnestionisratio
2588 1395 2786 1467 flagitat
2815 1397 2915 1453 ista
2944 1398 3281 1457 considerare
3305 1408 3461 1471 atque
3490 1400 3661 1455 discu-

2089 1490 2218 1547 tere,
2249 1483 2331 1536 vel
2375 1500 2404 1539 a
2436 1485 2594 1541 rebus
2632 1487 2797 1557 magis
2855 1488 3171 1545 necessariis
3219 1492 3386 1549 otium
3436 1491 3502 1544 ad
3550 1491 3664 1546 haze

2086 1575 2376 1644 qttwrcnda
2403 1590 2456 1632 et
2484 1578 2791 1639 disserenda
2813 1581 3137 1636 conceditur.
3172 1581 3364 1638 Verum
3394 1582 3459 1636 ad
3496 1582 3547 1638 id
3574 1597 3663 1652 po-

2090 1667 2192 1720 tius
2248 1666 2346 1721 ista
2378 1666 2601 1722 dixerim
2627 1711 2642 1736 ,
2675 1685 2742 1724 ne
2778 1671 2897 1741 quis
2922 1671 2972 1724 in
3000 1688 3057 1725 re
3088 1672 3176 1726 tali
3205 1672 3290 1727 vel
3319 1680 3516 1729 temere
3540 1688 3660 1728 suc-
3689 1710 3692 1715 λ

2088 1768 2306 1814 censeat
2329 1759 2377 1813 ci
2412 1760 2500 1830 qui
2528 1775 2635 1815 suae
2657 1762 2894 1831 epinioni
2923 1762 3233 1819 humaniore
3260 1765 3487 1821 fortasse
3510 1766 3661 1822 dubi-

2091 1852 2290 1906 tatione
2310 1867 2414 1907 non
2444 1853 2585 1910 cedit
2614 1872 2627 1908 :
2660 1863 2751 1908 aut
2777 1855 2937 1910 etiam
2963 1857 3007 1909 si
3042 1856 3167 1927 quid
3198 1857 3322 1912 hinc
3358 1860 3488 1913 certi
3519 1859 3666 1928 quis-

2088 1955 2247 2011 quam
2290 1951 2345 1996 et
2388 1942 2570 2012 liquidi
2598 1943 3091 2014 comprehenderit,
3144 1945 3263 2005 ideo
3310 1957 3456 2017 putet
3508 1949 3668 2002 alium

2090 2048 2241 2103 Spem
2274 2033 2571 2103 perdidisse
2592 2035 2910 2103 futurorum,
2934 2036 3053 2106 quia
3078 2037 3345 2110 praeterita
3360 2053 3546 2093 exorsa
3564 2052 3671 2092 non

2090 2124 2296 2178 recolit.

2090 2214 2317 2270 CAPUT
2364 2214 2935 2287 XXll.-—lgnorantia
2973 2225 3019 2271 et
3063 2217 3327 2288 difﬁcultas
3356 2218 3398 2273 si
3426 2220 3672 2272 naturalis

2162 2316 2232 2361 est
2286 2307 2521 2375 homini,
2566 2324 2666 2361 non
2732 2316 2994 2380 prOpterea
3046 2308 3181 2363 deest
3241 2309 3375 2362 unde
3438 2307 3669 2363 laudetur

2162 2397 2387 2458 Creator.

2163 2494 2250 2547 65.
2282 2493 2502 2563 Quoquo
2525 2492 2683 2547 modo
2695 2503 2870 2549 autem
2893 2509 2951 2550 se
2980 2494 3120 2549 istud
3143 2494 3350 2563 habeat,
3371 2495 3481 2552 sive
3500 2498 3674 2552 omni-

2095 2598 2163 2638 no
2198 2583 2551 2638 oniittendum
2575 2624 2592 2652 ,
2617 2584 2730 2642 sive
2758 2601 2898 2640 nunc
2932 2585 3284 2643 differendum
3310 2596 3363 2643 et
3387 2588 3520 2642 alias
3534 2584 3666 2643 con?

2092 2675 2432 2731 siderandum
2459 2676 2565 2743 sit,
2594 2692 2828 2747 prwsens
2859 2687 3035 2733 tamen
3065 2680 3288 2748 quaestio
3312 2696 3416 2735 non
3448 2681 3672 2752 impedi-

2095 2774 2199 2832 tur,
2230 2770 2513 2837 quominus
2549 2776 2801 2837 appareat
2832 2769 3173 2838 integerrima
3199 2778 3254 2825 et
3290 2769 3584 2840 justissima
3618 2779 3672 2824 et

2096 2860 2407 2915 inconcussa
2436 2870 2593 2931 atque
2614 2860 3031 2916 inconnnutabili
3054 2862 3328 2931 majestate
3352 2874 3405 2919 et
3429 2864 3676 2920 substano

2096 2952 2167 3006 tia
2216 2953 2508 3018 Creatoris,
2537 2953 2793 3023 supplicia
2851 2961 3187 3023 peceatorum
3218 2969 3433 3009 suorum
3473 2956 3675 3010 animas

2095 3044 2241 3100 luere
2274 3063 2287 3099 :
2317 3060 2435 3114 quae
2484 3054 2727 3114 peccata,
2770 3055 2826 3099 ut
2851 3046 2960 3114 jam
2990 3044 3079 3100 diu
3126 3045 3473 3101 disseruimus
3493 3087 3508 3113 ,
3540 3062 3675 3103 non-

2095 3138 2197 3192 nisi
2227 3138 2453 3208 propria:
2481 3139 2736 3193 voluntati
2762 3153 2945 3192 carum
2974 3138 3249 3193 tribuenda
3272 3146 3393 3194 sunt
3411 3182 3423 3202 .
3447 3154 3544 3194 nec
3571 3139 3677 3195 ulla

2098 3230 2317 3293 ulterior
2338 3230 2355 3261 ¹
2385 3239 2724 3299 peccatorum
2747 3244 2904 3284 causa
2927 3229 3234 3298 qmerenda.
3541 3292 3544 3295 _

2167 3322 2255 3379 64.
2284 3321 2583 3393 Ignorantia
2628 3336 2755 3376 vero
2780 3329 2833 3375 ct
2860 3320 3144 3375 difficultas
3183 3321 3229 3375 si
3271 3322 3524 3376 naturalis
3550 3330 3631 3376 est
3656 3362 3672 3385 ,

2099 3414 2223 3470 inde
2267 3414 2453 3483 incipit
2480 3414 2655 3468 anima
2695 3412 2985 3483 proﬁcere,
3029 3421 3084 3467 et
3120 3412 3187 3467 ad
3233 3413 3588 3484 cognitionem
3624 3424 3678 3468 et

2099 3506 2368 3576 requiem,
2399 3504 2569 3560 donec
2606 3505 2658 3558 in
2683 3520 2747 3560 ca
2777 3504 3080 3574 perﬁciatur
3107 3505 3211 3559 vita
3240 3505 3392 3559 beata
3415 3548 3428 3572 ,
3463 3520 3677 3575 promo-

2100 3596 2231 3651 veri.
2264 3595 2431 3665 Quem
2479 3595 2772 3665 prol'ectum
2816 3594 2870 3649 in
2900 3594 3089 3650 studiis
3116 3595 3330 3664 Optimis
3366 3603 3526 3665 atque
3564 3596 3677 3665 pic-

2100 3696 2207 3742 tate
2229 3728 2242 3751 ,
2281 3702 2505 3755 quorum
2553 3685 2773 3741 facultas
2802 3686 2850 3741 ei
2885 3700 2989 3740 non
3022 3694 3209 3755 negata
3234 3694 3310 3740 est
3332 3728 3348 3752 ,
3384 3686 3427 3741 si
3468 3688 3678 3756 propria

2097 3781 2373 3835 voluntate
2398 3779 2726 3850 neglexerit,
2759 3777 2900 3848 juste
2953 3778 3005 3831 in
3044 3777 3368 3847 graviorem,
3420 3795 3537 3847 quae
3566 3778 3677 3847 jam

2101 3871 2323 3943 pcenalis
2376 3880 2488 3938 est,
2542 3869 2895 3939 ignorantiam
2928 3868 3396 3938 difﬁcultatemque
3434 3869 3677 3938 praecipi-

2100 3969 2257 4025 tatur,
2292 3959 2665 4014 decentissimo
2690 3967 2743 4013 et
2761 3957 3264 4013 com'enientissimo
3291 3973 3470 4012 rerum
3501 3958 3678 4013 mode-

2098 4056 2301 4110 ramine
2327 4055 2378 4109 in
2405 4052 2742 4108 inferioribus
2774 4051 3014 4108 ordinata
3040 4054 3082 4107 ².
3104 4051 3219 4106 Non
3244 4052 3384 4109 enim
3420 4052 3559 4121 quod
3580 4067 3675 4106 na-

2100 4148 2337 4202 turaliter
2365 4146 2535 4200 nescit
2559 4153 2612 4199 ct
2656 4144 2964 4199 naturaliter
2991 4159 3096 4198 non
3130 4152 3300 4213 potest
3323 4185 3337 4210 ,
3365 4142 3464 4198 hoc
3488 4146 3680 4197 animm

2097 4240 2380 4309 deputatur
2426 4238 2477 4292 in
2523 4245 2759 4301 reatum;
2801 4233 2896 4290 sed
2940 4233 3082 4304 quod
3114 4235 3253 4290 scire
3290 4251 3394 4290 non
3438 4235 3676 4302 studuit,

2100 4342 2154 4386 et
2176 4330 2317 4399 quod
2339 4330 2550 4399 dignam
2575 4328 2807 4381 facilitati
2825 4326 3193 4395 comparanda:
3219 4326 3285 4382 ad
3312 4336 3454 4383 recte
3479 4326 3678 4382 facien-

2100 4422 2228 4477 dum
2270 4436 2484 4491 operam
2524 4436 2629 4475 non
2670 4420 2835 4475 dedit.
2862 4420 3031 4489 Loqui
3069 4422 3209 4475 enim
3258 4436 3363 4474 non
3406 4435 3565 4475 nosse
3602 4432 3682 4475 a'-

2100 4529 2203 4584 que
2229 4528 2332 4567 non
2379 4527 2537 4582 posse
2561 4552 2577 4577 ,
2610 4511 2792 4569 infanti
2830 4511 3067 4564 naturale
3096 4520 3175 4563 est
3202 4529 3214 4564 :
3241 4527 3358 4579 qua:
3390 4512 3680 4581 ignorantia

2105 4604 2495 4675 difﬁcultasque
2546 4602 2806 4659 sermonis
2858 4615 2961 4655 non
3018 4601 3179 4656 modo
3215 4602 3545 4672 inculpabilis
3584 4605 3683 4656 sub

2101 4695 2569 4768 grammaticorum
2612 4691 2844 4762 legibus,
2885 4690 2979 4745 sed
3009 4691 3167 4746 etiam
3214 4691 3456 4747 humanis
3482 4692 3683 4747 allecti-

2102 4790 2201 4845 bus
2223 4789 2413 4844 blanda
2434 4797 2489 4843 et
2512 4796 2660 4858 grata
2688 4796 2803 4852 est;
2838 4801 2945 4840 non
2972 4785 3113 4840 enim
3144 4785 3252 4838 ullo
3278 4786 3405 4839 vitio
3434 4786 3574 4839 illam
3604 4784 3683 4838 fa-

2104 4883 2355 4939 cultatem
2387 4895 2701 4950 comparare
2750 4879 3005 4949 neglexit,
3057 4887 3149 4933 aut
3199 4878 3304 4931 ullo
3346 4878 3474 4932 vitio
3520 4893 3678 4948 quam

2099 4981 2431 5042 compararat
2449 4972 2642 5025 amisit.
2665 4969 2861 5038 Itaque,
2884 4968 2930 5023 si
2960 4967 3112 5022 nobis
3138 4968 3188 5021 in
3216 4968 3513 5037 eloquentia
3539 4978 3679 5022 esset

2102 5063 2375 5120 beatitudo
2399 5064 2707 5126 constituta,
2730 5071 2889 5130 atque
2918 5061 2989 5114 ita
3018 5059 3227 5114 crimini
3253 5060 3534 5115 duceretur
3558 5076 3677 5122 cum

2101 5166 2350 5227 peccatur
2387 5156 2437 5208 in
2464 5155 2653 5222 lingua:
2682 5152 2826 5205 sonis
2845 5192 2861 5217 ,
2907 5150 3352 5220 quemadmodum
3380 5165 3499 5205 cum
3550 5165 3676 5219 pec-

2100 5259 2248 5305 catur
2263 5248 2315 5303 in
2330 5245 2531 5300 actibus
2553 5243 2671 5296 vita}
2687 5260 2699 5307 ;
2714 5242 2888 5296 nullus
2909 5242 3087 5310 utique
3105 5252 3410 5312 argueretur
3426 5243 3676 5309 infantiae,

2101 5341 2242 5412 quod
2265 5340 2334 5395 ab
2372 5355 2433 5395 ea
2463 5348 2603 5392 esset
2633 5351 2854 5390 exorsus
2877 5334 2944 5388 ad
2969 5334 3391 5403 consequendam
3419 5335 3674 5402 eloquen-

2104 5436 2231 5490 tiam
2265 5451 2278 5485 :
2304 5432 2395 5487 scd
2420 5432 2573 5501 plane
2609 5429 2799 5483 merito
2826 5426 3182 5492 damnaretur,
3227 5427 3271 5481 si
3301 5443 3410 5481 sua:
3439 5428 3668 5481 voluntas

2133 5656 2142 5665 _
2164 5594 2179 5624 ι
2208 5594 2389 5640 tta
2409 5585 2767 5648 ctantiquiores
2788 5581 2900 5631 Edd.
2930 5588 2981 5631 At
3006 5587 3115 5631 Lov.
3140 5581 3308 5642 habet,
3330 5594 3416 5631 nec
3438 5580 3535 5630 ulla
3557 5581 3677 5632 intc-

2097 5668 2310 5764 milt'aliti
2328 5748 2341 5775 ,
2368 5714 2417 5762 in
2438 5708 2741 5773 inferioribus
2763 5707 3028 5758 ordinante.
3050 5712 3204 5755 AtMss
3236 5704 3676 5767 quindecnn,ordt-

2097 5784 2226 5829 nutu.
