4118 6370
523 373 662 435 1503

524 494 591 548 tis
620 491 966 562 perversitate
994 490 1072 543 vel
1106 490 1169 544 ad
1204 504 1316 542 eam
1348 484 1653 549 recidisset,
1688 484 1770 537 vel
1807 484 1857 536 in
1906 498 1966 534 ea
2009 494 2091 532 re-

528 584 829 638 mansisset.
858 581 946 636 Sic
972 582 1128 635 etiam
1157 595 1295 633 nunc
1320 619 1335 643 ,
1367 578 1411 632 si
1441 576 1732 647 ignorantia
1758 575 1868 629 veri
1900 582 1953 628 et
1986 573 2069 627 dif
2072 603 2091 613 -

525 676 735 730 ficultas
784 676 916 729 recti
947 673 1198 727 naturalis
1233 678 1315 725 est
1343 668 1561 733 homini,
1605 667 1743 721 unde
1776 666 1990 735 incipiat
2039 664 2093 719 in

530 769 804 837 sapientia:
841 767 1136 836 quietisque
1184 762 1561 818 beatitudinem
1608 774 1858 829 surgere,
1916 757 2093 811 nullus

530 860 669 915 hanc
709 875 774 915 ex
802 859 949 911 initio
976 855 1199 909 naturali
1233 864 1376 909 recte
1404 852 1575 923 arguit
1607 869 1621 906 :
1649 850 1743 904 sed
1767 852 1810 904 si
1838 848 2092 919 proficere

530 953 786 1015 noluerit,
814 959 904 1005 aut
942 966 969 1003 a
1018 948 1254 1018 profectu
1303 956 1590 1001 retrorsum
1649 944 1815 1000 relabi
1845 943 2088 1008 voluerit,

521 1058 637 1113 jure
662 1043 954 1111 meritoque
980 1054 1162 1111 paruas
1197 1041 1318 1103 luet.

595 1132 682 1187 65.
723 1132 943 1187 Creator
979 1146 1105 1185 vero
1141 1132 1255 1199 ejus
1301 1130 1493 1199 ubique
1520 1127 1784 1193 laudatur,
1827 1129 1909 1181 vel
1949 1126 2091 1197 quod

522 1237 637 1274 eam
664 1220 731 1274 ab
760 1220 887 1290 ipsis
912 1219 1142 1274 exordiis
1177 1219 1240 1273 ad
1268 1220 1461 1273 summi
1485 1219 1605 1272 boni
1637 1218 1977 1287 capacitatem
2009 1218 2089 1270 in-

520 1312 806 1377 choaverit,
836 1311 917 1366 vel
942 1312 1080 1381 quod
1116 1311 1228 1380 ejus
1256 1310 1545 1380 profectum
1579 1309 1810 1379 adjuvet,
1839 1307 1920 1361 vel
1948 1308 2090 1378 quod

524 1403 741 1472 impleat
784 1402 1142 1472 proficientem
1191 1411 1346 1471 atque
1374 1400 1631 1470 perficiat,
1673 1399 1753 1452 vel
1783 1398 1922 1467 quod
1961 1412 2087 1466 pec-

518 1502 747 1557 cantem,
777 1492 827 1546 id
856 1501 935 1547 est
956 1500 1046 1545 aut
1072 1490 1139 1545 ab
1161 1490 1322 1545 initiis
1346 1490 1454 1543 suis
1483 1504 1598 1543 sese
1625 1488 1688 1542 ad
1716 1487 2088 1557 perfectionem

518 1583 757 1637 attollere
780 1592 1131 1646 recusantem,
1161 1591 1249 1637 aut
1264 1583 1371 1652 jam
1400 1598 1465 1636 ex
1491 1581 1721 1649 profectu
1744 1580 1918 1649 aliquo
1947 1579 2087 1634 rela-

521 1673 751 1739 bentem,
777 1673 1066 1742 justissima
1105 1674 1445 1729 damnatione
1483 1686 1578 1741 pro
1616 1671 1817 1726 meritis
1854 1670 2083 1725 ordinat.

514 1766 626 1821 Non
666 1768 807 1822 enim
850 1775 1127 1838 propterea
1175 1766 1366 1821 malam
1416 1765 1633 1839 creavit,
1678 1764 1799 1835 quia
1852 1763 2085 1817 nondum

517 1865 660 1910 tanta
702 1866 803 1922 est,
831 1867 1023 1927 quanta
1060 1868 1115 1911 ut
1143 1855 1463 1926 proficiendo
1495 1871 1613 1909 esse
1643 1862 1817 1924 posset
1846 1855 2081 1922 accepit;

513 1964 635 2001 cum
660 1948 773 2018 ejus
803 1949 1021 2004 exordio
1042 1949 1392 2019 perfectiones
1415 1962 1599 2002 omnes
1628 1956 1905 2018 corporum
1930 1947 2085 2016 longe

516 2039 794 2093 inferiores
830 2039 955 2104 sint,
991 2055 1120 2109 quas
1152 2048 1322 2093 tamen
1357 2040 1406 2092 in
1447 2053 1544 2093 suo
1573 2052 1768 2108 genere
1795 2037 2083 2092 laudabiles

512 2144 630 2188 esse
644 2129 859 2200 judicat,
882 2130 1119 2200 quisquis
1139 2130 1203 2184 de
1224 2130 1381 2183 rebus
1404 2130 1680 2184 sauissime
1695 2129 1911 2198 judicat.
1932 2127 2080 2195 Quod

514 2236 640 2291 ergo
674 2222 879 2291 ignorat
903 2222 1025 2292 quid
1070 2222 1168 2277 sibi
1211 2221 1469 2292 agendum
1500 2223 1587 2286 sit,
1630 2236 1693 2277 ex
1722 2236 1786 2277 eo
1827 2229 1908 2277 est
1941 2221 2080 2292 quod

514 2313 743 2367 nondum
792 2314 992 2383 accepit
1031 2332 1043 2367 :
1087 2314 1178 2368 sed
1220 2315 1319 2368 hoc
1357 2329 1563 2383 quoque
1607 2314 1843 2383 accipiet,
1892 2314 1938 2368 si
1982 2315 2081 2369 hoc

509 2404 650 2473 quod
676 2405 899 2476 accepit,
933 2407 1066 2475 bene
1089 2422 1179 2475 usa
1204 2405 1375 2461 fuerit.
1406 2406 1621 2475 Accepit
1639 2415 1815 2467 autem
1847 2415 1902 2460 ut
1924 2407 2007 2475 pie
2028 2415 2081 2461 et

510 2496 788 2566 diligenter
824 2505 1044 2567 quaerat,
1088 2499 1131 2552 si
1162 2498 1319 2551 volet.
1364 2498 1429 2551 Et
1456 2498 1595 2567 quod
1641 2512 1928 2567 agnoscens
1954 2498 2078 2568 quid

510 2586 607 2639 sibi
649 2585 908 2655 agendum
956 2587 1045 2654 sit,
1089 2602 1191 2643 non
1232 2588 1480 2642 continuo
1516 2588 1657 2643 valet
1694 2588 1936 2657 implere,
1979 2587 2079 2643 hoc

508 2692 717 2747 quoque
768 2677 999 2731 nondum
1051 2679 1253 2747 accepit
1284 2696 1295 2730 :
1331 2679 1600 2749 prtecessit
1648 2677 1789 2733 enim
1837 2678 2076 2748 quaedam

508 2783 629 2837 pars
657 2769 771 2838 ejus
798 2770 1072 2824 sublimior
1097 2770 1162 2825 ad
1192 2771 1523 2829 sentiendum
1562 2771 1701 2841 quod
1741 2779 1885 2826 recte
1922 2772 2078 2827 faciat

506 2858 701 2912 bOnum
732 2859 858 2913 :sed
887 2859 1125 2929 quaedam
1151 2860 1349 2915 tardior
1377 2870 1533 2931 atque
1558 2862 1783 2915 carnalis
1813 2876 1915 2916 non
1944 2877 2075 2916 con-

508 2957 791 3017 sequenter
818 2950 868 3003 in
904 2951 1217 3025 sententiam
1246 2951 1486 3017 ducitur;
1532 2961 1587 3006 ut
1624 2968 1688 3008 ex
1717 2954 1826 3023 ipsa
1852 2953 2076 3008 difficul-

508 3047 612 3091 tate
629 3038 973 3094 admoneatur
999 3040 1241 3096 eumdem
1271 3042 1554 3111 implorare
1583 3042 1876 3112 adjutorem
1903 3043 2075 3113 perfe-

507 3129 695 3183 ctionis
713 3145 840 3198 sum,
864 3147 1019 3201 quem
1041 3132 1387 3197 inchoationis
1413 3134 1572 3188 sentit
1596 3144 1897 3200 auctorem;
1927 3143 1985 3190 ut
2008 3151 2073 3190 ex

511 3218 609 3271 hoc
647 3219 694 3273 ei
728 3220 815 3273 fiat
839 3220 1066 3286 charior,
1108 3222 1230 3276 dum
1268 3238 1371 3277 non
1409 3224 1519 3278 suis
1546 3225 1762 3288 viribus,
1800 3226 1895 3280 sed
1923 3227 2073 3295 cujus

509 3307 743 3364 bonitate
769 3310 924 3365 habet
952 3320 1009 3366 ut
1043 3313 1128 3377 sit,
1163 3313 1276 3383 ejus
1302 3314 1661 3369 misericordia
1697 3316 1997 3370 sublevatur
2018 3326 2074 3371 ut

506 3400 653 3453 beata
680 3401 766 3455 sit.
788 3400 993 3469 Quanto
1012 3412 1187 3459 autem
1208 3404 1504 3459 chariorilli
1529 3413 1609 3459 est
1628 3420 1655 3459 a
1678 3420 1782 3475 quo
1801 3415 1901 3473 est,
1928 3415 2073 3461 tanto

507 3493 556 3543 in
599 3506 663 3545 eo
692 3492 890 3547 firmius
918 3495 1223 3564 acquiescit,
1264 3505 1317 3550 et
1347 3505 1494 3549 tanto
1534 3497 1744 3551 uberius
1781 3500 2072 3553 aeternitate

506 3582 618 3650 ejus
645 3584 947 3653 perfruitur.
977 3586 1033 3641 Si
1060 3588 1200 3643 enim
1222 3590 1425 3644 arboris
1450 3590 1711 3645 novellum
1736 3600 1790 3646 et
1817 3592 1947 3646 rude
1962 3592 2069 3646 vir-

504 3673 707 3742 gultum
755 3677 901 3732 nullo
939 3680 1097 3734 modo
1134 3689 1276 3734 recte.
1326 3681 1507 3735 sterile
1541 3681 1784 3747 dicimus,
1829 3684 2069 3753 quamvis

503 3767 701 3837 aliquot
740 3777 950 3825 aestates
982 3772 1096 3826 sine
1126 3771 1379 3827 fructibus
1407 3772 1651 3843 trajiciat,
1679 3774 1849 3829 donec
1873 3790 2070 3845 oppor-

503 3867 632 3913 tuno
672 3867 907 3931 tempore
950 3871 1225 3931 expromat
1251 3864 1569 3918 feracitatem
1608 3880 1790 3929 suam;
1832 3880 1926 3919 cur
1962 3880 2067 3921 non

504 3958 689 4004 auctor
716 3952 906 4006 anima:
930 3952 1106 4008 debita
1136 3954 1329 4022 pietate
1367 3954 1626 4021 laudetur,
1670 3956 1713 4009 si
1753 3956 1801 4010 ei
1844 3957 1948 4011 tale
1978 3958 2070 4012 tri-

504 4038 615 4093 huit
644 4042 935 4106 exordium,
965 4051 1023 4096 ut
1051 4042 1309 4097 studendo
1328 4058 1389 4098 ac
1417 4044 1739 4114 proficiendo
1772 4046 1836 4101 ad
1865 4047 2066 4117 frugem

501 4130 773 4198 sapientia:
793 4133 1117 4203 justitiaeque
1144 4135 1434 4203 perveniat,
1472 4143 1775 4207 tantumque
1813 4138 1888 4192 illi
1926 4155 2067 4210 prte-

502 4220 638 4275 stitit
662 4222 950 4293 dignitatis,
986 4237 1044 4279 ut
1068 4225 1117 4279 in
1146 4226 1258 4295 ejus
1282 4227 1439 4281 etiam
1466 4236 1724 4297 potestate
1749 4240 1989 4300 poneret,
2022 4233 2066 4286 si

502 4311 661 4364 vellet
685 4312 749 4365 ad
777 4313 1150 4370 beatitudinem
1183 4316 1435 4371 tendere?

500 4399 723 4455 CAPUT
754 4402 939 4458 XXIII.
962 4405 1124 4459 De
1149 4409 1467 4476 parvulorum
1497 4419 1655 4465 morte
1689 4421 1734 4466 ct
1768 4414 2065 4469 cruciatibus

568 4494 793 4559 corporis
835 4496 1012 4562 quibus
1053 4497 1338 4567 afiguntur
1387 4498 1561 4569 iniqua
1606 4510 1678 4556 est
1719 4503 2062 4571 imperitorum

566 4582 784 4648 querela.
814 4582 973 4637 Dolor
993 4585 1115 4655 quid
1139 4588 1221 4641 sit.

568 4671 655 4725 66.
699 4673 829 4727 lluic
853 4684 1027 4729 autem
1058 4676 1397 4749 disputationi
1427 4680 1581 4749 objici
1609 4682 1676 4736 ab
1696 4682 1951 4751 imperitis
1972 4698 2061 4739 so-

498 4763 571 4817 let
598 4764 836 4833 qumdam
869 4768 1129 4821 calumnia
1154 4768 1221 4823 de
1246 4772 1502 4826 mortibus
1530 4774 1886 4841 parvulorum,
1917 4784 1971 4830 et
1994 4776 2062 4831 de

493 4854 804 4922 quibusdam
846 4858 1161 4913 cruciatibus
1198 4860 1454 4929 corporis,
1485 4862 1674 4930 quibus
1699 4878 1791 4918 eos
1817 4879 1957 4933 saepe
1986 4865 2062 4919 vi-

492 4945 679 5001 demus
707 4946 886 5016 afigi.
914 4948 1102 5002 Dicunt
1130 4949 1271 5003 enim
1300 4966 1313 5003 :
1342 4950 1478 5016 Quid
1502 4966 1636 5021 opus
1659 4962 1773 5007 erat
1796 4962 1853 5007 ut
1877 4969 2062 5009 nasce-

492 5048 659 5104 retur,
689 5040 777 5109 qui
812 5048 1091 5109 antequam
1130 5038 1287 5094 iniret
1320 5041 1484 5095 ullum
1523 5042 1645 5096 vita:
1672 5044 1935 5109 meritum,
1967 5060 2061 5100 ex-

490 5131 650 5187 cessit
675 5146 708 5186 e
732 5130 879 5185 vita?
901 5140 992 5186 aut
1009 5133 1177 5203 qualis
1199 5133 1250 5186 in
1278 5131 1453 5187 futuro
1477 5134 1674 5203 judicio
1701 5135 2054 5205 deputabitur,

489 5222 573 5278 cui
606 5236 777 5294 neque
808 5222 946 5277 inter
969 5223 1143 5291 justus
1168 5223 1316 5278 locus
1340 5232 1441 5289 est,
1468 5226 1714 5293 quoniam
1756 5226 1887 5280 nihil
1916 5238 2057 5282 recte

486 5315 641 5382 fecit;
688 5330 861 5386 neque
908 5315 1045 5370 inter
1087 5314 1275 5381 malos,
1320 5316 1568 5385 quoniam
1614 5316 1746 5372 nihil
1789 5320 2057 5387 peccavit?

486 5405 691 5471 Quibus
717 5405 1102 5476 respondetur:
1129 5405 1197 5459 ad
1236 5406 1596 5462 universitatis
1614 5409 1973 5479 complexum,
2001 5420 2055 5467 et

487 5498 646 5553 totius
676 5508 931 5553 creatura:
974 5498 1058 5552 vel
1096 5513 1189 5567 per
1216 5498 1360 5552 locos
1390 5498 1473 5553 vel
1511 5514 1605 5568 per
1632 5507 1867 5569 tempora
1908 5502 2052 5556 ordi-

485 5590 809 5643 natissimam
831 5589 1233 5654 connexionem,
1266 5604 1366 5643 non
1403 5584 1559 5658 posse
1592 5591 1857 5660 superfluo
1884 5595 2053 5647 creari

484 5681 920 5751 qualemcumque
963 5681 1249 5745 hominem,
1283 5682 1369 5734 ubi
1406 5680 1589 5735 folium
1619 5683 1825 5738 arboris
1854 5686 2051 5738 nullum

483 5770 747 5842 superuo
775 5787 1012 5841 creatur;
1041 5772 1132 5829 sed
1158 5789 1282 5827 sane
1312 5772 1577 5842 superfluo
1596 5775 1760 5842 quaeri
1792 5774 1857 5830 de
1887 5777 2047 5829 meri-

1641 366 1885 422 LIBERO
1924 364 2265 427 ARBITRIO,
2309 366 2362 421 S.
2406 369 2769 426 AUCUSTINI

3634 388 3770 445 15

2201 480 2265 537 tis
2286 487 2399 554 ejus
2423 490 2509 557 qui
2540 491 2673 544 nihil
2703 494 2971 546 meruerit.
3008 493 3118 548 Non
3146 496 3284 550 enim
3318 499 3656 554 metuendum
3686 512 3768 557 est

2198 590 2265 627 ne
2290 578 2392 629 vita
2434 593 2551 633 esse
2594 583 2823 648 potuerit
2864 584 3037 637 media
3066 586 3305 653 qumdam
3342 588 3477 642 inter
3506 588 3649 646 recte
3685 592 3769 648 fh-

2197 674 2337 720 ctum
2365 677 2519 737 atque
2545 681 2838 738 peceatum,
2862 681 2915 727 et
2943 676 3201 730 sententia
3221 676 3417 746 judicis
3452 682 3617 736 media
3643 699 3763 742 esse

2198 769 2302 807 non
2334 759 2499 824 possit
2531 759 2666 813 inter
2694 762 2966 833 praemium
2995 774 3151 834 atque
3184 768 3518 836 supplicium.

2268 846 2354 900 67.
2394 846 2510 915 Quo
2538 850 2653 904 loco
2689 851 2846 906 etiam
2887 854 3013 909 illud
3051 861 3366 925 perscrutari
3397 861 3638 918 homines
3678 880 3765 921 so-

2198 934 2326 1000 lent,
2357 950 2740 995 sacramentum
2763 942 3005 1014 baptismi
3027 946 3223 1003 Christi
3249 950 3369 1019 quid
3394 955 3625 1022 parvulis
3649 973 3771 1025 pro-

2197 1028 2281 1093 sit,
2311 1043 2428 1083 cum
2452 1046 2518 1085 eo
2542 1043 2756 1103 accepto
2778 1036 3084 1107 plerumque
3114 1034 3429 1108 moriuntur,
3463 1046 3764 1116 priusquam

2195 1134 2260 1174 ex
2286 1136 2349 1174 eo
2376 1122 2659 1192 quidquam
2681 1140 2998 1196 cognoscere
3020 1132 3307 1198 potuerint.
3333 1134 3444 1199 Qua
3470 1136 3521 1190 in
3550 1153 3608 1191 re
3636 1139 3763 1193 satis

2196 1210 2280 1278 pie
2310 1222 2553 1283 recteque
2580 1215 2829 1284 creditur,
2862 1219 3114 1287 prodesse
3140 1224 3355 1291 parvulo
3392 1220 3577 1279 coram
3610 1228 3765 1282 fidem

2194 1317 2223 1356 a
2250 1304 2437 1373 quibus
2462 1308 2850 1363 consecrandus
2870 1310 3108 1366 offertur.
3138 1298 3199 1367 Et
3347 1316 3596 1372 Ecclesia:
3617 1334 3765 1372 coma

2194 1395 2406 1450 mendat
2431 1398 2772 1453 saluberrima
2800 1403 3102 1467 auctoritas,
3136 1413 3191 1457 ut
3213 1420 3277 1459 ex
3299 1421 3363 1460 eo
3388 1408 3608 1478 quisque
3634 1424 3757 1463 sen-

2194 1487 2288 1539 tiat
2310 1488 2432 1555 quid
2459 1489 2557 1541 sihi
2583 1491 2745 1557 prosit
2766 1491 2895 1547 fides
2915 1507 3028 1557 sua,
3061 1494 3270 1565 quando
3292 1496 3345 1550 in
3376 1498 3590 1552 aliorum
3621 1517 3756 1570 quo-

2192 1591 2294 1645 que
2314 1577 2646 1645 beneficium,
2671 1582 2759 1650 qui
2791 1584 3053 1667 propriam
3080 1582 3311 1640 nondum
3342 1586 3553 1654 habent,
3582 1601 3760 1659 potest

2191 1666 2359 1722 aliena
2385 1670 2727 1725 commodari.
2758 1664 2903 1738 Quid
2922 1675 3061 1727 enim
3085 1675 3194 1730 filio
3220 1676 3389 1731 viduze
3418 1678 3611 1747 profuit
3631 1680 3760 1735 des

2190 1773 2305 1822 sua,
2341 1776 2497 1829 quam
2542 1762 2721 1834 utique
2750 1772 2988 1820 mortuus
3024 1781 3129 1820 non
3160 1766 3413 1833 habebat;
3456 1770 3539 1823 cui
3588 1779 3759 1825 tamen

2191 1849 2383 1920 profuit
2403 1854 2584 1907 matris
2607 1862 2661 1907 ut
2690 1856 3023 1925 resurgeret?
3050 1855 3300 1927 (Luc.vn,
3323 1859 3535 1931 12-15.)
3555 1860 3762 1926 Quanto

2189 1955 2315 2009 ergo
2353 1942 2524 2010 potius
2558 1942 2688 1997 fides
2715 1944 2884 1998 aliena
2914 1953 3083 2015 potest
3111 1948 3387 2002 consulere
3408 1951 3645 2019 parvulo,
3676 1952 3760 2006 cui

2188 2047 2281 2085 sua
2313 2032 2530 2100 perfidia
2559 2028 2661 2105 nlqn
2690 2043 2861 2104 potest
2883 2036 3168 2105 imputari?

2256 2050 2281 2083 a
2313 2050 2530 2100 peruuta
2559 2050 2589 2087 n
2629 2050 2661 2088 n
2690 2050 2861 2104 p0te5t
2883 2050 3168 2105 imputari?

2256 2122 2343 2178 68.
2388 2124 2461 2178 De
2485 2050 2800 2197 crtJiatibus
2824 2134 2996 2180 autem
3017 2127 3275 2197 corporis,
3298 2128 3487 2197 quibus
3510 2093 3883 2200 affligun-fc

2186 2222 2273 2267 tttr
2302 2216 2519 2284 parvuli,
2553 2232 2775 2287 quorum
2797 2232 2890 2287 per
2909 2226 3116 2273 {etatem
3142 2220 3280 2274 nulla
3308 2230 3520 2289 peccata
3548 2229 3689 2287 sunt,
3713 2223 3759 2277 si

2185 2305 2375 2360 anima:
2400 2307 2590 2375 quibus
2618 2310 2935 2374 animantur,
2968 2325 3071 2363 non
3097 2311 3236 2379 prius
3268 2306 3423 2381 quam
3457 2312 3553 2381 ipsi
3582 2312 3755 2366 homi-

2184 2410 2278 2450 nes
2298 2410 2416 2450 esse
2440 2408 2734 2466 coeperunt,
2777 2399 2945 2468 major
2968 2400 3178 2470 querela
3200 2409 3253 2455 et
3279 2402 3428 2470 quasi
3456 2402 3756 2457 misericors

2184 2486 2376 2556 deponi
2399 2488 2551 2553 solet,
2588 2505 2705 2543 cum
2733 2490 2923 2545 dicitur
2954 2510 2965 2545 :
2995 2490 3129 2559 Quid
3158 2493 3281 2546 mali
3310 2492 3547 2547 fecerunt
3574 2504 3628 2547 ut
3652 2495 3751 2550 ista

2185 2578 2524 2649 paterentur?
2565 2578 2721 2646 Quasi
2762 2582 2927 2650 possit
2967 2597 3086 2636 esse
3130 2583 3445 2636 innocentia:
3483 2584 3751 2649 meritum,

2182 2677 2462 2740 antequam
2490 2669 2711 2739 quisque
2747 2672 2943 2740 aliquid
2975 2688 3168 2728 nocere
3197 2674 3382 2743 possit.
3411 2672 3541 2727 Cum
3576 2684 3751 2729 autem

2184 2758 2305 2813 boni
2332 2760 2526 2829 aliquid
2553 2770 2801 2831 operatur
2828 2763 2964 2816 Deus
2994 2762 3046 2815 in
3080 2763 3447 2818 emendatione
3472 2765 3748 2833 majorum,

2180 2866 2299 2905 cum
2345 2842 2674 2921 parvulorum
2704 2869 2921 2908 suorum
2952 2856 3042 2925 qui
3071 2855 3149 2910 eis
3188 2857 3334 2910 chari
3364 2865 3507 2923 sunt,
3551 2857 3751 2911 dolori-

2180 2942 2280 2997 bus
2325 2957 2387 2997 ac
2440 2945 2697 2998 mortibus
2740 2944 3103 3014 flagellantur;
3160 2962 3255 3003 cur
3300 2948 3398 3001 ista
3450 2963 3555 3002 non
3600 2948 3747 3013 fiant,

2180 3018 2390 3102 quando
2411 3048 2528 3088 cum
2557 3035 2879 3102 transierint,
2922 3053 3015 3107 pro
3042 3054 3146 3092 non
3173 3039 3323 3107 factis
3345 3049 3521 3104 erunt,
3554 3040 3604 3093 in
3632 3042 3750 3111 qui-

2178 3125 2277 3179 bus
2311 3125 2444 3180 facta
2481 3136 2639 3182 sunt:
2668 3137 2880 3198 prepter
2914 3145 3046 3199 quos
3085 3140 3258 3185 autem
3306 3130 3441 3185 facta
3475 3142 3614 3197 sunt,
3656 3118 3747 3187 aut

2179 3216 2425 3271 meliores
2467 3226 2640 3282 erunt,
2682 3219 2725 3272 si
2763 3214 3139 3290 temporalibus
3182 3224 3526 3279 incommodis
3564 3241 3747 3280 emen-

2177 3307 2306 3373 dati,
2344 3310 2538 3363 rectius
2581 3310 2837 3380 elegerint
2875 3308 3084 3377 vivere,
3126 3325 3215 3368 aut
3255 3317 3649 3371 excusationem
3692 3319 3745 3373 in

2176 3399 2337 3455 futuri
2372 3401 2557 3470 judicii
2590 3404 2847 3473 supplicio
2882 3420 2985 3459 non
3021 3406 3307 3473 habebunt,
3352 3409 3396 3463 si
3435 3410 3555 3463 vita;-
3594 3410 3746 3479 hujus

2175 3494 2459 3563 angoribus
2494 3494 2558 3548 ad
2597 3504 2846 3551 mternam
2884 3499 3041 3551 vitam
3076 3498 3395 3554 desiderium
3436 3514 3745 3557 convertere

2175 3584 2477 3639 noluerint?
2496 3584 2622 3652 Quis
2642 3596 2815 3641 autem
2838 3589 2981 3643 novit
3005 3589 3127 3659 quid
3150 3592 3400 3660 parvulis,
3430 3593 3494 3647 de
3520 3609 3741 3663 quorum

2176 3676 2493 3731 cruciatibus
2522 3677 2712 3731 duritia
2744 3679 3001 3748 majorum
3032 3682 3387 3745 contunditur,
3416 3693 3504 3738 aut
3525 3701 3741 3741 exerce-

2176 3774 2261 3819 tur
2290 3766 2438 3832 fides,
2469 3775 2561 3821 aut
2592 3770 2949 3824 misericordia
2982 3773 3265 3841 probatur;
3294 3775 3408 3844 quis
3442 3791 3568 3846 ergo
3595 3778 3743 3831 novit

2175 3856 2297 3925 quid
2326 3856 2451 3926 ipsis
2477 3859 2707 3927 parvulis
2749 3861 2804 3913 in
2831 3852 3035 3915 secreto
3059 3862 3374 3931 judiciorum
3408 3880 3621 3920 suorum
3648 3869 3744 3921 bo-

2176 3942 2257 4002 na:
2277 3951 2720 4021 compensatiouis
2737 3962 2971 4007 reservet
2993 3954 3151 4019 Deus,
3176 3957 3263 4025 qui
3284 3972 3581 4027 quanquam
3613 3960 3740 4015 nihil

2176 4049 2320 4094 recte
2350 4039 2587 4106 fecerint,
2622 4051 2797 4097 tamen
2828 4058 2923 4097 nec
2958 4044 3236 4113 peccantes
3267 4048 3463 4117 aliquid
3497 4050 3591 4102 ista
3626 4066 3741 4119 per-

2174 4133 2314 4199 pessi
2345 4132 2505 4186 sunt?
2528 4132 2642 4187 Non
2671 4134 2811 4189 enim
2842 4134 3031 4189 frustra
3055 4137 3211 4190 etiam
3239 4138 3464 4194 infantes
3495 4141 3628 4205 illos,
3654 4145 3739 4211 qui

2173 4236 2295 4275 cum
2339 4222 2592 4299 Dominus
2633 4224 2785 4279 Jesus
2822 4226 3065 4281 Christus
3118 4230 3489 4301 necandus,ab
3534 4232 3741 4289 Herode

2172 4322 2514 4382 quaereretur,
2553 4315 2714 4371 occisi
2752 4327 2873 4371 sunt
2909 4317 3117 4387 (Matth.
3160 4335 3215 4383 ,
3247 4320 3359 4389 16),
3403 4322 3453 4376 in
3486 4322 3739 4378 honorem

2172 4394 2459 4474 mariyrum
2488 4416 2726 4475 receptos
2753 4408 3088 4462 commendat
3112 4409 3345 4464 Ecclesia
3365 4412 3452 4480 ().

2169 4493 2219 4559 ,-
2242 4493 2329 4547 69.
2371 4494 2678 4565 Quanquam
2710 4497 2794 4551 isti
2832 4498 3166 4566 calumniosi,
3197 4511 3249 4554 et
3278 4501 3449 4555 talium
3479 4505 3735 4573 qucestioo

2172 4599 2295 4637 num
2323 4598 2426 4638 non
2448 4585 2819 4641 studiosissimi
2842 4590 3248 4657 examinatores,
3268 4591 3359 4645 sed
3382 4592 3739 4662 loquacissimi

2169 4676 2531 4744 ventilatores,
2556 4679 2714 4731 etiam
2737 4678 2803 4734 de
2831 4695 3078 4748 pecorum
3102 4681 3372 4737 doloribus
3391 4692 3443 4738 et
3471 4684 3739 4742 laboribus

2170 4764 2341 4818 solent
2386 4766 2571 4819 minus
2599 4768 2923 4823 eruditorum
2960 4771 3246 4825 sollicitare
3287 4773 3466 4839 fidem,
3507 4790 3628 4830 cum
3655 4777 3737 4831 di-

2168 4862 2295 4909 cunt
2323 4872 2336 4907 :
2363 4855 2499 4922 Quid
2544 4858 2703 4911 etiam
2760 4874 2950 4929 pecora
2995 4861 3078 4914 vel
3130 4868 3436 4917 meruerunt
3481 4865 3627 4933 mali,
3682 4876 3739 4922 ut

2167 4950 2309 4999 tanta
2351 4947 2612 5015 patiantur
2655 4948 3007 5017 incommoda,
3043 4952 3125 5005 vel
3170 4964 3384 5021 sperant
3421 4955 3567 5021 boui,
3617 4960 3736 5027 quia

2168 5038 2324 5090 tantis
2367 5048 2678 5092 exercentur
2714 5041 3103 5095 incommodis?
3141 5042 3247 5097 Sed
3284 5043 3396 5098 haec
3438 5045 3620 5101 dicunt
3653 5048 3734 5102 vel

2166 5128 2416 5194 sentiunt,
2454 5130 2574 5198 quia
2617 5131 2943 5199 iniquissime
2984 5132 3051 5186 de
3084 5135 3241 5189 rebus
3279 5136 3602 5205 existimant,
3647 5141 3733 5209 qui

2164 5233 2285 5272 cum
2315 5235 2577 5273 summmn
2615 5221 2809 5274 bonum
2849 5224 2988 5291 quod
3028 5234 3081 5278 et
3114 5236 3364 5295 quantum
3396 5229 3465 5282 sit
3501 5230 3733 5297 aSpicere

2164 5320 2447 5378 nequeant,
2485 5312 2606 5365 talia
2636 5313 2816 5366 volunt
2858 5329 2976 5367 esse
3003 5317 3201 5383 omnia,
3227 5319 3380 5387 quale
3402 5329 3587 5389 putant
3612 5335 3731 5376 esse

2162 5417 2427 5457 summum
2470 5404 2663 5457 bonum
2696 5422 2707 5467 ;
2742 5416 2936 5473 prseter
2959 5408 3099 5461 enim
3129 5422 3336 5464 summa
3363 5425 3582 5481 corpora
3612 5428 3733 5481 qua:

2161 5493 2396 5547 cmlestia
2426 5504 2565 5560 sunt,
2595 5495 2872 5565 minusque
2898 5499 3222 5568 corruptioni
3251 5501 3546 5569 suhjaeent,
3579 5516 3729 5556 sum-

2162 5598 2305 5638 mum
2338 5584 2531 5639 bonum
2572 5587 2803 5655 cogitare
2846 5604 2950 5642 non
2980 5597 3229 5657 possunt;
3273 5590 3496 5661 ideoque
3537 5592 3731 5647 inordi-

2223 5786 2293 5848 ()
2319 5787 2579 5849 \id.Epist.
2616 5787 2713 5847 l66,
2741 5789 2797 5837 ad
2822 5792 3032 5850 Hieron,
3058 5805 3104 5840 n.
3137 5792 3206 5841 l8.
