4118 6370
479 291 615 358 1,.’507

486 421 557 462 tes
579 423 633 462 se
659 419 762 459 esse
788 402 1056 473 sapientes,
1086 401 1229 454 stulti
1280 401 1400 469 facti
1439 404 1579 448 sunt.
1619 389 1876 460 Superbia
1918 387 2060 443 enim

479 499 670 555 avertit
696 511 726 550 a
748 494 1003 566 sapientia
1029 510 1042 546 :
1073 490 1407 547 aversioncm,
1426 497 1602 542 autem
1630 483 1848 538 stultitia
1875 494 2062 536 conse-

479 591 676 660 quitur.
703 569 932 643 Stultitia
954 585 1145 655 quippe
1159 583 1368 637 caecitas
1382 579 1740 650 qumdantest,
1763 577 1898 630 sicut
1923 574 2061 628 idem

483 682 614 739 dicit
645 699 658 735 :
694 680 762 734 Et
791 680 1106 734 obscuratum
1143 683 1214 729 est
1234 674 1474 742 insipiens
1502 687 1589 724 cor
1629 669 1834 734 eorum(
1853 665 2060 731 Rom.t,

483 775 576 840 2'2,
591 770 862 844 2|).Unde
879 778 1054 824 autem
1077 766 1191 823 hare
1209 765 1527 828 obscuratio,
1542 763 1641 816 nisi
1658 776 1722 816 ex
1738 760 2018 815 aversione
2032 771 2062 810 a

487 865 685 920 lumine
702 860 1012 932 sapientiae?
1038 858 1174 914 unde
1193 865 1368 913 autem
1406 853 1519 914 haec
1546 852 1773 919 aversio,
1804 851 1903 904 nisi
1929 849 2055 904 dum

491 956 584 1015 ille
621 954 706 1009 cui
750 953 945 1008 bonum
987 959 1069 1006 est
1120 949 1279 1012 Deus,
1311 947 1410 1008 sibi
1441 948 1553 1016 ipse
1580 945 1693 1000 vult
1718 958 1838 1000 esse
1865 943 2062 998 bonum

491 1059 666 1109 suum,
695 1043 845 1098 sicuti
874 1041 972 1096 sibi
998 1048 1077 1096 est
1104 1039 1284 1095 Deus?
1329 1039 1533 1110 Itaque,
1573 1036 1651 1088 Ad
1679 1034 1944 1106 meipsum,
1986 1033 2065 1088 ἰιιο

490 1135 624 1202 quit,
678 1132 981 1186 conturbata
1018 1139 1089 1185 est
1124 1132 1292 1203 anima
1338 1125 1652 1196 mea(Psal.
1702 1141 1812 1192 xu,
1851 1124 2064 1195 7):et,

493 1225 727 1290 Gustata,
758 1232 804 1277 et
833 1222 970 1277 eritis
998 1221 1124 1284 sicut
1166 1220 1237 1274 dii
1265 1217 1426 1290 (Gen.
1461 1233 1536 1282 ιιι,
1567 1214 1662 1288 5).

563 1317 650 1371 75.
677 1315 875 1370 Turbat
897 1322 1074 1368 autem
1102 1311 1522 1375 considerantes,
1540 1306 1680 1378 quod
1700 1307 1770 1360 ita
1785 1311 2029 1378 qurerunt
2049 1322 2063 1358 :

492 1407 794 1464 Stultitiane
819 1405 1022 1476 primus
1044 1402 1210 1464 homo
1225 1399 1442 1456 recessit
1457 1413 1485 1452 a
1511 1398 1657 1452 Deo?
1681 1413 1746 1450 an
1769 1394 2069 1450 recedendo

493 1498 684 1554 stultus
716 1495 882 1550 factus
905 1495 1024 1550 est?
1052 1492 1184 1560 Quia
1227 1491 1272 1546 si
1309 1488 1650 1559 responderis
1685 1502 1808 1542 eum
1848 1485 2068 1540 stultitia

493 1590 778 1648 recessisse
821 1603 852 1641 a
877 1583 1456 1656 sapientia,~videbitur
1492 1581 1684 1635 stultus
1725 1579 1886 1634 fuisse
1913 1583 2066 1632 ante-

495 1696 651 1752 quam
679 1679 954 1735 recederet
982 1693 1011 1731 a
1041 1675 1320 1746 sapientia,
1346 1682 1402 1729 ut
1422 1673 1638 1728 stultitia
1657 1671 1729 1724 illi
1749 1683 1907 1725 causa
1927 1675 2072 1725 esset

498 1771 798 1827 recedendi.
824 1770 951 1824 item
995 1768 1040 1822 si
1083 1764 1422 1837 responderis
1450 1779 1571 1820 cum
1609 1761 1905 1819 reccdendo
1932 1761 2071 1817 stul-

498 1873 609 1923 tum
629 1878 747 1919 esse
771 1861 985 1928 factum,
1013 1866 1256 1929 quterunt
1282 1865 1456 1912 utrum
1485 1855 1666 1921 stulte,
1705 1869 1771 1908 an
1802 1853 2071 1923 sapienter

503 1954 688 2010 fecerit
722 1951 862 2023 quod
893 1949 1130 2005 recessit.
1163 1948 1218 2004 Si
1258 1949 1400 2004 enim
1427 1946 1693 2016 sapienter
1735 1945 1878 2013 fecit,
1926 1951 2073 2000 recte

499 2044 646 2108 fecit,
677 2043 910 2113 nihilque
937 2041 1174 2112 peccavit
1201 2057 1215 2094 :
1241 2039 1286 2094 si
1309 2039 1487 2106 stulte,
1513 2038 1622 2108 jam
1645 2046 1778 2104 erat,
1807 2036 2068 2107 inquiunt,

499 2137 556 2196 in
585 2151 648 2190 eo
674 2135 918 2200 stultitia,
946 2149 1046 2204 qua
1073 2130 1270 2188 iactum
1289 2139 1371 2186 est
1394 2138 1452 2186 ut
1477 2129 1768 2185 recederet.
1800 2127 1914 2183 Non
1931 2126 2073 2182 enim

499 2225 662 2280 stulte
690 2222 884 2294 aliquid
928 2223 1044 2279 sine
1088 2221 1310 2278 stultitia
1355 2219 1530 2276 facere
1571 2227 1794 2290 poterat.
1843 2219 1920 2273 Ex
1967 2231 2072 2288 quo

503 2324 724 2388 apparet
754 2330 890 2391 esse
934 2313 1182 2384 quiddam
1217 2313 1468 2378 medium,
1501 2327 1607 2383 quo
1641 2311 1707 2367 ad
1737 2311 2014 2367 stultitiam
2039 2325 2070 2365 a

501 2407 757 2478 sapientia
785 2407 1055 2470 transitur,
1087 2405 1226 2476 quod
1251 2419 1424 2476 neque
1451 2403 1630 2470 stulte,
1661 2417 1833 2470 neque
1857 2401 2070 2473 sapien-

502 2509 583 2562 ter
609 2499 803 2555 factum
837 2498 941 2554 dici
973 2505 1163 2568 potest,
1193 2497 1331 2567 quod
1361 2497 1428 2552 ab
1456 2495 1758 2552 hominibus
1780 2496 1833 2551 in
1856 2495 1955 2549 hac
1970 2495 2074 2549 vita

503 2589 804 2645 constitutis
832 2603 936 2643 non
966 2588 1069 2643 nisi
1100 2603 1164 2642 ex
1189 2586 1456 2642 contrario
1480 2585 1635 2642 datur
1665 2585 1904 2656 intelligi.
1927 2584 2075 2640 Sicut

499 2682 642 2736 enim
671 2680 845 2734 nullus
876 2679 1180 2737 mortalium
1204 2679 1265 2733 lit
1299 2678 1531 2748 sapiens,
1563 2679 1662 2734 nisi
1687 2677 1753 2735 ab
1779 2677 1998 2734 stultitia
2019 2678 2076 2737 in

501 2770 812 2840 sapientiam
833 2777 1099 2835 transeat;
1130 2769 1244 2838 ipse
1259 2777 1434 2824 autem
1461 2768 1714 2828 transitus
1734 2768 1779 2824 si
1804 2769 1962 2825 stulte
1993 2767 2071 2835 iit,

498 2876 606 2918 non
627 2862 809 2932 utique
833 2861 968 2917 bene
998 2860 1074 2926 ﬁt,
1101 2859 1244 2931 quod
1266 2859 1719 2915 dementissimum
1755 2868 1838 2916 est
1859 2859 2072 2926 dicere;

502 2953 549 3007 si
597 2961 774 3008 autem
804 2952 1070 3022 sapienter
1110 2951 1188 3018 ﬁt,
1216 2951 1327 3022 jam
1355 2959 1469 3006 erat
1499 2950 1754 3020 sapientia
1783 2950 1835 3005 in
1862 2950 2076 3005 homine

500 3053 786 3116 antequam
825 3045 1101 3099 transisset
1138 3043 1205 3099 ad
1254 3043 1589 3114 sapientiam,
1638 3042 1778 3113 quod
1809 3041 2075 3098 nihilomi-

499 3153 600 3194 nus
637 3138 925 3193 absurdum
959 3145 1075 3202 est;
1112 3152 1176 3192 ex
1215 3150 1321 3206 quo
1350 3135 1657 3205 intelligitur
1677 3149 1794 3190 esse
1819 3134 2070 3200 medium,

500 3229 641 3299 quod
681 3237 924 3284 neutrum
955 3227 1058 3283 dici
1088 3228 1258 3298 possit
1286 3246 1301 3282 :
1329 3226 1397 3281 ita
1420 3234 1474 3282 et
1512 3241 1575 3282 ex
1611 3241 1734 3281 arce
1779 3226 2072 3296 sapientiae,

500 3319 640 3374 utad
671 3319 955 3375 stultitiam
988 3319 1192 3390 primus
1227 3318 1387 3375 homo
1416 3320 1682 3386 transiret,
1721 3333 1820 3374 nec
1862 3319 2073 3387 stultus,

500 3427 600 3467 nec
629 3411 839 3483 sapiens
877 3412 1128 3466 transitus
1168 3411 1255 3466 ille
1281 3411 1396 3465 fuit.
1426 3411 1578 3465 Velut
1616 3411 1669 3464 in
1690 3424 1878 3465 somno
1911 3420 1964 3467 et
1999 3411 2079 3466 vi-

501 3502 661 3572 giliis,
685 3517 857 3573 neque
885 3502 936 3557 id
961 3510 1046 3558 est
1062 3501 1294 3557 dormire
1313 3501 1452 3572 quod
1475 3499 1885 3568 obdormiscere,
1907 3517 2078 3572 neque

501 3593 554 3648 id
583 3603 665 3648 est
698 3593 912 3663 vigilare
941 3593 1083 3663 quod
1104 3592 1420 3662 expergisci,
1461 3591 1554 3648 sed
1583 3593 1836 3646 transitus
1865 3592 2075 3663 quidam

509 3699 572 3738 ex
605 3684 771 3738 altero
799 3683 851 3738 in
877 3683 1123 3739 altcrum.
1176 3683 1367 3737 Verum
1397 3681 1498 3737 hoc
1527 3683 1765 3747 interest,
1792 3681 1932 3752 quod
1961 3683 2077 3739 sine

503 3775 776 3830 voluntate
798 3775 1107 3850 plerumque
1131 3775 1228 3829 ista
1258 3773 1389 3829 ﬁunt
1420 3789 1436 3830 :
1474 3773 1559 3827 illa
1589 3782 1762 3828 autem
1811 3789 2076 3844 nunquam

503 3866 605 3920 nisi
649 3881 744 3935 per
780 3865 1147 3930 voluntatem;
1176 3865 1314 3920 unde
1357 3864 1661 3935 justissima:
1704 3865 2078 3920 retributiones

502 3968 911 4028 cmmequuntur.

507 4048 732 4105 CAPUT
770 4047 936 4102 XXV.
960 4077 1031 4087 —
1057 4047 1245 4112 Quibus
1270 4047 1386 4101 visis
1408 4048 1629 4117 tangitur
1650 4049 1910 4104 rationalis
1937 4058 2078 4104 natu-

711 4154 770 4190 ra
807 4154 919 4190 cnm
956 4137 1280 4191 intentionem
1307 4137 1374 4190 ad
1404 4138 1592 4190 malum
1617 4140 1872 4193 convertit.

573 4227 663 4280 74.
693 4226 798 4281 Sed
824 4227 943 4294 quia
988 4225 1308 4280 voluntatem
1342 4241 1446 4280 non
1474 4227 1638 4282 allicit
1673 4227 1739 4282 ad
1779 4228 2073 4285 faciendum

507 4315 796 4387 quodlibet,
823 4315 919 4370 nisi
939 4315 1146 4386 aliquod
1174 4316 1376 4383 visum;
1406 4317 1529 4387 quid
1555 4328 1730 4372 autem
1751 4319 1971 4389 quisque
1994 4321 2074 4376 vel

505 4416 680 4464 sumat
706 4409 788 4464 vel
819 4418 1049 4479 reSpuat,
1079 4419 1159 4465 est
1184 4410 1236 4464 in
1267 4419 1549 4480 potestate,
1568 4411 1661 4468 sed
1685 4427 1791 4483 quo
1820 4415 1934 4468 viso
1962 4422 2076 4468 tan-

506 4511 678 4572 gatur,
707 4501 848 4556 nulla
891 4510 1124 4571 potestas
1152 4510 1233 4556 est
1264 4519 1278 4557 :
1311 4503 1579 4558 fatendum
1615 4513 1694 4559 est
1723 4513 1776 4561 et
1819 4519 1884 4560 ex
1919 4518 2075 4574 supe-

507 4586 734 4642 rioribus
757 4594 812 4642 et
829 4601 894 4641 ex
921 4585 1253 4642 interioribus
1274 4587 1399 4642 visis
1419 4589 1651 4643 animum
1673 4589 1815 4660 tangi
1837 4599 1893 4644 ut
1914 4591 2074 4645 ratio-

507 4677 640 4732 nalis
659 4676 947 4732 substantia
975 4691 1037 4732 εκ
1065 4687 1287 4748 utroque
1312 4687 1483 4734 sumat
1505 4680 1643 4750 quod
1671 4681 1912 4747 voluerit,
1940 4691 1992 4736 et
2008 4697 2072 4736 ex

507 4767 699 4822 merito
726 4767 968 4822 sumendi
992 4768 1074 4822 vel
1100 4769 1308 4824 miseria
1340 4769 1423 4825 vel
1452 4770 1672 4825 beatitas
1697 4772 2067 4842 subsequatur.

504 4860 661 4915 Velut
695 4860 747 4914 in
781 4859 1022 4930 paradiso
1044 4862 1212 4916 visum
1241 4877 1305 4916 ex
1349 4863 1724 4932 superioribus,
1754 4873 2070 4932 praeceptum

507 4954 597 5008 Dei
623 4970 638 5019 ;
678 4953 848 5008 visum
879 4969 942 5008 ex
970 4953 1323 5023 inferioribus,
1346 4956 1609 5026 suggestio
1633 4956 1911 5025 serpentis.
1939 4956 2070 5028 Nam

505 5062 676 5116 neque
706 5045 830 5117 quid
861 5039 958 5100 sibi
977 5047 1394 5117 prmciperetura
1423 5047 1664 5114 Domino,
1694 5063 1864 5118 neque
1890 5048 2012 5118 quid
2041 5064 2071 5103 a

506 5147 754 5207 serpente
769 5147 1156 5206 suggereretur,
1175 5137 1334 5193 fuitin
1361 5139 1586 5193 hominis
1611 5148 1886 5209 potestate.
1904 5139 2070 5207 Quam

506 5232 576 5286 sit
599 5239 778 5286 autem
810 5229 1034 5285 liberum
1053 5239 1106 5284 ct
1135 5231 1200 5284 ab
1239 5231 1482 5286 omnibus
1506 5231 1824 5288 difﬁcultatis
1850 5233 2072 5289 vinculis

504 5323 826 5392 expeditum,
855 5321 907 5376 in
935 5323 1045 5391 ipsa
1071 5323 1338 5391 sapientiae
1365 5325 1589 5378 sanitate
1615 5326 1926 5389 constituto,
1960 5341 2069 5381 non

503 5414 694 5469 cedere
713 5414 836 5468 visis
863 5413 1126 5468 inferioris
1154 5413 1435 5479 illecebrte,
1454 5415 1538 5469 vel
1562 5415 1684 5470 hinc
1709 5417 1924 5486 intelligi
1956 5426 2071 5484 pot-

502 5513 622 5564 est,
673 5503 814 5571 quod
856 5503 1014 5558 etiam
1057 5502 1201 5556 stulti
1236 5517 1296 5557 ea
1340 5515 1590 5572 superant
1642 5506 1706 5560 ad
1760 5506 2069 5576 sapientiam

504 5593 787 5656 transituri,
823 5593 977 5646 etiam
1003 5608 1120 5646 cum
1154 5593 1389 5648 molestia
1419 5595 1630 5650 carendi
1661 5597 2070 5667 pcrniciosarum

501 5681 940 5736 consuetudinum
968 5683 1326 5750 pestilentiosa
1348 5684 1643 5742 dulcedine.

1165 283 1249 336 ne
1289 279 1535 341 LIBERO
1575 269 1915 337 auertiue,
1957 267 2012 323 ε.
2057 265 2443 338 Αυοῖιετιικέι,
2489 271 2690 327 LIBER
2731 273 3036 331 manus,

3643 280 3752 339 308

2239 385 2322 440 75.
2348 386 2521 454 Qumri
2549 396 2724 442 autem
2756 389 2853 443 hoc
2881 389 2999 444 loco
3047 396 3241 459 potest,
3290 392 3332 447 si
3377 393 3579 450 homini
3607 413 3753 468 pne-

2169 484 2252 529 sto
2283 478 2495 532 luerunt
2525 494 2590 533 ex
2621 489 2842 548 utraque
2867 490 3017 548 parte
3039 479 3173 549 visa,
3200 497 3362 538 unum
3381 499 3446 540 ει
3476 499 3744 560 [ιτῖεεειιιο

2169 567 2284 632 Dci,
2301 567 2528 624 alterum
2558 584 2623 625 ex
2650 572 2987 641 suggestione
3006 573 3304 642 serpentis;
3333 576 3470 633 unde
3499 579 3597 649 ipsi
3622 581 3743 636 dia—

2165 660 2289 715 bolo
2327 672 2630 732 suggestum
2675 665 2746 718 sit
2783 665 3094 734 appetenda:
3125 666 3407 736 impietatis
3437 672 3743 742 consilium,

2166 770 2273 827 quo
2293 755 2362 811 de
2388 756 2702 814 sublimibus
2742 757 2960 814 sedibus
2992 758 3278 815 laberetur.
3319 761 3376 817 Si
3422 764 3566 817 enim
3599 765 3747 821 nullo

2166 848 2282 903 viso
2307 857 2627 919 tangeretur,
2673 865 2780 904 non
2804 849 3028 921 eligeret
3059 849 3235 907 facere
3260 852 3400 923 quod
3428 854 3592 909 fecit:
3620 871 3741 912 nam

2167 939 2214 996 si
2244 954 2348 994 non
2376 940 2425 996 ei
2446 940 2646 1010 aliquid
2673 941 2907 997 venisset
2945 941 2996 996 in
3025 950 3279 1010 mentem,
3309 944 3455 999 nullo
3483 945 3643 1002 modo
3671 947 3750 1002 in-

2169 1033 2458 1091 tentionem
2487 1033 2834 1090 convertisset
2861 1034 2913 1091 in
2940 1033 3108 1090 nefas.
3139 1034 3292 1104 Unde
3322 1035 3482 1107 igitur
3522 1039 3664 1093 venit
3693 1040 3744 1094 in

2169 1132 2418 1189 mentem,
2452 1124 2702 1195 quidquid
2736 1125 2862 1180 illud
2899 1134 2982 1180 εει
3029 1125 3170 1196 quod
3217 1129 3362 1182 venit
3395 1128 3449 1182 in
3496 1138 3746 1196 mentem,

2169 1221 2228 1268 ut
2250 1229 2311 1269 ea
2330 1215 2611 1270 moliretur
2630 1215 2822 1286 quibus
2846 1231 2911 1270 ex
2933 1215 3074 1274 bono
3093 1218 3281 1288 angelo
3299 1217 3545 1275 diabolus
3565 1219 3750 1276 ﬁeret?

2169 1304 2270 1371 Qui
2309 1305 2450 1359 enim
2483 1306 2618 1372 vult,
2668 1306 2908 1377 proiecto
2933 1307 3130 1377 aliquid
3154 1309 3263 1363 vult
3289 1327 3302 1364 :
3329 1311 3471 1380 quod
3516 1312 3616 1367 nisi
3657 1324 3749 1380 aut

2170 1395 2504 1452 extrinsecus
2547 1411 2644 1466 per
2687 1411 2902 1452 sensum
2953 1398 3193 1470 corporis
3244 1399 3605 1471 admoneatur,
3654 1413 3744 1469 aut

2171 1487 2393 1543 occultis
2440 1489 2616 1544 modis
2649 1489 2703 1544 in
2746 1499 2984 1554 mentem
3015 1492 3208 1558 veniat,
3242 1493 3380 1556 velle
3422 1508 3522 1549 non
3547 1503 3740 1565 potest.

2172 1578 2529 1637 Discemenda
2585 1582 2743 1652 igitur
2796 1591 2919 1641 sunt
2967 1598 3162 1654 genera
3216 1585 3474 1652 visorum,
3523 1601 3745 1655 quorum

2173 1684 2338 1724 unum
2380 1680 2467 1726 est
2515 1671 2658 1741 quod
2710 1673 3061 1742 proﬁciscitur
3095 1688 3126 1728 a
3164 1673 3436 1730 voluntate
3461 1674 3749 1740 suadentis,

2173 1761 2329 1831 quale
2365 1761 2492 1817 illud
2517 1772 2600 1818 est
2641 1763 2857 1830 diaboli,
2889 1764 2977 1819 cui
3008 1764 3168 1820 homo
3207 1766 3591 1829 consentiendo
3631 1783 3752 1836 pec-

2173 1851 2341 1917 cavit;
2389 1851 2616 1907 alterum
2653 1867 2684 1907 a
2727 1852 3122 1924 subjacentibus
3157 1855 3319 1911 rebus
3347 1856 3432 1910 vel
3474 1856 3758 1911 intentioni

2176 1942 2358 2009 animi,
2389 1943 2475 1998 vel
2508 1944 2753 2006 sensibus
2771 1945 3032 2014 corporis.
3067 1944 3349 2012 Intentioni
3378 1947 3542 2001 animi
3571 1947 3753 2017 subja-

2175 2041 2280 2099 cet,
2305 2043 2523 2105 excepta
2540 2037 3066 2094 incommutabilitate
3085 2037 3376 2106 Trinitatis,
3397 2055 3517 2110 quae
3535 2041 3762 2111 quidem

2176 2138 2282 2180 non
2306 2125 2562 2195 subjacet,
2597 2127 2690 2182 scd
2714 2128 2910 2184 eminet
2935 2129 3141 2198 potius;
3173 2129 3414 2200 subjacet
3440 2145 3568 2204 ergo
3593 2134 3755 2202 inten;

2176 2215 2304 2272 tioni
2330 2217 2492 2273 animi
2522 2218 2664 2288 prius
2693 2219 2807 2288 ipse
2833 2221 3062 2288 animus,
3099 2220 3236 2276 unde
3257 2236 3354 2277 nos
3384 2223 3545 2280 etiam
3577 2225 3760 2280 vivere

2179 2309 2436 2366 sentimus
2459 2327 2472 2364 :
2495 2310 2685 2366 deinde
2722 2326 2914 2383 corpus
2951 2313 3091 2384 quod
3118 2313 3484 2381 administrat;
3517 2316 3653 2372 unde
3685 2317 3754 2372 ad

2179 2399 2451 2472 quodlibet
2481 2402 2828 2471 operandum,
2858 2403 3153 2458 membrum
3178 2405 3319 2475 quod
3347 2421 3480 2476 Opus
3499 2417 3598 2472 est,
3631 2421 3754 2463 cum

2178 2504 2311 2560 opus
2344 2499 2428 2546 est
2455 2500 2650 2547 movet.
2698 2493 2982 2562 Subjaccnt
3022 2503 3199 2550 autem
3236 2496 3482 2554 sensibus
3517 2499 3754 2569 corporis

2178 2595 2522 2653 quaecumque
2546 2597 2821 2652 corporea.

2250 2671 2338 2737 76.
2370 2671 2436 2727 Ut
2461 2681 2638 2738 autem
2669 2675 2722 2728 in
2750 2675 3198 2746 contemplatione
3227 2692 3452 2734 summa:
3478 2679 3750 2750 sapientize

2180 2764 2336 2833 (qua:
2375 2765 2558 2833 utique
2595 2765 2802 2822 animus
2844 2782 2951 2822 non
2981 2776 3098 2832 est;
3143 2784 3264 2823 nam
3308 2769 3753 2826 incommutabilis

2181 2863 2262 2910 est
2278 2855 2318 2924 ),
2340 2855 2500 2910 etiam
2525 2857 2780 2926 seipsum,
2805 2859 2891 2928 qui
2917 2869 2998 2914 est
3017 2859 3426 2927 commutabilis,
3446 2863 3653 2916 animus
3677 2862 3757 2917 in-

2180 2954 2411 3016 tueatur,
2433 2956 2488 3006 et
2514 2949 2613 3004 sibi
2643 2949 2756 3018 ipse
2779 2950 3174 3020 quodammodo
3199 2953 3376 3007 veniat
3417 2954 3470 3007 in
3503 2961 3752 3020 mentem,

2181 3053 2286 3094 non
2317 3039 2374 3093 lit
2413 3039 2515 3094 nisi
2539 3038 2834 3096 dill'erentia
2868 3057 2968 3111 qua
2998 3057 3103 3097 non
3129 3050 3210 3098 est
3232 3042 3375 3113 quod
3419 3043 3576 3110 Deus,
3599 3053 3656 3099 et
3678 3053 3757 3099 ta.

2181 3143 2304 3184 men
2323 3128 2517 3200 aliquid
2543 3139 2626 3186 est
2646 3130 2786 3200 quod
2805 3132 2972 3201 possit
2995 3133 3203 3202 placere
3226 3143 3344 3204 post
3367 3134 3550 3189 Deum.
3569 3133 3755 3191 Melior

2181 3228 2263 3274 est
2287 3229 2462 3276 autem
2491 3235 2611 3276 cum
2639 3221 2964 3277 obliviscitur
3006 3224 3094 3278 sui
3124 3239 3234 3293 pra:
3275 3224 3533 3282 charitate
3557 3224 3756 3280 incom-

2181 3311 2450 3367 mutabilis
2471 3312 2584 3378 Dei,
2609 3313 2689 3367 vel
2720 3313 2952 3384 seipsum
2992 3315 3201 3384 penitus
3229 3316 3284 3370 in
3307 3315 3451 3373 illius
3480 3331 3754 3386 compara-

2181 3404 2325 3458 tione
2359 3404 2673 3459 contemnit.
2702 3404 2755 3460 Si
2785 3415 2959 3460 autcm
2992 3414 3239 3477 tanquam
3268 3407 3457 3464 obvius
3480 3408 3650 3478 placet
3674 3410 3748 3464 si-

2181 3494 2232 3548 bi
2263 3493 2326 3549 ad
2353 3509 2605 3564 perverse
2631 3495 2941 3550 imitandum
2962 3497 3152 3565 Deum,
3171 3507 3230 3552 ut
3251 3506 3516 3568 potestate
3540 3515 3632 3555 sua
3655 3500 3756 3556 l'rui

2181 3585 2328 3654 velit,
2367 3594 2512 3640 tanto
2547 3585 2605 3640 ﬁt
2631 3587 2824 3654 minor,
2859 3598 3055 3658 quanto
3079 3603 3138 3644 se
3167 3590 3310 3659 cupit
3331 3603 3449 3646 esse
3473 3589 3752 3659 majorem.

2182 3677 2250 3732 Et
2273 3677 2374 3733 hoc
2394 3687 2495 3743 est,
2539 3677 2756 3732 Initium
2786 3681 2945 3734 omnis
2982 3681 3174 3750 peccati
3229 3682 3493 3750 superbia;
3537 3691 3612 3749 et,
3657 3679 3754 3737 In-

2180 3769 2325 3823 itium
2363 3771 2609 3840 superbia:
2643 3770 2854 3826 hominis
2877 3780 3163 3840 apostatare
3185 3787 3216 3824 a
3239 3771 3347 3826 Deo
3367 3772 3386 3842 (
3407 3772 3561 3826 Eccli.
3587 3789 3640 3839 ιι,
3665 3774 3749 3838 15,

2184 3858 2305 3930 li).
2338 3859 2612 3929 Superbia:
2637 3870 2816 3915 autem
2841 3860 3034 3916 diaboli
3061 3862 3287 3917 accessit
3314 3863 3751 3918 malevolentissi-

2182 3964 2267 4004 ma
2304 3950 2518 4016 invidia,
2551 3959 2610 4005 ut
2649 3951 2784 4006 hanc
2831 3952 3132 4023 superbiam
3164 3952 3359 4008 homini
3393 3953 3751 4022 persuaderet,

2182 4055 2278 4111 per
2317 4054 2474 4110 quam
2501 4041 2760 4096 sentiebat
2784 4055 2842 4096 se
2871 4056 2991 4097 esse
3019 4042 3346 4097 damnatum.
3377 4043 3532 4099 Unde
3559 4045 3750 4099 factum

2186 4139 2270 4185 est
2297 4139 2354 4184 ut
2395 4145 2550 4200 poena
2577 4130 2842 4186 hominem
2870 4133 3168 4202 susciperet
3195 4134 3554 4190 emcndatoria
3584 4136 3754 4206 potius

2191 4235 2348 4290 quam
2377 4221 2754 4290 interfectoria,
2782 4230 2839 4277 ut
2866 4223 2950 4277 cui
2978 4237 3034 4278 se
3054 4223 3294 4280 diabolus
3313 4224 3377 4278 ad
3407 4225 3750 4282 imitationem

2186 4312 2450 4381 superbia:
2493 4313 2811 4383 praebuerat,
2843 4313 2891 4367 ci
2929 4327 2988 4368 se
3013 4313 3268 4370 Dominus
3303 4315 3368 4369 ad
3407 4315 3758 4377 imitationem,

2188 4393 2502 4460 humilitatis
2519 4405 2798 4474 przebcret,
2823 4421 2917 4474 per
2938 4420 3093 4475 quem
3118 4405 3271 4462 nobis
3289 4415 3482 4462 aeterna
3505 4407 3610 4462 vita
3637 4422 3754 4477 pro-

2184 4497 2412 4551 mittitur
2445 4515 2458 4551 :
2493 4505 2550 4550 ut
2595 4505 2889 4567 prserogato
2917 4495 3068 4551 nobis
3111 4495 3307 4552 Christi
3333 4499 3606 4568 sanguine,
3632 4508 3756 4566 post

2184 4588 2397 4643 labores
2424 4589 2768 4658 miseriasque
2794 4587 3084 4644 inetl'abiles
3112 4597 3255 4644 tanta
3284 4589 3540 4646 charitate
3564 4590 3756 4647 libem-

2183 4679 2283 4734 tori
2311 4687 2495 4733 nostro
2514 4678 2896 4747 adhaereamus,
2930 4687 2984 4734 et
3008 4687 3148 4733 tanta
3175 4680 3291 4748 ejus
3320 4681 3373 4735 in
3399 4695 3522 4736 eum
3545 4681 3750 4737 clarita-

2183 4777 2236 4825 te
2274 4769 2564 4839 rapiamur,
2593 4779 2651 4824 ut
2675 4769 2816 4824 nulla
2852 4783 2950 4824 nos
2969 4769 3079 4824 visa
3113 4785 3178 4826 ex
3207 4770 3544 4834 inferioribus
3571 4787 3598 4825 a
3627 4743 3783 4866 con-l

2181 4870 2364 4931 spectu
2385 4863 2658 4930 superiore
2676 4861 3055 4932 dctorqueant;
3083 4877 3383 4933 quanquam
3405 4872 3460 4918 et
3483 4865 3528 4918 si
3556 4863 3746 4933 aliquid

2181 4954 2305 5011 huic
2335 4955 2616 5012 intentioni
2646 4964 2842 5011 nostra:
2869 4945 3238 5026 suggererctur
3258 4959 3324 5012 ab
3362 4958 3598 5028 appetitu
3625 4955 3752 5012 infc-

2179 5049 2404 5116 riorum,
2458 5050 2782 5119 sempiterna
2823 5065 2919 5104 nos
2945 5049 3137 5106 diaboli
3162 5049 3432 5105 damnatio
3461 5049 3745 5106 cruciatus-

2177 5159 2280 5214 que
2307 5153 2639 5200 revocarent.

2249 5235 2338 5289 7'7.
2365 5234 2534 5289 Tanta
2561 5244 2642 5289 est
2681 5243 2858 5290 autem
2886 5233 3220 5304 pulchritudo
3240 5233 3478 5303 justitite,
3513 5241 3645 5287 tanta
3661 5231 3748 5301 ju-

2250 5249 2338 5289 Π.
2366 5249 2534 5289 tanta
2561 5249 2642 5289 εει
2681 5249 2858 5290 autem
2886 5249 3220 5304 putcnrttuao
3240 5249 3478 5303 ιιιειιιιειι,
3513 5249 3645 5287 tanta
3661 5249 3748 5301 ju-

2179 5327 2420 5381 cundltas
2455 5326 2588 5381 lucis
2622 5335 2856 5394 mtcrnte,
2891 5327 2990 5382 hoc
3026 5335 3107 5382 est
3142 5323 3578 5381 incommutabilis
3603 5249 3786 5424 ναὶ-Χ

2179 5417 2300 5472 tatis
2326 5427 2483 5486 atque
2509 5417 2804 5486 sapientize,
2839 5426 2897 5472 ut
2937 5418 3142 5472 etiamsi
3185 5433 3288 5472 non
3320 5418 3497 5471 liceret
3521 5414 3752 5484 amplius

2183 5509 2237 5563 in
2280 5523 2342 5564 ea
2368 5523 2582 5562 manere
2607 5523 2762 5576 quam
2795 5509 2948 5564 unius
2971 5509 3071 5564 diei
3098 5524 3264 5574 mora,
3285 5516 3493 5578 propter
3522 5506 3627 5561 hoc
3661 5521 3752 5560 se-

2184 5600 2294 5654 lum
2325 5599 2736 5655 innumerabilcs
2776 5603 2898 5654 anni
2944 5602 3096 5671 hujus
3141 5603 3262 5655 vitm
3305 5601 3444 5671 pleni
3472 5599 3677 5655 deliciis
3702 5610 3753 5654 et

2182 5692 2606 5748 circumﬂuentia
2654 5694 3019 5763 temporalium
3063 5694 3320 5749 bonorum
3369 5702 3513 5750 recte
3543 5693 3753 5748 merito-
