4118 6370
558 332 687 397 ιδιι

556 449 698 502 enim
731 445 1070 502 mediocriter
1100 461 1260 502 sanus
1281 463 1385 500 non
1411 447 1562 502 facile
1593 447 1866 516 intelligat,
1898 446 2129 514 Scriptu-

555 552 734 591 rarum
757 536 1141 612 expositionem
1171 537 1327 592 abiis
1359 537 1636 606 petendam
1666 523 1812 602 esse,
1841 537 1927 606 qui
1949 551 2130 590 earum

553 625 799 683 doctores
827 641 886 682 se
913 642 1031 683 esse
1060 621 1406 697 proﬁtentur;
1438 628 1656 697 ﬁerique
1696 641 1853 697 posse
1878 669 1894 693 ,
1941 627 2047 681 imo
2080 625 2129 680 id

553 732 766 788 semper
811 718 1089 783 accidere,
1137 726 1195 773 ut
1237 719 1399 772 multa
1446 719 1670 773 indoctis
1716 718 1991 772 videantur
2040 718 2132 772 ab-

554 807 744 874 surda,
793 823 910 880 qua:
943 823 1064 863 cum
1098 823 1128 862 a
1169 808 1494 864 doctioribus
1521 817 1858 878 exponuntur
1880 848 1895 873 ,
1927 823 1992 862 eo
2018 808 2130 861 lau-

553 898 725 953 danda
772 898 1087 965 videantur,
1131 909 1185 954 et
1227 915 1292 954 eo
1331 901 1656 970 accipiantur
1683 908 1863 968 aperta
1893 899 2127 965 dulcius,

552 1003 657 1059 quo
681 990 856 1044 clausa
879 988 1151 1044 difﬁcilius
1179 990 1589 1060 aperiebantur?
1632 990 1744 1045 lloc
1781 990 1891 1045 fere
1922 991 1972 1044 in
2003 1004 2130 1043 san-

552 1081 652 1134 ctis
678 1080 883 1135 Veteris
906 1081 1232 1136 Testamenti
1261 1082 1406 1136 libris
1431 1083 1604 1136 evenit
1627 1123 1642 1146 ,
1666 1082 1710 1135 si
1737 1081 1895 1135 modo
1923 1082 2008 1135 ille
2039 1081 2130 1150 qui

551 1171 629 1224 eis
657 1169 970 1236 otTenditur,
1015 1171 1286 1226 doctorem
1327 1172 1501 1242 potius
1538 1187 1720 1236 eorum
1754 1171 1893 1240 pium
1915 1212 1930 1237 ,
1969 1187 2128 1240 quam

552 1261 770 1328 impium
812 1261 1155 1316 laccratorcm
1187 1263 1450 1331 requirat,
1493 1263 1740 1334 priusque
1773 1261 1946 1315 studio
1985 1277 2130 1331 qua:-

549 1352 755 1418 rentis,
805 1367 964 1422 quam
1019 1353 1316 1407 temeritate
1360 1352 1796 1423 reprehendentis
1839 1351 2122 1405 imbuatur.

547 1441 687 1506 Nec,
715 1443 758 1497 si
782 1458 843 1496 ea
873 1443 1078 1498 discere
1105 1445 1341 1511 cupiens,
1390 1443 1441 1497 in
1482 1445 1686 1513 aliquos
1719 1443 1852 1498 forte
1889 1443 2130 1498 inciderit

547 1533 628 1587 vel
677 1534 954 1603 episcopos
985 1535 1065 1588 vel
1097 1535 1434 1604 presbyteros
1457 1577 1471 1600 ,
1519 1537 1597 1589 vel
1634 1535 1989 1604 cujuscemodi
2024 1535 2126 1589 Ec-

547 1623 723 1678 clesia:
759 1625 1033 1680 catholica;
1075 1627 1340 1680 antistites
1366 1635 1420 1680 et
1447 1627 1750 1692 ministros,
1783 1627 1871 1696 qui
1893 1635 1982 1680 aut
2005 1642 2127 1696 pas-

551 1714 651 1768 sim
697 1723 923 1769 caveant
967 1715 1167 1770 nudare
1201 1716 1482 1786 mysteria,
1525 1724 1616 1770 aut
1639 1717 1873 1771 contenti
1901 1716 2126 1786 simplici

549 1807 690 1872 ﬁde,
734 1808 918 1862 altiora
960 1823 1279 1878 cognoscere
1320 1822 1424 1863 non
1466 1809 1732 1874 curarint,
1783 1807 2027 1878 desperet
2052 1807 2125 1861 ibi

546 1897 823 1950 scientiam
871 1912 990 1952 esse
1028 1896 1295 1962 veritatis,
1349 1897 1438 1952 ubi
1476 1912 1648 1966 neque
1673 1911 1904 1951 omnesa
1935 1896 2123 1966 quibus

544 1989 799 2056 quzcritur
835 1989 1028 2043 docere
1058 1998 1308 2058 possunt,
1358 2004 1530 2057 neque
1558 2004 1744 2043 omnes
1769 1989 1859 2058 qui
1883 1997 2125 2058 qumrunt

545 2077 750 2132 discere
773 2078 915 2148 digni
948 2088 1090 2133 sunt.
1121 2080 1188 2132 Et
1212 2079 1480 2149 diligentia
1511 2079 1668 2148 igitur
1696 2088 1750 2133 et
1777 2079 1945 2148 pietas
1973 2079 2125 2132 adhi-

544 2167 715 2221 benda
737 2177 816 2223 est
842 2187 853 2222 :
877 2169 1045 2224 altero
1071 2168 1158 2224 ﬁet
1191 2180 1245 2223 ut
1273 2169 1502 2225 scientes
1527 2169 1884 2236 inveniamus;
1915 2169 2116 2235 altero,

544 2265 598 2310 ut
623 2259 757 2312 scire
786 2273 1105 2314 mereamur.

611 2347 664 2399 2.
696 2346 801 2400 Sed
827 2348 1072 2416 quoniam
1102 2347 1221 2402 dua:
1250 2349 1479 2404 maxime
1506 2359 1630 2402 sunt
1655 2349 1920 2404 illecebrae
1949 2348 2118 2404 Mani-

549 2437 818 2491 cltmorum
841 2479 855 2503 ,
900 2440 1092 2509 quibus
1131 2439 1466 2510 decipiuntur
1503 2442 1728 2506 incauti,
1759 2451 1813 2496 ut
1839 2457 1932 2496 eos
1958 2443 2122 2497 velint

544 2529 742 2584 habere
763 2529 1043 2593 doctores;
1074 2547 1198 2596 una,
1217 2547 1336 2585 cum
1358 2530 1657 2602 Scripturas
1691 2531 2116 2601 reprehendunt,

539 2621 622 2676 vel
664 2637 796 2689 quas
838 2622 974 2676 male
1014 2622 1310 2692 intelligunt
1335 2624 1418 2678 vel
1444 2638 1574 2693 quas
1604 2625 1744 2680 male
1776 2625 1995 2694 intelligi
2027 2639 2121 2679 vo-

540 2710 690 2776 lunt;
733 2712 897 2767 altera
922 2752 935 2779 ,
982 2727 1100 2766 cum
1131 2715 1253 2767 vita:
1283 2722 1442 2768 castae
1472 2725 1524 2768 et
1557 2715 1914 2769 memorabilis
1945 2717 2117 2769 conti—

540 2803 735 2858 nentia:
776 2804 1056 2873 imaginem
1101 2802 1425 2873 przeferunt:
1458 2805 1543 2859 hic
1575 2805 1709 2859 liber
1741 2814 2118 2876 congruentem

538 2893 812 2947 catholica:
853 2892 1146 2962 disciplima
1190 2896 1509 2950 sententiam
1552 2906 1785 2950 nostram
1822 2896 1890 2952 de
1931 2899 2037 2951 vita
2064 2909 2119 2952 et

539 2983 782 3038 moribus
820 2984 1140 3052 continebit,
1190 2985 1244 3039 in
1284 3002 1390 3056 quo
1433 2986 1656 3042 fortasse
1701 2988 2025 3058 intelligetur
2063 2998 2118 3044 et

537 3087 695 3142 quam
722 3074 790 3126 sit
816 3071 970 3129 facile
1013 3065 1302 3142 simulare,
1351 3085 1403 3131 et
1451 3093 1608 3147 quam
1657 3077 1870 3134 difﬁcile
1921 3079 2117 3135 habere

537 3163 807 3218 virtutem.
851 3164 986 3218 Eunt
1034 3181 1162 3221 sane
1203 3154 1417 3221 modum
1464 3167 1687 3233 tenebo,
1731 3169 1774 3222 si
1804 3177 2018 3238 potero,
2061 3180 2118 3223 ut

536 3268 709 3324 neque
746 3254 797 3308 in
841 3255 1049 3309 illorum
1098 3258 1345 3324 morbos,
1393 3258 1480 3326 qui
1515 3258 1641 3310 mihi
1667 3268 1789 3312 sunt
1819 3260 2112 3324 notissimi,

538 3352 644 3404 tam
679 3346 911 3414 graviter
937 3347 1156 3400 invehar
1181 3386 1196 3412 ,
1227 3363 1384 3416 quam
1411 3348 1487 3401 illi
1517 3349 1568 3401 in
1599 3362 1660 3402 ea
1689 3365 1807 3418 qum
1834 3350 2112 3420 ignorant;

537 3438 714 3490 sanari
753 3437 896 3491 enim
931 3453 1024 3492 eos
1065 3439 1271 3507 potius,
1315 3440 1359 3492 si
1399 3441 1510 3494 fieri
1557 3450 1764 3510 potest,
1812 3460 1970 3513 quam
2013 3463 2112 3516 op-

535 3528 755 3596 pugnari
787 3527 928 3582 volo.
980 3529 1048 3582 Et
1072 3544 1132 3583 ea
1162 3528 1230 3584 de
1264 3529 1549 3599 Scripturis
1577 3547 1842 3588 assumam
1876 3537 2110 3591 testimo-

534 3617 656 3684 nia,
688 3619 879 3688 quibus
904 3635 997 3675 eos
1018 3636 1236 3676 necesse
1264 3622 1331 3676 sit
1359 3622 1577 3679 credere
1596 3667 1610 3691 ,
1641 3625 1708 3682 de
1737 3625 1884 3684 Novo
1911 3631 2112 3685 scilicet

536 3709 898 3776 Testamento,
923 3711 990 3766 de
1018 3728 1122 3782 quo
1145 3722 1320 3769 tamen
1345 3715 1474 3770 nihil
1498 3717 1761 3787 proferam
1787 3735 1968 3776 eorum
1992 3739 2109 3792 qua:

535 3801 708 3855 solent
751 3803 988 3866 immissa
1027 3818 1148 3858 esse
1185 3804 1364 3860 dicere
1389 3847 1404 3874 ,
1449 3811 1569 3862 cum
1611 3812 1814 3879 magnis
1851 3814 2110 3882 angustiis

532 3900 906 3958 coarctantur;
941 3892 1034 3947 sed
1057 3909 1120 3948 ea
1150 3893 1320 3950 dicam
1347 3938 1362 3964 ,
1394 3913 1512 3966 qua:
1533 3909 1583 3953 et
1603 3902 1896 3968 approbare
1917 3912 1970 3958 et
1992 3905 2108 3958 lau-

533 3980 662 4037 dare
708 3991 987 4053 coguntur.
1017 3983 1125 4039 Nec
1164 3987 1380 4041 omnino
1415 3989 1571 4043 ullam
1603 3991 1893 4061 relinquam
1919 4004 2107 4052 testem

539 4076 857 4129 sententiam
889 4077 1194 4145 productam
1233 4079 1299 4134 de
1335 4083 1623 4150 apostolica
1667 4084 1972 4154 disciplina,
2023 4091 2108 4144 cui

485 4169 488 4172 '
537 4179 643 4216 non
671 4164 736 4218 de
765 4165 940 4220 Veteri
971 4167 1310 4223 Testamento
1344 4172 1570 4226 similem
1606 4189 1942 4245 comparem;
1981 4190 2036 4233 ut
2063 4181 2108 4235 si

541 4255 796 4324 evigilare
821 4255 1028 4310 tandem
1046 4298 1060 4322 ,
1083 4258 1319 4328 deposita
1343 4264 1628 4331 pertinacia
1649 4268 1971 4323 somniorum
1994 4286 2112 4326 suo-

536 4362 674 4412 rum,
711 4355 767 4401 et
793 4347 848 4402 in
877 4347 1181 4406 christiana:
1208 4353 1328 4408 fidei
1360 4354 1528 4409 lucem
1551 4358 1782 4426 aspirare
1809 4361 2066 4416 voluerint
2089 4404 2104 4429 ,

537 4439 963 4496 animadvertant
995 4451 1049 4497 et
1086 4459 1241 4513 quam
1282 4460 1386 4500 non
1411 4447 1483 4501 sit
1506 4448 1790 4524 christiana
1820 4453 1923 4507 vita
1949 4470 2106 4524 quam

537 4539 844 4599 ostentant,
891 4542 945 4588 et
981 4549 1138 4603 quam
1177 4535 1248 4590 sit
1283 4536 1481 4593 Christi
1521 4539 1790 4612 Scriptura
1829 4559 1984 4614 quam
2026 4545 2106 4598 la-

530 4635 732 4679 cerant.

531 4715 756 4772 CAPUT
792 4715 856 4771 ll.
879 4749 950 4758 —
969 4719 1269 4777 Rationibus
1291 4724 1430 4794 prius
1455 4727 1587 4796 agit,
1627 4727 1894 4800 obsequens
1921 4731 2108 4787 vitiosae

926 4807 1324 4866 Maniclueorum
1351 4819 1721 4872 consuetudini.

606 4898 660 4953 3.
693 4897 844 4961 Unde
873 4901 1032 4969 igitur
1056 4903 1340 4958 exordiar?
1378 4907 1444 4961 ab
1481 4911 1828 4976 auctoritate,
1869 4927 1936 4966 an
1961 4928 1989 4966 a
2016 4929 2104 4968 ra-

536 4988 720 5043 tione?
752 4989 962 5045 Naturte
986 4994 1196 5063 quidem
1219 4996 1350 5050 ordo
1376 4998 1444 5051 ita
1472 5014 1529 5053 se
1558 5000 1752 5067 habet,
1781 5012 1840 5056 ut
1867 5020 1984 5058 cum
2007 5008 2105 5060 ali-

533 5080 662 5150 quid
704 5081 991 5143 discimus.
1035 5086 1291 5142 rationem
1334 5091 1600 5159 praecedat
1640 5095 1942 5150 auctoritas.
1975 5096 2104 5151 Nam

535 5174 744 5228 infirma
781 5176 917 5230 ratio
949 5177 1113 5232 videri
1145 5189 1350 5248 potest,
1380 5198 1497 5251 qua:
1521 5199 1641 5252 cum
1680 5185 1884 5240 reddita
1915 5188 2103 5254 fuerit,

533 5267 900 5322 auctoritatem
929 5279 1128 5338 postea,
1165 5288 1258 5340 per
1281 5288 1436 5342 quam
1459 5274 1714 5342 ﬁrmetur,
1737 5281 1974 5332 assumit.
2003 5281 2105 5336 Sed

530 5360 653 5427 quia
695 5359 981 5431 caligantes
1019 5361 1290 5417 hominum
1320 5373 1526 5420 mentes
1550 5369 1928 5426 consuetudine
1954 5380 2105 5426 tcnc-

543 5448 793 5518 brarum,
841 5452 1032 5523 quibus
1074 5454 1126 5508 in
1175 5463 1331 5510 nocte
1378 5467 1711 5526 peccatorum
1757 5461 2107 5533 vitiorumque

540 5540 818 5608 velantur,
865 5545 1221 5614 perspicuitati
1265 5546 1660 5620 sinceritatique
1699 5552 1916 5606 rationis
1953 5569 2106 5623 aspe-

532 5641 680 5688 ctum
713 5635 956 5691 idoneum
986 5640 1257 5696 intendere
1281 5653 1577 5712 nequeunt;
1600 5645 1943 5702 saluberrime
1964 5663 2106 5702 com-

543 5735 781 5797 paratum
823 5738 929 5797 est,
973 5739 1028 5785 ut
1056 5733 1103 5786 'rn
1139 5733 1307 5788 lucem
1339 5736 1574 5791 veritatis
1600 5738 1764 5794 aciem
1796 5740 2103 5796 titubantem

1299 335 1386 389 DE
1425 334 1720 390 MORIBUS
1757 331 2105 388 ECtILESle
2144 331 2572 397 CATIIOLICE,
2613 331 2667 388 S.
2713 329 3074 387 AUGUSTI.“

3675 334 3824 389 ista
3891 315 3896 319 ’

2241 447 2398 502 vciuti
2427 448 2587 500 ramis
2623 447 2960 499 humanitatis
2996 453 3214 514 opacata
3253 443 3466 499 inducat
3502 448 3819 505 auctoritas.

2237 537 2341 592 Sed
2371 535 2619 607 qttoniam
2646 552 2777 610 cum,
2797 537 2862 590 iis
2887 533 3040 600 nobis
3069 551 3154 590 res
3184 544 3284 602 est,
3306 535 3393 605 qui
3420 538 3596 590 omnia
3622 549 3816 595 contra

2236 627 2479 682 ordinem
2506 637 2560 681 et
2588 627 2853 687 sentiunt,
2895 636 2948 680 et
2987 626 3290 696 toquuntur,
3322 635 3375 680 et
3399 637 3617 695 gerunt,
3645 629 3821 685 nihil-

2235 733 2339 787 que
2377 718 2518 771 aliud
2559 717 2787 770 maxime
2831 717 3048 782 dicunt,
3094 717 3195 770 nisi
3235 717 3490 771 rationem
3517 718 3662 787 prius
3685 733 3818 774 esse

2237 807 2560 862 reddendam
2587 849 2603 874 ,
2645 822 2848 861 morem
2875 807 2980 860 illis
3003 822 3215 876 geram;
3257 807 3396 877 quod
3426 809 3591 862 fateor
3620 809 3673 862 in
3700 809 3820 864 dis-

2240 898 2472 967 putando
2498 899 2742 952 vitiosum
2771 912 2891 952 esse
2909 939 2923 964 ,
2951 897 3254 966 suscipiam.
3305 898 3538 952 Delectat
3561 900 3702 954 enim
3727 915 3819 954 me

2238 987 2466 1054 imitari,
2499 997 2750 1057 quantum
2779 987 2928 1042 valeo
2949 1028 2963 1052 ,
2997 987 3455 1042 mansuetudinem
3478 987 3686 1042 Domini
3707 989 3814 1043 mei

2234 1075 2358 1134 Jesu
2381 1076 2605 1141 Christi,
2637 1077 2723 1146 qui
2754 1077 2915 1131 etiam
2955 1077 3119 1147 ipsius
3152 1077 3338 1132 mortis
3373 1077 3552 1146 malo,
3585 1093 3689 1148 quo
3713 1093 3816 1134 nos

2234 1184 2430 1223 exuere
2451 1170 2627 1233 vellet,
2661 1169 2873 1224 indutus
2898 1178 2998 1224 est.

2233 1259 2462 1314 CAPUT
2488 1259 2574 1314 ill.
2618 1291 2685 1300 -—
2733 1259 2918 1320 Beatus
2959 1261 3046 1330 qui
3091 1277 3148 1314 eo
3189 1261 3373 1332 fruitur
3417 1260 3554 1331 quod
3595 1262 3812 1316 hominis

2304 1350 2544 1418 Optimum
2566 1359 2654 1402 est.
2695 1349 2924 1403 Hominis
2954 1350 3198 1420 optimum
3221 1351 3363 1418 quid.
3396 1349 3527 1404 Dure
3553 1353 3803 1404 conditio-

2305 1457 2390 1494 nes
2419 1442 2602 1495 summi
2632 1443 2745 1496 boni
2768 1458 2785 1495 :
2814 1441 2865 1496 t'
2893 1451 2945 1496 ut
2980 1441 3107 1496 nihil
3129 1458 3184 1496 eo
3224 1442 3402 1496 melius
3431 1443 3522 1508 sit;
3541 1442 3596 1496 2⁵
3625 1453 3678 1496 ut
3704 1443 3806 1498 tale

2302 1533 2387 1597 sit,
2418 1534 2552 1602 quod
2577 1551 2676 1588 non
2705 1535 2901 1587 amittat
2921 1535 3127 1588 invitus.

2302 1622 2356 1675 4.
2397 1623 2622 1678 Ratione
2652 1623 2809 1694 igitur
2838 1637 3137 1694 qumramus
3155 1622 3594 1693 quemadmodum
3613 1625 3683 1680 sit
3707 1625 3810 1680 ho—

2230 1712 2358 1766 mini
2397 1713 2698 1768 vivendum.
2739 1714 2899 1770 Beate
2937 1723 3083 1772 certe
3107 1729 3293 1770 omnes
3317 1715 3497 1770 vivere
3522 1706 3763 1772 volunius
3788 1733 3804 1782 ;

2231 1817 2403 1874 neque
2444 1805 2722 1875 quisquam
2769 1815 2851 1861 est
2896 1807 2949 1860 in
2998 1806 3272 1862 hominum
3315 1821 3547 1877 genere,
3584 1808 3674 1877 qui
3700 1823 3807 1863 non

2229 1892 2352 1949 huic
2381 1897 2659 1952 sententia:
2681 1939 2696 1964 ,
2729 1906 3010 1968 antequam
3046 1898 3199 1968 plene
3218 1898 3287 1952 sit
3310 1898 3501 1952 emissa
3521 1938 3535 1961 ,
3581 1913 3808 1953 consen-

2230 1986 2343 2040 tiat.
2374 1986 2565 2042 Beatus
2587 1995 2786 2054 autem,
2817 1997 3070 2058 quantum
3091 1988 3364 2053 existimo,
3397 2003 3568 2058 neque
3591 1988 3680 2042 ille
3703 1988 3806 2043 dici

2229 2085 2440 2147 potest,
2495 2080 2584 2148 qui
2635 2097 2739 2134 nou
2793 2080 2953 2136 habet
3003 2080 3144 2150 quod
3192 2089 3373 2146 amat,
3421 2081 3808 2152 qualecumque

2227 2167 2329 2232 sit;
2354 2183 2523 2238 neque
2543 2169 2631 2238 qui
2657 2169 2818 2224 habet
2840 2169 2981 2239 quod
3002 2177 3177 2235 amat,
3205 2170 3248 2223 si
3274 2170 3484 2223 noxium
3505 2169 3607 2234 sit;
3637 2184 3806 2240 neque

2226 2258 2315 2327 qui
2343 2272 2445 2312 non
2473 2267 2614 2313 amat
2643 2259 2784 2329 quod
2811 2259 3004 2323 habet,
3030 2259 3238 2314 etiamsi
3267 2260 3525 2330 optimum
3553 2260 3638 2314 sit.
3669 2259 3805 2322 Nam

2229 2355 2284 2400 et
2309 2348 2398 2417 qui
2425 2349 2627 2418 appetit
2663 2348 2803 2418 quod
2831 2349 3048 2419 adipisci
3075 2365 3179 2403 non
3208 2357 3402 2418 potest,
3424 2350 3722 2414 cruciatur;
3753 2358 3808 2406 et

2225 2439 2314 2508 qui
2344 2438 2566 2510 adeptus
2585 2436 2666 2494 est
2693 2441 2834 2510 quod
2870 2440 3229 2511 appetendum
3259 2441 3370 2496 ‘non
3415 2451 3529 2509 est,
3572 2441 3802 2508 fallitur;

2226 2538 2280 2584 ct
2303 2531 2391 2600 qui
2424 2546 2527 2585 non
2549 2533 2749 2602 appetit
2772 2531 2910 2602 quod
2943 2532 3345 2602 adipiscendum
3371 2543 3534 2600 esset,
3562 2543 3801 2604 aegrotat.

2225 2620 2363 2680 Nihil
2405 2632 2582 2677 autem
2623 2625 2842 2678 istorum
2885 2625 3063 2688 animo
3100 2626 3358 2696 contingit
3397 2626 3512 2681 sine
3555 2625 3802 2694 miseria;

2228 2729 2328 2768 nec
2354 2715 2567 2769 miseria
2607 2724 2661 2770 et
2699 2716 2970 2772 beatitudo
3009 2718 3062 2772 in
3103 2717 3316 2774 homine
3346 2735 3453 2775 uno
3473 2720 3629 2774 simul
3656 2720 3805 2775 habi-

2227 2812 2338 2858 tare
2378 2808 3000 2862 consuevcruutznutlus
3046 2809 3204 2879 igitur
3242 2809 3458 2864 illorum
3489 2810 3673 2866 beatus
3701 2820 3801 2866 est.

2227 2897 2484 2966 Quartum
2526 2909 2723 2966 restat,
2773 2910 2831 2957 ut
2878 2902 3065 2968 video,
3104 2901 3194 2957 ubi
3236 2902 3390 2959 beata
3437 2905 3546 2958 vita
3581 2905 3803 2958 inveniri

2221 2999 2413 3059 queat;
2447 3006 2566 3044 eum
2595 2991 2645 3045 id
2673 2993 2812 3062 quod
2837 3002 2919 3048 est
2942 2993 3174 3049 hominis
3197 2996 3476 3064 optimum,
3500 3005 3555 3051 et
3573 3005 3799 3062 amatur,

2223 3091 2277 3136 et
2315 3083 2557 3138 habetur.
2603 3084 2738 3151 Quid
2787 3084 2928 3139 enim
2958 3096 3042 3140 cst
3083 3086 3225 3140 aliud
3249 3085 3392 3156 quod
3414 3087 3638 3154 dicimus
3662 3085 3798 3153 frui,

2222 3173 2319 3226 nisi
2342 3183 2531 3242 ιιι-ωειο
2551 3173 2746 3229 habere
2766 3174 2908 3244 quod
2935 3175 3144 3246 diligis?
3172 3175 3353 3246 Neque
3380 3176 3651 3245 quisquam
3672 3176 3801 3230 hea-

2224 3273 2307 3317 tus
2338 3273 2450 3330 est,
2494 3265 2585 3334 qui
2633 3281 2741 3324 non
2776 3266 3063 3322 fruitur'eo
3099 3267 3240 3336 quod
3289 3276 3370 3322 est
3410 3267 3639 3323 hominis
3662 3269 3802 3337 opti-

2221 3371 2362 3408 mtun
2385 3372 2398 3419 ;
2445 3371 2542 3411 nec
2579 3357 2878 3427 quisquam,
2903 3358 2992 3421 qui
3019 3373 3084 3412 eo
3111 3357 3328 3425 fruitur,
3355 3373 3460 3414 non
3481 3369 3565 3414 est
3594 3360 3797 3415 beatus.

2221 3446 2420 3500 Praesto
2450 3462 2578 3517 ergo
2613 3463 2731 3503 esse
2770 3448 2921 3503 nobis
2960 3449 3120 3506 debet
3157 3452 3413 3520 optimum
3451 3461 3712 3519 nostrum,
3753 3453 3798 3507 si

2219 3535 2375 3592 beate
2405 3537 2580 3591 vivere
2604 3540 2918 3609 cogitamus.

2289 3627 2342 3680 5.
2393 3627 2640 3696 Sequitur
2683 3637 2740 3682 ut
2781 3643 3079 3698 qureramus
3116 3629 3243 3699 quid
3273 3630 3358 3685 'sit
3398 3630 3626 3685 hominis
3659 3630 3797 3701 opti-

2217 3732 2394 3784 mum,
2445 3717 2584 3787 quod
2632 3719 2868 3787 profecto
2904 3719 3137 3775 deterius
3169 3735 3289 3776 esse
3316 3735 3469 3791 quam
3501 3722 3614 3790 ipse
3638 3724 3796 3777 homo

2219 3825 2324 3864 non
2375 3820 2570 3878 potest.
2605 3811 2856 3880 Quisquis
2883 3812 3023 3866 enim
3052 3811 3192 3882 quod
3221 3811 3396 3882 seipso
3420 3821 3500 3867 est
3527 3812 3791 3880 deterius,

2217 3903 2486 3973 sequitur,
2532 3902 2588 3957 ﬁt
2621 3912 2675 3958 et
2713 3903 2826 3974 ipse
2853 3903 3104 3958 deterior.
3136 3901 3356 3973 Oportet
3377 3913 3555 3960 autem
3584 3921 3792 3960 omnem

2217 3995 2482 4051 hominem
2532 3996 2582 4051 id
2627 3997 2766 4068 quod
2802 3998 3058 4068 optimum
3088 4007 3170 4052 est
3193 3998 3362 4068 sequi.
3389 3997 3505 4053 Non
3535 4009 3616 4054 est
3641 3999 3796 4070 igitur

2217 4087 2430 4144 homine
2465 4089 2700 4144 deterius
2732 4089 2961 4144 hominis
2985 4091 3262 4162 Optimum.
3290 4090 3540 4146 Fortasse
3571 4092 3671 4146 tale
3694 4091 3792 4145 ali-

2215 4181 2337 4250 quid
2378 4183 2476 4236 erit
2495 4223 2509 4246 ,
2545 4183 2700 4252 quale
2727 4183 2839 4252 ipse
2864 4182 3023 4237 homo
3045 4182 3169 4238 est?
3197 4183 3270 4238 tta
3300 4183 3370 4238 sit
3399 4198 3528 4237 sane
3547 4224 3562 4249 ,
3592 4183 3636 4237 si
3662 4182 3790 4237 nihil

2207 4281 2296 4352 cst
2338 4273 2552 4328 homine
2598 4273 2820 4342 melius,
2863 4290 2970 4345 quo
2993 4275 3193 4346 perfrui
3220 4277 3406 4346 possit.
3429 4276 3484 4332 Si
3509 4287 3680 4332 autem
3707 4277 3788 4331 in-

2217 4357 2464 4421 venimus}
2497 4366 2691 4437 aliquid
2734 4367 2872 4438 quod
2908 4376 2962 4423 et
2990 4368 3205 4424 homine
3232 4370 3302 4425 sit
3329 4369 3673 4424 excellentius
3693 4411 3708 4434 ,
3738 4378 3792 4425 et

2216 4467 2410 4527 praesto
2453 4473 2572 4515 esse
2611 4460 2804 4513 amanti
2843 4474 2962 4515 sese
2986 4459 3182 4515 homini
3209 4461 3405 4531 possit;
3436 4459 3552 4529 quis
3577 4459 3789 4514 dubita-

2216 4548 2348 4602 verit
2394 4547 2592 4602 homini
2619 4549 2683 4603 ad
2713 4549 2762 4603 id
2793 4549 3062 4604 nitendum
3089 4565 3207 4605 esse
3233 4558 3291 4604 ut
3316 4551 3499 4605 beatus
3525 4550 3620 4615 sit,
3647 4549 3792 4618 quod

2213 4655 2278 4695 eo
2325 4641 2439 4709 ipso
2493 4641 2579 4710 qui
2620 4641 2832 4702 nititur,
2876 4640 3212 4697 manifestum
3255 4652 3490 4697 estesse
3540 4651 3790 4712 praestan-

2221 4733 2363 4786 tius?
2390 4731 2521 4785 Nam
2549 4732 2593 4786 si
2622 4733 2672 4786 id
2700 4743 2782 4788 est
2805 4733 3017 4789 beatum
3042 4748 3190 4800 esse,
3221 4733 3286 4788 ad
3318 4734 3420 4789 tale
3450 4733 3645 4788 bonum
3672 4748 3791 4803 per-

2215 4824 2422 4877 venisse
2463 4838 2568 4893 quo
2605 4824 2829 4894 amplius
2867 4839 2970 4880 non
3015 4833 3220 4896 potest,
3253 4825 3310 4879 id
3335 4833 3420 4880 est
3445 4834 3623 4880 autem
3646 4825 3788 4896 quod

2214 4911 2439 4966 dicimus
2458 4913 2746 4982 optimum;
2774 4930 2878 4984 quo
2903 4915 3112 4969 tandem
3146 4923 3298 4984 pacto
3327 4925 3502 4984 potest
3523 4916 3575 4969 in
3605 4930 3666 4970 ea
3694 4913 3788 4970 de-

2216 5006 2451 5060 ﬁnitione
2508 5007 2744 5071 includi,
2808 5009 2895 5077 qui
2943 5008 3009 5062 ad
3063 5024 3329 5064 summum
3388 5010 3585 5065 bonum
3638 5025 3790 5066 suum

2214 5098 2446 5152 nondum
2494 5100 2830 5168 pervenerit?
2871 5111 2960 5154 aut
2999 5101 3266 5170 quomodo
3302 5117 3570 5156 summum
3604 5111 3713 5168 est,
3746 5102 3790 5156 si

2214 5199 2297 5244 est
2332 5191 2527 5260 aliquid
2566 5191 2753 5245 melius
2797 5208 2903 5262 quo
2931 5195 3204 5262 pervenire
3234 5193 3538 5264 possimus?
3563 5194 3668 5248 lloc
3695 5195 3791 5264 igi—

2216 5289 2302 5336 tur
2345 5283 2388 5336 si
2426 5291 2540 5348 est,
2582 5283 2683 5337 tale
2725 5299 2843 5338 esse
2879 5284 3036 5339 debet
3060 5285 3196 5355 quod
3224 5301 3326 5339 non
3349 5286 3785 5340 amittatinvitus.

2213 5371 2420 5442 Quippe
2462 5388 2618 5428 nemo
2662 5384 2834 5443 potest
2879 5376 3146 5431 conlidere
3190 5377 3258 5432 de
3303 5378 3390 5431 tali
3433 5377 3604 5443 bono,
3645 5377 3790 5447 quod

2215 5466 2312 5519 sibi
2360 5467 2492 5536 eripi
2542 5483 2696 5536 posse
2741 5470 2931 5534 sentit,
2973 5471 3176 5524 etiamsi
3217 5472 3448 5525 retinere
3487 5469 3538 5523 id
3581 5470 3788 5539 amplc-

2213 5557 2388 5628 ctique
2433 5558 2672 5612 voluerit.
2722 5560 2968 5631 Quisquis
3015 5571 3187 5616 autem
3217 5562 3283 5618 dc
3312 5563 3451 5618 bono
3479 5577 3582 5632 quo
3609 5562 3794 5617 fruitur

2214 5664 2319 5702 non
2362 5650 2608 5716 confidit,
2663 5650 2712 5705 in
2760 5659 2902 5708 tanto
2941 5653 3126 5708 timore
3163 5653 3436 5709 amittendi
3465 5653 3649 5709 beatus
3678 5667 3791 5707 esse

2215 5743 2297 5810 qui
2328 5747 2536 5812 potest?
