4118 6370
309 323 445 380 1513

693 406 916 464 CAPUT
947 406 1031 460 IV.
1063 435 1131 446 —
1161 405 1326 459 Homo
1349 403 1487 472 quid.

375 501 428 555 6.
472 499 780 566 Qumramus
820 498 974 568 igitur
1008 497 1130 566 quid
1157 497 1225 550 sit
1250 495 1460 549 homine
1487 494 1696 548 melius.
1727 493 1879 559 Quod

305 594 543 666 proiecto
583 592 821 647 invenire
854 590 1070 645 diflicile
1099 597 1212 652 est,
1244 587 1344 642 nisi
1377 587 1520 655 prius
1547 584 1881 640 considerato

305 693 463 754 atque
500 681 742 736 discusso
786 680 911 748 quid
947 680 1016 732 sit
1044 679 1155 748 ipse
1185 678 1358 730 homo.
1390 675 1496 730 Nec
1520 689 1663 742 nunc
1689 673 1879 727 delini—

306 776 504 829 tionem
552 771 783 827 hominis
827 784 858 823 a
909 784 994 823 me
1037 767 1406 838 postulandam
1453 774 1600 835 puto.
1646 763 1774 817 Illud
1800 772 1884 816 est

306 867 475 938 magis
516 863 658 936 quod
696 861 823 916 mihi
852 864 954 916 hoc
980 862 1096 915 loco
1119 859 1457 929 quzcrcndum
1489 857 1727 918 videtur,
1761 869 1880 908 cum

306 961 444 1014 inter
465 969 650 1012 omnes
675 968 810 1024 pene
836 959 1167 1017 constel,aut
1192 958 1355 1011 certe,
1390 948 1441 1002 id
1467 946 1606 1017 quod
1631 945 1757 999 satis
1778 953 1877 1008 est,

308 1051 450 1105 inter
478 1063 563 1102 me
591 1054 748 1115 atque
778 1043 895 1097 illos
922 1057 1040 1097 cum
1067 1041 1258 1110 quibus
1285 1053 1422 1092 nunc
1445 1038 1616 1106 agitur
1637 1035 1736 1088 hoc
1758 1049 1882 1086 cuu-

308 1143 512 1205 veniat,
559 1154 624 1193 ex
670 1137 941 1190 anima-et
982 1147 1203 1201 corpore
1247 1145 1342 1184 nos
1381 1145 1497 1184 esse
1525 1125 1877 1196 compositos,

306 1235 430 1305 quid
457 1241 538 1289 cst
566 1232 680 1300 ipse
702 1230 882 1293 homo,
911 1235 1191 1295 utrumque
1226 1223 1415 1277 horum
1449 1235 1565 1290 qum
1592 1217 1879 1282 nominavi,

307 1341 374 1380 an
441 1336 634 1394 corpus
690 1316 1096 1381 tantummodo,
1153 1329 1219 1367 an
1273 1307 1634 1366 tantummodo
1685 1306 1878 1360 anima.

307 1419 619 1486 Quanquam
662 1413 803 1468 enim
843 1409 947 1464 duo
987 1409 1124 1471 sint,
1167 1406 1339 1458 anima
1361 1413 1413 1457 et
1436 1415 1657 1469 corpus,
1681 1410 1733 1454 et
1757 1414 1884 1452 neu-

310 1518 446 1562 trum
498 1513 774 1560 vocaretur
823 1501 1017 1562 homo,
1064 1497 1110 1551 si
1153 1511 1258 1550 non
1302 1503 1442 1549 esset
1485 1493 1706 1546 alterum
1736 1491 1880 1558 (nam

307 1612 479 1667 neque
525 1607 718 1664 corpus
760 1592 918 1645 homo
959 1595 1133 1654 esset,
1179 1587 1222 1640 si
1249 1586 1421 1638 anima
1450 1599 1551 1636 non
1583 1589 1753 1644 esset;
1789 1594 1884 1632 nec

307 1703 492 1744 rursus
538 1685 711 1739 anima
756 1683 946 1743 homo,
988 1680 1032 1732 si
1067 1693 1127 1732 ea
1155 1692 1346 1745 corpus
1373 1691 1475 1729 non
1500 1670 1879 1737 auimaretur);

310 1779 424 1834 fieri
456 1787 629 1832 tamen
669 1783 839 1844 potest
868 1781 924 1825 ut
960 1786 1119 1824 unum
1149 1769 1334 1822 horum
1367 1778 1417 1822 et
1448 1766 1700 1819 habeatur
1727 1763 1884 1815 homo

308 1881 363 1926 et
405 1879 646 1925 vocetur.
692 1864 826 1933 Quid
853 1877 979 1933 ergo
1001 1861 1267 1915 hominem
1291 1851 1551 1912 dicimus?
1575 1856 1802 1908 animam
1832 1863 1884 1906 et

307 1975 535 2032 corpus,
588 1968 835 2028 tanquam
882 1955 1030 2024 bigas
1077 1953 1159 2006 vel
1206 1950 1551 2006 centaurum?
1588 1965 1653 2002 an
1694 1963 1883 2015 corpus

289 2063 548 2120 .tantum,
578 2050 718 2122 quod
747 2051 816 2104 sit
845 2049 896 2102 iu
925 2063 1021 2103 usu
1047 2045 1240 2100 anima:
1263 2060 1320 2100 se
1346 2044 1608 2114 regentis;
1636 2051 1881 2110 tanquam

308 2147 612 2209 lucernam,
659 2156 761 2195 non
810 2141 982 2210 ignem
1028 2137 1183 2193 simul
1230 2145 1282 2190 et
1327 2143 1545 2200 testam,
1576 2133 1666 2186 sed
1697 2141 1880 2184 testam

307 2237 502 2299 solam,
554 2244 732 2288 tamen
776 2239 990 2301 propter
1036 2229 1209 2296 ignem
1255 2223 1616 2294 appellamus?
1658 2238 1723 2275 an
1755 2220 1883 2274 nihil

306 2327 450 2383 aliud
496 2325 762 2389 hominem
808 2337 966 2392 quam
1005 2321 1234 2373 animam
1271 2318 1526 2382 dicimus,
1551 2315 1640 2368 sed
1672 2323 1884 2383 propter

305 2432 503 2488 corpus
546 2415 684 2486 quod
726 2415 895 2484 regit,
935 2410 1096 2466 veluti
1121 2409 1350 2478 equitem
1372 2423 1478 2462 non
1505 2405 1660 2460 simul
1691 2421 1882 2474 equum

306 2519 361 2564 et
395 2508 663 2563 hominem
683 2547 698 2572 ,
722 2504 814 2560 sed
841 2503 1108 2559 hominem
1135 2502 1338 2568 solum,
1361 2516 1423 2555 ex
1451 2515 1516 2552 eo
1545 2508 1716 2552 tamen
1741 2495 1882 2565 quod

307 2598 542 2668 regendo
584 2611 721 2667 equo
759 2596 828 2649 sit
851 2592 1310 2658 accommodatus,
1342 2588 1629 2644 vocamus?
1663 2585 1882 2639 Diflicile

305 2700 389 2746 est
435 2692 588 2745 istam
631 2687 1044 2744 controversiam
1093 2685 1416 2754 dijudicarc;
1460 2690 1550 2734 aut
1592 2681 1636 2734 si
1682 2680 1883 2734 ratione

305 2782 458 2838 facile
477 2822 492 2848 ,
525 2781 764 2835 oratione
792 2780 1003 2848 longum
1033 2785 1114 2832 est
1137 2793 1149 2829 :
1172 2791 1328 2844 quem
1351 2775 1582 2828 laborem
1599 2788 1661 2827 ac
1680 2786 1881 2824 moram

305 2875 576 2944 suscipere
620 2888 682 2927 ac
729 2872 906 2926 subire
934 2885 1038 2923 non
1067 2884 1198 2938 opus
1227 2877 1326 2922 est.
1358 2868 1479 2921 Sive
1507 2867 1644 2921 enim
1678 2875 1882 2919 utrum-

305 2981 408 3036 que
428 3008 442 3032 ,
479 2965 590 3019 sive
617 2964 793 3019 anima
821 2964 931 3018 sola
961 2976 1154 3015 nomen
1181 2959 1409 3012 hominis
1437 2967 1607 3012 teneat
1631 2997 1645 3021 ,
1678 2971 1782 3010 non
1803 2964 1885 3010 est

307 3059 536 3113 hominis
577 3057 833 3126 optimum
877 3052 1015 3124 quod
1063 3053 1319 3121 optimum
1362 3059 1443 3105 est
1480 3052 1746 3131 corporis;
1790 3052 1884 3108 sed

307 3149 446 3220 quod
494 3157 584 3204 aut
622 3148 828 3217 corpori
870 3147 1026 3200 simul
1074 3153 1128 3199 et
1152 3145 1340 3198 animae
1367 3185 1380 3208 ,
1426 3152 1518 3198 aut
1563 3145 1661 3198 soli
1695 3146 1885 3201 anima:

305 3239 562 3309 Optimum
593 3247 674 3292 est
697 3278 711 3304 ,
744 3237 794 3291 id
823 3245 906 3292 est
930 3237 1186 3306 Optimum
1215 3233 1462 3288 hominis.

306 3339 528 3395 CAPUT
575 3338 638 3391 V.
678 3366 750 3378 —-
789 3336 1026 3390 Hominis
1051 3337 1289 3406 optimum
1314 3353 1412 3389 non
1437 3335 1570 3406 quod
1593 3336 1748 3390 solius
1771 3353 1884 3390 cor-

571 3429 732 3499 poris,
765 3428 853 3481 sed
881 3427 1014 3498 quod
1043 3429 1224 3481 animo:
1248 3430 1487 3497 optimum
1514 3437 1606 3481 est.

378 3521 430 3573 7.
474 3517 728 3589 Corporis
757 3527 936 3572 autem
967 3518 1011 3571 si
1040 3518 1327 3587 quaerimus
1354 3517 1477 3586 quid
1503 3519 1758 3586 optimum
1785 3519 1887 3585 sit,

309 3613 359 3691 id
398 3621 540 3667 certa
569 3611 702 3666 ratio
725 3611 864 3679 cogit
894 3610 1073 3675 fateri,
1101 3625 1198 3679 per
1223 3609 1364 3679 quod
1393 3609 1451 3662 fit
1471 3619 1528 3663 ut
1553 3625 1672 3664 sese
1698 3626 1891 3679 corpus

308 3721 467 3774 quam
511 3705 707 3774 optime
750 3703 960 3758 habeat.
1005 3702 1146 3757 Nihil
1193 3712 1274 3757 est
1316 3711 1490 3756 autem
1518 3703 1750 3756 omnium
1775 3719 1892 3772 qua:

311 3807 560 3868 vegetam
585 3812 777 3866 corpus
794 3837 806 3860 ,
830 3796 1005 3851 anima
1035 3795 1226 3849 melius
1245 3803 1400 3863 atque
1424 3795 1778 3865 przestantius.
1802 3795 1894 3849 Est

311 3904 436 3960 ergo
457 3903 721 3944 summum
749 3887 988 3956 corporis
1010 3886 1224 3948 bonum,
1242 3899 1346 3938 non
1373 3885 1611 3952 voluptas
1636 3884 1768 3953 eius,
1788 3901 1893 3939 non

314 3981 604 4046 iudoloria,
633 3994 738 4032 non
767 3979 926 4043 vires,
961 3992 1064 4030 non
1095 3975 1452 4045 pulchritudo,
1486 3992 1589 4030 non
1621 3977 1896 4056 velocitas,

312 4078 368 4126 et
411 4070 455 4124 si
492 4068 616 4138 quid
642 4066 782 4123 aliud
810 4067 862 4121 in
892 4067 1043 4121 bonis
1066 4065 1305 4134 corporis
1332 4067 1596 4119 numerari
1624 4067 1778 4132 solet,
1801 4069 1894 4122 sed

319 4160 540 4215 omnino
564 4159 760 4213 anima.
793 4158 924 4213 Nam
950 4166 1004 4212 et
1032 4159 1128 4211 ista
1157 4173 1274 4226 quae
1300 4168 1710 4212 commemorata
1739 4169 1892 4226 sunt,

314 4249 595 4319 prmseutia
623 4248 706 4304 sui
733 4247 947 4302 exhibet
971 4247 1214 4316 corpori,
1244 4255 1299 4301 et
1321 4246 1461 4317 quod
1487 4249 1752 4302 antecellit
1776 4264 1893 4302 om-

316 4339 501 4404 nibus,
552 4339 734 4392 vitam.
788 4337 1142 4405 Quamobrem
1179 4351 1284 4392 non
1319 4337 1528 4392 videtur
1568 4337 1695 4392 mihi
1722 4340 1894 4393 anima

319 4447 438 4487 esse
469 4446 733 4486 summum
763 4430 994 4484 hominis
1021 4430 1216 4484 bonum
1236 4471 1252 4498 ,
1279 4429 1390 4484 sive
1413 4429 1640 4483 animam
1667 4430 1824 4484 simul
1845 4439 1898 4486 et

316 4537 542 4591 corpus,
594 4522 707 4577 sive
754 4521 988 4576 animam
1031 4523 1197 4577 solam
1240 4522 1506 4577 hominem
1547 4522 1790 4577 dicimus.
1827 4519 1898 4577 Ut

319 4612 460 4664 enim
487 4612 724 4680 corporis
750 4628 1013 4667 summum
1039 4613 1233 4667 bonum
1260 4612 1310 4666 id
1338 4612 1534 4668 invenit
1561 4613 1726 4679 ratio,
1755 4615 1896 4685 quod

319 4708 404 4755 est
427 4715 652 4768 corpore
681 4703 869 4756 melius
889 4743 904 4768 ,
935 4711 988 4756 et
1015 4718 1120 4771 quo
1145 4704 1194 4758 ei
1224 4704 1370 4772 vigor
1389 4711 1443 4759 et
1466 4703 1570 4758 vita
1594 4705 1892 4774 praebetur:

320 4790 394 4845 ita
426 4792 536 4845 sive
565 4806 757 4861 corpus
781 4801 838 4847 et
859 4793 1032 4846 anima
1053 4834 1066 4859 ,
1097 4794 1206 4848 sive
1231 4795 1404 4847 anima
1422 4795 1531 4865 ipsa
1549 4811 1643 4864 per
1657 4811 1714 4852 se
1736 4797 1896 4852 homo

319 4883 422 4946 sit,
458 4880 827 4935 inveniendum
853 4891 933 4936 est
947 4922 969 4952 ,
985 4883 1028 4935 si
1047 4882 1170 4950 quid
1188 4883 1416 4936 animam
1433 4885 1684 4953 praecedit
1699 4887 1892 4956 ipsam,

320 4971 460 5039 quod
507 4986 624 5024 cum
668 4971 844 5026 anima
891 4971 1162 5041 sequitur,
1203 4973 1262 5025 fit
1299 4974 1350 5026 in
1391 4987 1488 5027 suo
1520 4969 1712 5044 genere
1739 4993 1894 5047 quam

318 5070 490 5130 potest
534 5063 752 5130 optima.
803 5061 954 5130 Quod
999 5062 1045 5117 si
1075 5064 1309 5132 reperire
1338 5065 1660 5136 potuerimus
1679 5104 1693 5132 ,
1724 5066 1774 5119 id
1797 5068 1897 5120 erit

316 5150 560 5220 profecto
586 5151 726 5221 quod
757 5152 1067 5223 ambagibus
1090 5153 1308 5206 remotis
1341 5153 1606 5221 omnibus,
1629 5170 1894 5210 summum

1709 3305 1854 3314 ——__—

1678 311 1874 365 LIBER
1920 309 2182 366 l‘lllllllS.

3414 319 3551 374 ιδιι

1988 401 2216 455 hominis
2267 402 2459 456 bonum
2505 403 2622 471 jure
2680 403 2969 473 meritoque
3027 407 3397 462 nominandmn
3449 422 3550 464 cst.

2056 491 2107 543 8.
2142 491 2244 543 Aut
2268 491 2310 543 si
2337 505 2527 560 corpus
2556 502 2638 546 est
2663 492 2820 546 homo
2841 533 2855 558 ,
2887 493 3012 561 quin
3041 493 3266 547 hominis
3297 499 3552 564 uptimmn

1985 581 2158 634 anima
2194 583 2302 650 ipsa
2333 583 2435 646 sit,
2467 597 2712 638 recusare
2737 599 2840 636 non
2873 598 3106 652 possum.
3137 585 3242 638 Sed
3270 598 3412 641 certe
3437 604 3555 642 cum

1983 671 2052 726 de
2078 675 2312 728 moribus
2339 675 2526 744 agitur,
2558 691 2678 728 cum
2699 675 2982 744 qtuerimus
2998 676 3210 745 quinam
3227 678 3557 753 vitae_modus

1987 765 2244 818 tenendus
2286 765 2354 819 sit
2393 773 2448 819 ut
2482 765 2857 820 beatitudinem
2885 767 3146 834 possimus
3174 766 3420 835 adipisci,
3452 783 3556 822 non

1983 856 2194 922 corpori
2235 865 2496 926 prmcepta
2536 856 2762 923 dantur,
2803 873 2910 910 non
2938 858 3173 926 corporis
3201 857 3556 927 investiganda

1985 954 2068 1000 est
2106 946 2400 1019 disciplina.
2449 947 2723 1001 Postremo
2752 947 2919 1001 bonos
2947 962 3121 1001 mores
3141 963 3201 1001 ea
3232 957 3409 1001 nostra
3437 964 3558 1017 pars

1984 1045 2162 1091 actura
2209 1047 2322 1104 est,
2371 1053 2488 1106 quae
2536 1039 2782 1107 inquirit,
2817 1045 2884 1092 ἐι
2925 1038 3115 1103 discit;
3153 1047 3206 1092 et
3235 1039 3347 1092 haec
3371 1041 3559 1094 animae

1983 1137 2108 1181 sunt
2154 1129 2362 1196 propria
2396 1147 2406 1181 :
2438 1145 2541 1183 non
2574 1130 2729 1199 igitur
2755 1129 2820 1183 de
2848 1143 3097 1198 corpore,
3130 1144 3248 1183 cum
3275 1129 3339 1184 de
3368 1131 3559 1185 virtute

1985 1218 2269 1272 obtinenda
2301 1220 2586 1289 satagimus
2605 1261 2619 1284 ,
2647 1219 2866 1289 quwstio
2890 1208 2988 1272 est.
3021 1210 3171 1285 Quod
3197 1220 3238 1272 si
3269 1228 3348 1274 est
3373 1233 3561 1274 conse-

1986 1323 2152 1378 quens
2171 1349 2186 1374 ,
2220 1309 2370 1361 sicuti
2402 1319 2513 1374 est,
2549 1318 2602 1362 ut
2624 1312 2790 1378 ipsum
2815 1323 3006 1378 corpus
3034 1324 3152 1362 cum
3179 1307 3245 1362 ab
3275 1309 3446 1362 anima
3476 1325 3562 1364 rc-

1983 1399 2157 1466 gitur,
2205 1415 2322 1467 qua:
2365 1398 2572 1452 virtutis
2599 1414 2816 1468 compos
2841 1408 2922 1453 εει
2942 1439 2956 1463 ,
2990 1399 3151 1452 multo
3178 1407 3231 1452 et
3254 1399 3443 1453 melius
3472 1415 3558 1452 re-

1987 1499 2138 1558 gatur
2182 1499 2236 1541 et
2285 1487 2590 1552 honestius,
2636 1505 2804 1558 eoque
2845 1489 3039 1557 optime
3065 1504 3182 1543 sese
3205 1489 3426 1555 habeat,
3457 1505 3562 1559 quo

1989 1591 2066 1634 est
2112 1581 2307 1648 Optima
2357 1581 2473 1646 illa,
2519 1597 2635 1648 quze
2678 1580 2773 1634 sibi
2811 1581 2949 1649 justa
2989 1580 3102 1650 lege
3137 1579 3476 1633 dominatur:
3511 1581 3561 1634 id

1987 1672 2083 1724 erit
2131 1670 2358 1723 hominis
2406 1671 2660 1738 optimum
2707 1671 2844 1739 quod
2870 1671 3098 1723 animam
3130 1671 3382 1738 optimam
3410 1669 3558 1738 facit,

1985 1761 2190 1814 etiamsi
2238 1760 2502 1814 hominem
2544 1774 2734 1830 corpus
2773 1774 3041 1813 vocemus.
3070 1761 3148 1812 An
3178 1775 3302 1813 vero
3321 1801 3336 1826 ,
3363 1759 3406 1812 si
3434 1759 3563 1814 mihi

1973 1850 2162 1919 auriga
2205 1851 2576 1919 obtemperans
2597 1891 2610 1912 ,
2640 1864 2804 1918 equos
2823 1889 2837 1913 ,
2870 1848 3060 1917 quilnts
3090 1857 3304 1916 pra'cst,
3337 1848 3430 1901 alit
3456 1849 3470 1878 ¹
3502 1863 3564 1903 ac

1987 1941 2122 2008 regit
2150 1940 2608 2002 commodissime,
2636 1948 2789 2008 atque
2813 1937 2923 2006 ipse
2953 1937 3198 2006 quomihi
3217 1946 3297 1990 est
3316 1931 3564 1990 obedien-

1990 2031 2116 2096 tior,
2170 2046 2285 2085 mea
2337 2031 2648 2086 liberalitate
2696 2029 3008 2098 perfruitur,
3060 2043 3250 2094 negare
3287 2028 3576 2097 quisquam-

1987 2122 2159 2190 polcst
2211 2137 2315 2174 non
2364 2122 2533 2174 solum
2582 2119 2721 2189 quod
2772 2120 2984 2188 auriga,
3030 2135 3210 2173 verum
3237 2117 3394 2171 etiam
3425 2117 3565 2187 quod

1987 2213 2105 2281 equi
2154 2227 2272 2266 sese.
2317 2196 2512 2280 optime
2558 2213 2784 2276 habent,
2829 2211 2953 2264 mibi
2993 2208 3216 2264 deberi?
3247 2209 3426 2278 Itaque
3455 2211 3566 2262 sive

1989 2314 2188 2357 tantum
2235 2319 2459 2372 corpus,
2508 2303 2618 2357 sive
2668 2313 2865 2356 unitum
2908 2302 3116 2365 anima,
3149 2301 3258 2354 sive
3287 2311 3567 2369 ulrumque

1989 2394 2147 2448 homo
2176 2396 2272 2460 sit,
2301 2411 2403 2448 non
2432 2395 2557 2447 mihi
2586 2395 2812 2448 maxime
2837 2392 3176 2462 qumrendum
3205 2391 3430 2459 videtur,
3460 2392 3562 2446 nisi

1987 2485 2109 2554 quid
2138 2487 2366 2538 animam
2397 2485 2552 2538 faciat
2575 2485 2825 2555 Optimam
2858 2499 2870 2535 :
2906 2499 3023 2536 nam
3052 2497 3116 2536 eo
3145 2491 3426 2550 percepto,
3458 2495 3565 2534 non

1987 2586 2160 2645 potest
2192 2576 2350 2629 homo
2379 2592 2481 2629 non
2513 2586 2602 2629 aut
2629 2575 2825 2644 Optime
2847 2616 2862 2641 ,
2892 2583 2981 2627 aut
3010 2583 3153 2626 certe
3181 2573 3348 2626 multo
3376 2572 3566 2626 melius

1987 2684 2106 2722 sese
2133 2668 2357 2732 habere,
2386 2684 2541 2735 quam
2571 2667 2611 2720 si
2637 2667 2734 2720 hoc
2758 2681 2917 2718 uumn
2941 2662 3212 2718 defuisset.

1986 2759 2208 2813 CAPUT
2241 2759 2322 2811 Vl.
2356 2789 2421 2798 --
2454 2749 2617 2811 l'irlus
2647 2759 2865 2810 animum
2893 2756 3568 2826 opliummrﬁicit;virtutem

2057 2831 2224 2952 animat
2251 2840 2505 2896 comparat
2533 2828 2780 2896 sequendo
2793 2825 2981 2890 Deum;
3001 2825 3094 2879 Dei
3110 2827 3569 2880 autemcousccutio

2057 2902 2156 2951 vim
2213 2910 2340 2952 cum.
2983 2937 2986 2940 .
3337 2943 3340 2946 .

2056 2910 2156 2951 t‘tlﬂ
2181 2910 2340 2954 bram.

2058 2984 2111 3036 9.
2140 2983 2307 3036 Nemo
2334 2991 2510 3034 autem
2540 2981 2860 3035 dubitaverit
2885 2981 3008 3049 quin
3032 2980 3200 3033 virtus
3230 2979 3458 3032 animam
3488 2977 3568 3033 fa-

1987 3072 2091 3127 ciat
2118 3073 2390 3142 optimam.
2421 3071 2525 3126 Sed
2565 3072 2859 3126 rectissime
2889 3071 3053 3140 quaeri
3083 3079 3256 3138 potest
3283 3079 3453 3122 utrum
3475 3071 3572 3123 ista

1988 3163 2154 3216 virtus
2176 3162 2334 3215 etiam
2359 3177 2454 3231 per
2483 3176 2600 3215 sese
2622 3203 2636 3226 ,
2669 3176 2733 3214 an
2766 3162 2863 3214 nisi
2894 3161 2943 3214 in
2974 3147 3148 3214 anima
3176 3175 3294 3214 esse
3317 3174 3423 3212 non
3449 3175 3572 3228 pus-

1990 3254 2080 3308 sit.
2115 3252 2364 3307 Oboritur
2410 3253 2598 3306 iterum
2641 3252 2892 3304 altissima
2918 3261 2972 3306 et
3002 3251 3287 3320 longissimi
3313 3250 3574 3304 sermonis

1991 3345 2231 3412 indigens
2273 3343 2494 3412 qmestio
2547 3359 2560 3394 :
2611 3342 2702 3397 sed
2749 3342 2850 3396 hoc
2878 3342 3012 3396 bene
3039 3353 3155 3395 utar
3184 3341 3406 3395 fortasse
3429 3355 3574 3395 com-

1992 3434 2223 3505 pendio;
2272 3448 2428 3502 Spero
2468 3433 2632 3487 Deum
2671 3432 3004 3499 adfuturum,
3053 3440 3109 3484 ut
3133 3439 3382 3500 quantum
3405 3431 3573 3485 imbe-

1993 3525 2182 3578 cillitas
2203 3533 2381 3578 nostra
2410 3524 2604 3592 patitur
2623 3564 2636 3587 ,
2663 3522 2730 3577 de
2757 3523 2914 3577 tantis
2936 3523 3095 3577 rebus
3119 3537 3222 3576 non
3256 3522 3414 3576 modo
3439 3521 3574 3575 dilu-

1995 3614 2142 3677 cide,
2185 3613 2276 3667 sed
2322 3615 2481 3667 etiam
2520 3613 2751 3667 breviter
2789 3612 3094 3668 doceamus.
3119 3612 3400 3679 Quodlibet
3429 3613 3574 3666 enim

1997 3719 2178 3757 eorum
2208 3705 2309 3768 sit,
2338 3704 2449 3757 sive
2479 3703 2635 3758 etiam
2663 3719 2758 3772 per
2783 3718 2903 3758 sese
2925 3719 3042 3758 esse
3072 3704 3238 3773 possit
3265 3704 3432 3757 virtus
3459 3704 3574 3758 sine

1997 3796 2170 3850 anima
2189 3835 2203 3859 ,
2223 3796 2334 3849 sive
2353 3796 2450 3850 nisi
2471 3796 2661 3849 anima:
2685 3796 2858 3850 inesse
2881 3810 2983 3849 non
3012 3796 3193 3864 possit,
3218 3795 3399 3863 procul
3416 3794 3575 3847 dubio

1999 3885 2193 3955 aliquid
2218 3886 2392 3940 anima
2419 3887 2655 3956 sequitur
2680 3895 2735 3940 ut
2757 3887 3000 3940 virtutem
3023 3895 3334 3956 assequatur
3361 3903 3372 3938 :
3399 3885 3448 3939 id
3473 3887 3575 3940 erit

1999 3985 2088 4028 aut
2125 3975 2236 4044 ipsa
2277 3977 2482 4041 anima,
2509 3985 2600 4030 aut
2623 3977 2823 4041 virtus,
2849 3977 3151 4045 autaliquid
3177 3977 3408 4030 tertium.
3443 3978 3509 4030 At
3532 3978 3575 4030 si

2000 4067 2226 4134 seipsam
2271 4067 2506 4135 sequitur
2550 4075 2606 4120 ut
2657 4067 2900 4120 virtutem
2948 4066 3303 4136 adipiscatur,
3356 4068 3574 4120 stultum

2001 4158 2182 4211 nescio
2223 4157 2348 4227 quid
2393 4158 2630 4227 sequitur
2673 4176 2686 4211 :
2731 4159 2888 4212 stulta
2913 4170 2994 4212 est
3019 4159 3160 4213 enim
3187 4168 3308 4212 ante
3332 4159 3576 4228 adeptam

2003 4249 2268 4303 virtutem.
2301 4249 2517 4304 Summa
2545 4257 2668 4303 sunt
2695 4258 2868 4304 autem
2897 4259 3014 4303 vota
3041 4250 3370 4318 sequentium
3391 4289 3406 4315 ,
3441 4258 3496 4303 ut
3527 4250 3577 4302 id

2001 4342 2140 4409 quod
2169 4341 2388 4409 quisque
2413 4343 2650 4409 sequitur
2669 4383 2682 4406 ,
2708 4351 3038 4410 assequatur.
3068 4343 3172 4394 Aut
3200 4341 3356 4409 igitur
3375 4339 3578 4410 optabit

2002 4445 2106 4484 non
2127 4432 2335 4498 assequi
2359 4431 2493 4498 quod
2524 4432 2764 4499 sequitur
2788 4431 2961 4484 anima
2984 4471 2998 4494 ,
3027 4446 3131 4499 quo
3150 4429 3281 4482 nihil
3304 4429 3580 4483 absurdius

2002 4530 2056 4575 et
2093 4521 2388 4589 perversius
2416 4521 2517 4575 dici
2550 4531 2721 4591 potest
2755 4540 2766 4574 :
2798 4530 2887 4574 aut
2913 4537 3032 4574 cum
3053 4536 3108 4574 se
3139 4521 3374 4590 sequitur
3397 4523 3577 4584 stulta,

2002 4613 2239 4669 eamdem
2281 4613 2551 4666 stultitiam
2594 4629 2748 4682 quam
2795 4614 2926 4666 vitat
2967 4614 3283 4682 assequitur.
3328 4613 3381 4669 Si
3406 4622 3580 4666 autem

2001 4704 2246 4758 virtutem
2290 4703 2560 4772 sequitur,
2610 4704 2744 4757 hanc
2781 4704 2989 4773 assequi
3041 4703 3286 4772 cupiens,
3319 4701 3581 4772 quomodo

2002 4796 2240 4864 Sequitur
2272 4795 2320 4847 id
2347 4793 2487 4862 quod
2517 4810 2619 4846 non
2648 4793 2770 4846 est?
2803 4803 2892 4846 aut
2918 4793 3183 4863 quomodo
3214 4793 3415 4860 assequi
3442 4793 3582 4860 cupit

2001 4887 2142 4957 quod
2186 4887 2388 4941 habet?
2437 4889 2543 4940 Aut
2591 4887 2746 4956 igitur
2786 4886 2952 4939 virtus
2996 4895 3074 4939 est
3104 4894 3295 4953 prmtcr
3317 4885 3578 4949 animam;

2002 4987 2092 5032 aut
2117 4981 2158 5032 si
2185 4994 2288 5033 nza
2317 4981 2484 5047 placet
2511 4993 2697 5031 vocare
2721 4978 2966 5030 virtutem
2987 5017 2998 5037 ,
3022 4977 3120 5029 nisi
3150 4975 3384 5029 habitum
3414 4976 3582 5044 ipsum

2003 5079 2056 5124 et
2098 5072 2247 5140 quasi
2295 5071 2547 5139 sapientis
2593 5071 2782 5122 anima:
2833 5069 3170 5137 qualitatem,
3219 5083 3336 5135 qum
3385 5069 3482 5120 nisi
3531 5067 3582 5122 in

2001 5161 2174 5213 anima
2221 5175 2340 5215 esse
2381 5175 2485 5214 non
2528 5168 2730 5230 potest,
2769 5165 2978 5228 oportet
3016 5168 3073 5212 ut
3107 5158 3301 5227 aliquid
3324 5158 3461 5212 aliud
3490 5174 3578 5213 se-

1533 5259 1791 5297 ΔΒΙΟΝΙἸἹΟ
1813 5263 1884 5298 PP.
1908 5266 2312 5301 BBNEDICTINORUM
2318 5287 2329 5300 .

383 5324 770 5402 ΞὲἓῗὲΡὲΗὲξθί
799 5321 1276 5402 51991939391?
1288 5319 1805 5402 είῗὲἶιέἳὲἕῖςῧὲβῗδξίβδθ).
1828 5329 1886 5402 “Si
1906 5335 2011 5378 Μεθ’
2032 5331 2322 5402 Vaticanum.
2354 5332 2574 5402 ῐιεείιιιηε
2593 5329 2872 5402 δοτιηηῖοοε
2900 5337 3027 5402 “‘95:
3058 5332 3328 5402 ῖῖθῖωτίοοε
3343 5332 3482 5402 suos,
3509 5341 3537 5377 “
3547 5334 3570 5381 ί·

313 5385 526 5456 ctorinps
545 5384 762 5456 totidem,
793 5398 823 5456 ε
847 5385 1012 5456 majori
1040 5393 1280 5456 conventu
1304 5387 1751 5456 augustinianorum
1777 5384 1918 5456 raris.
1939 5403 2087 5456 unum
2101 5425 2124 5456 ,_
2136 5392 2192 5437 ad
2214 5384 2648 5456 fl'lieoder‘icensem
2666 5393 2859 5456 optimae
2879 5384 3025 5449 noue,
3038 5392 3096 5440 ad
3123 5384 3583 5456 Gemmeticens'em,

316 5445 684 5517 aruullensem,
716 5445 1112 5517 cisterciensem,
1142 5445 1632 5517 Regio-Montensem,
1653 5450 1984 5512 Vedastinum;
2012 5452 2074 5501 ad
2104 5445 2350 5502 lectiones
2368 5452 2666 5516 Belgicorum
2685 5445 2900 5514 quinque
2927 5466 2954 5500 a
2974 5445 3081 5502 Iov.
3114 5452 3358 5517 vulgatas;
3387 5456 3445 5504 ad
3477 5445 3579 5503 udi-3

318 5507 475 5554 tiones
504 5507 612 5555 Bad.
645 5513 716 5553 Er.
740 5514 846 5555 Lov.
870 5514 921 5555 et
938 5507 998 5556 ad
1018 5509 1341 5556 recentiorem
1362 5509 1565 5560 arnaldi.

398 5588 905 5666 Comparavimus
944 5600 1241 5669 ργιειενεα
1283 5610 1380 5649 eas
1429 5611 1632 5652 omnes
1676 5593 1970 5655 editiones
2006 5594 2190 5656 initio
2235 5594 2775 5658 Retractationum
2822 5597 2882 5655 et
2915 5594 3407 5659 Confessionum
3441 5624 3574 5664 mc—

331 5681 626 5730 moratas.
1333 5671 1418 5729 Μ.

385 5767 400 5797 ⁸
425 5767 540 5816 ωειλ
564 5781 573 5813 ;
602 5777 768 5830 Equos,
795 5770 963 5834 quibus
983 5774 1170 5832 pra'cst,
1195 5767 1292 5834 agit
1311 5784 1367 5821 ac
1392 5769 1526 5834 regit.
1546 5773 1800 5822 Duodecim
1817 5781 1949 5835 Mss,
1983 5771 2083 5823 alit.
