4118 6370
574 435 762 498 quatur
788 423 963 478 anima
985 464 997 488 ,
1018 428 1076 474 ut
1104 418 1151 474 ei
1181 418 1345 473 virtus
1369 417 1533 485 possit
1561 412 1758 468 innasci
1788 431 1798 464 :
1832 413 1954 481 quia
1987 423 2158 477 neque

572 518 705 572 nihil
751 512 1049 585 sequendo,
1097 525 1270 581 neque
1313 507 1588 563 stultitiam
1637 503 1908 574 sequendo
1953 508 2154 570 potest,

573 615 830 678 quantum
856 605 991 659 ratio
1021 617 1139 658 mea
1165 603 1300 667 fert,
1331 599 1398 654 ad
1419 597 1730 668 sapientiam
1753 595 2049 666 pervenire.

643 698 731 754 10.
764 697 874 752 Hoc
895 696 1051 767 igitur
1077 693 1216 749 aliud
1235 733 1247 757 ,
1280 690 1420 761 quod
1451 689 1722 760 sequendo
1749 688 1925 742 anima
1951 685 2156 740 virtutis

573 801 731 863 atque
759 789 1031 859 sapientia:
1055 800 1275 856 compos
1299 784 1354 838 Iit
1372 825 1386 851 ,
1414 791 1505 837 aut
1528 781 1688 836 homo
1710 780 1925 850 sapiens
1944 787 2043 844 est,
2067 786 2157 833 aut

574 875 734 940 Deus.
757 881 861 937 Sed
882 894 1037 950 supra
1064 877 1262 933 dictum
1284 885 1394 942 est,
1425 875 1528 930 tale
1553 872 1802 944 quiddam
1823 869 2156 933 essedebere

571 976 713 1049 quod
757 973 906 1029 inviti
947 971 1190 1026 amittere
1222 982 1567 1039 nequeamus.
1595 965 1724 1032 Quis
1753 978 1883 1019 vero
1904 964 2155 1017 cunctan-

571 1068 695 1124 dum
741 1070 920 1135 putet,
969 1062 1235 1117 hominem
1273 1059 1563 1129 sapientem
1583 1097 1599 1124 ,
1630 1055 1675 1111 si
1701 1070 1822 1111 eum
1851 1052 1998 1123 sequi
2027 1051 2155 1107 satis

569 1155 965 1228 putaverimus,
1014 1150 1208 1206 auferri
1250 1149 1404 1205 nobis
1443 1161 1546 1202 non
1577 1144 1736 1201 modo
1755 1141 2150 1207 recusantibus,

569 1247 664 1304 sed
723 1246 886 1302 etiam
929 1238 1343 1313 repugnantibus
1386 1237 1591 1310 posse?
1632 1237 1770 1292 Dcus
1810 1234 1966 1304 igitur
1985 1241 2148 1287 restat

567 1353 725 1410 quem
755 1338 797 1392 si
826 1336 1097 1404 sequimur
1116 1374 1130 1400 ,
1161 1332 1334 1396 bene;
1365 1330 1408 1384 si
1437 1328 1799 1400 asseqnimur,
1823 1339 1926 1380 non
1952 1333 2152 1378 tantum

566 1431 738 1494 bene,
794 1427 889 1483 sed
933 1424 1092 1481 etiam
1139 1423 1292 1479 beate
1332 1421 1576 1476 vivimus.
1624 1418 1791 1485 Quem
1835 1416 1879 1472 si
1920 1415 2010 1486 qui
2036 1429 2154 1470 esse

567 1528 796 1590 negant,
837 1517 964 1588 quid
1001 1530 1099 1586 ego
1136 1514 1360 1583 cogitem
1391 1525 1496 1582 quo
1523 1511 1626 1565 illis
1654 1522 1902 1564 sermone
1928 1506 2152 1562 suaden-

564 1609 692 1664 dum
737 1608 835 1674 sit,
885 1621 1003 1660 cum
1035 1604 1226 1674 quibus
1249 1611 1423 1657 utrum
1451 1600 1667 1655 omnino
1693 1596 2151 1654 sermocinandum

565 1700 666 1763 sit,
713 1697 932 1753 nescio?
977 1695 1128 1763 Quod
1183 1703 1358 1747 tamen
1407 1691 1451 1745 si
1496 1689 1775 1754 videbitur,
1819 1687 1972 1756 longe
2007 1685 2151 1741 aliud

565 1789 878 1860 principium
899 1829 914 1855 ,
951 1787 1053 1841 alia
1083 1785 1218 1840 ratio
1238 1826 1252 1849 ,
1285 1784 1418 1838 alius
1446 1783 1713 1852 ingressus
1738 1778 2000 1834 ineundus
2028 1787 2109 1833 est
2133 1820 2147 1844 ,
2193 1789 2195 1792 '

563 1894 720 1951 quam
764 1877 1238 1948 imprzesentiarum
1269 1872 1616 1941 suscepimus.
1646 1867 1796 1924 Nune
1826 1869 2000 1938 itaque
2029 1882 2149 1922 cum

563 1972 667 2026 illis
706 1970 835 2025 mihi
877 1981 964 2024 res
998 1979 1112 2032 est,
1145 1967 1234 2038 qui
1260 1967 1424 2021 Deum
1446 1978 1692 2019 essenon
1718 1965 1912 2032 negant
1939 1980 1951 2014 :
1979 1977 2150 2032 neque

571 2063 621 2118 id
663 2070 862 2117 tantum
885 2094 900 2125 ,
930 2059 1022 2114 sed
1052 2058 1209 2114 etiam
1240 2073 1344 2112 non
1376 2055 1442 2110 ab
1473 2064 1538 2110 co
1563 2053 1755 2124 negligi
1785 2068 1871 2108 res
1892 2053 2150 2107 humanas

566 2155 817 2210 fatentur.
866 2151 1076 2206 Nullum
1124 2149 1264 2204 enim
1309 2147 1536 2203 arbitror
1560 2147 1733 2217 aliquo
1763 2145 2029 2216 religionis
2049 2158 2148 2199 no-

563 2246 706 2302 mine
751 2244 951 2308 tcneri,
1000 2243 1088 2313 qui
1143 2256 1245 2296 non
1293 2240 1481 2296 saltem
1520 2239 1711 2294 animis
1745 2237 1941 2292 nostris
1972 2237 2149 2292 divina

563 2335 892 2406 providentia
923 2333 1128 2389 consuli
1155 2332 1439 2387 existimet.

566 2426 792 2484 CAPUT
837 2426 948 2481 VII.
991 2455 1064 2465 —-
1105 2423 1242 2478 Deus
1270 2423 1567 2478 auctoritate
1588 2423 1971 2492 Scripturarum
1997 2424 2147 2478 vesti-

632 2523 845 2594 gandus.
900 2521 1221 2576 (Economiw
1276 2519 1458 2573 divina:
1507 2534 1626 2588 erga
1676 2523 1900 2570 nostram
1938 2517 2150 2570 salutem

636 2615 766 2668 ratio
793 2624 839 2668 et
864 2614 1122 2685 prtvcipua
1146 2611 1400 2682 mysteria.
1429 2611 1641 2666 Summa
1660 2598 1799 2678 ﬁdei.

639 2706 727 2760 11.
773 2703 878 2760 Sed
919 2719 1025 2773 quo
1072 2709 1222 2772 pacto
1252 2701 1521 2770 sequimur
1548 2714 1702 2769 quem
1735 2713 1839 2752 non
1868 2698 2146 2766 videmus;

563 2804 657 2852 aut
699 2793 964 2866 quomodo
991 2792 1263 2856 videmus,
1296 2791 1383 2862 qui
1413 2806 1518 2845 non
1547 2791 1716 2844 solum
1747 2787 1990 2845 homines
2010 2832 2022 2855 ,
2055 2790 2150 2846 sed

560 2890 720 2946 etiam
770 2887 1077 2956 insipientes
1126 2884 1365 2939 homines
1411 2882 1632 2938 sumus?
1669 2881 1978 2952 Quanquam
2006 2881 2149 2937 enim

562 2997 670 3036 non
716 2979 886 3034 oculis
905 3019 919 3044 ,
965 2977 1059 3034 sed
1097 2985 1275 3031 mente
1303 2982 1550 3030 cernatur
1569 3013 1584 3039 ,
1613 2988 1730 3042 quae
1755 2972 1966 3026 tandem
1997 2986 2148 3027 mens

561 3070 749 3128 idonea
788 3069 1010 3140 reperiri
1048 3076 1243 3142 potest,
1271 3082 1388 3138 qute
1424 3081 1542 3121 cum
1572 3065 1809 3120 stultitia:
1834 3065 1971 3120 nube
1994 3065 2147 3121 obte-

562 3178 748 3240 gatur,
781 3169 955 3224 valeat
983 3166 1125 3222 illam
1156 3166 1328 3221 lucem
1356 3162 1440 3220 vel
1469 3163 1629 3219 etiam
1649 3171 1872 3218 conetur
1893 3160 2148 3217 haurire?

563 3259 989 3331 Confugiendum
1036 3267 1118 3314 est
1162 3257 1322 3328 igitur
1361 3255 1428 3311 ad
1470 3269 1656 3311 eorum
1695 3262 1988 3324 praecepta,
2016 3267 2148 3324 quos

559 3351 826 3421 sapientes
867 3348 1028 3404 luisse
1063 3345 1335 3418 probabile
1369 3350 1470 3400 cst.
1515 3343 1781 3400 llactenus
1821 3343 1992 3414 potuit
2013 3343 2148 3400 ratio

561 3439 799 3512 perduci.
845 3437 1168 3494 Versabatur
1210 3449 1468 3502 namque,
1515 3449 1622 3490 non
1666 3433 1885 3489 veritate
1920 3433 2144 3499 certior,

559 3532 655 3588 sed
701 3527 1083 3586 consuetudine
1112 3528 1380 3596 scCurior,
1410 3529 1464 3581 in
1491 3525 1650 3581 rebus
1673 3523 1939 3580 humanis.
1967 3524 2036 3578 At
2057 3523 2147 3579 tibi

559 3623 628 3678 ad
671 3621 848 3678 divina
902 3628 1213 3692 perventum
1253 3627 1368 3686 est,
1409 3616 1602 3674 avertit
1637 3630 1756 3673 sese
1782 3633 1798 3671 :
1825 3614 2014 3672 intueri
2039 3630 2146 3670 non

559 3722 774 3785 potest,
800 3714 1052 3787 palpitat,
1083 3718 1272 3767 aestuat
1291 3751 1306 3776 ,
1336 3710 1503 3764 inhiat
1529 3723 1742 3775 amore,
1774 3705 2146 3763 reverberatur

561 3807 680 3861 luce
725 3805 991 3868 veritatis,
1034 3811 1089 3858 et
1129 3801 1196 3858 ad
1223 3801 1630 3857 familiaritatem
1657 3799 1992 3855 tenebrarum
2019 3813 2142 3852 sua-

559 3913 677 3953 rum
710 3939 726 3964 ,
792 3914 897 3952 non
950 3896 1211 3952 electione
1240 3936 1256 3962 ,
1308 3892 1402 3948 sed
1446 3893 1748 3964 fatigatione
1793 3891 2141 3945 convertitur.

557 3991 725 4056 Quam
777 3989 860 4043 hic
906 3985 1294 4041 formidandum
1339 3990 1457 4050 est,
1499 3997 1658 4052 quam
1688 3979 2047 4045 tremendum,
2076 3995 2144 4035 ne

555 4080 811 4150 majorem
858 4079 979 4133 inde
1018 4077 1281 4146 concipiat
1328 4074 1505 4130 anima
1555 4071 1966 4127 imbecillitatem
1995 4113 2010 4137 ,
2053 4073 2143 4127 ubi

555 4171 787 4240 quietem
836 4171 972 4224 fessa
1019 4167 1302 4237 conquirit.
1341 4165 1481 4234 Ergo
1511 4162 1756 4234 refugere
1782 4163 1832 4217 in
1860 4163 2140 4219 tenebrosa

557 4258 892 4328 cupientibus
922 4272 1016 4327 per
1043 4255 1492 4326 dispensationem
1521 4253 1800 4310 inellabilis
1823 4255 2136 4324 Sapientiw,

557 4353 711 4407 nobis
737 4351 826 4406 illa
851 4349 1084 4420 opacitas
1102 4347 1430 4428 auctoritatis
1452 4354 1717 4413 occurrat,
1737 4356 1791 4401 ct
1811 4347 2139 4402 mirabilibus

555 4454 767 4510 rerum,
799 4443 1120 4513 vocibusque
1148 4443 1398 4496 librorum
1425 4440 1584 4494 veluti
1608 4441 1771 4510 signis
1797 4441 2136 4511 temperatio-

555 4536 700 4590 ribus
725 4535 960 4590 veritatis
979 4577 993 4601 ,
1028 4534 1330 4604 umbrisque
1356 4531 1676 4588 blandiatur.

626 4625 714 4680 12.
759 4625 894 4692 Quid
937 4625 1107 4696 potuit
1147 4639 1245 4695 pro
1286 4624 1456 4679 salute
1494 4633 1675 4678 nostra
1719 4623 1832 4678 ﬁeri
1871 4624 2136 4693 amplius?

560 4719 695 4786 Quid
728 4719 1129 4784 beneﬁcentius,
1161 4717 1286 4788 quid
1311 4717 1582 4772 liberalius
1602 4716 1776 4772 divina
1807 4716 2134 4786 providentia

554 4813 657 4866 dici
689 4821 895 4881 potest,
931 4827 1049 4881 qua:
1076 4827 1105 4864 a
1141 4810 1344 4880 legibus
1373 4809 1484 4864 suis
1510 4808 1780 4864 hominem
1811 4809 2048 4879 lapsum,
2080 4818 2135 4864 et

552 4911 773 4974 propter
805 4903 1145 4974 cupiditatem
1175 4918 1356 4957 rerum
1384 4903 1684 4958 mortalium
1706 4904 1826 4974 jure
1855 4919 1917 4958 ac
1941 4904 2132 4958 merito

555 4996 834 5051 mortalem
861 4995 1097 5049 sobolem
1137 5002 1546 5065 propagantem,
1581 5007 1685 5049 non
1721 4995 1936 5051 omnino
1971 4995 2128 5051 dese—

548 5089 691 5144 ruit?
723 5088 891 5142 llabct
918 5087 1060 5141 enim
1093 5093 1326 5156 potestas
1356 5086 1440 5140 illa
1465 5084 1774 5155 justissima,
1803 5086 1952 5142 miris
1977 5095 2031 5142 et
2053 5087 2132 5141 iu-

550 5177 1120 5249 compreltensibilibtts
1145 5176 1336 5239 modis,
1360 5191 1456 5247 per
1474 5175 1727 5247 quasdam
1750 5178 2130 5234 secretissimas

545 5269 916 5324 successiones
943 5284 1122 5323 rerum
1152 5267 1248 5322 sibi
1283 5269 1623 5324 servientium
1661 5283 1792 5340 quas
1829 5271 2045 5337 creavit,
2076 5279 2130 5326 et

548 5362 888 5417 severitatem
909 5360 1229 5427 vindicandi,
1253 5369 1307 5417 et
1326 5361 1661 5417 clementiam
1682 5363 1956 5418 liberandi.
1976 5364 2126 5432 Quod

545 5453 763 5523 quidem
784 5467 940 5523 quam
958 5453 1027 5506 sit
1051 5451 1348 5522 pulchrum,
1370 5467 1528 5522 quam
1550 5469 1815 5523 magnum,
1839 5470 1995 5524 quam
2020 5455 2127 5511 Deo

549 5543 786 5610 dignum,
818 5558 972 5613 quam
1001 5551 1268 5612 postremo
1294 5541 1344 5596 id
1365 5542 1505 5612 quod
1531 5545 1782 5613 quaeritur
1801 5560 2004 5610 verum,
2034 5561 2126 5602 ne-

549 5649 812 5703 quaquam
857 5633 1151 5703 intelligerc
1191 5635 1482 5704 poterimus
1504 5675 1520 5701 ,
1553 5635 1652 5689 nisi
1689 5637 1757 5691 ab
1800 5636 2044 5693 humanis
2073 5649 2128 5695 et

550 5723 803 5793 proximis
827 5723 1160 5795 incipientes,
1191 5740 1328 5780 verte
1358 5725 1625 5795 religionis
1654 5726 1787 5794 fide,
1817 5732 2124 5800 praeceptis-

1335 291 1423 359 ΒΕ
1459 291 1755 358 ueniens
1792 291 2139 354 ECCLasms
2175 290 2600 363 cantuum,
2642 297 2679 352 s
2740 296 3104 358 aususnon

3712 305 3846 368 1510

2265 426 2366 478 que
2416 415 2671 477 set-vatis,
2717 431 2819 470 non
2870 415 3273 474 deseruerimus
3324 419 3459 474 viant
3505 437 3664 492 quam
3714 427 3844 483 nubi

2264 502 2432 568 Deus,
2464 512 2517 558 et
2545 504 2970 561 Patriarcharum
3013 511 3379 578 segregatione
3399 550 3416 578 ,
3455 520 3509 565 et
3542 512 3698 583 Legis
3725 517 3844 571 vin--

2261 595 2400 659 culo,
2433 605 2489 649 et
2529 596 2910 666 Prophetarum
2941 602 3227 670 praesagio,
3257 610 3310 656 ct
3341 604 3574 673 suscepti
3605 605 3844 664 IIominis

2261 695 2615 751 sacramento,
2646 697 2700 743 et
2723 689 3100 759 Apostolorum
3129 691 3451 761 testimonio,
3478 704 3533 750 et
3555 695 3844 770 Martyrum

2261 777 2554 846 sanguine,
2597 788 2652 834 et
2697 779 2944 835 Gentium
2987 783 3337 852 occupatione
3375 786 3616 841 munivit.
3665 788 3843 857 Quare

2261 869 2512 941 deinceps
2539 888 2698 928 nemo
2726 889 2790 929 ex
2815 890 2902 930 me
2930 885 3134 946 quaerat
3159 879 3478 933 sententiam
3516 893 3687 936 meam
3707 923 3722 947 ,
3748 884 3842 939 sed

2261 960 2436 1029 petitis
2461 962 2740 1017 audiamus
2768 965 3002 1032 oracula,
3025 974 3342 1038 nostrasque
3361 969 3689 1027 ratiunculas
3707 973 3842 1028 divi-

2259 1050 2343 1120 nis
2371 1049 2740 1108 submittamus
2767 1053 3029 1111 aliatibus.

2262 1140 2488 1198 CAPUT
2533 1143 2661 1198 VIII.
2686 1175 2755 1183 —
2781 1144 2918 1200 Deus
2955 1163 3206 1202 summum
3247 1149 3465 1219 bonum,
3505 1168 3604 1223 quo
3645 1169 3838 1211 summa

2721 1253 2893 1290 amore
2916 1239 3116 1294 tendere
3128 1239 3384 1310 jubentur.

2344 1323 2430 1378 15.
2484 1323 2768 1381 Videamus
2812 1329 3258 1397 quemadmodum
3312 1331 3428 1401 ipse
3479 1331 3734 1388 Dominus
3779 1336 3831 1390 in

2257 1413 2542 1484 Evangelio
2568 1416 2720 1470 nobis
2744 1420 3055 1488 praeceperit
3077 1435 3197 1475 esse
3222 1419 3504 1476 vivendum
3527 1437 3543 1488 ;
3570 1423 3836 1493 quomodo

2255 1506 2414 1560 etiam
2443 1506 2634 1562 Paulus
2662 1510 2933 1579 apostolus
2960 1527 2973 1563 :
2999 1512 3094 1566 has
3119 1513 3260 1566 enim
3281 1511 3574 1584 Scripturas
3602 1515 3678 1570 illi
3705 1531 3835 1572 cena

2256 1600 2508 1655 demnare
2555 1618 2656 1656 non
2705 1603 2920 1658 audent.
2971 1604 3264 1660 Audiamus
3305 1621 3430 1676 ergo
3469 1622 3624 1677 quem
3670 1608 3835 1664 linem

2257 1691 2515 1747 bonorum
2548 1695 2719 1760 nobis,
2749 1696 2981 1761 Christe,
3014 1697 3358 1766 praescribas;
3389 1711 3488 1754 nec
3511 1699 3727 1755 dubium
3753 1704 3838 1757 est

2253 1783 2377 1852 quin
2407 1783 2448 1836 is
2477 1784 2577 1838 erit
2607 1784 2724 1838 linis
2744 1828 2758 1851 ,
2789 1801 2892 1855 quo
2922 1801 3020 1841 nos
3048 1801 3259 1843 summo
3298 1804 3481 1845 amore
3507 1790 3723 1846 tendere
3746 1791 3834 1861 ju-

2252 1871 2347 1927 bes
2374 1890 2385 1925 :
2418 1871 2630 1945 Diliges,
2663 1876 2864 1946 inquit,
2894 1877 3164 1932 Dominum
3193 1877 3352 1932 Deum
3391 1890 3549 1934 tuum.
3582 1881 3677 1937 Dic
3706 1881 3836 1938 mihi

2255 1966 2438 2034 etiam,
2462 1983 2641 2037 quaeso
2663 1978 2733 2035 te,
2763 1971 2851 2039 qui
2874 1971 2941 2026 sit
2959 1971 3213 2042 diligendi
3235 1973 3425 2029 modus
3448 1993 3460 2029 :
3487 1991 3677 2032 vereor
3692 1977 3835 2032 enim

2252 2074 2318 2115 ne
2347 2060 2466 2130 plus
2495 2063 2735 2118 minusve
2774 2080 2931 2133 quam
2961 2074 3204 2134 oportet,
3246 2067 3544 2124 inllammer
3571 2068 3838 2126 desiderio

2251 2159 2307 2206 et
2332 2166 2512 2206 amore
2538 2153 2744 2207 Domini
2773 2155 2898 2209 mei.
2924 2153 3007 2209 Ex
3027 2165 3152 2223 toto,
3179 2156 3384 2227 inquit,
3413 2158 3562 2212 corde
3582 2168 3686 2213 tuo.
3719 2159 3836 2215 Non

2251 2243 2510 2298 estsatis.
2541 2239 2622 2297 Ea:
2663 2254 2767 2299 tota
2795 2247 2964 2299 anima
3001 2255 3106 2300 tua.
3139 2246 3216 2303 Ne
3248 2247 3298 2302 id
3328 2249 3541 2317 quidem
3575 2251 3704 2305 satis
3733 2261 3834 2308 cst.

2253 2327 2337 2387 Ea:
2366 2342 2468 2387 tota
2504 2343 2663 2389 mente
2700 2344 2788 2390 tua
2827 2336 3054 2405 (Matth.
3087 2354 3229 2405 xxu,
3269 2339 3391 2413 37).
3422 2341 3559 2407 Quid
3599 2343 3677 2397 vis
3716 2359 3836 2400 am-

2253 2423 2424 2492 plius?
2454 2423 2656 2479 Vellem
2698 2424 2953 2492 fortasse,
2995 2428 3038 2482 si
3083 2428 3316 2484 viderem
3351 2431 3473 2501 quid
3508 2442 3690 2501 posset
3716 2448 3839 2492 esse

2254 2513 2501 2584 amplius.
2531 2514 2664 2581 Quid
2685 2515 2749 2570 ad
2771 2516 2883 2571 lucc
2900 2517 3126 2572 Paulus?
3143 2518 3358 2586 Scimus,
3381 2521 3568 2591 inquit,
3591 2525 3837 2593 quoniam

2258 2604 2577 2675 diligentibus
2603 2606 2762 2661 Deum
2781 2609 2949 2662 omnia
2975 2610 3248 2680 procedunt
3265 2612 3343 2682 (a)
3367 2613 3419 2666 in
3445 2614 3650 2668 bonum.
3679 2616 3835 2673 Dicat

2252 2695 2410 2749 etiam
2449 2697 2560 2766 ipse
2586 2697 2883 2754 dilectionis
2909 2701 3146 2756 modum.
3178 2702 3306 2767 Quis
3331 2712 3477 2775 ergo,
3514 2705 3714 2776 inquit,
3744 2725 3834 2763 nos

2252 2785 2500 2856 separabit
2535 2805 2567 2841 a
2602 2789 2843 2844 charitate
2869 2789 3099 2846 Christi?
3127 2792 3404 2848 Tribulatio
3425 2797 3450 2850 ?
3474 2813 3540 2850 an
3566 2794 3834 2868 angustia?

2252 2894 2317 2929 an
2348 2879 2668 2948 persecutio?
2702 2895 2766 2933 an
2807 2883 3006 2951 fames?
3032 2899 3098 2936 an
3139 2885 3383 2938 auditas?
3421 2902 3487 2940 an
3523 2888 3834 2958 periculum?

2253 2983 2318 3020 an
2360 2969 2597 3037 gladius?
2640 2969 2813 3039 (Rom.
2849 2987 2962 3039 vttt,
3015 2972 3140 3043 28).
3191 2974 3504 3031 Audivimus
3542 2977 3668 3048 quid
3709 2976 3832 3034 dili-

2250 3069 2395 3129 gere,
2434 3070 2488 3114 ct
2511 3071 2764 3130 quantum
2791 3062 3010 3134 diligere
3043 3064 3334 3122 debeamus
3362 3085 3375 3120 :
3404 3081 3472 3123 eo
3509 3079 3592 3125 est
3615 3073 3833 3129 omnino
3871 3107 3877 3112 ~

2253 3149 2608 3219 tendendum,
2653 3154 2719 3208 ad
2751 3155 2802 3209 id
2843 3157 3017 3211 omnia
3059 3157 3278 3213 consilia
3319 3169 3497 3214 nostra
3527 3161 3832 3220 referenda.

2251 3244 2515 3299 Bonorum
2538 3259 2762 3310 summa.
2783 3236 2921 3304 Deus
2944 3248 3093 3304 nobis
3117 3259 3218 3304 est.
3248 3251 3387 3307 Deus
3408 3262 3488 3308 est
3505 3253 3661 3312 nobis
3687 3271 3834 3312 sum-
3929 3265 3934 3270 ‘

2250 3351 2396 3390 mum
2421 3335 2640 3391 bonum.
2665 3338 2844 3409 Neque
2872 3339 3005 3394 infra
3034 3341 3416 3398 remanenddm
3440 3344 3594 3400 nobis
3617 3356 3718 3414 est,
3739 3364 3835 3403 nea

2249 3445 2352 3500 que
2392 3430 2529 3484 ultra
2573 3431 2916 3500 quaerendum
2950 3450 2964 3488 :
2993 3431 3220 3489 alterum
3265 3436 3408 3491 enim
3448 3437 3833 3509 periculosum,

2248 3520 2472 3576 alterum
2503 3513 2706 3576 nullum
2731 3529 2832 3578 est.

2247 3608 2471 3667 CAPUT
2509 3610 2596 3666 IX.
2625 3641 2698 3652 --
2747 3611 3027 3668 Concentas
3058 3613 3250 3671 Veteris
3281 3623 3327 3670 et
3357 3615 3493 3672 Novi
3523 3618 3836 3676 Testamenti

2707 3703 2771 3758 de
2796 3705 3057 3775 prwceptis
3084 3707 3357 3762 charitatis.

2320 3791 2406 3850 M.
2431 3795 2564 3865 Age,
2587 3811 2728 3850 nunc
2754 3796 3152 3867 investigemus,
3175 3798 3256 3853 vel
3276 3798 3451 3868 potius
3466 3801 3832 3871 attendamus,

2246 3894 2441 3956 priesto
2460 3885 2602 3940 enim
2624 3893 2772 3942 estet
2793 3885 3040 3944 facillime
3060 3889 3283 3954 videtur,
3307 3899 3483 3946 utrum
3502 3890 3587 3947 his
3615 3901 3836 3949 sentem

2248 3979 2336 4033 tiis
2372 3991 2438 4034 ex
2466 3979 2753 4049 Evangelio
2781 3988 2940 4049 atque
2972 3981 3224 4050 Apostolo
3253 3982 3501 4050 prolatis,
3534 3984 3692 4039 etiam
3719 3984 3833 4040 Te—

2245 4071 2494 4125 stamenti
2520 4068 2730 4125 Veteris
2757 4071 3043 4126 auctoritas
3072 4080 3348 4142 congruat.-
3385 4072 3520 4141 Quid
3559 4074 3730 4130 dicam
3759 4075 3834 4132 de;

2245 4161 2520 4230 superiore
2557 4161 2848 4226 sententia,
2895 4175 3014 4215 cum
3056 4160 3396 4217 manifestum
3430 4162 3499 4218 sit
3542 4164 3831 4231 omnibus,

2245 4267 2362 4308 eam
2393 4251 2460 4307 de
2487 4252 2600 4322 lege
2627 4268 2746 4322 qua:
2767 4268 2863 4324 per
2888 4253 3103 4324 Moysen
3135 4253 3254 4308 data
3279 4264 3361 4308 est
3379 4296 3395 4320 ,
3427 4269 3547 4310 esse
3570 4255 3830 4326 deprom-

2243 4345 2422 4414 ptam?
2453 4343 2526 4398 lbi
2555 4345 2696 4398 enim
2725 4344 2976 4413 scriptum
3004 4353 3106 4411 est,
3136 4343 3330 4414 Diliges
3359 4343 3631 4400 Dominum
3659 4345 3832 4402 Deum

2243 4447 2404 4503 tuum,
2433 4454 2494 4490 ea:
2521 4446 2623 4490 toto
2649 4439 2798 4490 corde
2822 4447 2924 4502 tuo,
2953 4446 2998 4490 et
3026 4453 3088 4491 ea:
3107 4446 3211 4490 tota
3235 4437 3406 4490 anima
3433 4448 3542 4504 tua,
3567 4448 3612 4492 et
3636 4455 3701 4492 ea:
3721 4449 3833 4494 tota

2241 4540 2403 4583 mente
2449 4538 2534 4582 tua
2572 4527 2759 4598 (Deut.
2790 4544 2870 4595 vt,
2912 4529 3003 4598 5).
3050 4529 3184 4597 Quid
3229 4539 3406 4586 autem
3451 4530 3523 4585 illi
3569 4533 3712 4602 quod
3755 4534 3830 4589 ab

2239 4620 2496 4690 Apostolo
2515 4619 2715 4674 dictum
2738 4629 2839 4688 est,
2863 4635 3171 4690 comparare
3191 4620 3258 4676 de
3278 4621 3455 4677 Veteri
3478 4621 3829 4678 Testamento

2239 4714 2455 4783 possim,
2490 4728 2557 4769 ne
2583 4712 2779 4768 diutius
2805 4726 3097 4783 quazrerem
3119 4713 3230 4782 ipse
3257 4713 3502 4783 subjecit.
3525 4714 3654 4770 Cum
3675 4716 3826 4770 enim

2237 4805 2458 4860 dixisset
2482 4804 2624 4859 nulla
2650 4804 3009 4871 tribulatione,
3039 4804 3184 4859 nulla
3209 4808 3451 4875 angustia
3473 4847 3486 4870 ,
3515 4805 3657 4860 nulla
3690 4821 3826 4874 pcr-

2236 4896 2541 4963 secutione,
2574 4896 2716 4950 nulla
2755 4895 3076 4951 necessitate
3109 4896 3301 4966 inopiae
3330 4896 3640 4965 corporalis,
3670 4897 3825 4952 nullo

2235 4989 2506 5060 periculo,
2536 4989 2684 5044 nullo
2715 4989 2891 5060 gladio
2932 5003 3030 5044 nos
3072 5003 3102 5042 a
3137 4988 3397 5044 charitate
3425 4987 3620 5043 Christi
3657 5004 3823 5060 septa-

2234 5082 2374 5144 rari;
2405 5082 2583 5136 statim
2620 5079 2929 5151 subjunxit:
2959 5079 3105 5135 Sicut
3137 5079 3379 5150 scriptum
3405 5089 3498 5147 est,
3533 5079 3665 5144 Quia
3691 5096 3822 5149 pro-

2235 5183 2346 5244 pter
2365 5183 2412 5226 te
2435 5172 2680 5243 aﬂicimur
2705 5180 2809 5226 tota
2834 5172 2934 5237 die,
2957 5171 3189 5226 a’stimati
3213 5187 3388 5227 sumus
3407 5181 3461 5225 ut
3475 5183 3588 5226 oves
3610 5172 3825 5227 occisio-

2235 5266 2313 5318 m's
2340 5265 2631 5335 (Rom.vnt
2653 5306 2668 5330 ,
2698 5263 2799 5329 58;
2831 5262 2974 5317 Psal.
2999 5277 3159 5330 xuu,
3188 5261 3312 5334 22).
3350 5263 3472 5318 llzcc
3507 5261 3758 5317 iIIisolent
3787 5279 3822 5318 a

2232 5357 2629 5427 corruptoribus
2643 5355 3032 5426 Scripturarum
3052 5354 3288 5409 immissa
3305 5367 3421 5408 esse
3437 5354 3630 5420 dicere,
3646 5367 3825 5424 usque

2233 5451 2368 5506 adeo
2413 5449 2545 5504 nihil
2574 5448 2770 5503 habent
2813 5447 2954 5518 quod
2998 5445 3380 5507 contradicent.
3405 5455 3460 5500 ut
3489 5445 3604 5500 haec
3630 5445 3825 5502 miseri

2231 5539 2557 5612 respondere
2580 5548 2855 5610 cogantur.
2875 5536 2982 5594 Sed
2997 5536 3116 5607 quis
3136 5551 3242 5590 non
3269 5535 3524 5606 intelligat
3537 5535 3821 5590 convicto-

2234 5649 2348 5688 rum
2371 5633 2643 5687 hominum
2655 5631 2809 5686 aliam
2827 5645 2933 5686 non
2949 5643 3065 5685 esse
3082 5628 3314 5698 potuisse
3336 5627 3571 5681 ultimam
3593 5626 3826 5682 vocem?

2291 5740 2364 5801 (ιι)
2387 5745 2474 5786 Pro
2491 5731 2728 5798 stmergei,
2755 5731 2936 5795 legisse
2959 5731 3148 5782 videtur
3171 5727 3439 5779 sunthorei.
