4118 6370
361 318 491 376 1517

422 437 510 492 15.
534 436 578 490 A
598 431 787 503 quibus
812 437 986 484 tamen
1009 440 1206 497 qumro,
1231 431 1404 478 utrum
1432 424 1586 479 istam
1615 422 1930 476 sententiam

350 531 402 585 in
439 526 617 582 Veteri
644 524 984 578 Testamento
1012 533 1132 574 csse
1163 525 1376 588 negent,
1406 531 1472 569 an
1503 528 1608 568 non
1639 525 1933 581 congruere

348 619 625 675 sentcntiae
657 613 964 686 apostolica:
1003 608 1314 665 afﬁrment?
1347 607 1417 661 At
1443 605 1570 660 illud
1605 604 1833 674 prinmm
1866 600 1934 654 lis

350 712 458 766 bris
483 709 724 765 docebo:
759 707 810 760 in
851 705 953 759 hoe
981 711 1158 757 autem
1183 701 1351 755 altero
1388 699 1794 768 tergiversantcs
1830 693 1930 747 ho-

349 805 552 870 mines,
574 811 628 856 et
671 814 764 869 per
788 797 1010 866 abrupta
1042 793 1321 863 fugientes,
1354 799 1444 869 aut
1471 787 1524 843 in
1550 801 1736 858 pacem
1780 799 1932 840 revo-

349 894 504 960 cabo,
531 893 576 946 si
598 887 861 945 voluerint
879 886 1144 956 respicere
1160 872 1507 952 aliquaritu'm,
1527 886 1581 936 et
1595 877 1932 933 considerare

347 986 472 1055 quid
504 984 702 1039 dictum
723 980 824 1045 sit;
855 988 946 1033 aut
969 987 1070 1033 eos
1101 971 1445 1045 intelligentia
1471 978 1810 1033 cancrorum,
1841 967 1930 1037 qui

347 1078 462 1132 sine
482 1075 768 1144 cupiditate
786 1070 1046 1141 judicant,
1081 1065 1401 1122 insectabo‘r.
1427 1062 1564 1130 Quid
1590 1061 1733 1115 enim
1759 1066 1932 1129 potest

338 1167 568 1224 amicius
591 1179 748 1235 quam
773 1163 887 1216 istze
906 1160 1007 1216 sibi
1032 1159 1329 1216 consenare
1353 1149 1807 1210 scntentise‘iNam
1838 1147 1931 1202 tri-

348 1257 567 1324 bulatio,
596 1253 860 1326 angustia,
893 1250 1212 1322 persecutio,
1238 1248 1425 1313 fames,
1453 1239 1687 1310 pud-itas,
1719 1241 1928 1312 pericu-

347 1351 497 1416 lum,
555 1345 827 1402 hominem
880 1343 934 1398 in
986 1341 1087 1395 hac
1139 1339 1245 1394 vita
1305 1337 1647 1392 constitutum
1699 1332 1931 1403 graviter

347 1439 600 1494 afﬁciunt.
623 1435 748 1490 llaec
767 1435 944 1504 itaque
969 1430 1145 1486 omnia
1170 1429 1328 1483 verba
1359 1428 1450 1481 illo
1479 1439 1585 1480 uno
1605 1423 1931 1480 concludun-

345 1541 434 1585 tur
464 1526 764 1584 testimonio
788 1523 985 1579 veteris
1012 1521 1172 1589 chis
1194 1560 1207 1584 ,
1234 1516 1339 1588 quo
1362 1516 1560 1571 dictum
1587 1523 1687 1582 est,
1714 1512 1931 1583 Propter

347 1634 394 1678 te
433 1621 697 1694 efficimur.
738 1615 954 1674 Gladius
993 1613 1263 1679 restabat,
1298 1611 1384 1681 qui
1432 1623 1534 1664 non
1577 1609 1929 1662 arrumnosam

346 1714 509 1769 vitam
546 1711 726 1776 affert,
760 1707 853 1764 sed
899 1721 1058 1776 quam
1105 1703 1366 1758 invenerit
1401 1699 1602 1755 adimit.
1634 1698 1764 1752 lluic
1803 1704 1931 1766 ergo

345 1803 648 1874 respondet,
679 1797 942 1855 /Estimati
970 1813 1141 1851 sumus
1169 1803 1222 1848 ut
1242 1807 1354 1848 oves
1375 1791 1656 1847 occisionis.
1687 1788 1929 1843 Charitas

349 1909 479 1952 vero
509 1897 618 1966 ipsa
651 1908 756 1948 non
784 1889 955 1962 potuit
980 1887 1264 1959 signiﬁcari
1293 1883 1613 1955 expressius,
1642 1894 1800 1951 quam
1826 1891 1931 1950 quo

347 1989 548 2044 dictum
575 1995 677 2054 est,
707 1983 928 2054 Ρνορτεν
956 1990 1020 2036 te.
1041 1979 1144 2034 Fac
1170 1992 1296 2049 ergo
1319 1991 1421 2030 non
1445 1974 1495 2029 in
1513 1972 1678 2028 Paulo
1693 1970 1932 2042 apostolo

341 2091 675 2152 compertum
707 2076 848 2132 istud
876 2072 1267 2137 testimonimn,
1298 2068 1394 2125 sed
1423 2083 1451 2121 a
1483 2081 1568 2121 me
1602 2080 1722 2120 esse
1757 2063 1932 2133 prola-

347 2179 478 2230 tum.
502 2169 890 2239 Numquidnam
911 2165 1007 2220 tibi
1033 2158 1503 2218 demonstrandum
1525 2165 1626 2222 est,
1656 2153 1927 2219 lucreticc,

347 2266 447 2321 nisi
475 2273 567 2319 aut
595 2263 848 2331 scriptum
880 2260 932 2313 in
963 2266 1142 2312 vetere
1171 2255 1309 2324 Lege
1351 2268 1454 2306 non
1491 2265 1639 2315 esse,
1676 2255 1766 2301 aut
1790 2247 1936 2315 Apo-

346 2357 486 2412 s‘tolo
525 2371 631 2410 non
665 2350 984 2408 convenire?
1022 2348 1257 2415 Quorum
1294 2343 1338 2399 si
1380 2341 1507 2396 nihil
1551 2339 1727 2394 dicere
1767 2335 1932 2391 audes

343 2446 586 2519 (urgeris
612 2445 754 2499 enim
795 2457 916 2497 cum
946 2446 1000 2494 et
1025 2437 1191 2493 codex
1220 2436 1441 2505 legitur,
1489 2445 1593 2502 quo
1622 2429 1835 2500 planum
1863 2426 1935 2519 sit

347 2516 600 2608 scriptum
653 2548 804 2599 esse,
855 2539 911 2587 et
950 2529 1194 2584 homines
1241 2525 1540 2593 intelligunt
1588 2520 1655 2574 ad
1695 2519 1744 2572 id
1792 2516 1933 2588 quod

347 2619 630 2700 Apostolus
665 2624 830 2690 dixit,
858 2621 992 2677 nihil
1028 2633 1184 2690 posse
1225 2615 1400 2685 aptius
1440 2610 1790 2678 convenire),
1838 2622 1934 2662 cur

341 2727 474 2790 'ergo
501 2717 678 2772 valere
707 2713 903 2785 aliquid
930 2719 1082 2783 putas
1104 2752 1120 2774 ,
1155 2706 1294 2778 quod
1319 2705 1622 2775 Scripturas
1656 2707 1932 2769 corruptas

348 2825 467 2865 esse
506 2807 812 2864 insimulare
852 2801 1058 2858 audes?
1103 2801 1384 2854 Postremo
1423 2793 1545 2864 quid
1581 2805 1932 2862 responsurus

345 2915 409 2955 es
432 2900 481 2954 ei
510 2899 596 2968 qui
629 2898 721 2952 tibi
749 2896 889 2952 dicat
912 2911 926 2948 :
949 2892 1064 2963 Ego
1092 2892 1167 2945 sic
1188 2889 1441 2958 intelligo,
1468 2887 1577 2956 Ego
1605 2884 1683 2939 sic
1707 2881 1930 2951 accipio,

347 2994 427 3048 sic
464 2991 658 3055 credo;
689 3004 787 3044 nec
825 2987 895 3042 ob
936 2984 1074 3040 aliud
1119 2983 1236 3051 lego
1272 2981 1390 3034 illos
1417 2977 1632 3042 Libros,
1664 2975 1763 3030 nisi
1794 2971 1933 3044 quod

351 3083 422 3136 ibi
462 3082 641 3136 omnia
678 3077 982 3134 christiana:
1021 3073 1140 3128 ﬁdei
1173 3071 1456 3127 concinere
1482 3067 1652 3122 video.
1680 3064 1812 3118 Illud
1835 3078 1932 3134 po-

351 3174 452 3230 tius
485 3173 592 3240 dic,
623 3172 668 3227 si
696 3169 860 3225 audes
886 3176 939 3223 ct
966 3167 1220 3221 adversus
1244 3177 1330 3217 me
1365 3161 1543 3215 dicere
1579 3159 1798 3229 cogitas,
1828 3171 1933 3210 non

349 3279 468 3320 esse
505 3260 832 3318 credendum
876 3256 1016 3327 quod
1055 3252 1296 3325 Apostoli
1335 3258 1391 3307 et
1427 3259 1686 3320 martyres
1722 3257 1935 3318 propter

349 3355 614 3410 Christum
653 3351 826 3406 affecti
865 3349 1114 3420 gravibus
1144 3344 1401 3400 aerumnis
1428 3343 1693 3406 dicuntur,
1725 3340 1864 3411 quod
1903 3353 1935 3395 a

351 3443 781 3518 persecutoribus
809 3450 867 3496 ut
891 3455 1018 3496 oves
1044 3436 1326 3494 occisionis
1348 3433 1589 3490 mstimati
1615 3441 1755 3487 sunt.
1783 3431 1935 3499 Quod

352 3539 396 3592 si
427 3553 530 3592 non
562 3543 712 3606 potes
736 3533 935 3598 dicere,
962 3530 1088 3602 quid
1117 3527 1455 3586 cal'umniaris
1481 3526 1530 3580 in
1561 3541 1666 3596 quo
1690 3525 1825 3580 libro
1854 3524 1935 3579 in-

352 3631 556 3684 veniam
586 3629 625 3692 ¹,
649 3625 788 3697 quod
809 3639 894 3680 me
919 3631 1165 3694 oportere
1190 3618 1409 3676 credere
1434 3616 1703 3672 conﬁteris
1724 3614 1836 3687 (a)?

351 3720 572 3778 CAPUT
610 3719 679 3775 Χ.
705 3748 777 3759 --
821 3716 894 3770 De
932 3714 1039 3770 Deo
1077 3713 1198 3784 quid
1235 3712 1408 3766 doceat
1435 3708 1683 3764 Ecclesia.
1717 3707 1834 3762 Duo
1865 3707 1935 3762 dii

933 3807 986 3862 M
993 3825 1056 3861 an
1063 3805 1353 3860 ichworum.

426 3905 512 3960 16.
541 3904 621 3958 An
652 3902 777 3958 illud
805 3902 962 3965 dicis,
989 3897 1286 3953 concedere
1309 3907 1361 3950 te
1382 3893 1593 3965 quidem
1623 3893 1785 3948 Deum
1817 3907 1936 3948 esse

352 3995 675 4066 diligendum
696 4035 711 4060 ,
742 3991 837 4047 sed
866 4005 969 4045 non
1000 3990 1149 4044 iilutn
1178 3987 1344 4041 Deum
1381 4000 1537 4054 quem
1569 3984 1748 4038 colunt
1776 3984 1810 4037 ii
1846 3982 1936 4052 qui

355 4085 680 4142 Testamenti
709 4083 913 4139 Veteris
940 4079 1310 4135 auctoritatem
1342 4074 1778 4144 recipiunt?Non
1809 4089 1937 4143 ergo

356 4181 504 4235 illum
535 4180 698 4234 Deum
720 4173 999 4230 colendum
1029 4186 1150 4227 esse
1178 4169 1376 4232 dicitis,
1408 4167 1494 4237 qui
1522 4167 1644 4222 fecit
1666 4167 1859 4222 cmlum
1884 4175 1937 4220 et

356 4279 573 4326 terrain.
602 4267 704 4322 Istc
743 4279 971 4333 namque
1010 4277 1105 4332 per
1127 4273 1312 4316 omnes
1340 4267 1515 4328 partes
1553 4257 1759 4312 illorum
1785 4257 1936 4309 volu-

357 4361 557 4416 minum
601 4356 917 4429 pncdicatur
948 4373 962 4408 :
991 4367 1088 4408 vos
1135 4360 1314 4406 autem
1358 4348 1593 4403 fatemini
1634 4349 1937 4402 universum

357 4451 516 4505 istum
538 4448 814 4514 mundum,
843 4445 931 4516 qui
959 4443 1171 4499 nomine
1192 4439 1313 4496 coeli
1336 4449 1390 4495 et
1419 4450 1573 4494 terra:
1593 4439 1936 4508 significatur,

357 4542 556 4598 habere
582 4552 852 4596 auctorem
882 4545 938 4594 ct
963 4537 1331 4592 fabricatorem
1356 4535 1542 4602 Deum,
1573 4543 1626 4588 et
1657 4534 1820 4588 Deum
1846 4534 1940 4588 bo-

356 4648 504 4689 num.
536 4633 666 4687 Cum
709 4630 1019 4701 exceptione
1059 4629 1255 4700 quippe
1300 4626 1572 4682 vobiscum
1623 4625 1938 4696 loquendum

359 4733 460 4788 est,
494 4723 704 4793 quando
734 4724 875 4777 Deus
898 4722 1221 4776 nominatur.
1249 4720 1390 4774 Duos
1415 4721 1556 4773 enim
1587 4717 1744 4786 deos,
1778 4733 1938 4773 unum

359 4817 578 4882 bonum,
603 4815 822 4870 alterum
846 4814 1041 4868 malum
1069 4827 1186 4868 esse
1214 4812 1524 4882 perhibetis.
1556 4809 1704 4878 Quod
1731 4811 1776 4866 si
1805 4810 1939 4865 diei-

362 4908 428 4963 tis
448 4906 621 4961 colerc
645 4919 741 4960 vos
755 4913 810 4960 et
831 4901 1110 4960 colendum
1133 4901 1374 4956 arbitrari
1399 4900 1564 4955 Deum
1592 4916 1621 4954 a
1647 4917 1751 4968 quo
1773 4900 1940 4955 factus

361 5007 442 5054 est
465 4996 716 5064 mundus,
737 5010 840 5050 non
869 5005 1044 5049 tamen
1065 5008 1186 5050 eum
1206 5006 1326 5047 esse
1353 5007 1509 5062 quem
1531 4991 1737 5048 Veteris
1757 4992 1942 5047 Testa-

360 5089 524 5144 menti
549 5086 890 5144 commendat
915 5086 1238 5149 auctoritas;
1268 5082 1604 5154 impudenter
1631 5083 1820 5147 facitis,
1850 5083 1940 5152 qui

359 5181 592 5237 alienum
619 5179 852 5234 animum
891 5187 1050 5248 atque
1083 5174 1402 5232 sententiam
1427 5189 1585 5245 quam
1619 5174 1755 5230 bene
1783 5184 1942 5244 atque

361 5274 562 5329 utiliter
604 5271 968 5342 acceperimus
993 5309 1009 5333 ,
1059 5267 1196 5323 male
1249 5266 1583 5337 interpretari
1635 5267 1939 5335 conamini,

361 5363 555 5418 frustra
576 5363 814 5418 omnino.
841 5360 1024 5430 Neque
1051 5359 1193 5415 enim
1233 5366 1423 5413 vestrae
1457 5358 1630 5413 stulta:
1658 5368 1816 5429 atque
1837 5359 1941 5414 im-

363 5455 464 5525 pia:
493 5454 878 5526 disputationes
910 5451 1018 5506 ullo
1047 5449 1208 5504 modo
1233 5464 1352 5504 cum
1375 5450 1581 5519 piorum
1605 5450 1943 5507 doctissimo-

426 5592 444 5622 ι
462 5595 568 5652 Mss,
590 5589 774 5650 plures,
794 5586 843 5652 in
863 5597 954 5647 quo
973 5583 1096 5636 libro
1114 5583 1342 5646 credam;
1364 5590 1415 5634 et
1450 5584 1683 5650 nonnulli,
1704 5586 1752 5638 in
1773 5598 1864 5652 quo
1884 5587 1941 5638 (i-

365 5648 449 5700 bro
465 5648 692 5714 scriptum
720 5648 932 5699 credam.

425 5735 496 5797 (α)
520 5735 617 5784 vid.
639 5743 837 5784 κρυ-θοι.
857 5733 938 5782 lih.
966 5732 1008 5792 1,
1028 5743 1131 5794 cap.
1153 5730 1200 5791 7,
1221 5743 1267 5778 ιι.
1290 5728 1334 5780 2.

1732 305 1928 360 LlBER
1971 302 2232 361 PRIMUS.

3487 325 3620 384 1518

2041 436 2264 490 rumque
2290 422 2562 478 hominum
2601 428 2962 492 sermonibus,
3003 448 3095 501 per
3132 450 3263 504 quos
3294 439 3342 493 in
3383 441 3618 500 Ecclesia

2037 513 2296 567 catholica
2318 514 2603 584 Scriptura:
2627 517 2726 572 illa)
2757 520 3052 576 volentibus
3079 523 3356 598 dignisque
3375 535 3619 602 aperiun-

2041 607 2162 667 tur,
2207 606 2502 673 comparari
2544 618 2761 676 queunt.
2805 609 2982 681 Longe
3029 629 3246 683 prorsus
3273 619 3424 676 aliter
3459 639 3618 694 quam

2038 693 2232 759 putatis
2260 693 2369 748 Lex
2413 703 2466 749 et
2510 696 2791 767 Propheta:
2821 700 3183 772 intelliguntur
3205 720 3235 760 a
3263 709 3435 765 nobis.
3465 693 3616 769 Desi-

2038 779 2148 834 nite
2191 795 2405 847 errare;
2448 799 2554 840 non
2599 787 2822 844 colimus
2874 792 3213 860 poenitentem
3262 797 3466 866 Deum,
3509 819 3614 860 non

2036 869 2292 940 invidum,
2315 891 2418 928 non
2449 875 2704 946 indigum,
2725 895 2828 933 non
2851 881 3139 951 crudelem,
3163 899 3266 941 non
3292 901 3616 958 quaerentem

2035 959 2102 1015 de
2131 960 2402 1019 hominum
2433 966 2516 1021 vel
2544 982 2798 1036 pecorum
2826 971 3084 1042 sanguine
3122 975 3474 1048 voluptatem,
3508 999 3616 1041 non

2034 1053 2118 1106 cui
2164 1053 2360 1123 ﬂagitia
2409 1065 2462 1112 et
2508 1058 2710 1114 scelera
2755 1061 3034 1131 placeant,
3079 1080 3183 1120 non
3229 1072 3616 1138 possessionem

2033 1156 2184 1199 suam
2230 1155 2385 1203 terra:
2432 1150 2657 1219 quadam
2697 1154 2949 1223 particula
2998 1158 3386 1218 terminantem.
3424 1164 3480 1220 in
3519 1166 3616 1224 has

2034 1233 2176 1288 enim
2201 1243 2360 1306 atque
2389 1238 2688 1309 hujusmodi
2719 1258 2884 1312 nugas
2911 1246 3141 1315 graviter
3177 1251 3494 1324 copioseque
3531 1256 3615 1311 in-

2033 1323 2154 1378 Vchi
2177 1325 2380 1382 soletis.
2399 1329 2575 1396 Quare
2598 1346 2696 1387 nos
2719 1333 2945 1390 invectio
2971 1345 3144 1392 vestra
3169 1355 3273 1394 non
3303 1323 3497 1413 tangit;
3520 1347 3614 1402 sed

2033 1414 2201 1470 aniles
2246 1417 2529 1487 quasdam,
2581 1423 2667 1478 vel
2711 1423 2871 1478 etiam
2914 1428 3140 1494 pueriles
3188 1431 3500 1500 opiniones,
3551 1451 3615 1492 eo

2034 1505 2318 1575 ineptiora,
2349 1523 2455 1579 quo
2479 1512 2875 1570 vehementiore
2903 1519 3142 1574 oratione
3171 1522 3478 1590 pcrvellitis.
3501 1525 3616 1594 Qua

2032 1599 2272 1670 quisquis
2315 1612 2559 1658 movetur
2605 1613 2658 1661 et
2695 1607 2759 1662 ad
2801 1624 2894 1664 vos
2943 1613 3162 1680 transit,
3215 1630 3318 1670 non
3363 1618 3614 1676 Ecclesiae

2033 1701 2231 1746 nostra:
2257 1691 2473 1749 damnat
2504 1694 2832 1767 disciplinam
2853 1741 2867 1766 ,
2896 1702 2990 1757 sed
3020 1718 3136 1759 eam
3167 1722 3224 1762 se
3253 1706 3495 1779 ignorare
3524 1713 3617 1769 dc-

2034 1791 2313 1838 monstrat.

2108 1873 2193 1926 17.
2228 1874 2582 1942 Quamobrem
2631 1878 2674 1933 si
2710 1879 2833 1950 quid
2874 1880 3089 1940 humani
3134 1889 3294 1944 corde
3329 1894 3539 1962 geritis,
3569 1896 3615 1951 si

2035 1977 2178 2018 curae
2207 1965 2357 2020 vobis
2386 1969 2695 2039 vosmetipsi
2721 1970 2869 2038 estis,
2893 1975 3114 2044 qumrite
3141 1979 3314 2046 potius
3338 1982 3616 2054 diligenter

2036 2063 2090 2108 et
2115 2055 2198 2124 pie
2227 2057 2495 2124 quomodo
2520 2058 2608 2113 illa
2637 2059 2898 2118 dicantur.
2932 2063 3167 2131 Quaerite
3189 2109 3204 2133 ,
3238 2069 3415 2126 miseri
3448 2091 3460 2127 :
3495 2091 3616 2129 nam

2037 2144 2195 2199 talem
2236 2144 2424 2212 ﬁdem,
2456 2161 2556 2217 qua
2600 2149 2711 2206 Deo
2740 2152 3120 2212 inconveniens
3141 2158 3336 2230 aliquid
3364 2163 3615 2231 creditur,

2035 2248 2134 2290 nos
2177 2235 2543 2295 vehementius
2587 2248 2641 2295 et
2680 2241 2899 2299 uberius
2937 2260 3282 2316 accusamus;
3322 2268 3441 2306 nam
3472 2264 3523 2309 et
3564 2256 3617 2310 in

2036 2323 2140 2382 illis
2180 2343 2299 2398 qua:
2329 2329 2470 2384 dicta
2513 2342 2666 2400 sunt,
2699 2348 2817 2388 cum
2846 2337 2923 2392 sic
2961 2338 3322 2410 intelliguntur
3362 2353 3415 2399 ut
3443 2346 3618 2402 littera

2035 2426 2224 2487 sonat,
2273 2430 2326 2476 et
2357 2422 2747 2492 simplicitatem
2788 2428 3130 2499 corrigimus,
3178 2441 3231 2487 et
3277 2436 3618 2503 pertinaciam

2035 2508 2360 2566 deridemus.
2387 2512 2454 2567 Et
2477 2514 2576 2569 alia
2599 2516 2783 2582 multa,
2803 2532 2918 2588 qum
2941 2534 3034 2576 vos
3061 2523 3356 2594 intelligere
3376 2541 3480 2580 non
3503 2537 3620 2597 pot~

2034 2598 2188 2669 estis,
2214 2611 2359 2658 vetat
2385 2618 2478 2659 eos
2513 2607 2734 2663 credere
2761 2608 3020 2666 catholica
3049 2612 3322 2684 disciplina
3344 2658 3358 2682 ,
3392 2619 3480 2687 qui
3511 2636 3619 2676 non

2034 2694 2209 2759 annis,
2238 2694 2331 2749 sed
2366 2697 2543 2753 studio
2585 2708 2742 2769 atque
2780 2701 3049 2759 intellectu
3088 2707 3405 2766 excedentcs
3432 2727 3618 2782 quam-

2039 2781 2159 2837 dam
2190 2785 2383 2840 mentis
2411 2787 2707 2856 pueritiam,
2739 2791 2790 2844 in
2815 2805 2976 2848 canos
2996 2795 3268 2865 sapientia:
3300 2781 3619 2868 promOven-

2037 2881 2140 2927 tur.
2164 2872 2295 2929 Nam
2328 2885 2382 2930 et
2420 2877 2645 2934 credere
2671 2880 2836 2935 Deum
2876 2881 2992 2937 loco
3031 2884 3207 2956 aliquo
3232 2891 3470 2958 quamvis
3500 2893 3618 2947 inﬁ-

2035 2966 2179 3030 nito,
2231 2981 2327 3035 per
2370 2970 2677 3037 quantitatis
2721 2987 3068 3045 quaecumque
3109 2979 3278 3046 spatia
3325 2982 3620 3051 contineri,

2035 3064 2195 3125 Quam
2235 3057 2304 3111 sit
2332 3058 2548 3114 stultum
2581 3060 2837 3117 docetur:
2866 3075 2920 3120 et
2954 3065 3020 3120 de
3059 3067 3177 3122 loco
3215 3069 3265 3124 in
3298 3070 3504 3140 locum,
3538 3075 3620 3131 vel

2037 3146 2207 3216 ipsum
2229 3185 2244 3214 ,
2272 3148 2353 3204 vel
2382 3149 2610 3220 aliquam
2637 3153 2751 3222 ejus
2777 3165 2981 3225 partem
3026 3162 3226 3216 moveri
3262 3172 3421 3234 atque
3447 3175 3622 3223 trans—

2037 3239 2114 3294 ire
2137 3281 2152 3305 ,
2201 3239 2443 3297 arbitrari
2471 3243 2620 3299 nefas
2660 3245 2904 3306 habetur.
2938 3249 3070 3320 ~.iam
3111 3268 3240 3307 vero
3283 3256 3476 3325 aliquid
3507 3258 3622 3328 ejus

2039 3331 2348 3387 substantire
2375 3341 2534 3404 atque
2559 3344 2762 3391 natura:
2790 3342 3256 3398 commutationem
3287 3345 3367 3400 vel
3394 3361 3620 3404 conver-

2037 3425 2244 3479 sionem
2279 3425 2519 3496 quoiibct
2555 3428 2715 3484 modo
2757 3430 2866 3500 pati
2903 3443 3060 3503 posse
3098 3434 3142 3488 si
3186 3435 3303 3505 quis
3345 3438 3619 3508 opinetur,

2040 3515 2192 3570 mira:
2231 3515 2512 3573 dementia:
2554 3519 2942 3592 impietatisque
2970 3522 3342 3581 damnabitur:
3371 3527 3439 3582 ita
3479 3529 3537 3584 ﬁt
3566 3539 3622 3585 ut

2041 3606 2181 3676 apud
2204 3621 2302 3662 nos
2324 3608 2658 3665 inveniantur
2674 3613 2820 3681 pueri
2841 3613 3074 3683 quidam,
3093 3617 3180 3687 qui
3206 3616 3428 3672 lmmana
3450 3618 3620 3676 forma

2043 3698 2209 3753 Deum
2237 3701 2500 3770 cogitent,-
2531 3712 2688 3774 atque
2716 3705 2783 3758 ita
2812 3721 2869 3760 se
2896 3707 3091 3762 habere
3120 3710 3486 3780 suspicentur;
3518 3729 3620 3784 qua

2036 3789 2284 3858 opinione
2341 3791 2471 3846 nihil
2513 3802 2597 3848 est
2638 3794 2894 3864 abjectius
2930 3813 2944 3851 :
2983 3796 3075 3852 sed
3115 3798 3447 3856 inveniantur
3495 3803 3620 3858 item

2037 3879 2190 3934 multi
2219 3895 2408 3947 senes,
2455 3883 2542 3952 qui
2573 3883 2685 3953 ejus
2715 3885 3044 3955 majestatem
3067 3930 3081 3954 ,
3112 3904 3216 3944 non
3247 3892 3419 3946 solum
3460 3894 3620 3964 super

2025 3967 2325 4024 humanum
2348 3985 2560 4041 corpus,
2589 3973 2680 4028 sed
2705 3977 2862 4029 etiam
2885 3991 3046 4047 super
3067 3979 3232 4047 ipsam
3255 3991 3487 4037 mentem
3511 3999 3620 4038 ma-

2039 4073 2168 4114 nere
2199 4059 2553 4118 inviolabilem
2580 4071 2737 4133 atque
2758 4065 3264 4136 incommutabilem,
3293 4072 3478 4128 eadem
3507 4074 3618 4144 ipsa

2038 4158 2218 4205 mente
2247 4151 2596 4221 conspiciant.
2626 4154 2768 4221 Quas
2809 4165 3028 4226 :etatcs,
3070 4176 3172 4214 non
3216 4170 3485 4232 tempore,
3527 4166 3620 4221 sed

2039 4241 2236 4296 virtute
2264 4251 2422 4311 atque
2443 4244 2719 4313 prudentia
2744 4247 3123 4304 discernendas
3151 4266 3268 4308 esse
3289 4253 3396 4323 jam
3422 4255 3618 4311 dictum

2038 4339 2141 4386 est.
2167 4332 2318 4400 Apud
2349 4348 2442 4387 vos
2479 4344 2654 4388 autem
2691 4351 2846 4390 nemo
2881 4339 3090 4408 quidem
3122 4345 3381 4410 reperitur
3408 4345 3496 4414 qui
3528 4347 3619 4401 Dei

2040 4421 2389 4475 substantiam
2428 4422 2643 4477 humani
2685 4428 2924 4494 corporis
2974 4429 3282 4496 ﬁguratione
3319 4433 3618 4492 describat:

2041 4510 2134 4565 sed
2165 4527 2351 4567 rursus
2375 4554 2390 4578 ,
2420 4527 2580 4568 nemo
2603 4517 2692 4584 qui
2718 4516 2786 4570 ab
2827 4517 3041 4572 humani
3073 4522 3268 4577 erroris
3297 4523 3414 4580 labe
3437 4527 3618 4596 sejun-

2041 4611 2130 4672 gat
2157 4603 2195 4656 ¹.
2225 4601 2404 4674 Itaque
2430 4603 2502 4660 illi
2529 4619 2662 4676 quos
2687 4607 2835 4676 quasi
2858 4608 3130 4679 vagientes
3165 4612 3413 4670 Ecclesia:
3438 4617 3619 4671 catho-

2042 4693 2159 4749 lica:
2185 4695 2345 4750 ubera
2371 4704 2691 4763 sustentant,
2721 4698 2765 4752 si
2787 4699 2854 4754 ab
2876 4699 3138 4757 haereticis
3172 4719 3278 4759 non
3303 4707 3494 4761 fuerint
3525 4708 3618 4762 de-

2042 4785 2262 4855 praedati
2278 4787 2318 4852 ³,
2342 4800 2437 4856 pro
2455 4802 2552 4842 suo
2567 4788 2792 4859 quisque
2806 4800 2962 4861 captu
2978 4793 3280 4864 viribusque
3296 4797 3618 4860 nutriuntur,

2045 4877 2506 4950 perducunturque
2530 4880 2665 4934 alius
2689 4882 2787 4948 sic,
2815 4883 2949 4936 alius
2977 4893 3154 4940 autem
3187 4887 3284 4952 sic,
3317 4888 3541 4958 primum
3570 4892 3621 4946 in

2044 4968 2215 5023 virum
2243 4968 2566 5040 perfectum;
2589 4972 2782 5028 deinde
2801 4974 2867 5028 ad
2890 4975 3244 5032 maturitatem
3271 4981 3624 5052 canitiemque

2043 5063 2316 5132 sapientim
2344 5065 2677 5132 perveniunt,
2718 5073 2777 5118 ut
2801 5066 2879 5120 eis
2917 5078 3170 5137 quantum
3209 5071 3411 5141 volunt,
3444 5074 3624 5130 vivere

2042 5166 2106 5207 ac
2133 5152 2438 5208 beatissime
2461 5155 2639 5210 vivere
2659 5154 2836 5209 liceat.

2108 5247 2128 5318 ξ
2147 5252 2276 5318 Lov.,
2299 5245 2382 5309 qui
2398 5245 2532 5318 se‘ab.
2563 5245 2762 5318 humani
2777 5246 2959 5318 erroris
2978 5248 3082 5318 tabe
3099 5252 3329 5318 seiunget.
3353 5262 3408 5306 At
3425 5256 3563 5306 abest
3575 5273 3626 5309 se

2043 5312 2204 5380 μίξει
2232 5315 2283 5380 et
2314 5320 2342 5355 a
2373 5309 2892 5380 cateriseditionibus
2918 5309 3168 5380 debetque
3197 5309 3405 5380 abesse;
3428 5319 3540 5380 quia
3559 5322 3626 5370 ibi

2043 5368 2310 5444 luanichzeis
2332 5370 2592 5444 exprobrat.
2612 5373 2901 5444 Augustinus
2917 5373 3045 5436 quod
3065 5368 3294 5444 ﬁcumab
3312 5368 3504 5428 humani
3523 5368 3628 5444 qui;

2043 5428 2155 5497 dem
2175 5429 2387 5497 corporis
2401 5427 2780 5497 conﬁguratione
2802 5427 3010 5497 liberum
3031 5448 3143 5486 esse
3163 5437 3330 5497 velint,
3352 5427 3627 5493 nontamen

2044 5491 2106 5538 ab
2125 5490 2319 5564 humani
2358 5490 2548 5563 erroris
2571 5490 2683 5564 labe
2705 5495 2920 5564 :_quippe
2956 5510 3066 5546 cum
3101 5490 3624 5564 animam'humanam,

2044 5555 2367 5622 quaeutiquei
2382 5555 2533 5622 errori
2552 5555 2769 5604 obnoxia
2790 5555 2882 5616 est,
2905 5561 3251 5622 partemipsius
3268 5564 3353 5612 Dei
3390 5577 3501 5613 esse
3540 5555 3626 5613 doi

2047 5612 2322 5682 gmatizent.
2344 5612 2474 5682 Quod
2494 5624 2833 5682 argumentum
2854 5612 2998 5680 ur'get
3019 5622 3066 5670 in
3087 5612 3210 5673 libro
3229 5612 3442 5676 secundo
3456 5612 3522 5677 de
3542 5612 3627 5678 Cc-

2049 5675 2152 5739 nesi
2173 5681 2335 5739 contra
2353 5675 2648 5739 Manichzéos,
2669 5690 2772 5739 cap.
2794 5678 2842 5737 8,
2864 5675 2956 5728 nit
2971 5682 2987 5729 1
3000 5719 3011 5729 .

2116 5736 2135 5767 ³
2155 5737 2400 5786 Vaticanus
2418 5737 2570 5786 codex
2592 5736 2758 5800 habet,
2780 5736 3043 5804 depravati.
