4118 6370
561 233 697 291 1519

557 349 782 404 CAPUT
809 349 1115 405 XI.-—Dcus
1146 355 1287 408 unice
1317 358 1638 429 diligendus;
1668 363 1873 430 ideoque
1894 382 2145 420 summum

627 438 844 494 hominis
872 441 1076 495 bonum.
1111 443 1218 498 Deo
1254 449 1326 499 nil
1353 450 1566 514 melius;
1593 449 1756 504 Deum
1787 470 1931 507 nemo
1960 458 2143 511 amittit

626 530 811 586 inuitus
839 548 858 587 :
885 536 999 604 quae
1020 545 1138 589 sunt
1166 536 1281 590 duce
1307 539 1614 594 conditiones
1643 545 1826 596 summi
1868 544 2003 614 boni,
2051 564 2141 602 su-

633 622 895 691 pradictae,
927 641 1040 694 cap.
1068 626 1120 679 5.

624 712 712 767 l8.
758 712 970 769 Secutio
1017 714 1174 786 igitur
1217 717 1339 783 Dei,
1393 715 1658 776 beatitatis
1700 725 1965 794 appetitus
2009 736 2136 782 est:

552 805 863 859 consecutio
905 813 1114 870 autem,
1159 807 1270 877 ipsa
1316 809 1559 866 beatitas.
1590 813 1661 866 At
1703 830 1824 868 eum
1871 819 2142 886 sequimur

554 893 860 965 diligendo,
891 899 1266 970 consequimur
1294 917 1455 970 vero,
1489 918 1593 958 non
1622 920 1742 960 cum
1784 907 1885 962 hoc
1923 913 2140 967 omnino

552 985 814 1041 eflieimur
831 988 970 1057 quod
997 998 1078 1044 est
1104 991 1237 1061 ipse,
1271 993 1363 1047 sed
1396 995 1442 1049 ei
1471 997 1717 1064 proximi,
1743 1015 1971 1070 eumque
1994 1005 2141 1058 miri-

551 1078 655 1135 lico
673 1087 726 1132 et
751 1080 1060 1151 intelligibili
1084 1083 1241 1138 modo
1267 1086 1652 1156 contingentes,
1677 1091 1897 1162 ejusque
1919 1095 2139 1151 veritate

550 1177 604 1223 et
625 1170 901 1226 sanctitate
929 1172 1138 1241 penitus
1170 1174 1416 1230 illustrati
1442 1187 1601 1247 atque
1623 1182 2018 1251 comprehensi.
2048 1184 2138 1240 llle

548 1275 779 1331 namque
802 1264 974 1332 ipsam
1001 1264 1180 1320 lumen
1207 1275 1315 1333 est;
1342 1269 1494 1324 nobis
1514 1282 1690 1326 autem
1717 1273 1782 1328 ab
1803 1275 1990 1330 eodem
2013 1277 2135 1331 illu-

545 1353 734 1408 minari
753 1354 893 1410 licet.
906 1355 1188 1412 Maximum
1203 1375 1331 1431 ergo
1342 1362 1482 1432 quod
1499 1364 1562 1418 ad
1578 1364 1782 1420 beatam
1797 1369 1953 1422 vitam
1967 1369 2132 1440 ducit,

545 1445 867 1517 primumque
883 1451 1175 1504 mandatum
1197 1462 1290 1518 est,
1316 1453 1510 1526 Diliges
1528 1456 1797 1512 Dominum
1813 1460 1976 1515 Deum
1994 1474 2135 1518 tuum

553 1552 616 1592 ex
643 1545 746 1591 toto
775 1540 926 1594 corde
954 1543 1038 1595 tuo
1066 1552 1113 1596 et
1154 1543 1323 1598 anima
1351 1555 1397 1599 ct
1425 1558 1606 1602 mente.
1641 1549 1970 1622 Diligenlibus
1991 1556 2132 1611 enim

542 1626 706 1684 Deum
734 1631 904 1686 omnia
944 1635 1220 1703 procedunt
1257 1637 1308 1691 in
1344 1638 1563 1694 bonum:
1588 1641 1942 1708 Quamobrem
1976 1648 2132 1716 paulo

549 1720 820 1789 postidem
843 1723 1070 1779 Paulus:
1093 1723 1269 1782 Certus
1286 1745 1416 1796 sum,
1431 1730 1621 1800 inquit,
1645 1735 1778 1804 quod
1799 1753 1954 1806 neque
1973 1754 2128 1807 mors,

540 1827 696 1883 neque
722 1815 842 1881 vita,
880 1832 1040 1886 neque
1058 1816 1258 1888 Angeli,
1285 1836 1440 1891 neque
1458 1822 1633 1889 virtus,
1673 1842 1832 1896 neque
1865 1829 2126 1900 instantia,

539 1920 694 1973 neque
722 1905 916 1974 futura,
950 1924 1105 1977 neque
1128 1909 1363 1978 altitudo,
1405 1928 1561 1983 neque
1600 1917 1930 1986 profundum,
1976 1936 2131 1990 neque

538 2005 769 2048 creatura
796 1997 898 2049 alia
926 2000 1105 2067 poterit
1132 2016 1222 2054 nos
1255 2017 1493 2071 separare
1525 2020 1556 2056 a
1588 2005 1831 2061 clraritate
1858 2007 1988 2076 Dei,
2018 2027 2130 2080 quin

537 2097 609 2140 est
630 2087 682 2140 in
700 2087 894 2142 Christo
905 2087 941 2141 Ι
945 2106 1029 2143 esu
1053 2090 1264 2144 Domino
1287 2103 1455 2148 nostro
1473 2093 1644 2168 (Rom.
1667 2113 1781 2165 vm,
1798 2099 1888 2166 28,
1909 2101 1996 2169 38,
2012 2101 2124 2175 39).

535 2175 590 2231 Si
609 2177 766 2247 igitur
781 2179 1119 2248 diligentibus
1145 2182 1304 2237 Deum
1325 2187 1500 2240 omnia
1519 2189 1813 2257 procedunt
1834 2191 1884 2246 in
1901 2191 2121 2262 bonum;

535 2278 590 2322 et
612 2284 876 2324 summum
903 2269 1122 2339 bonum,
1153 2274 1294 2343 quod
1323 2277 1480 2331 etiam
1505 2279 1763 2348 optimum
1785 2282 1994 2350 dicitur,
2018 2301 2122 2341 non

537 2358 698 2414 modo
728 2358 1048 2431 diligendum
1078 2378 1197 2419 esse
1224 2381 1382 2421 nemo
1412 2368 1650 2440 ambigit,
1677 2372 1770 2426 sed
1797 2374 1864 2427 ita
1897 2374 2122 2445 diligen-

532 2450 656 2503 dum
684 2460 740 2505 ut
767 2451 895 2505 nihil
918 2453 1145 2522 amplius
1170 2453 1389 2526 diligere
1410 2459 1731 2525 debeamus;
1765 2462 1923 2534 idque
1948 2465 2118 2536 signi-

533 2542 722 2597 ﬁcatur
751 2552 800 2598 et
835 2546 1150 2614 exprimitur
1177 2549 1318 2618 quod
1348 2551 1546 2607 dictum
1565 2563 1666 2621 est,
1693 2555 1777 2610 Ea:
1804 2565 1906 2611 tota
1926 2561 2116 2628 anima,

531 2645 576 2687 et
607 2652 669 2689 ex
695 2645 798 2691 toto
825 2638 994 2701 corde,
1024 2649 1070 2694 et
1099 2657 1161 2695 ea:
1190 2651 1293 2696 tota
1318 2654 1480 2699 mente
1507 2661 1527 2702 :
1561 2647 1700 2716 quis,
1729 2664 1931 2719 qtueso,
1962 2651 2117 2707 dubi-

529 2729 750 2796 taverit,
784 2728 865 2785 his
895 2732 1142 2788 omnibus
1180 2737 1510 2803 constitutis,
1557 2749 1611 2794 et
1656 2740 1952 2798 ﬁrmissime
1995 2760 2115 2800 cre-

531 2819 676 2884 ditis,
711 2819 842 2874 nihil
871 2822 1023 2875 nobis
1049 2823 1190 2878 aliud
1219 2839 1338 2880 esse
1367 2828 1646 2896 optimum,
1674 2831 1740 2885 ad
1783 2833 1922 2902 quod
1950 2835 2118 2905 adipi-

529 2911 783 2966 scendum
811 2915 1117 2982 postpositis
1149 2919 1358 2972 caneris
1387 2918 1637 2978 festinare
1665 2933 1925 2993 oporteat,
1957 2943 2114 2997 quam

528 3001 734 3056 Demn?
757 3003 883 3057 Item
907 3005 948 3057 si
973 3005 1111 3059 nulla
1140 3022 1226 3061 res
1253 3007 1321 3062 ab
1344 3008 1460 3079 ejus
1480 3011 1735 3069 charitate
1755 3031 1851 3070 nos
1874 3027 2110 3088 separat,

528 3091 652 3162 quid
687 3107 806 3147 esse
837 3110 940 3148 non
991 3095 1162 3150 solum
1206 3098 1428 3168 melius,
1474 3101 1567 3157 sed
1598 3104 1756 3159 etiam
1787 3108 1982 3162 certius
2013 3108 2114 3166 hoc

527 3181 668 3234 bono
693 3183 908 3251 potest?

599 3271 683 3326 19.
725 3273 828 3328 Sed
872 3275 1075 3345 singula
1130 3275 1365 3334 breviter
1411 3282 1767 3340 attendamus.
1809 3285 1976 3344 Nemo
2014 3305 2111 3347 nos

527 3362 650 3416 inde
675 3373 918 3432 separat,
959 3367 1209 3422 minando
1251 3379 1499 3427 mortem.
1530 3372 1587 3428 Id
1630 3375 1801 3444 ipsum
1839 3379 1979 3432 enim
2005 3395 2112 3450 quo

525 3454 796 3525 diligimus
821 3457 982 3511 Deum
1018 3459 1057 3525 ¹,
1088 3460 1224 3514 mori
1255 3477 1357 3516 non
1388 3471 1583 3532 potest,
1614 3467 1718 3522 nisi
1745 3467 1869 3524 dum
1896 3486 2001 3524 non
2031 3471 2111 3526 di-

527 3547 640 3616 ligit
668 3549 864 3615 Deum;
897 3564 1016 3604 cum
1046 3566 1189 3606 mors
1237 3553 1348 3622 ipsa
1396 3554 1466 3608 sit
1505 3571 1613 3610 non
1640 3557 1862 3628 diligere
1901 3561 2067 3617 Deum
2090 3604 2105 3627 ,

525 3639 666 3707 quod
697 3641 827 3695 nihil
855 3653 936 3696 est
978 3643 1119 3698 aliud
1161 3660 1318 3714 quam
1360 3647 1408 3700 ei
1451 3648 1734 3719 quidquam
1765 3651 1816 3706 in
1841 3653 2108 3724 diligendo

525 3741 686 3803 atque
714 3734 986 3804 sequendo
1014 3751 1346 3806 praeponere.
1374 3738 1541 3794 Nemo
1571 3741 1693 3797 inde
1715 3756 1924 3813 separat
1950 3747 2106 3815 polli-

525 3823 698 3878 cendo
724 3825 882 3878 vitam
914 3841 926 3877 :
963 3841 1118 3882 nemo
1143 3828 1284 3882 enim
1312 3829 1380 3882 ab
1409 3829 1524 3899 ipso
1550 3831 1693 3887 fonte
1720 3847 1927 3904 separat
1954 3837 2107 3905 polli-

525 3913 694 3969 cendo
734 3930 945 3985 aquam.
990 3916 1106 3972 Non
1154 3929 1365 3988 separat
1414 3923 1632 3990 angelus
1665 3940 1677 3974 :
1711 3941 1813 3978 non
1855 3927 1996 3981 enim
2026 3938 2107 3984 est

523 4007 760 4077 angelus,
779 4023 898 4062 cum
923 4008 1243 4064 inhaeremus
1270 4011 1398 4075 Deo,
1422 4020 1600 4066 nostra
1622 4025 1798 4070 mente
1822 4019 2100 4085 potentior.

521 4096 638 4151 Non
669 4107 881 4166 separat
907 4098 1074 4152 virtus
1104 4116 1115 4151 :
1151 4115 1273 4154 nam
1316 4102 1358 4154 si
1392 4103 1562 4157 virtus
1607 4105 1693 4160 hic
1722 4107 1808 4160 illa
1839 4110 2104 4165 nominata

523 4197 623 4250 est,
644 4204 759 4256 quin
779 4189 1008 4256 aliquam
1036 4198 1348 4258 potestatem
1378 4193 1428 4245 in
1454 4193 1552 4248 hoc
1574 4197 1771 4252 mundo
1791 4199 1968 4268 habet,
1995 4210 2104 4257 toto

523 4277 721 4332 mundo
741 4286 823 4332 est
847 4279 1063 4333 omnino
1090 4280 1364 4335 sublimior
1393 4299 1543 4337 mens
1569 4285 1832 4344 inluerens
1861 4291 1988 4345 Deo.
2009 4292 2102 4348 Sin

522 4370 690 4424 virtus
706 4369 793 4424 illa
819 4370 958 4426 dicta
978 4380 1082 4439 est,
1108 4388 1228 4443 qua:
1256 4375 1418 4444 ipsius
1439 4379 1597 4432 animi
1623 4382 1790 4436 nostri
1810 4385 2101 4443 rectissima

522 4461 732 4516 aliectio
749 4470 830 4517 est
859 4479 871 4514 :
900 4463 944 4517 si
976 4464 1026 4517 in
1055 4463 1159 4518 alio
1188 4474 1286 4532 est,
1319 4467 1456 4522 favet
1477 4477 1534 4524 ut
1557 4471 1937 4544 conjungamur
1957 4478 2098 4544 Deo;

521 4553 565 4607 si
589 4552 640 4606 in
667 4553 818 4608 nobis
842 4563 945 4622 est,
968 4555 1080 4625 ipsa
1109 4557 1400 4628 conjungit.
1431 4559 1544 4615 Non
1574 4575 1821 4633 separant
1844 4566 2101 4625 instantes

519 4645 777 4699 molestiae
821 4663 835 4700 :
873 4644 973 4700 hoc
1011 4646 1153 4701 enim
1194 4648 1420 4706 leviores
1459 4666 1548 4706 eas
1586 4657 1872 4726 sentimus,
1911 4676 2016 4730 quo
2051 4661 2101 4716 ei

519 4735 660 4790 unde
681 4750 777 4791 nos
798 4750 1047 4806 separare
1068 4738 1378 4808 moliuntur,
1404 4743 1600 4798 arctius
1620 4744 1958 4803 inhzeremus.
1985 4751 2097 4807 Non

519 4837 732 4897 separat
759 4829 1041 4899 promissio
1075 4829 1376 4884 futurorum
1412 4850 1427 4887 :
1455 4848 1574 4887 nam
1603 4842 1659 4890 et
1689 4838 1940 4908 quidquid
1976 4842 2098 4897 boni

517 4916 751 4972 futurum
779 4927 892 4985 est,
933 4920 1129 4974 certius
1158 4921 1418 4989 promittit
1448 4923 1616 4990 Deus;
1644 4935 1697 4980 et
1725 4927 1853 4982 nihil
1877 4940 1959 4985 est
1985 4931 2098 5000 ipso

519 5007 630 5063 Deo
669 5008 891 5076 melius,
919 5009 1006 5077 qui
1029 5009 1137 5079 jam
1167 5009 1402 5079 profecto
1432 5011 1566 5068 bene
1591 5015 1688 5069 sibi
1720 5016 2098 5077 inhaerentibus

518 5115 752 5170 praesens
781 5109 881 5156 est.
913 5101 1030 5156 Non
1054 5111 1265 5171 separat
1289 5103 1514 5158 altitudo
1538 5121 1709 5175 neque
1734 5108 2050 5177 profundum
2081 5132 2093 5168 :

517 5191 713 5246 ctenim
736 5191 779 5246 si
802 5191 913 5246 hinc
929 5193 1088 5248 verba
1111 5193 1346 5248 scientia:
1366 5191 1504 5249 forte
1528 5196 1855 5282 altitudinem
1872 5203 1954 5257 vel
1979 5220 2098 5273 pro-

518 5282 736 5339 fundum
762 5285 1093 5354 signiﬁcant,
1126 5300 1230 5338 non
1264 5300 1358 5339 ero
1397 5287 1670 5357 curiosus,
1701 5305 1768 5346 ne
1794 5293 2039 5365 sejungar
2066 5312 2095 5351 a

521 5375 664 5442 Deo;
710 5391 809 5431 nec
835 5377 1146 5448 cujusquam
1175 5377 1412 5432 doctrina
1451 5394 1536 5435 me
1568 5381 1636 5434 ab
1677 5399 1740 5438 eo
1774 5398 2011 5455 separat,
2041 5399 2099 5444 ut

584 5487 599 5516 ¹
626 5485 733 5535 Bad.
752 5492 825 5544 I-‘,r.
847 5493 956 5568 Lov.
985 5495 1039 5559 et
1056 5487 1236 5568 aliqqot
1263 5495 1392 5568 Mss,
1413 5487 1618 5568 idipsum
1641 5493 1765 5568 enim
1785 5497 1913 5567 quod
1931 5498 2096 5568 diligi-

522 5558 645 5615 unus,
675 5557 768 5597 etc.
810 5550 899 5622 Sed
943 5553 1106 5620 verius
1126 5550 1493 5622 editio_ern._et'
1517 5561 1618 5622 ttjss.
1645 5550 1866 5622 quatuor,
1888 5550 2097 5622 idipsum

521 5607 650 5656 enim
670 5622 776 5680 quo,
799 5610 979 5682 scilicet
999 5613 1200 5667 aninuls,
1215 5611 1429 5683 tit-liquet
1451 5627 1511 5663 ex
1534 5607 1677 5678 hujus-
1688 5607 2095 5674 locutionisiiiter;

521 5672 794 5729 prolatione
817 5672 861 5720 in
880 5674 1036 5734 capite
1054 5675 1295 5735 sequenti.

1298 243 1387 302 DE
1430 209 1726 305 uoulnus
1767 250 2116 310 necwsue
2157 255 2584 331 CATIIOLlCrE,
2628 265 2684 320 s.
2727 268 3092 330 aucusrm

3699 291 3839 351 I320

2248 375 2398 440 quasi
2427 375 2676 445 depellat.
2698 397 2935 438 errorem
2954 429 2968 452 ,
2997 404 3024 439 a
3056 404 3162 458 quo
3192 407 3348 448 nemo
3375 409 3593 464 prorsus
3624 402 3726 458 nisi
3753 422 3842 460 se-

2249 473 2462 532 paratus
2483 481 2704 524 erraret.
2727 472 2781 526 Si
2805 491 2929 530 vero
2948 478 3227 536 altitudine
3247 492 3301 539 et
3323 486 3588 561 profundo
3605 506 3838 564 superna

2247 564 2299 610 et
2321 557 2526 614 inferna
2545 561 2701 632 hujus
2724 568 2906 622 mundi
2935 571 3322 643 significantur,
3351 557 3614 648 quis—mihi
3637 557 3836 644 caelum

2246 647 2584 716 polliceatur,
2619 663 2673 708 ut
2712 669 2741 708 a
2771 658 2891 713 εωῐὶ
2921 658 3239 722 fabricatore
3267 669 3551 743 sejungar?
3579 680 3685 732 Aut
3715 682 3836 750 quis

2247 745 2441 794 terreat
2464 740 2718 808 infernus,
2749 756 2807 800 ut
2835 749 2999 806 Deum
3025 753 3288 824 deseram,
3311 740 3469 831 quem
3496 766 3539 820 si
3560 784 3832 840 nunquam

2243 823 2630 898 deseruissem,
2662 833 2864 892 inferna
2904 842 3203 901 nescirem?
3246 848 3542 920 Postremo,
3585 823 3708 927 quis
3746 877 3836 918 me

2243 913 2391 972 locus
2419 919 2485 973 ab
2512 920 2625 990 ejus
2651 924 2909 983 charitate
2936 928 3191 1001 divellet,
3215 938 3304 1008 qui
3334 956 3442 996 non
3469 913 3664 1016 ubique

2240 1013 2404 1072 esset,
2436 1008 2480 1061 si
2509 1009 2614 1063 ullo
2636 1015 3002 1073 contineretur
3020 1020 3178 1077 loco?

2209 1092 2464 1179 -CAPUT
2500 1099 2610 1154 XII.
2634 1102 2983 1163 —Charitate
3025 1111 3132 1168 Deo
3178 1093 3554 1190 connectimur,
3592 1134 3715 1182 dum
3753 1131 3832 1185 illi

2875 1199 2990 1269 subj
2994 1201 3191 1259 icintur.
3267 1209 3270 1211 “

2309 1275 2398 1332 20.
2442 1278 2583 1346 Non,
2620 1283 2808 1354 inquit,
2835 1300 3046 1359 separat
3071 1295 3176 1348 alia
3199 1308 3451 1358 creatura.
3479 1304 3524 1360 Ο
3543 1307 3830 1368 altissimo-

2238 1382 2355 1421 rum
2386 1369 2765 1442 mysteriorum
2790 1380 2960 1436 virum
2985 1385 2998 1437 ε
3031 1385 3146 1440 Νοιι
3177 1388 3273 1444 fuit
3299 1404 3582 1453 contentus
3609 1399 3790 1458 dicere
3809 1445 3824 1470 ,

2237 1466 2506 1524 creatura;
2536 1463 2650 1530 sed,
2679 1466 2804 1535 alia,
2836 1468 3032 1540 inquit,
3067 1486 3320 1547 creatura,
3346 1482 3638 1543 admonens
3661 1493 3823 1547 etiam

2237 1544 2462 1616 idipsum
2486 1566 2592 1620 quo
2619 1552 2886 1625 diligimus
2918 1559 3107 1629 Deum,
3136 1575 3189 1621 et
3217 1544 3321 1637 quo
3348 1570 3661 1632 inhaeremus
3685 1544 3814 1648 Deo,

2237 1634 2288 1689 id
2319 1647 2400 1691 est
2427 1640 2662 1698 animum
2706 1655 2865 1716 atque
2907 1661 3142 1709 mentem
3185 1667 3488 1718 creaturam
3532 1679 3665 1722 esse.
3696 1671 3820 1727 Alia

2233 1741 2361 1796 ergo
2385 1739 2632 1814 creatura
2667 1749 2860 1807 corpus
2896 1749 2980 1796 est
3009 1760 3022 1796 :
3051 1753 3107 1800 et
3133 1747 3178 1801 si
3215 1749 3425 1806 animus
3460 1769 3549 1809 res
3576 1760 3821 1827 quredam

2234 1825 2317 1870 est
2342 1812 2707 1892 intelligibilis,
2739 1826 2792 1882 id
2817 1837 2899 1884 est
2922 1847 3039 1901 qua:
3071 1843 3272 1892 tantum
3296 1812 3641 1914 intelligendo
3662 1812 3819 1903 inno-

2231 1908 2416 1974 tescit,
2449 1911 2548 1965 alia
2588 1924 2830 1971 creatura
2859 1928 2941 1976 est
2978 1938 3140 1979 omne
3181 1929 3454 1998 sensibile,
3473 1908 3536 1987 id
3573 1946 3655 1990 est
3679 1938 3823 2007 quod

2229 2013 2326 2068 per
2349 2003 2550 2070 oculos,
2577 2007 2661 2061 vel
2701 2023 2877 2078 aures,
2918 2014 3003 2068 vel
3042 2015 3289 2074 olfactum
3313 2063 3328 2086 ,
3358 2025 3442 2078 vel
3471 2035 3702 2095 gustum,
3735 2031 3822 2085 vel

2229 2097 2424 2144 tactum
2448 2135 2462 2159 ,
2494 2097 2644 2164 quasi
2687 2101 2969 2168 quamdam
3011 2108 3251 2164 notitiam
3292 2113 3372 2167 sui
3406 2117 3634 2184 prcebet;
3662 2130 3822 2190 atque

2228 2178 2281 2234 id
2311 2181 2546 2240 deterius
2584 2189 2654 2243 sit
2696 2206 2916 2250 necesse
2954 2207 3066 2264 est,
3097 2218 3255 2269 quam
3301 2208 3440 2275 quod
3468 2210 3817 2282 intelligentia
3901 2255 3911 2266 .
3954 2233 3960 2240 ·

2226 2273 2340 2327 sola
2357 2276 2581 2344 capitur.
2608 2280 2748 2352 Ergo
2769 2298 2888 2338 cum
2912 2289 3073 2343 etiam
3094 2291 3232 2349 Deus
3254 2295 3425 2366 dignis
3445 2301 3638 2356 animis
3658 2315 3816 2360 notus

2225 2379 2331 2420 non
2355 2367 2454 2422 nisi
2484 2384 2580 2440 per
2606 2372 3003 2447 intelligentiam
3035 2385 3203 2453 possit
3227 2402 3368 2456 esse,
3397 2406 3516 2446 cum
3547 2403 3724 2450 tamen
3747 2399 3818 2452 sit

2224 2453 2336 2524 ipsa
2368 2474 2469 2527 qua
2511 2460 2822 2534 intelligitur
2864 2480 3043 2527 mente
3087 2453 3446 2548 prmstantior;
3492 2485 3690 2556 quippe
3721 2487 3814 2557 qui

2223 2558 2434 2604 creator
2459 2553 2575 2622 ejus
2602 2564 2759 2627 atque
2783 2570 2968 2616 auctor
3003 2571 3429 2631 est;‘verendum
3459 2586 3576 2631 erat
3604 2594 3671 2633 ne
3698 2581 3814 2634 ani-

2222 2655 2340 2695 mus
2362 2642 2643 2714 humanus,
2668 2664 2734 2704 eo
2754 2652 2893 2721 quod
2922 2655 3060 2711 inter
3084 2659 3373 2717 invisibilia
3393 2675 3448 2720 et
3466 2667 3810 2740 intelligibilia

2219 2743 2548 2805 numeratur,
2572 2739 2808 2809 ejusdem
2832 2759 2890 2800 se
2912 2757 3115 2805 natura:
3135 2752 3483 2812 arbitraretur
3495 2775 3634 2824 esse,
3654 2763 3806 2832 cujus

2219 2831 2301 2877 est
2327 2823 2438 2894 ipse
2467 2829 2553 2897 qui
2585 2834 2813 2900 creavit;
2845 2846 2898 2890 et
2927 2838 3005 2892 sic
3043 2841 3110 2895 ab
3138 2857 3202 2897 eo
3228 2848 3475 2914 superbia
3499 2849 3808 2921 decideret,

2217 2913 2301 2967 cui
2345 2915 2603 2974 charitate
2645 2922 2951 2994 jungendus
2998 2938 3099 2983 est.
3154 2932 3238 2986 Fit
3282 2913 3425 2991 extim
3473 2938 3583 2992 Deo
3622 2913 3810 2999 similis

2217 3014 2467 3073 quantum
2489 3007 2670 3064 datum
2693 3021 2797 3080 est,
2818 3013 2943 3070 dum
2963 3017 3330 3078 illustrandum
3355 3026 3428 3080 illi
3449 3036 3603 3099 atque
3621 3022 3813 3087 illumi-

2218 3095 2452 3152 nandum
2481 3113 2538 3154 se
2563 3101 2790 3172 subjicit.
2822 3104 2888 3160 Et
2923 3108 2968 3162 si
3006 3112 3237 3169 maxime
3267 3116 3314 3169 ei
3346 3095 3659 3189 propinquat
3683 3124 3810 3177 sub'

2210 3185 2442 3256 jeetione
2471 3190 2568 3246 ista
2597 3208 2699 3262 qua
2743 3195 2930 3252 similis
2973 3201 3060 3266 lit,
3100 3203 3260 3274 ionge
3286 3205 3354 3260 ab
3381 3185 3458 3262 eo,
3479 3185 3569 3264 liai
3592 3227 3810 3269 "006538

2213 3284 2296 3331 est
2320 3279 2536 3334 audacia
2563 3298 2666 3352 qua
2697 3285 2807 3340 vult
2835 3301 2956 3344 esse
2997 3291 3243 3347 similior.
3293 3296 3410 3366 Ipsa
3439 3307 3519 3353 est
3550 3317 3650 3370 qua
3685 3304 3698 3334 ¹
3730 3303 3810 3358 le-

2213 3368 2364 3438 gibus
2395 3370 2487 3425 Dei
2515 3373 2887 3446 obtemperare
2915 3378 3207 3452 detrectat,
3235 3385 3362 3441 dum
3389 3402 3498 3443 sua:
3526 3368 3806 3460 potestatis

2214 3473 2332 3513 esse
2358 3462 2502 3531 cupit
2527 3472 2581 3517 ut
2610 3465 2746 3521 Deus
2776 3476 2876 3523 est.

2283 3549 2372 3604 21.
2416 3552 2624 3618 Quanto
2649 3571 2775 3627 ergo
2802 3560 2967 3630 magis
3011 3562 3164 3634 longe
3211 3566 3433 3625 discedit
3463 3587 3492 3625 a
3521 3573 3663 3642 Deo,
3693 3592 3801 3632 non

2213 3639 2348 3705 loco,
2371 3645 2462 3696 sed
2486 3644 2765 3703 affectione
2790 3661 2946 3721 atque
2967 3656 3253 3724 CUpiditate
3279 3660 3343 3713 ad
3369 3662 3618 3718 inferiora
3641 3682 3801 3736 quam

2211 3744 2290 3787 est
2321 3735 2431 3803 ipse
2452 3778 2465 3801 ,
2501 3747 2645 3792 tanto
2671 3743 2837 3811 magis
2876 3746 3094 3802 stultitia
3128 3749 3441 3822 miseriaque
3477 3735 3799 3826 completur.

2210 3825 2503 3883 Dilectione
2528 3831 2684 3900 igitur
2711 3835 2846 3889 redit
2878 3837 2927 3889 in
2963 3838 3166 3907 Deum,
3199 3858 3300 3911 qua
3327 3860 3384 3899 se
3415 3847 3491 3901 illi
3519 3825 3624 3902 non
3654 3865 3799 3904 com-

2210 3932 2410 3986 ponere
2430 3961 2444 3984 ,
2475 3921 2566 3976 sed
2594 3937 2892 3992 supponere
2933 3927 3162 3984 all'ectat.
3195 3929 3347 4000 Quod
3392 3948 3589 4006 quanto
3615 3939 3800 3996 fecerit

2210 4006 2496 4064 instantius
2524 4027 2585 4066 ac
2623 4015 2931 4082 studiosius,
2977 4028 3123 4075 tanto
3160 4024 3264 4077 erit
3295 4025 3500 4081 beatior
3524 4039 3679 4099 atque
3703 4048 3797 4086 su-

2208 4097 2451 4168 blimior,
2482 4112 2536 4157 et
2561 4105 2649 4158 illo
2686 4107 2802 4161 solo
2831 4109 3137 4168 dominante
3180 4115 3500 4174 liberrimus.
3532 4097 3798 4189 Quamob-

2208 4204 2320 4244 rem
2351 4207 2509 4247 nosse
2537 4193 2695 4250 debet
2720 4213 2776 4251 se
2799 4213 2917 4254 esse
2938 4211 3256 4258 creaturam.
3287 4207 3452 4262 Debet
3477 4213 3614 4264 enim
3641 4228 3793 4268 crea-

2207 4287 2379 4335 torem
2403 4297 2554 4336 suum
2577 4287 2794 4342 credere
2816 4291 2967 4344 sicuti
2995 4303 3094 4359 est,
3121 4295 3408 4352 inviolabili
3431 4311 3481 4353 et
3501 4296 3794 4358 incommu-

2207 4369 2354 4424 tabili
2376 4386 2586 4442 semper
2609 4391 2823 4432 manere
2844 4390 3027 4435 natura
3051 4385 3288 4441 veritatis
3309 4400 3463 4458 atque
3479 4382 3750 4459 sapientia:
3772 4415 3787 4447 :

2207 4457 2258 4512 in
2291 4474 2348 4514 se
2379 4472 2554 4517 autem
2584 4466 2775 4522 cadere
2806 4485 2962 4538 posse
2991 4475 3266 4529 stultitiam
3293 4488 3444 4548 atque
3483 4480 3743 4538 fallaciam
3771 4529 3787 4554 ,

2212 4549 2294 4602 vel
2325 4559 2541 4620 propter
2566 4568 2776 4611 errores
2820 4559 3010 4627 quibus
3040 4565 3158 4616 exui
3199 4565 3492 4634 desiderat,
3520 4549 3787 4630 confiteri.

2206 4636 2309 4692 Sed
2338 4655 2522 4697 rursus
2547 4659 2737 4700 cavere
2765 4647 2953 4716 debet,
2987 4667 3052 4706 ne
3093 4654 3159 4708 ab
3185 4656 3347 4724 ipsius
3375 4658 3465 4714 Dei
3500 4663 3788 4732 charitatc,

2203 4743 2306 4798 qua
2326 4732 2680 4789 sanctiﬁcatur
2708 4743 2762 4790 ut
2789 4738 3126 4798 beatissimus
3153 4757 3380 4817 maneat,
3405 4749 3619 4806 alterius
3640 4769 3790 4810 crea-

2205 4825 2358 4884 tura),
2384 4821 2435 4875 id
2467 4834 2548 4877 est
2583 4824 2738 4896 hujus
2768 4832 3031 4887 sensibilis
3062 4835 3242 4891 mundi
3282 4855 3462 4896 amore
3491 4856 3784 4912 separetur.

2203 4907 2318 4963 Non
2347 4910 2508 4981 igitur
2533 4927 2742 4983 separat
2769 4933 2865 4973 nos
2895 4923 2991 4974 alia
3022 4935 3283 4992 creatura,
3326 4930 3583 5000 siquidem
3608 4926 3662 4989 et
3689 4951 3785 4992 nos

2204 5000 2303 5070 ipsi
2321 5011 2557 5057 creatura
2580 5021 2778 5073 sumus,
2804 5025 2832 5063 a
2859 5011 3116 5070 charitate
3139 5017 3250 5083 Dei,
3275 5036 3391 5089 quin
3408 5032 3490 5076 est
3507 5023 3558 5078 in
3577 5025 3786 5083 Christo

2203 5090 2326 5146 Jesu
2361 5093 2581 5151 Domino
2616 5107 2820 5153 nostro.
3464 5103 3466 5105 ’

2202 5181 2427 5238 CAPUT
2461 5185 2595 5240 XIII.
2619 5213 2689 5227 -——
2713 5189 2813 5243 Per
2850 5191 3102 5249 Christum
3134 5207 3180 5251 et
3223 5201 3331 5269 ejus
3373 5201 3623 5271 Spiritum
3653 5209 3784 5278 jun-

2631 5281 2796 5349 gimur
2817 5283 3212 5353 inseparabiliter
3233 5288 3358 5344 Deo.

2271 5367 2360 5421 22.
2404 5369 2552 5423 Dicat
2580 5371 2734 5427 nobis
2762 5375 2899 5429 idem
2929 5375 3122 5434 Paulus
3142 5423 3154 5445 ,
3183 5383 3301 5446 quis
3329 5384 3427 5439 iste
3453 5386 3519 5440 sit
3543 5386 3787 5446 Christus

2199 5456 2358 5512 Jesus
2384 5458 2638 5515 Dominus
2683 5474 2906 5520 noster:
2951 5467 3162 5537 Vocotis,
3209 5473 3408 5542 inquit,
3451 5479 3786 5546 prcedicamus

2265 5569 2280 5599 ί
2318 5574 2391 5616 Er.
2430 5575 2538 5643 Iov.
2583 5578 2635 5620 et
2670 5580 2800 5643 Arn;
2826 5586 2932 5638 Ipsa
2958 5585 3027 5643 est
3045 5593 3168 5643 qum.
3193 5590 3248 5632 At
3265 5591 3369 5633 Mss.
3392 5594 3441 5636 et
3462 5587 3570 5636 Bad.
3591 5588 3774 5642 habent

2203 5642 2314 5716 quq,
2335 5631 2580 5700 etltnelius
2602 5646 2613 5681 :
2637 5631 2903 5716 exl'tlieatulr
2924 5631 3146 5692 nimirum
3164 5631 3274 5706 quae
3294 5631 3374 5697 illa
3392 5631 3678 5712 simulauit,

2207 5692 2306 5740 vult
2327 5695 2511 5739 animus
2533 5707 2643 5744 esse
2663 5692 2745 5745 Dei
2765 5700 2978 5750 similior.
