4118 6370
332 423 462 483 1521

328 536 581 594 Christum
611 534 707 591 Dei
758 531 1001 588 Virtutem
1048 542 1092 587 et
1139 531 1236 588 Dei
1277 534 1595 602 Sapientiam
1622 532 1681 608 (Ι
1711 537 1828 591 Cor.
1861 553 1910 600 ι,

327 627 422 696 23,
458 627 531 683 24
553 627 593 696 ).
620 625 794 695 Quid?
835 624 949 696 ipse
972 623 1220 681 Christus
1246 639 1424 679 nonne
1451 624 1636 695 inquit,
1670 624 1780 698 Ego
1802 643 1915 680 sum

338 718 572 774 Veritas!
594 717 651 775 Si
677 731 806 787 ergo
826 716 1112 786 quarrimus
1138 716 1262 786 quid
1288 715 1357 769 sit
1383 717 1517 771 bene
1540 717 1738 782 vivere,
1761 717 1812 771 id
1833 725 1915 772 est

328 813 396 868 ad
422 810 804 867 beatitudinem
842 809 980 864 bene
1006 808 1231 863 vivendo
1275 808 1527 876 tendere,
1569 808 1621 863 id
1651 811 1749 864 erit
1789 825 1913 879 pro-

328 903 467 959 fecto
494 916 675 957 amare
702 900 985 965 Virtutem,
1015 914 1195 953 amare
1222 898 1567 969 Sapientiam,
1600 914 1782 954 amare
1807 899 1911 955 Vc-

326 994 560 1057 ritatem,
589 1000 644 1047 et
668 1006 849 1046 amare
879 1005 944 1045 ex
973 997 1083 1045 toto
1111 989 1296 1055 corde,
1329 1000 1380 1043 et
1407 1006 1472 1045 ex
1505 999 1610 1045 tota
1640 991 1834 1056 anima,
1860 1000 1914 1046 ct

322 1096 391 1137 ex
426 1089 533 1135 tota
576 1089 783 1145 meme;
815 1078 1074 1132 Virtutem
1118 1094 1236 1149 quae
1282 1077 1596 1133 inviolabilis
1627 1087 1682 1135 et
1714 1080 1910 1135 invicta

325 1180 437 1238 est,
467 1168 790 1242 Sapientiam
817 1169 900 1224 cui
928 1168 1152 1224 stultitia
1191 1184 1295 1224 non
1328 1170 1591 1238 succedit,
1624 1169 1910 1225 Veritatem

324 1279 443 1335 qua:
467 1262 703 1318 converti
743 1272 902 1332 atque
939 1262 1092 1316 aliter
1130 1277 1287 1332 quam
1318 1277 1528 1331 semper
1556 1271 1638 1317 est
1665 1279 1783 1318 sese
1814 1264 1909 1319 ha-

325 1355 454 1411 bere
474 1369 579 1408 non
605 1351 771 1407 novit.
800 1351 902 1406 Per
931 1351 1069 1406 hanc
1094 1352 1207 1421 ipse
1235 1352 1470 1407 cernitur
1493 1352 1682 1419 Pater;
1710 1354 1909 1409 dictum

323 1454 408 1500 est
432 1445 573 1499 enim
605 1462 619 1497 :
653 1441 818 1497 Nemo
842 1443 971 1497 venit
1001 1442 1069 1495 ad
1096 1442 1329 1509 Patrem,
1370 1443 1469 1498 nisi
1497 1461 1585 1515 per
1613 1462 1688 1500 me
1713 1444 1907 1516 (Joan.

327 1550 440 1602 xw,
468 1532 562 1607 6).
593 1534 727 1589 Huic
756 1534 1016 1588 haeremus
1042 1548 1138 1604 per
1176 1533 1668 1591 sanctificationem.
1707 1536 1912 1591 Sancti-

324 1627 463 1683 ficati
489 1627 629 1682 enim
656 1627 810 1698 plena
841 1635 894 1681 et
936 1626 1139 1695 integra
1166 1625 1427 1680 charitate
1460 1625 1778 1697 flagramus,
1807 1643 1908 1697 qua

324 1720 437 1775 sola
475 1717 704 1774 efficitur
733 1727 789 1773 ut
827 1733 857 1773 a
897 1718 1006 1771 Deo
1035 1733 1139 1771 non
1169 1727 1477 1771 avertamur
1497 1758 1511 1781 ,
1554 1719 1705 1787 eique
1737 1718 1909 1787 potius

324 1826 485 1883 quam
511 1810 634 1865 huic
660 1809 860 1865 mundo
887 1808 1284 1865 conformemur
1310 1828 1320 1862 :
1348 1808 1732 1864 Prtedestinavit
1756 1812 1903 1876 enim,

324 1914 382 1958 ut
420 1904 495 1957 ait
538 1902 676 1957 idem
723 1901 1040 1972 Apostolus,
1091 1902 1373 1971 conformes
1413 1917 1502 1955 nos
1532 1901 1644 1970 ﬁeri
1676 1901 1909 1974 imaginis

323 1991 449 2047 Filii
474 1994 583 2064 ejus
610 1990 797 2063 (Rom.
828 2007 941 2055 VIII,
970 1990 1094 2061 29).

394 2084 486 2138 25.
529 2083 614 2137 Fit
644 2097 773 2153 ergo
801 2097 897 2154 per
922 2081 1231 2137 charitatem
1262 2090 1320 2135 ut
1347 2079 1741 2137 conformemnr
1770 2083 1907 2150 Deo,

322 2183 377 2231 et
406 2190 468 2230 ex
503 2189 570 2229 eo
601 2172 917 2229 conformati
957 2180 1117 2242 atque
1157 2170 1498 2241 configurati,
1532 2180 1586 2226 et
1609 2172 1906 2228 circumcisi

323 2266 389 2321 ab
420 2265 523 2319 hoc
550 2264 778 2330 mundo,
825 2280 931 2319 non
960 2260 1347 2317 confundamur
1372 2278 1490 2317 cum
1523 2263 1585 2317 iis
1612 2279 1729 2334 qum
1756 2264 1909 2322 nobis

323 2355 518 2411 debent
541 2370 659 2409 esse
682 2354 939 2424 subjecta.
968 2354 1051 2407 Fit
1072 2362 1247 2407 autem
1270 2352 1373 2408 hoc
1396 2369 1490 2423 per
1512 2353 1766 2423 Spiritum
1788 2371 1912 2410 san-

318 2458 485 2503 ctum.
521 2447 650 2518 Spes
677 2448 828 2513 enim,
860 2447 1047 2517 inquit,
1078 2462 1176 2499 non
1206 2446 1503 2517 confundit;
1533 2446 1771 2513 quoniam
1797 2451 1912 2502 cha-

321 2542 444 2595 ritns
488 2540 580 2593 Dei
617 2539 805 2607 diffusa
840 2548 914 2594 est
950 2539 1004 2593 in
1045 2538 1277 2593 cordibus
1317 2540 1500 2592 nostris
1541 2556 1629 2609 per
1655 2538 1910 2609 Spiritum

321 2642 548 2684 sanctum
576 2631 661 2701 qui
703 2630 852 2684 datus
890 2639 961 2684 est
1004 2628 1145 2683 nobis
1176 2629 1194 2701 (
1219 2626 1305 2681 Id.
1348 2644 1383 2683 v
1402 2671 1416 2695 ,
1443 2629 1538 2701 5).
1569 2627 1725 2683 Nullo
1752 2631 1910 2686 modo

321 2733 497 2779 autem
530 2721 874 2792 redintegrari
916 2735 1192 2791 possemus
1217 2736 1313 2791 per
1339 2720 1595 2791 Spiritum
1627 2731 1869 2777 sanctum
1890 2764 1907 2791 ,

322 2815 421 2868 nisi
452 2824 505 2870 et
534 2814 648 2884 ipse
684 2828 895 2883 semper
928 2823 982 2868 et
1011 2813 1215 2883 integer
1234 2820 1287 2868 et
1312 2812 1761 2869 incommutabilis
1782 2829 1907 2885 per-

321 2913 579 2960 maneret.
610 2903 763 2971 Quod
800 2903 1038 2973 profecto
1068 2918 1173 2958 non
1212 2912 1427 2972 posset,
1457 2903 1558 2959 nisi
1586 2903 1680 2959 Dei
1707 2913 1909 2961 natura:

319 3006 461 3051 esset
484 3010 547 3051 ac
571 2995 736 3067 ipsius
760 2994 1098 3060 substantiae,
1141 2993 1226 3048 cui
1266 2992 1367 3047 soli
1408 2993 1909 3050 incommutabilitas

320 3096 477 3156 atque
504 3096 559 3140 ιιι
598 3087 670 3141 ita
705 3085 909 3151 dicam,
943 3084 1309 3140 invertibilitas
1344 3087 1725 3154 semperest‘.
1755 3086 1909 3145 Crea-

321 3188 433 3232 tura
465 3177 596 3231 enim
628 3192 798 3247 neque
829 3176 929 3230 hoc
968 3191 1065 3245 ego
1087 3217 1101 3241 ,
1139 3174 1233 3229 sed
1263 3175 1404 3228 idem
1445 3174 1641 3229 Paulus
1676 3176 1903 3246 clamat,

320 3270 527 3323 vanitati
556 3268 780 3339 subjecta
805 3278 877 3322 est
899 3266 1020 3337 (Id.
1047 3283 1157 3331 VIII,
1186 3266 1315 3337 20).
1346 3266 1530 3337 Neque
1555 3283 1654 3323 nos
1679 3280 1854 3339 potest
1873 3287 1905 3326 a

322 3363 555 3417 vanitate
585 3374 865 3429 separare,
897 3359 1210 3428 veritatique
1235 3368 1584 3426 connectere,
1614 3360 1755 3430 quod
1780 3363 1907 3418 sub-

320 3455 517 3524 iectum
565 3460 649 3507 est
682 3451 918 3506 vanitati.
981 3451 1048 3505 Et
1090 3450 1192 3505 hoc
1233 3451 1385 3504 nobis
1427 3451 1649 3521 Spiritus
1691 3464 1904 3510 sanctus

324 3553 541 3615 praestat
566 3560 582 3599 :
611 3552 851 3598 creatura
874 3543 1029 3613 igitur
1053 3556 1157 3597 non
1184 3550 1282 3596 est.
1308 3541 1440 3610 Quia
1458 3556 1615 3597 omne
1636 3544 1776 3615 quod
1797 3554 1899 3613 est,

322 3644 412 3691 aut
442 3636 600 3698 Deus,
633 3646 725 3687 aut
754 3643 996 3688 creatura
1024 3641 1125 3689 est.

395 3725 620 3783 CAPUT
658 3724 1145 3781 XIV.—Trinitati
1170 3741 1363 3780 summa
1401 3726 1529 3781 bona
1566 3726 1833 3785 dilectione

979 3818 1245 3873 haeremus.

306 3953 329 3975 ,
392 3909 484 3964 24.
525 3908 691 3963 Deum
708 3924 836 3977 ergo
856 3910 878 3939 ¹
893 3908 1112 3978 diligere
1132 3908 1386 3962 debemus
1409 3909 1596 3963 trinam
1617 3913 1899 3981 quamdam

322 4000 600 4062 unitatem,
626 3997 833 4052 Patrem
856 4008 908 4051 et
930 3996 1122 4050 Filium
1141 4006 1193 4050 et
1208 3995 1460 4067 Spiritum
1477 4010 1737 4067 sanctum,
1761 4002 1900 4073 quod

322 4090 455 4145 nihil
484 4089 624 4144 aliud
663 4088 834 4144 dicam
874 4102 1026 4155 esse,
1066 4088 1165 4141 nisi
1196 4084 1427 4158 idipsum
1452 4106 1590 4144 esse.
1637 4091 1733 4147 Est
1758 4094 1900 4148 enim

322 4199 448 4240 vere
474 4197 785 4252 summeque
812 4183 972 4246 Deus,
1001 4197 1062 4235 ea:
1087 4197 1183 4249 quo
1208 4174 1397 4247 omnia,
1429 4198 1518 4252 per
1541 4199 1684 4254 quem
1709 4186 1899 4254 omnia,

323 4277 376 4330 in
397 4292 496 4348 quo
513 4257 683 4328 omnia
711 4290 728 4328 :
750 4273 866 4329 iIfBC
882 4273 1040 4329 verba
1068 4272 1215 4327 Pauli
1234 4282 1376 4328 sunt.
1404 4273 1540 4339 Quid
1566 4274 1755 4331 deinde
1775 4278 1903 4333 sub-

318 4369 474 4440 jicit?
504 4366 614 4438 Ipsi
640 4368 805 4439 gloria
821 4365 1002 4440 (Rom.
1026 4381 1104 4431 x1,
1132 4364 1242 4436 36).
1269 4364 1637 4421 SinceriSsime
1661 4370 1896 4423 omnino.

320 4460 503 4531 Neque
531 4460 673 4515 enim
703 4460 796 4525 ait,
831 4459 957 4528 ipsis
991 4475 1004 4511 :
1033 4473 1155 4512 nam
1188 4472 1326 4511 unus
1362 4465 1444 4511 est
1469 4457 1626 4513 Deus.
1659 4458 1794 4527 Quid
1820 4468 1902 4515 est

321 4560 528 4616 autem,
550 4551 649 4621 ipsi
676 4549 867 4619 gloria,
901 4549 1000 4603 nisi
1037 4549 1136 4618 ipsi
1174 4548 1372 4619 optima
1399 4557 1454 4605 et
1483 4563 1689 4604 summa
1715 4559 1770 4605 et
1795 4550 1901 4608 late

226 4670 227 4673 η
323 4651 509 4714 patens
536 4640 708 4695 fama?
732 4643 941 4708 Quanto
961 4642 1101 4697 enim
1133 4641 1323 4696 melius
1351 4651 1509 4711 atque
1529 4641 1771 4698 diffusius
1794 4642 1897 4697 dif.

323 4737 578 4801 famatur,
622 4743 767 4788 tanto
807 4734 1039 4803 diligitur
1079 4742 1135 4789 et
1176 4744 1383 4789 amatur
1418 4735 1710 4791 ardentius.
1747 4736 1897 4805 Quod

324 4841 443 4882 cum
476 4825 553 4892 fit,
587 4825 716 4879 nihil
741 4825 882 4880 aliud
910 4826 978 4879 ab
1004 4825 1235 4880 humano
1260 4842 1454 4895 genere
1490 4843 1645 4898 quam
1672 4838 1818 4883 certo
1846 4838 1899 4885 et

324 4917 585 4973 constanti
630 4915 797 4986 gradu
846 4916 896 4970 in
937 4915 1189 4986 optimam
1236 4917 1396 4971 vitam
1442 4928 1495 4972 et
1542 4919 1896 4977 beatissimam

324 5012 574 5081 pergitur.
598 5009 712 5066 Non
734 5010 961 5066 arbitror
984 5025 1101 5064 cum
1124 5008 1190 5064 de
1217 5010 1449 5064 moribus
1475 5017 1527 5064 ct
1556 5012 1659 5066 vita
1684 5012 1739 5066 fit
1764 5030 1900 5084 qum-

322 5104 453 5166 stio,
495 5102 720 5171 amplius
757 5116 876 5157 esse
921 5100 1333 5170 requirendum,
1380 5101 1519 5170 quod
1561 5102 1628 5155 sit
1670 5103 1897 5159 hominis

322 5206 586 5248 summum
619 5192 812 5246 bonum
832 5233 847 5256 ,
875 5204 978 5260 quo
1004 5190 1279 5245 referenda
1305 5200 1426 5245 sunt
1456 5192 1650 5245 omnia.
1679 5192 1732 5247 Id
1756 5196 1895 5249 enim

323 5298 441 5339 esse
472 5285 669 5353 patuit,
701 5294 753 5338 et
780 5284 985 5337 ratione
1011 5291 1263 5352 quantum
1294 5283 1553 5337 valuimus
1574 5324 1587 5349 ,
1615 5294 1663 5338 et
1694 5302 1755 5340 ea
1779 5302 1897 5357 qua:

324 5384 520 5430 nostra:
544 5374 733 5428 rationi
756 5373 1029 5428 antecellit
1046 5373 1358 5428 auctoritate
1381 5373 1580 5439 divina,
1608 5375 1735 5429 nihil
1756 5376 1896 5431 aliud

324 5482 480 5536 quam
506 5467 675 5536 ipsum
706 5466 891 5521 Deum.
919 5465 1051 5520 Nam
1079 5465 1204 5535 quid
1228 5466 1329 5520 erit
1356 5466 1495 5520 aliud
1520 5468 1775 5536 Optimum
1804 5469 1899 5523 ho-

324 5558 482 5612 minis
503 5597 519 5624 ,
546 5557 646 5612 nisi
674 5557 757 5612 cui
784 5556 1045 5612 inhaerere
1083 5567 1166 5611 est
1206 5556 1609 5611 beatissimum?
1641 5558 1693 5611 Id
1721 5570 1896 5614 autem

390 5668 407 5700 ι
423 5669 641 5779 Quin'qtli‘tls
662 5674 790 5727 Mss,
809 5665 1227 5719 itwonvertibt'litas
1246 5682 1431 5735 semper
1449 5676 1536 5720 est.
1559 5668 1645 5720 Alii
1676 5672 1772 5722 duo
1788 5707 1802 5733 ,
1822 5671 1897 5723 in-

390 5742 531 5778 mersa
633 5743 702 5779 as.

770 5790 1023 5856 demergo.
1038 5793 1362 5855 ttestituimus,
1385 5802 1537 5845 Deum
1553 5807 1682 5861 ergo,
1705 5809 1769 5845 ex
1788 5803 1895 5847 Mss.

327 5860 379 5904 et
399 5851 501 5903 aliis
520 5852 825 5902 editionihus.

567 5935 792 6001 Sacr.
836 5937 1112 6001 Auoosr.
1158 5938 1206 6002 l.

1720 422 1919 478 LIBER
1960 422 2229 483 PRIMUS.

3462 440 3601 498 1322

2024 545 2105 591 est
2132 539 2276 594 solus
2314 540 2481 608 Deus,
2519 544 2603 598 cui
2653 544 2856 603 haerere
2883 555 3029 604 certe
3066 564 3171 606 non
3198 550 3466 625 valemus,
3498 557 3600 613 nisi

2022 628 2323 697 dilectione,
2353 650 2557 701 amore,
2580 638 2856 695 charitatc.

2091 721 2315 781 CAPUT
2341 725 2456 781 XV.
2475 758 2547 768 —
2565 730 2793 794 Quatuor
2817 733 3018 787 virtutes
3046 736 3222 805 deﬁnit
3245 736 3532 796 Christiane.

2090 815 2180 871 25.
2222 818 2373 885 Quod
2417 820 2461 874 si
2507 822 2675 876 virtus
2718 822 2783 877 ad
2822 825 3028 880 beatam
3073 828 3232 882 vitam
3273 845 3370 886 nos
3415 830 3590 899 ducit,

2021 907 2148 963 nihil
2171 911 2388 964 omnino
2404 926 2520 966 esse
2533 913 2778 968 virtutem
2796 915 3189 984 affirmavcrim,
3210 921 3312 976 nisi
3331 936 3593 979 sumnmm

2019 1014 2255 1056 amoren.
2280 1004 2393 1057 Dei.
2419 998 2660 1075 Namque
2686 1006 2812 1061 illud
2839 1011 2977 1079 quod
3004 1013 3382 1082 quadripartita
3406 1015 3596 1071 dicitur

2018 1092 2207 1158 virtus,
2241 1110 2302 1148 ex
2331 1095 2495 1165 ipsius
2521 1098 2718 1153 amoris
2756 1100 2909 1154 vario
2935 1102 3159 1170 quodam
3188 1104 3397 1171 affectu,
3424 1122 3596 1176 quan-

2019 1190 2129 1235 tum
2172 1178 2436 1255 intelligo,
2463 1188 2675 1243 dicitur.
2718 1190 2898 1262 Itaque
2930 1193 3046 1247 illas
3085 1205 3309 1265 quatuor
3338 1197 3591 1264 virtutes,

2019 1287 2238 1341 quarum
2285 1277 2483 1332 utinam
2516 1279 2585 1332 ita
2612 1280 2685 1334 sit
2729 1281 2783 1335 in
2833 1285 3097 1340 mentibus
3122 1286 3201 1340 vis
3230 1287 3269 1354 ⁸,
3299 1299 3353 1340 ιιι
3381 1289 3593 1342 nomina

2019 1362 2070 1417 in
2100 1379 2192 1419 ore
2228 1376 2351 1421 sunt
2378 1372 2636 1439 omnium,
2666 1373 2741 1427 sic
2767 1375 2923 1429 etiam
2951 1375 3171 1431 definire
3198 1394 3300 1431 non
3332 1379 3594 1448 dubitem,

2018 1461 2075 1507 ut
2104 1461 2445 1526 temperantia
2472 1460 2540 1516 sit
2562 1477 2713 1519 amor
2737 1465 2996 1536 integrum
3028 1484 3086 1523 se
3112 1469 3357 1538 praebens
3380 1472 3427 1525 ei
3455 1472 3594 1542 quod

2016 1557 2251 1611 amatur;
2278 1546 2551 1619 fortitudo,
2579 1566 2731 1607 amor
2756 1556 2905 1611 facile
2930 1557 3160 1613 tolerans
3183 1561 3359 1615 omnia
3384 1572 3598 1631 propter

2015 1636 2155 1705 quod
2185 1647 2433 1707 amatur;
2460 1641 2693 1711 justitia,
2733 1660 2885 1701 amor
2923 1650 3018 1703 soli
3048 1661 3224 1705 amato
3247 1654 3513 1718 serviens,
3542 1664 3597 1709 et

2017 1735 2299 1796 propterea
2322 1739 2465 1787 recte
2482 1732 2793 1801 dominans;
2821 1740 3116 1807 prudentia,
3146 1758 3297 1798 amor
3321 1761 3381 1800 ea
3403 1747 3595 1816 quibus

2016 1816 2293 1885 adjuvatur
2315 1821 2382 1878 ab
2407 1822 2487 1878 eis
2511 1824 2702 1895 quibus
2728 1827 3032 1897 impeditur,
3062 1837 3319 1903 sagaciter
3342 1837 3592 1908 seligens.

2016 1907 2121 1963 Sed
2150 1910 2288 1967 hunc
2316 1929 2553 1972 amorem
2586 1933 2689 1974 non
2736 1921 3045 1991 cujuslibet,
3075 1927 3168 1980 sed
3196 1928 3286 1982 Dei
3314 1945 3432 1985 esse
3451 1907 3594 1984 dixi-

2016 2014 2153 2067 mus,
2185 2001 2237 2057 id
2258 2014 2339 2060 est
2357 2008 2551 2063 summi
2582 2009 2734 2077 boni,
2764 2028 2985 2068 summm
3006 2017 3278 2087 sapientiae
3297 2060 3313 2088 ,
3344 2036 3594 2077 summa--

2014 2106 2118 2161 qne
2142 2097 2459 2152 concordiae.
2487 2099 2664 2168 Quare
2688 2102 2910 2160 definire
2930 2107 3090 2161 etiam
3117 2109 3195 2163 sic
3218 2109 3359 2175 licet,
3382 2120 3435 2166 ut
3462 2122 3595 2168 tem-

2015 2186 2312 2251 perantiam
2340 2188 2578 2246 dicamus
2614 2208 2734 2248 esse
2772 2209 3009 2251 amorem
3055 2198 3160 2254 Deo
3186 2215 3306 2256 sese
3333 2202 3592 2273 integrum

2014 2274 2486 2351 incorruptnmque
2534 2295 2868 2354 servantem;
2916 2286 3312 2358 fortitudinem,
3356 2310 3592 2351 amorem

2014 2367 2195 2421 omnia
2234 2380 2452 2440 pr0pter
2481 2372 2645 2429 Deum
2686 2374 2841 2432 facile
2879 2379 3269 2449 perferentem;
3293 2383 3551 2452 justitiam
3574 2428 3591 2455 ,

2014 2470 2249 2511 amorem
2264 2459 2376 2515 Deo
2395 2470 2595 2518 tantum
2617 2467 2959 2535 servientem,
2984 2478 3040 2526 et
3060 2471 3128 2526 ob
3151 2473 3251 2528 hoc
3270 2474 3408 2531 bene
3427 2477 3595 2547 impe-

2015 2557 2221 2603 rantem
2236 2552 2445 2607 caeteris
2460 2571 2576 2624 quae
2594 2555 2794 2613 homini
2814 2560 3050 2630 subjecta
3067 2573 3217 2631 sunt;
3237 2567 3591 2635 prudentiam,

2012 2652 2248 2695 amorem
2287 2642 2424 2699 bene
2465 2646 2852 2705 discernentem
2903 2668 2964 2707 ea
3007 2655 3198 2724 quibus
3238 2658 3516 2729 adjuvetur
3540 2661 3593 2716 in

2014 2731 2201 2799 Deum,
2228 2735 2297 2789 ab
2322 2736 2386 2791 iis
2414 2739 2605 2807 quibus
2632 2741 2874 2813 impediri
2905 2756 3097 2814 potest.

2012 2821 2239 2879 CAPUT
2263 2826 2403 2883 XVI.
2424 2859 2496 2869 —
2518 2829 2820 2887 Testamenti
2858 2834 3043 2891 Veteris
3071 2848 3117 2893 et
3146 2838 3278 2895 Novi
3302 2857 3589 2904 concentus.

2082 2914 2172 2969 26.
2216 2916 2307 2972 His
2332 2918 2399 2974 de
2425 2919 2646 2990 singulis
2677 2924 2960 2982 virtutibus
2987 2929 3202 2998 quinam
3232 2933 3437 2990 vivendi
3473 2953 3593 2993 mo-

2011 3001 2111 3057 dus
2139 3005 2394 3073 ducatur,
2438 3013 2619 3078 paucis
2659 3015 2967 3083 explicabo,
3007 3022 3050 3073 si
3095 3020 3243 3089 prius
3280 3025 3596 3084 testimoniis

2010 3092 2147 3149 Novi
2167 3094 2514 3165 Testamenti,
2538 3102 2729 3170 quibus
2750 3113 2871 3159 utor
2884 3106 2991 3175 jam
3012 3108 3122 3175 diu,
3149 3111 3217 3166 de
3235 3111 3414 3170 Veteri
3434 3116 3592 3173 etiam

2013 3187 2180 3256 paria,
2212 3196 2272 3241 ut
2298 3189 2562 3257 pollicitus
2586 3208 2726 3263 sum,
2754 3212 3133 3268 comparavero
3163 3201 3260 3277 (a).
3291 3205 3426 3262 Num
3449 3210 3590 3265 enim

2012 3277 2203 3332 Paulus
2228 3290 2428 3335 tantum
2448 3282 2595 3352 dicit,
2616 3284 2729 3341 Deo
2748 3302 2847 3341 nos
2870 3304 2988 3344 esse
3011 3291 3206 3349 debere
3223 3295 3531 3367 subjunctos
3546 3302 3590 3371 ³,

2010 3373 2080 3428 ita
2111 3384 2165 3429 ut
2192 3376 2243 3430 in
2272 3376 2449 3433 medio
2476 3379 2617 3449 quod
2645 3391 2857 3453 separet
2884 3383 3014 3440 nihil
3041 3386 3150 3442 sit?
3176 3388 3361 3446 Nonne
3388 3403 3443 3448 et
3470 3409 3593 3464 pro-

2009 3466 2167 3536 pheta
2216 3468 2647 3527 commodissime
2696 3473 2797 3529 hoc
2846 3484 2900 3529 et
2941 3475 3252 3535 brevissimo
3296 3484 3588 3555 significat,

2008 3573 2127 3612 cum
2149 3559 2277 3614 dicit
2299 3578 2311 3613 :
2334 3560 2465 3615 Mitti
2484 3572 2651 3617 autem
2676 3564 2933 3620 adhaerere
2952 3566 3061 3626 Deo
3082 3569 3265 3625 bonum
3287 3572 3396 3629 est?
3420 3575 3587 3644 (Psal.

2008 3665 2178 3717 uxu,
2211 3651 2327 3723 28.)
2368 3652 2556 3709 Nonne
2584 3654 2725 3724 quod
2754 3656 2824 3711 ibi
2854 3658 3107 3717 latissime
3135 3661 3201 3717 de
3229 3662 3483 3722 charitatc
3513 3669 3592 3723 di~

2007 3749 2149 3795 ctum
2172 3751 2271 3808 est,
2298 3742 2382 3797 hic
2405 3760 2513 3799 uno
2532 3745 2694 3800 verbo
2712 3748 3013 3806 continetur
3037 3753 3176 3822 quod
3196 3755 3288 3822 ait,
3311 3757 3592 3815 inhaerere?

2007 3830 2133 3885 item
2161 3832 2301 3901 quod
2329 3832 2550 3899 addidit,
2584 3835 2765 3890 bonum
2786 3847 2879 3903 est,
2910 3854 3084 3897 nonne
3106 3844 3173 3899 ad
3198 3841 3327 3902 illud
3353 3851 3587 3919 respicit,

2006 3923 2149 3994 quod
2175 3922 2245 3978 ibi
2277 3926 2500 3994 positum
2524 3936 2637 3995 est,
2665 3926 3002 4000 Diligentibus
3032 3933 3194 3989 Deum
3219 3939 3389 3993 omnia
3412 3958 3589 4011 proce-

2006 4013 2133 4068 dunt
2155 4015 2207 4069 in
2227 4014 2409 4070 bonum
2440 4018 2615 4089 (Rom.
2638 4035 2751 4088 VIII,
2773 4020 2862 4088 55,
2883 4021 2954 4079 28
2982 4025 3046 4095 )‘l
3075 4027 3143 4081 ita
3170 4038 3225 4082 ut
3251 4045 3351 4085 una
3378 4040 3592 4088 senten-

2007 4103 2130 4159 tiola
2176 4104 2487 4178 duobusque
2534 4110 2708 4166 verbis
2749 4112 3000 4183 propheta
3045 4126 3100 4172 et
3137 4119 3241 4174 vim
3281 4129 3337 4176 et
3364 4123 3587 4180 fructum

2005 4193 2274 4252 charitatis
2300 4199 2564 4255 ostendat.

2074 4287 2165 4341 27.
2204 4288 2445 4360 Cumque
2474 4292 2543 4347 ibi
2575 4293 2771 4350 dictum
2800 4297 2889 4363 sit,
2919 4298 3015 4356 Dei
3041 4301 3256 4371 Filium,
3288 4306 3379 4363 Dei
3409 4308 3589 4365 Virtuv

2006 4385 2113 4430 tem
2156 4392 2278 4436 esse
2320 4388 2479 4451 atque
2516 4381 2841 4452 Sapientiam
2888 4388 2933 4456 (Ι
2963 4389 3080 4447 Cor.
3120 4409 3157 4459 I,
3198 4395 3324 4467 24);
3362 4413 3590 4472 cumque

2006 4467 2170 4522 virtus
2196 4469 2264 4523 ad
2289 4472 2649 4541 Operationem
2671 4515 2686 4539 ,
2717 4478 2973 4545 sapientia
2999 4496 3129 4538 vero
3157 4485 3222 4539 ad
3251 4467 3585 4560 disciplinam

2005 4558 2271 4628 pertinere
2317 4560 2636 4633 intelligatur
2676 4566 2853 4635 (unde
2900 4569 2951 4623 in
2996 4570 3283 4646 Evsngelio
3328 4558 3435 4635 duo
3472 4582 3587 4652 ipsa

2005 4650 2301 4721 signantur,
2331 4668 2450 4708 cum
2479 4653 2702 4723 dicitur,
2739 4657 2923 4714 Omnia
2952 4680 3043 4734 per
3068 4666 3233 4732 ipsum
3263 4674 3399 4740 facta
3433 4650 3587 4741 sunt;

2006 4758 2128 4797 nam
2165 4744 2265 4799 hoc
2297 4747 2620 4815 operationis
2649 4758 2805 4822 atque
2833 4754 3043 4811 virtutis
3069 4768 3152 4813 est
3181 4777 3195 4814 :
3225 4760 3416 4819 deinde
3443 4768 3585 4835 quod

2012 4835 2077 4890 ad
2108 4835 2438 4909 disciplinam
2481 4841 2699 4911 verique
2739 4846 3091 4915 cognitionem
3136 4853 3345 4920 attinet,
3369 4856 3434 4910 Et
3460 4860 3580 4928 vita,

2005 4927 2205 4999 inquit,
2235 4940 2339 4984 erat
2376 4932 2468 4986 lux
2502 4933 2759 4988 hominum
2802 4936 2976 5009 [Joan.
3006 4957 3052 5006 I,
3084 4942 3147 5009 ὅ,
3179 4944 3265 5017 4])
3299 4964 3312 4999 :
3347 4927 3585 5018 potuitne

2005 5019 2287 5090 quidquam
2313 5023 2481 5092 magis
2502 5026 2782 5080 concinere
2808 5027 2887 5081 his
2910 5018 3221 5089 testimoniis
3247 5036 3374 5091 Novi
3399 5041 3580 5098 Testa—

2005 5114 2203 5179 menti,
2234 5129 2391 5183 quam
2424 5116 2549 5171 illud
2580 5119 2717 5187 quod
2750 5118 2802 5173 in
2838 5120 3022 5176 Vetere
3048 5125 3243 5181 dictum
3279 5141 3359 5185 cst
3397 5135 3464 5190 de
3491 5151 3580 5191 sa.-

2006 5203 2220 5272 pientia,
2250 5203 2461 5276 Attingit
2487 5218 2650 5261 autem
2678 5226 2707 5260 a
2735 5212 2835 5277 ﬁne
2862 5229 3019 5282 usque
3042 5217 3093 5270 in
3120 5219 3270 5287 ﬁnem
3298 5225 3507 5293 fortiter,
3537 5240 3583 5283 et

2004 5293 2225 5363 disponit
2277 5298 2444 5349 omnia
2494 5299 2748 5353 suaviter?
2793 5301 3030 5373 Namque
3078 5311 3333 5380 attingere
3380 5314 3583 5374 {unum

2007 5382 2173 5453 magis
2196 5385 2443 5439 virtutem
2473 5388 2734 5457 significat
2763 5408 2775 5444 ε
2805 5393 3088 5462 disponere
3124 5412 3299 5458 autem
3329 5410 3577 5479 suaviter,

2005 5478 2152 5547 quasi
2175 5487 2341 5531 artem
2364 5480 2528 5549 ipsam
2557 5492 2711 5552 atque
2739 5486 3017 5542 rationem.
3048 5492 3150 5546 Sed
3181 5494 3223 5548 si
3254 5495 3351 5552 hoc
3377 5502 3582 5558 videtur

2071 5614 2085 5643 ⁸
2109 5611 2508 5691 ῃιρςιξςπξοειιδιξ
2517 5614 2665 5691 anile;
2688 5631 2698 5663 :
2717 5625 2791 5686 fta
2809 5619 2867 5670 sit
2887 5622 3078 5691 nfllrrtus
3089 5626 3135 5674 in
3151 5632 3377 5691 nwnttlms
3399 5638 3578 5689 vestris.

2004 5672 2297 5750 Alrnulf’eqsis
2324 5687 2335 5720 :
2364 5681 2431 5723 Ita
2449 5673 2508 5724 sit
2529 5675 2690 5726 notitia
2709 5678 2759 5750 in
2790 5672 3021 5750 mentibus
3046 5672 3582 5750 fecitfecit-'9'

2003 5735 2195 5804 demum
2212 5734 2359 5804 habet
2382 5750 2393 5784 :
2425 5744 2493 5804 Ita
2514 5747 2665 5788 essent
2688 5742 2877 5802 effectus
2901 5759 2946 5793 m
2970 5734 3202 5800 mentibus
3212 5734 3396 5804 iul;th

2066 5798 2647 5880 :RIEI‘S:§EItS:I§,thl)]f£iO-Z.
2667 5798 2786 5880 stin
2808 5809 3089 5880 potita-ibus
3114 5798 3531 5880 msh-subjunctos

2064 5856 2136 5921 (a)
2156 5858 2268 5907 Vide
2291 5856 2493 5910 Retracti
2512 5860 2594 5911 Iih.
2617 5864 2662 5925 I,
2681 5878 2784 5927 cap.
2808 5856 2855 5925 7',
2875 5882 2923 5916 ιι.
2945 5868 2990 5917 2.

2716 5949 3303 6031 (Quaerite—deum.
3322 5962 3343 6018 I
