4118 6370
519 323 661 382 ms

515 443 834 508 obscurum,
873 439 994 496 vide
1021 452 1138 510 qua:
1163 447 1456 508 sequuntur
1485 454 1499 492 :
1533 435 1596 488 Et
1623 433 1870 493 omnium,
1903 432 2088 502 inquit,

519 533 765 589 Dominus
791 531 966 588 dilexit
990 531 1132 585 illam
1160 545 1179 584 :
1203 529 1400 583 doctrix
1421 536 1492 582 est
1517 526 1648 581 enim
1673 525 1952 595 disciplina:
1972 523 2088 588 Dei,

516 636 562 682 et
600 627 807 682 electri:
841 641 1048 698 operum
1082 622 1242 680 illius.
1282 619 1503 676 Videtur
1546 618 1630 674 hic
1672 617 1804 673 nihil
1841 616 1984 672 aliud
2023 617 2091 672 de

497 717 822 788 operatione
849 715 1077 779 dictum;
1109 727 1212 766 non
1242 709 1382 767 enim
1413 710 1515 766 hoc
1549 718 1632 766 est
1670 709 1864 780 eligere
1901 722 2086 777 opera,

513 808 653 879 quod
690 806 901 878 operari
933 822 946 859 :
986 818 1112 876 ergo
1150 801 1265 859 huic
1307 801 1373 858 ad
1414 802 1744 872 disciplinam
1788 800 2085 871 pertinent;

512 914 648 974 opus
675 898 852 955 virtuti
878 895 1122 960 debetur,
1155 901 1214 950 ut
1238 894 1510 965 sitplena,
1543 908 1699 963 quam
1728 892 1970 946 volumus
1994 891 2089 946 de-

511 997 838 1050 monstrare,
870 985 1149 1042 sententia.
1181 984 1320 1056 Lege
1351 984 1504 1054 igitur
1530 983 1779 1052 deinceps
1807 982 1946 1052 quod
1985 998 2084 1038 an-

507 1095 700 1137 nexum
728 1088 826 1136 cst.
859 1078 1005 1144 Quod
1032 1078 1076 1132 si
1101 1077 1305 1132 honesta
1329 1085 1428 1142 est,
1463 1076 1660 1147 inquit,
1701 1075 1944 1145 possessio
1973 1090 2085 1144 qute

503 1172 874 1244 concupiscitur
899 1171 953 1224 in
980 1170 1077 1224 vita
1098 1210 1114 1234 ,
1143 1168 1264 1237 quid
1291 1167 1537 1237 sapientia
1563 1175 1634 1221 est
1661 1166 1940 1232 honestius,
1972 1181 2086 1236 quea

503 1263 675 1318 omnia
711 1261 984 1332 operatur?
1026 1261 1274 1316 Potestne
1317 1257 1601 1329 quidquam
1648 1255 1954 1328 praeclarius
1993 1264 2083 1311 aut

500 1354 862 1420 manifestius,
893 1362 983 1408 aut
1017 1368 1141 1408 vero
1185 1353 1341 1416 etiam
1385 1349 1606 1412 uberius
1647 1349 1900 1421 proferri?
1944 1349 2078 1407 Audi

499 1448 662 1514 aliud,
691 1449 735 1504 si
762 1463 948 1519 parum
976 1456 1130 1516 putas
1149 1487 1162 1510 ,
1191 1444 1332 1516 quod
1363 1443 1501 1500 idem
1528 1453 1680 1500 sonet
1709 1459 1721 1496 :
1751 1442 2080 1498 Sobrietatem

498 1539 630 1596 enim
657 1539 904 1610 sapientia
933 1537 1104 1602 docet,
1137 1536 1336 1606 inquit,
1376 1543 1423 1590 et
1447 1532 1700 1605 justitiam
1744 1542 1791 1588 et
1830 1534 2075 1588 uirtutem.

499 1630 771 1686 Sobrietas
793 1629 925 1686 mihi
950 1628 1014 1683 ad
1037 1628 1203 1698 ipsam
1225 1625 1575 1696 cognitionem
1599 1623 1713 1680 veri
1733 1624 1939 1680 videtur
1959 1639 2081 1695 per-

495 1723 698 1792 tinere,
729 1721 783 1778 id
809 1731 893 1778 est
927 1721 991 1777 ad
1031 1720 1361 1790 disciplinam
1395 1735 1408 1772 :
1436 1717 1635 1788 justitia
1672 1731 1800 1772 vero
1829 1723 1885 1773 et
1910 1718 2078 1774 virtus

494 1813 564 1870 ad
589 1814 851 1871 actionem
880 1823 1037 1884 atque
1073 1811 1141 1866 ad
1172 1811 1553 1881 Operationem.
1600 1807 1802 1877 Quibus
1846 1796 2073 1876 duobus,

492 1904 549 1962 id
584 1913 667 1961 est
705 1903 893 1976 agendi
938 1901 1205 1967 efﬁcacia,
1251 1908 1304 1956 et
1341 1900 1624 1955 sobrietate
1662 1899 2072 1968 contemplandi,

492 2013 610 2068 qua:
652 1996 746 2052 Dei
787 1995 965 2050 Virtus
1004 2002 1058 2048 et
1103 1993 1194 2050 Dei
1239 1991 1540 2061 Sapientia,
1573 1989 1626 2044 id
1655 1997 1741 2044 est
1765 1989 1861 2045 Dei
1887 1988 2071 2056 Filius,

495 2088 837 2145 dilectoribus
855 2087 962 2142 suis
982 2085 1165 2152 donat,
1191 2085 1315 2155 quid
1336 2084 1748 2155 comparandum
1774 2084 1846 2141 sit
1869 2083 2069 2153 nescio,

491 2194 615 2238 cum
642 2179 782 2236 idem
809 2178 1068 2250 propheta
1093 2177 1269 2232 statim
1297 2176 1438 2232 dicat
1459 2177 1642 2246 quanti
1665 2176 1772 2231 sint
1799 2176 1900 2232 ista
1939 2191 2070 2247 pcn-

489 2271 660 2329 denda
689 2289 704 2326 :
731 2286 851 2336 nam
881 2271 953 2328 ita
977 2270 1208 2340 positum
1232 2279 1336 2334 est,
1364 2267 1693 2324 Sobrietatem
1717 2269 1846 2323 enim
1871 2269 2071 2340 sapien-

485 2363 559 2418 tia
581 2363 754 2427 docet,
784 2370 830 2417 et
847 2361 1102 2432 justitiam
1122 2402 1138 2428 ,
1169 2368 1215 2415 et
1245 2361 1511 2425 virtutem,
1541 2359 1720 2430 quibus
1750 2359 1920 2414 utilius
1945 2359 2072 2413 nihil

485 2463 558 2510 est
585 2455 640 2508 in
666 2453 770 2510 uita
798 2452 1082 2514 hominibus
1109 2447 1209 2524 (α).

555 2545 645 2604 28.
687 2544 814 2602 Haec
841 2543 1064 2600 fortasse
1095 2542 1360 2612 quispiam
1403 2555 1510 2596 non
1553 2538 1620 2594 de
1646 2538 1782 2596 Filio
1809 2539 1900 2594 Dei
1929 2538 2069 2594 dicta

486 2651 608 2694 esse
632 2635 934 2698 arbitretur.
963 2633 1101 2702 Quid
1128 2649 1254 2704 ergo
1280 2632 1423 2688 aliud
1449 2631 1680 2687 ostendit
1705 2631 1844 2702 quod
1870 2631 2066 2688 dictum

485 2739 590 2798 est,
606 2729 1002 2788 Generositatem
1019 2727 1329 2798 magniﬁcat,
1348 2723 1724 2780 contubernium
1737 2724 1922 2778 habens
1939 2724 2068 2779 Dei?

485 2821 641 2896 (Sap.
665 2837 775 2890 vui,
794 2818 871 2895 3).
885 2820 968 2876 An
981 2834 1108 2876 vero
1125 2818 1450 2890 generositas
1470 2817 1605 2873 solet
1619 2816 1912 2888 signiﬁcare
1928 2817 2066 2872 aliud

484 2928 646 2984 quam
683 2913 964 2984 parentes?
988 2911 1406 2969 Contubernium
1442 2925 1569 2966 vero
1588 2925 1764 2965 nonne
1788 2925 1907 2966 cum
1952 2911 2068 2980 ipso

480 3012 634 3076 patre
659 3003 1012 3074 aequalitatem
1038 3003 1234 3058 clamat
1256 3011 1413 3072 atque
1454 3001 1678 3058 asserit?
1701 3000 1918 3066 Deinde,
1944 3015 2066 3056 cum

482 3096 684 3154 Paulus
700 3094 843 3154 dicat
864 3094 1055 3150 Filium
1078 3095 1172 3151 Dei
1190 3108 1308 3150 esse
1330 3093 1427 3149 Dei
1446 3092 1768 3162 Sapientiam
1797 3092 1839 3166 (l
1861 3090 1978 3148 Cor.
2009 3093 2060 3160 l,

481 3188 612 3260 24);
637 3197 696 3245 et
735 3189 848 3260 ipse
874 3187 1160 3253 Dominus,
1193 3186 1358 3242 Nemo
1381 3185 1514 3242 uouit
1539 3183 1778 3252 Patrem,
1808 3185 1905 3238 nisi
1944 3184 2063 3238 uni-

479 3281 678 3352 genitus
700 3277 752 3334 Γ
751 3279 870 3335 ilius
897 3279 1110 3351 (Matth.
1135 3294 1223 3344 ιι,
1247 3277 1376 3349 27);
1406 3277 1529 3348 quid
1559 3277 1727 3348 potuit
1751 3293 1782 3332 a
1805 3277 2062 3348 prepheta

479 3372 857 3444 congruentius
883 3370 1020 3437 dici,
1059 3385 1220 3442 quam
1250 3369 1379 3426 illud
1417 3368 1559 3440 quod
1597 3369 1795 3426 dictum
1836 3377 1953 3438 est,
1996 3369 2062 3424 Et

482 3470 647 3520 tecum
671 3462 936 3534 Sapientia
961 3477 1075 3534 qua:
1111 3462 1245 3516 stabit
1284 3477 1436 3534 opera
1465 3469 1582 3525 tua,
1615 3476 1728 3532 quat
1755 3461 1919 3532 adfuit
1945 3469 2061 3516 tunc

481 3573 596 3616 cum
621 3556 790 3613 orbem
817 3565 1064 3610 terrarum
1087 3555 1304 3625 faceres,
1331 3562 1380 3607 et
1401 3553 1584 3608 sciebat
1611 3551 1733 3624 quid
1759 3553 2061 3623 placiturum

481 3656 607 3704 esset
623 3648 783 3705 oculis
802 3646 942 3702 tuis?
967 3645 1120 3718 (Sap.
1144 3659 1223 3709 ιι,
1245 3641 1324 3717 9.)
1353 3642 1505 3710 Quod
1522 3650 1697 3713 autem
1715 3641 1958 3700 Christus
1979 3652 2060 3698 est

481 3740 710 3805 veritas,
743 3737 884 3811 quod
922 3737 1063 3796 idem
1105 3733 1402 3791 ostenditur
1439 3749 1561 3790 cum
1604 3734 1856 3804 splendor
1889 3735 2058 3790 Patris

481 3839 812 3902 nuncupatur
839 3827 1025 3902 (Hebr.
1054 3844 1094 3896 ι,
1123 3828 1216 3898 3);
1250 3843 1354 3882 non
1383 3834 1466 3882 est
1502 3826 1644 3883 enim
1683 3825 1967 3897 quidquam
2002 3828 2056 3883 in

480 3923 706 3980 circuitu
734 3922 862 3978 solis
881 3961 896 3988 ,
927 3921 1027 3978 nisi
1057 3920 1306 3991 splendor
1333 3920 1446 3990 ipse
1472 3935 1627 3992 quem
1657 3919 1822 3989 gignit
1844 3921 1861 3952 ⁸
1889 3936 1903 3974 :
1930 3920 2056 3991 quid

479 4031 608 4087 ergo
633 4015 806 4087 potuit
829 4013 1065 4084 apertius
1101 4021 1157 4070 et
1183 4013 1376 4067 clarius
1405 4027 1474 4068 es.
1500 4011 1692 4067 Vetere
1718 4011 2055 4068 Testamento

478 4108 605 4164 huic
633 4107 908 4163 sententiae
937 4119 1264 4171 consonare,
1305 4119 1462 4175 quam
1509 4103 1638 4160 illud
1678 4104 1818 4174 quod
1855 4106 2054 4161 dictum

481 4209 596 4265 est,
629 4197 826 4254 Veritas
860 4206 951 4256 tua
986 4197 1043 4254 iit
1077 4196 1288 4255 circuitu
1328 4195 1448 4252 tuo?
1481 4194 1650 4267 (Psal.
1682 4212 1942 4265 unum,
1971 4197 2048 4272 9.)

480 4289 759 4348 Postremo
804 4287 932 4346 dicit
973 4288 1086 4358 ipsa
1123 4287 1392 4358 Sapientia
1431 4287 1485 4342 in
1523 4287 1846 4360 Evangelia,
1887 4288 2055 4346 Nemo

479 4381 612 4442 uertit
635 4381 704 4436 ad
729 4380 954 4445 Patrem,
981 4379 1080 4438 nisi
1109 4395 1196 4450 per
1219 4395 1298 4434 me
1325 4377 1500 4451 (Joan.
1524 4395 1636 4446 xw,
1660 4380 1715 4454 6)
1745 4400 1758 4435 :
1785 4381 1912 4440 dicit
1932 4397 2056 4452 pro—

476 4471 642 4544 pheta
659 4513 675 4540 ,
715 4471 934 4532 Sensum
958 4479 1098 4528 tntum
1125 4487 1244 4542 ergo
1267 4471 1376 4542 quis
1401 4473 1522 4538 scit,
1551 4472 1648 4527 nisi
1673 4480 1728 4525 tu
1748 4472 1944 4532 dederis
1963 4491 2052 4528 sa-

479 4565 760 4639 pientiam?
785 4572 840 4624 et
863 4565 1018 4636 paulo
1043 4571 1181 4634 post,
1211 4563 1276 4618 Et
1292 4579 1404 4636 qua:
1421 4565 1508 4619 tibi
1529 4564 1742 4635 placent,
1772 4565 2058 4622 didicerunt

479 4658 728 4725 bonum,
747 4665 793 4714 et
811 4673 901 4729 per
922 4655 1220 4725 sapientiam
1237 4657 1400 4711 sanati
1420 4665 1536 4712 sunt
1563 4656 1716 4730 (Sap.
1742 4673 1816 4726 ut,
1837 4658 2048 4732 17-19).

546 4748 637 4806 29.
670 4749 807 4806 Dicit
827 4747 1022 4804 Paulus
1036 4787 1054 4813 ,
1079 4745 1314 4804 Charitas
1331 4746 1425 4802 Dei
1446 4747 1632 4816 ὤπασα
1648 4757 1724 4805 est
1745 4750 1799 4806 in
1819 4750 2052 4810 cordibus

475 4840 661 4896 nostris
685 4856 774 4912 per
797 4838 1048 4910 Spiritum
1081 4847 1311 4894 sanctum
1333 4839 1418 4908 qui
1443 4840 1589 4895 datus
1613 4850 1685 4896 est
1709 4843 1848 4898 nobis
1873 4841 2052 4915 (Rom.

475 4947 530 5000 ν,
552 4931 608 5004 5)
641 4947 655 4985 :
683 4930 810 4986 dicit
825 4929 1112 5002 propheta,
1139 4929 1354 4984 Sanctus
1376 4931 1510 4985 enim
1531 4932 1753 5003 Spiritus
1772 4933 2052 5005 disciplina!

475 5020 678 5092 eiugiet
700 5020 874 5076 dolum
901 5020 1056 5092 (Sap.
1084 5035 1123 5087 t,
1151 5020 1230 5093 5).
1272 5020 1374 5077 Uhi
1415 5024 1555 5078 enim
1593 5024 1780 5093 dolus,
1819 5025 2050 5084 charitas

473 5114 617 5172 nulla
646 5122 747 5169 est.
794 5113 930 5167 Dicit
958 5111 1183 5180 Paulus,
1224 5111 1516 5185 Conformes
1551 5116 1664 5184 ﬁeri
1699 5133 1788 5172 nos
1815 5118 2049 5190 imaginis

474 5204 601 5260 Filii
625 5204 716 5259 Dei
743 5203 915 5276 (Rom.
938 5219 1052 5271 vui,
1073 5204 1164 5275 29)
1191 5220 1207 5259 :
1234 5203 1360 5260 dicit
1385 5206 1659 5276 prOpheta,
1687 5207 1955 5280 Signatum
1977 5221 2049 5266 est

473 5312 624 5367 super
665 5311 756 5351 nos
806 5295 972 5350 lumen
1014 5293 1181 5351 uultus
1229 5297 1332 5364 tui,
1382 5296 1596 5354 Domine
1642 5300 1807 5370 (Psal.
1848 5318 1928 5368 tv,
1971 5303 2046 5378 7).

478 5388 723 5444 Ostendit
765 5387 960 5443 Paulus
1003 5388 1169 5444 Deum
1214 5403 1334 5444 esse
1376 5389 1626 5459 Spiritum
1673 5405 1944 5462 sanctum,
1993 5406 2049 5454 et

477 5479 596 5534 ideo
626 5493 730 5533 non
761 5493 880 5534 esse
906 5488 1200 5534 creaturam
1236 5498 1250 5534 :
1281 5481 1404 5535 dicit
1445 5483 1692 5554 propheta
1713 5526 1729 5553 ,
1765 5486 1828 5540 Et
1857 5489 2048 5544 miseris

477 5569 730 5641 Spiritum
772 5581 998 5624 sanctum
1040 5571 1102 5624 de
1143 5569 1399 5625 altissimis
1449 5572 1597 5645 (Sap.
1630 5592 1716 5641 nt,
1754 5579 1859 5646 Π).
1892 5580 2047 5636 Solus

541 5663 658 5735 ξῐιὶι·ἶ
676 5667 791 5735 Ven.
813 5667 920 5731 nov.
939 5663 1009 5710 sic
1031 5673 1043 5708 :
1065 5669 1184 5731 Nam
1316 5663 1579 5735 quidquam
1605 5664 1654 5716 in
1681 5667 1884 5720 circuitu
1904 5670 2043 5735 solis,

829 5722 1252 5795 ipsequemgignit

555 5787 608 5838 al
631 5785 746 5835 Vide
770 5790 968 5836 ltetract.
995 5784 1079 5834 hb.
1105 5787 1151 5838 1.
1173 5798 1260 5838 ων
1287 5803 1329 5838 t.
1353 5801 1400 5836 u.
1426 5805 1455 5835 ο

555 5784 746 5848 α)νὶιιθ
770 5790 968 5836 item.
995 5784 1079 5834 lib.
1102 5784 1260 5850 ἰίωρ
1281 5787 1329 5846 7,
1353 5801 1400 5836 [ι.
1426 5789 1473 5835 5.

1259 321 1348 378 DE
1386 317 1683 378 uomens
1721 316 2076 374 ECCLESlAE
2103 271 2539 386 olitionem,
2581 319 2640 377 s.
2685 319 3052 380 mensum

3641 327 3781 386 issi
3810 411 3816 416 '

2199 434 2340 487 enim
2375 435 2512 490 Deus
2541 436 2830 491 altissimus
2850 478 2866 504 ,
2896 452 3001 508 quo
3032 435 3165 492 nihil
3201 444 3280 494 est
3318 430 3496 495 altius.
3540 439 3785 498 Ostendit

2199 525 2394 581 Paulus
2419 527 2729 583 Trinitatem
2761 529 2911 583 istam
2940 546 3102 584 unum
3128 531 3291 585 Deum
3319 546 3455 596 esse,
3485 547 3604 587 cum
3631 533 3780 602 dicit,

2196 615 2311 689 Ipsi
2353 619 2516 689 gloria
2558 620 2732 693 (Rom.
2764 636 2851 688 χι,
2885 620 2975 692 36)
3012 622 3246 677 :dicitur
3285 623 3336 678 in
3381 624 3558 680 Veteri
3593 624 3809 694 Testas

2195 721 2406 778 mento,
2435 713 2600 779 Audi,
2633 710 2824 780 Israel,
2858 712 3108 770 Dominus
3136 715 3272 772 Deus
3302 726 3417 772 tuus
3437 707 3458 786 ,
3485 717 3619 773 Deus
3644 736 3778 776 unus

2194 812 2265 858 est
2296 803 2470 874 (Deut.
2498 821 2569 870 vr,
2601 801 2678 878 4).

2193 891 2419 952 CAPUT
2463 895 2624 952 XVII.
2652 927 2726 938 —
2756 896 3073 969 Apostrophe
3109 897 3176 951 ad
3213 894 3557 965 Hanichwos,
3604 907 3655 953 ut
3692 918 3776 956 re-

2869 991 3104 1044 iuiscant.

2869 1007 2885 1042 1
2927 1007 3104 1044 ιδεπηι.

2262 1079 2366 1136 30.‘
2382 1080 2516 1149 Quid
2541 1082 2700 1138 vultis
2723 1007 2986 1155 amplitlis?
3011 1081 3135 1154 quid
3163 1082 3404 1155 imperite
3429 1094 3584 1157 atque
3615 1087 3773 1156 impie

2121 1165 2133 1176 ⁵
2189 1171 2424 1226 saevitis?
2449 1171 2574 1242 quid
2605 1173 2842 1228 indoctos
2866 1173 3067 1229 animas
3094 1174 3249 1228 noxia
3277 1176 3525 1230 suasione
3551 1192 3770 1249 perver-

2189 1259 2338 1316 titis?
2372 1260 2654 1332 Utriusque
2685 1263 3005 1318 Tcstamenti
3045 1263 3184 1321 Deus
3225 1279 3360 1320 unus
3399 1274 3498 1320 est.
3543 1265 3674 1322 Nam
3716 1279 3772 1324 ut

2187 1350 2285 1405 ista
2316 1352 2416 1408 sibi
2443 1364 2772 1425 congruunt,
2820 1369 2938 1425 quae
2979 1354 3045 1410 de
3083 1364 3308 1426 utroque
3351 1357 3655 1426 posuimus;
3695 1360 3770 1416 ita

2184 1442 2344 1498 etiam
2372 1453 2565 1500 caetera
2585 1487 2600 1511 ,
2627 1447 2670 1500 si
2702 1445 2980 1517 diligenter
3004 1455 3058 1502 ct
3083 1462 3236 1516 aequo
3260 1445 3459 1516 judicio
3484 1449 3651 1504 velitis
3679 1459 3763 1505 at-

2184 1533 2424 1591 tendere.
2453 1533 2559 1592 Sed
2580 1538 2701 1608 quia
2727 1538 2888 1592 multa
2913 1536 3157 1593 dicuntur
3182 1537 3508 1603 submissius,
3539 1551 3590 1595 et
3610 1540 3759 1596 humi

2182 1623 2490 1693 repentibus
2517 1625 2708 1682 animis
2733 1625 3180 1682 accommodatius
3200 1668 3215 1693 ,
3246 1636 3303 1682 ut
3332 1643 3426 1697 per
3455 1628 3673 1684 humana
3702 1632 3758 1686 in

2181 1713 2356 1770 divina
2384 1725 2708 1788 consurgant
2733 1718 2786 1784 ¹;
2818 1717 2979 1773 multa
3009 1717 3167 1772 etiam
3197 1716 3418 1788 ﬁgurate
3449 1729 3504 1772 ut
3528 1721 3760 1777 studiosa

2181 1821 2350 1871 mens,
2383 1818 2431 1865 et
2461 1810 2698 1880 quaesitis
2723 1821 3038 1866 exerceatur
3062 1810 3270 1876 utilius,
3299 1821 3350 1865 et
3378 1811 3590 1867 uberius
3613 1812 3760 1869 hete-

2179 1903 2266 1951 tur
2291 1899 2552 1965 inventis;
2582 1915 2676 1956 vos
2701 1900 2919 1955 miriﬁca
2944 1900 3291 1970 dispositione
3318 1901 3546 1973 Spiritus
3569 1906 3757 1970 sancti,

2177 1988 2244 2042 ad
2271 1988 2612 2060 decipiendos
2639 2001 2846 2047 vestros
2870 1987 3140 2046 auditares
3188 2002 3241 2046 et
3281 1992 3641 2064 illaqueandos
3667 1996 3762 2050 ab-

2177 2078 2405 2136 utimini.
2434 2080 2584 2148 Quod
2615 2083 2782 2151 ipsum
2798 2097 2894 2136 cur
2909 2081 3081 2136 divina
3103 2081 3428 2151 providentia
3460 2099 3554 2138 vos
3585 2084 3757 2142 facere

2176 2169 2342 2239 sinat,
2381 2187 2644 2244 quamque
2682 2175 2954 2229 verissime
2981 2175 3260 2244 Apostolus
3290 2175 3514 2243 dixerit,
3548 2175 3760 2248 Oportet

2175 2261 2358 2315 multas
2397 2266 2610 2319 haareses
2647 2281 2752 2320 esse
2775 2266 2816 2330 ’,
2848 2275 2899 2318 ut
2939 2264 3132 2334 probati
3172 2268 3426 2338 manifesti
3463 2268 3589 2338 ﬁant
3631 2271 3758 2323 inter

2174 2365 2259 2404 vos
2290 2352 2344 2419 (l
2369 2351 2484 2408 Cor.
2510 2367 2588 2421 XI,
2616 2354 2733 2424 19);
2761 2364 2814 2409 et
2843 2354 3056 2426 longum
3085 2365 3166 2412 est
3190 2357 3478 2426 disputare,
3513 2369 3586 2426 et,
3614 2361 3756 2430 quod

2173 2439 2452 2496 dicendum
2482 2451 2564 2497 est
2590 2444 2772 2507 vobis,
2808 2460 2914 2498 non
2943 2455 3026 2500 est
3051 2456 3280 2500 vestrum
3309 2447 3407 2503 ista
3439 2448 3753 2520 intelligere.

2171 2533 2285 2587 Non
2317 2549 2502 2603 parum
2529 2536 2661 2590 mihi
2680 2537 2876 2606 cogniti
2895 2539 3042 2591 estis.
3071 2538 3288 2593 Crassas
3310 2542 3526 2595 omnino
3546 2553 3755 2600 mentes

2171 2633 2225 2678 et
2252 2639 2630 2694 corporeorum
2660 2627 3062 2682 simulacrorum
3096 2630 3342 2698 pestifero
3372 2641 3524 2701 pastu
3552 2634 3752 2688 morbi-

2171 2713 2268 2776 das
2295 2715 2362 2769 ad
2391 2714 2566 2770 divina
2592 2716 2873 2786 judicanda
2904 2718 3122 2774 defertis
3143 2760 3157 2785 ,
3203 2736 3319 2791 quae
3359 2722 3528 2777 multo
3562 2723 3751 2780 altiora

2169 2816 2292 2860 sunt
2318 2822 2474 2878 quam
2505 2809 2720 2878 putatis.

2239 2898 2326 2954 3.1.
2362 2897 2535 2964 Quare
2559 2899 2832 2956 vobiscum
2858 2901 3018 2956 modo
3041 2902 3117 2958 sic
3141 2903 3403 2974 agendum
3432 2916 3534 2972 est,
3566 2925 3668 2963 non
3694 2920 3752 2965 ut

2168 3002 2228 3041 ea
2255 2986 2362 3057 jam
2397 2989 2737 3062 intelligatis,
2766 2991 2907 3061 quod
2938 2992 3050 3048 ﬁeri
3078 3008 3182 3047 non
3213 3003 3418 3064 potest;
3451 2997 3544 3053 sed
3581 3008 3640 3054 ut
3666 3000 3750 3054 in-

2168 3077 2403 3148 telligere
2432 3079 2713 3150 aliquando
2742 3081 2986 3152 cupiatis.
3032 3081 3182 3140 Facit
3222 3086 3363 3140 enim
3396 3088 3497 3143 hoc
3523 3090 3750 3161 simplex

2167 3176 2221 3221 et
2251 3183 2378 3236 pura
2408 3169 2641 3226 Charitas
2667 3172 2783 3237 Dei,
2815 3189 2932 3244 qua:
2959 3176 3186 3231 maxime
3215 3189 3480 3248 spectatur
3505 3180 3558 3236 in
3587 3186 3751 3238 mori—

2165 3256 2264 3312 bus
2284 3299 2297 3322 ,
2329 3259 2395 3314 de
2423 3277 2524 3330 qua
2553 3261 2715 3316 multa
2742 3262 2850 3332 jam
2881 3263 3110 3322 diximus
3146 3285 3157 3318 :
3191 3283 3308 3337 qum
3341 3269 3589 3340 inSpirata
3617 3273 3747 3343 Spi-

2164 3347 2267 3402 ritu
2295 3359 2478 3406 sancto
2504 3352 2746 3423 perducit
2770 3353 2834 3408 ad
2861 3355 3081 3420 Filium,
3110 3356 3161 3411 id
3183 3367 3300 3427 est,
3327 3361 3392 3414 ad
3421 3360 3747 3431 Sapientiam

2164 3439 2292 3508 Dei,
2341 3457 2434 3512 per
2477 3460 2633 3514 quam
2664 3445 2820 3501 Pater
2854 3447 2966 3518 ipse
3003 3451 3356 3519 cognoscitur.
3400 3451 3531 3506 Nam
3571 3454 3616 3508 si
3655 3470 3746 3509 sa-

2161 3529 2358 3605 pientia
2389 3543 2443 3590 et
2466 3539 2660 3593 veritas
2690 3552 2792 3593 non
2824 3540 2946 3595 totis
2973 3540 3137 3595 animi
3165 3541 3364 3596 viribus
3397 3546 3745 3613 concupisca-

2164 3634 2269 3695 tur,
2302 3628 2525 3684 inveniri
2556 3630 2703 3686 nullo
2733 3639 2887 3700 pacto
2914 3640 3109 3702 potest.
3153 3632 3224 3687 At
3265 3633 3309 3687 si
3350 3634 3418 3688 ita
3449 3645 3739 3704 quaeratur,

2161 3727 2221 3772 ut
2247 3718 2462 3790 dignum
2503 3729 2616 3788 est,
2648 3722 2960 3777 subtrahere
2996 3737 3116 3779 sese
3157 3731 3310 3794 atque
3349 3724 3680 3781 abscondere
3709 3744 3742 3783 a

2159 3811 2270 3884 suis
2297 3811 2639 3868 dilectoribus
2668 3828 2772 3869 non
2801 3823 2994 3886 potest.
3030 3814 3161 3869 Hinc
3203 3824 3283 3870 est
3325 3815 3452 3870 illud
3473 3858 3488 3884 ,
3516 3817 3657 3888 quod
3688 3819 3740 3874 in

2159 3916 2252 3957 ore
2279 3899 2476 3959 habere
2500 3905 2659 3958 etiam
2684 3921 2779 3961 vos
2805 3904 3006 3972 soletis,
3039 3905 3178 3977 quod
3207 3907 3281 3960 ait
3308 3923 3321 3959 :
3349 3904 3514 3961 Petite
3531 3951 3544 3975 ,
3575 3917 3621 3962 et
3648 3926 3738 3963 ac-

2158 3991 2386 4062 cipietis;
2425 3997 2664 4064 qua’rite,
2709 4006 2757 4050 et
2794 3996 3086 4061 invenietis;
3129 3997 3357 4067 pulsate,
3401 4009 3448 4052 et
3488 4001 3739 4070 aperietur

2157 4082 2291 4138 vobis
2322 4083 2527 4155 (Matth.
2556 4101 2657 4151 vn,
2687 4085 2763 4160 7).
2798 4085 2890 4142 Nil
2914 4098 2987 4142 est
3011 4089 3280 4155 occultum,
3312 4090 3447 4161 quod
3474 4107 3573 4145 non
3600 4108 3738 4147 reve-

2157 4173 2342 4227 labitur
2386 4172 2495 4246 (ld.
2524 4191 2589 4242 x,
2617 4175 2728 4248 26).
2770 4177 2968 4235 Amore
2994 4177 3188 4248 petitur
3207 4219 3220 4246 ,
3252 4193 3434 4236 amore
3461 4184 3734 4252 quaeritur,

2156 4279 2337 4320 amore
2367 4266 2639 4335 pulsatur,
2672 4282 2853 4324 amore
2882 4269 3180 4337 revelatur,
3213 4285 3395 4327 amore
3427 4272 3651 4343 denique
3681 4277 3736 4330 in

2155 4369 2220 4411 eo
2248 4357 2386 4426 quod
2415 4358 2701 4413 revelatum
2731 4358 2888 4416 fuerit
2915 4373 3273 4434 permanetur.
3305 4363 3385 4418 Ab
3420 4363 3520 4418 hoc
3546 4380 3736 4423 amore

2155 4447 2426 4517 sapientia:
2472 4448 2845 4523 diligentiaque
2891 4451 3197 4523 qumrendi,
3246 4469 3347 4508 non
3396 4456 3734 4512 deterremur

2157 4536 2332 4594 Veteri
2361 4537 2702 4596 Testamento
2721 4584 2735 4608 ,
2765 4543 2906 4613 quod
2935 4559 3146 4613 semper
3173 4544 3570 4603 mcndacissime
3597 4547 3734 4602 dici-

2156 4631 2251 4697 tis,
2283 4633 2376 4687 sed
2406 4631 2473 4688 ad
2503 4633 2616 4688 haec
2645 4633 3108 4692 vehementissime
3136 4637 3482 4694 concitemur.

2224 4721 2311 4777 32.
2353 4723 2542 4778 Audite
2572 4725 2747 4796 itaque
2771 4725 3089 4797 aliquando,
3121 4736 3174 4784 et
3201 4729 3492 4797 advertite,
3524 4746 3735 4800 quaeso,

2152 4813 2268 4869 sine
2309 4815 2596 4885 pertinacia
2639 4818 2762 4887 quid
2807 4834 2902 4890 per
2943 4819 3253 4890 prophetam
3304 4821 3509 4876 dicatur
3536 4838 3550 4874 :
3577 4819 3738 4877 Clara

2152 4915 2253 4975 est,
2299 4907 2500 4978 inquit,
2541 4919 2587 4963 et
2623 4926 2736 4980 qua:
2774 4927 3032 4983 nunquam
3066 4923 3336 4968 marcescat
3363 4914 3645 4985 sapientia,
3688 4925 3739 4970 et

2151 4997 2299 5069 facile
2327 4999 2519 5054 videtur
2549 4999 2610 5054 ab
2637 5002 2697 5056 iis
2733 5003 2820 5073 qui
2862 5002 3077 5074 diligunt
3117 5004 3259 5059 illam
3277 5047 3291 5072 ,
3323 5015 3368 5060 et
3397 5007 3642 5060 inuenitur
3672 5009 3737 5062 ab

2150 5090 2213 5144 iis
2237 5092 2322 5161 qui
2349 5103 2578 5160 quan-unt
2604 5094 2742 5146 illam
2773 5109 2791 5146 :
2814 5104 3130 5166 praeoccupat
3157 5096 3244 5168 qui
3270 5113 3323 5150 se
3349 5099 3730 5168 concupiscunt,

2151 5195 2205 5236 ut
2231 5185 2330 5236 illis
2364 5201 2416 5238 se
2440 5186 2685 5240 ostendat.
2721 5185 2821 5252 Qui
2845 5189 3122 5258 vigilaverit
3148 5189 3216 5240 ad
3241 5189 3382 5242 illam
3401 5232 3414 5253 ,
3459 5205 3556 5243 non
3585 5188 3728 5244 labo-

2152 5274 2279 5328 rabit
2309 5290 2326 5328 :
2351 5274 2652 5350 assidentem
2683 5277 2816 5330 enim
2848 5277 2988 5331 illam
3016 5279 3228 5333 inueniet
3258 5280 3444 5349 foribus
3467 5281 3588 5334 suis.
3631 5279 3731 5334 Co-

2215 5427 2230 5460 ί
2253 5427 2468 5491 sicitas,
2483 5431 2856 5491 praestantior-es.
2869 5438 2924 5480 Αι
2933 5431 3044 5483 add.
3056 5432 3265 5484 habent:
3278 5432 3525 5486 submissis
3539 5440 3587 5486 et
3594 5434 3735 5488 hinni

2149 5489 2430 5602 reﬂpéntibuq
2640 5531 2654 5555 ,
2678 5498 2729 5542 ut
2746 5494 3146 5564 accommodatius
3163 5510 3251 5562 per
3268 5496 3475 5548 humtma
3494 5495 3546 5546 in
3567 5497 3734 5548 divina

2149 5565 2175 5599 c
2261 5565 2307 5599 tt‘
2321 5565 2411 5602 om
2437 5590 2448 5601 .

2149 5563 2448 5601 εοηδιιιίιςηῑ.

2215 5565 2307 5600 asto
2355 5568 2374 5599 ι
2437 5590 2448 5601 .

2215 5617 2232 5643 ³
2253 5565 2679 5682 ιαῗυξῑγδιίαμωξ
2698 5625 2776 5665 ett
2797 5618 3095 5668 istcrciensis
3116 5621 3357 5677 omittnn',
3377 5617 3562 5675 nutltas,
3586 5633 3735 5682 quam

2151 5686 2317 5744 vocem
2339 5680 2517 5744 habent
2535 5678 2612 5726 ain
2636 5679 2975 5744 pluriquctutn
3015 5683 3177 5744 scripti
3202 5691 3301 5729 tum
3322 5683 3486 5729 excusi
3505 5678 3735 5743 namque

2149 5740 2512 5806 observavimus
2524 5746 2736 5806 reperiri
2751 5743 2875 5803 apud
2893 5749 2999 5792 Mss.
3022 5745 3072 5792 in
3084 5740 3255 5793 eadem
3266 5744 3470 5806 Aposwli
3487 5740 3735 5806 sententia

2150 5796 2302 5848 relata
2321 5800 2443 5851 libro
2463 5796 2614 5863 primo
2630 5804 2695 5852 de
2713 5796 2884 5854 Genesi
2902 5814 3066 5854 contra
3084 5796 3382 5864 Manichtebs,
3398 5817 3504 5866 cap.
3525 5803 3570 5858 1.
