4118 6370
346 311 483 371 1595

343 431 503 503 gitare
530 429 662 482 enim
705 427 770 484 de
811 426 934 492 illa,
979 440 1156 480 sensus
1199 430 1270 480 est
1311 429 1716 487 consummatus;
1761 429 1806 473 et
1843 420 1929 490 qui

345 521 622 592 vigilarem
653 527 857 590 propter
881 518 1022 572 illam
1041 559 1055 584 ,
1086 516 1184 570 cito
1211 515 1302 569 erit
1327 530 1529 570 securus
1557 530 1575 568 :
1605 513 1720 583 quia
1750 511 1929 582 dignos

344 614 509 682 seipse
533 611 711 666 circuit
737 623 964 675 querens
984 650 997 673 ,
1030 617 1076 662 et
1097 607 1151 661 in
1175 607 1268 660 viis
1295 606 1510 662 ostendit
1538 620 1592 660 se
1613 603 1716 658 illis
1750 601 1930 656 hilari-

346 715 451 771 ter,
501 713 548 759 et
591 703 726 758 omni
770 700 1083 773 prouidentia
1125 699 1338 754 occurrit
1376 696 1498 752 illis.
1546 694 1756 750 Initium
1794 693 1927 747 enim

344 799 484 854 illius
529 799 842 853 verissimum
892 781 1174 865 disciplima
1215 789 1615 861 concupiscentia
1662 797 1751 843 est.
1793 785 1930 841 Cura

345 907 464 960 ergo
494 890 777 959 disciplina:
812 886 1012 942 dilectio
1043 893 1152 951 est;
1177 893 1227 939 et
1248 883 1448 938 dilectio
1474 879 1736 936 custoditio
1764 877 1930 945 legum

344 982 485 1036 illius
513 990 583 1035 est
612 995 630 1034 :
653 979 920 1034 custoditio
943 987 1109 1032 autem
1134 976 1317 1048 legum,
1349 973 1666 1043 conﬁrmatio
1694 973 1928 1024 incorru-

347 1071 530 1142 ptionis
551 1081 622 1126 est
640 1087 662 1136 ;
684 1071 992 1142 incorruptio
1013 1078 1178 1122 autent
1198 1071 1320 1140 facit
1340 1066 1623 1138 proximum
1647 1061 1771 1116 Deo.
1797 1058 1928 1113 Con-

345 1165 656 1235 cupiscentia
669 1165 838 1233 itaque
854 1161 1118 1230 sapientia
1134 1159 1334 1215 deducit
1358 1158 1425 1211 ad
1445 1171 1653 1228 regnum
1681 1153 1776 1225 (Sa
1783 1170 1833 1222 p.
1853 1167 1924 1214 vi,

352 1255 564 1327 15-21).
597 1254 742 1310 Itane
770 1254 980 1308 tandem
1007 1253 1178 1307 adhuc
1207 1251 1484 1306 adversum
1513 1249 1610 1303 ista
1635 1243 1932 1300 latrabitis?

347 1351 534 1406 Nonne
563 1348 631 1403 ita
663 1348 833 1419 posita
861 1355 914 1403 et
943 1344 1176 1401 nondum
1214 1343 1498 1407 intellecta,
1529 1339 1695 1395 cuivis
1732 1337 1930 1408 signiti-

345 1453 467 1499 cant
492 1443 655 1498 altum
681 1455 740 1496 se
768 1437 1016 1510 quiddam
1045 1446 1099 1494 et
1123 1436 1390 1493 ineffabile
1415 1433 1725 1491 continere?
1753 1429 1800 1488 0
1823 1432 1928 1485 ιιιί-

345 1549 468 1592 nam
511 1533 740 1606 possetis
776 1531 1071 1602 intelligere
1108 1545 1226 1601 quae
1262 1529 1400 1585 dicta
1438 1527 1594 1584 sunt!
1635 1522 1926 1581 Confestim

345 1626 646 1695 abjiceret‘is
671 1639 858 1681 omnes
885 1625 1108 1694 ineptias
1147 1621 1452 1678 fabellarum
1473 1663 1487 1687 ,
1519 1628 1575 1676 et
1613 1617 1927 1672 vanissimas

345 1721 748 1793 imaginationes
775 1732 1056 1789 corporum
1077 1758 1090 1782 ,
1119 1724 1366 1786 totosque
1392 1728 1486 1769 vos
1511 1727 1697 1783 magna
1737 1709 1927 1763 alacri—

346 1821 487 1880 tate,
536 1812 744 1867 sincero
787 1823 1002 1878 amore,
1050 1807 1351 1862 ﬁrmissima
1402 1803 1538 1871 ﬁde,
1596 1799 1928 1857 sanctissimo

345 1905 595 1960 Ecclesia:
625 1903 898 1960 catholicae
926 1902 1128 1973 gremio
1153 1899 1472 1956 eonderetis.

343 1995 572 2055 CAPUT
595 1995 779 2054 XVIII.
799 2027 870 2037 —
894 1995 962 2050 In
989 1993 1250 2052 Catholica
1277 1993 1386 2048 sola
1416 1991 1636 2063 perfecta
1663 1988 1839 2043 ueritas
1868 2002 1930 2040 ex

696 2089 954 2160 utriusque
983 2086 1285 2142 Testamenti
1313 2101 1578 2139 consensu.

417 2184 506 2240 33.
537 2179 782 2238 Poteram
831 2195 926 2252 pro
964 2196 1080 2236 mea
1118 2179 1483 2235 mediocritate
1521 2177 1786 2233 discutere
1823 2173 1933 2227 sin-

283 2314 292 2318 -
343 2275 462 2347 gula
483 2315 500 2342 ,
530 2281 584 2330 et
611 2289 802 2330 eruere
830 2287 893 2328 ac
917 2272 1286 2327 demonstrare
1313 2285 1429 2340 qua:
1458 2267 1637 2339 accepi
1657 2309 1674 2336 ,
1715 2266 1766 2321 in
1796 2280 1929 2336 quo-

347 2382 462 2421 rum
496 2364 806 2422 excellentia
841 2372 896 2419 et
927 2361 1209 2418 altitudine
1251 2360 1564 2432 plerumque
1594 2357 1755 2412 verba
1795 2355 1930 2410 deli-

347 2456 494 2511 ciunt
522 2474 536 2510 :
565 2453 658 2510 sed
688 2452 936 2525 quamdiu
962 2453 1188 2518 latratis,
1220 2466 1325 2506 non
1354 2460 1437 2507 est
1467 2447 1782 2504 faciendum.
1814 2446 1929 2500 Non

346 2549 486 2604 enim
514 2547 704 2604 frustra
734 2547 932 2602 dictum
962 2553 1075 2611 est,
1113 2543 1287 2599 Nolite
1323 2551 1553 2598 sanctum
1581 2543 1702 2594 dare
1729 2539 1932 2594 canibus

347 2637 556 2713 (Matth.
579 2657 672 2705 vn,
695 2639 771 2712 Θ).
797 2639 874 2695 Νε
895 2638 1273 2695 suceenseatis.
1298 2636 1364 2690 Et
1387 2650 1484 2706 ego
1505 2633 1690 2688 latravi
1714 2642 1767 2687 et
1786 2631 1934 2686 canis

347 2731 450 2797 fui,
483 2731 695 2802 quando
732 2746 938 2786 mecum
965 2729 1084 2800 jure
1122 2742 1229 2784 non
1268 2726 1493 2783 docendi
1522 2725 1676 2793 cibo,
1713 2723 1806 2779 sed
1844 2739 1932 2778 re-

348 2821 564 2878 fellendi
591 2819 861 2878 fustibus‘
891 2821 1162 2893 agebatur.
1210 2818 1264 2875 Si
1305 2828 1480 2873 autem
1527 2818 1579 2872 in
1615 2815 1765 2872 vobis
1793 2822 1936 2871 esset

349 2915 608 2984 charitas,
639 2914 706 2970 de
733 2929 836 2986 qua
864 2929 1005 2970 nunc
1034 2912 1235 2984 agitur,
1275 2910 1361 2966 vel
1389 2911 1547 2965 etiam
1578 2908 1622 2963 si
1650 2907 1808 2962 fuerit
1836 2905 1934 2959 ali-

349 3007 588 3078 quando,
625 3013 876 3076 quantam
920 3002 1308 3076 cognoscenda:
1352 2999 1590 3056 veritatis
1631 2995 1937 3070 magnitudo

349 3096 636 3164 desiderat,
670 3095 842 3152 aderit
867 3097 1007 3151 Deus
1035 3095 1123 3167 qui
1156 3092 1400 3148 ostendat
1423 3091 1574 3146 vobis
1602 3105 1773 3161 neque
1799 3087 1940 3160 apud

350 3189 672 3245 Manichzcos
701 3205 819 3244 esse
844 3188 1184 3244 christianum
1214 3186 1368 3242 fidem
1390 3229 1404 3253 ,
1436 3200 1555 3256 quae
1579 3182 1646 3239 ad
1673 3197 1938 3237 summum

353 3284 556 3355 apicem
593 3283 863 3353 sapientiai
906 3282 1250 3352 veritatisque
1283 3278 1554 3350 perducit,
1585 3293 1687 3347 qua
1718 3273 1936 3344 perfrui,

355 3378 484 3432 nihil
511 3385 594 3432 est
619 3374 760 3430 aliud
794 3375 891 3429 nisi
917 3375 1071 3429 beate
1101 3374 1309 3438 vivere;
1355 3386 1527 3441 neque
1566 3384 1683 3424 esse
1713 3367 1938 3436 uspiam,

357 3469 458 3523 nisi
504 3470 554 3521 in
600 3466 860 3521 catholica
904 3465 1198 3535 disciplina.
1232 3461 1366 3529 Quid
1394 3461 1536 3518 enim
1563 3459 1702 3514 aliud
1734 3458 1942 3511 videtur
1971 3466 1977 3472 '

356 3559 627 3629 apostolus
654 3558 849 3612 Paulus
877 3564 1063 3626 optare
1083 3596 1099 3622 ,
1131 3569 1249 3610 Cum
1279 3552 1409 3608 dicit
1437 3569 1449 3606 :
1482 3549 1652 3622 Hujus
1681 3549 1752 3602 rei
1777 3547 1942 3619 gratia

357 3651 501 3723 ﬂecto
531 3667 693 3724 genua
723 3665 832 3704 mea
861 3648 928 3702 ad
957 3647 1163 3701 Patrem
1194 3644 1395 3699 Domini
1422 3643 1578 3698 nostri
1596 3640 1718 3695 Iesu
1735 3637 1940 3704 Christi,

357 3761 390 3799 α
416 3761 514 3815 quo
542 3743 704 3800 omnis
744 3740 1016 3818 paternitas
1055 3740 1105 3793 in
1143 3738 1277 3792 caelis
1316 3745 1362 3790 et
1390 3734 1442 3788 in
1471 3743 1603 3788 terra
1631 3731 1940 3796 nominatur,

357 3847 410 3892 ut
439 3836 520 3890 det
556 3836 692 3889 vobis
716 3833 988 3888 secundum
1016 3831 1212 3885 divitias
1239 3830 1414 3900 gloria:
1441 3843 1547 3882 sua:
1573 3823 1939 3898 fortitudinem,

358 3927 673 3984 corroborari
719 3942 808 3997 per
844 3924 1076 3993 spiritum
1109 3924 1162 3976 in
1191 3921 1416 3975 interiori
1444 3919 1675 3981 homine,
1721 3915 1947 3969 habitare

358 4019 611 4075 Christum
649 4033 735 4086 per
771 4015 925 4085 ﬁdem
960 4015 1012 4067 in
1043 4013 1276 4067 cordibus
1303 4012 1478 4066 vestris
1503 4026 1524 4064 :
1548 4020 1601 4063 ut
1627 4011 1681 4062 in
1704 4007 1947 4062 charitate

360 4109 576 4165 radicati
599 4118 643 4163 et
670 4107 888 4180 fundati,
919 4105 1117 4176 possitis
1144 4101 1560 4175 comprehendere
1583 4117 1697 4153 cum
1717 4097 1946 4151 omnibus

359 4204 546 4259 sanctis
566 4245 581 4268 ,
625 4216 739 4270 qua:
777 4201 841 4255 sit
883 4198 1125 4265 altitudo,
1157 4207 1199 4251 et
1227 4194 1484 4267 longitudo
1503 4234 1519 4262 ,
1550 4203 1593 4246 et
1622 4190 1832 4246 latitudo
1851 4231 1866 4257 ,
1900 4199 1946 4246 et

360 4293 706 4367 profundum;
736 4306 1027 4363 cognoscere
1065 4289 1212 4343 etiam
1249 4285 1694 4357 supereminentem
1726 4282 1948 4336 scientiae

361 4387 654 4441 charitatem
686 4383 872 4439 Christi
897 4384 939 4450 ³,
969 4391 1023 4435 ιιι
1058 4379 1368 4450 impleamini
1405 4377 1459 4431 in
1501 4392 1694 4430 omnem
1724 4373 1946 4446 plenitu-

360 4477 526 4531 dinem
555 4473 693 4530 Dei?
734 4471 948 4545 (Ephes.
975 4487 1065 4538 ιιι,
1099 4467 1342 4540 14-19.)
1381 4467 1631 4523 Potestne
1661 4463 1948 4536 quidquam

359 4566 463 4622 dici
495 4563 861 4620 manifestius?

431 4659 522 4713 54.
560 4655 814 4722 Obsecro,
844 4655 1059 4725 vigilate
1089 4653 1377 4724 paululum,
1413 4649 1590 4706 videte
1622 4646 1951 4705 Testamenti

362 4749 640 4820 utriusque
659 4746 1020 4811 concordiam,
1048 4747 1137 4816 qui
1164 4747 1234 4800 sit
1255 4745 1309 4799 in
1334 4744 1570 4798 moribus
1589 4743 1711 4798 vita:
1737 4742 1946 4810 modus,

362 4852 546 4912 etquo
573 4840 681 4896 sint
705 4839 982 4895 referenda
1009 4839 1189 4894 omnia
1207 4881 1221 4907 ,
1249 4839 1378 4894 satis
1407 4839 1734 4908 aperientem
1771 4847 1823 4894 et
1850 4837 1948 4890 do-

360 4942 592 4992 centem.
623 4932 872 4987 Amorem
897 4930 989 4985 Dei
1011 4929 1032 4962 ⁸
1059 4929 1326 4984 concitant
1349 4929 1650 5001 Evangelia,
1683 4945 1802 4984 cum
1829 4928 1952 4982 dici-

363 5033 482 5090 tur,
510 5023 694 5088 Petite,
726 5021 955 5094 qurerite,
995 5020 1191 5091 pulsate
1221 5018 1434 5091 (Matth.
1457 5035 1548 5085 vn,
1582 5020 1635 5091 7)
1673 5037 1684 5072 :
1724 5022 1954 5074 concitat

363 5115 582 5183 Paulus,
605 5111 850 5176 dicendo,
881 5110 950 5167 Ut
973 5112 1026 5165 in
1046 5111 1289 5164 charitate
1306 5109 1521 5163 radicati
1541 5119 1587 5163 et
1609 5110 1806 5182 fundati
1835 5127 1953 5180 pos-

362 5208 472 5262 sitis
497 5203 915 5277 comprehendere
932 5200 1144 5275 (Ephes.
1169 5200 1350 5272 111,17)
1377 5219 1388 5254 ε
1412 5201 1640 5255 concitat
1657 5201 1813 5256 etiam
1834 5217 1957 5272 pro-

364 5298 522 5372 pheta
542 5339 554 5361 ,
587 5312 705 5351 cum
736 5295 881 5361 dicit,
905 5293 1054 5348 facile
1075 5291 1388 5361 sapientiam
1415 5293 1482 5346 ab
1509 5291 1571 5346 iis
1591 5293 1678 5362 qui
1696 5307 1812 5347 eam
1837 5293 1958 5346 dili-

423 5411 440 5442 ³
461 5415 566 5459 Mss.
588 5407 824 5472 quinque,
841 5401 1107 5472 repellendi
1124 5402 1342 5472 fustibus.

427 5473 448 5503 ¹
468 5473 539 5520 sic
558 5463 780 5532 plerique
927 5474 986 5532 _At
1009 5463 1345 5532 Eddibabent:
1367 5463 1792 5532 supereminentem
1808 5465 1961 5532 scien-

759 5529 953 5582 Cltristi.
966 5528 1108 5578 Paulo
1117 5539 1240 5592 post,
1261 5537 1365 5580 Mss.
1390 5526 1507 5577 duo:
1533 5538 1586 5578 1n
1607 5540 1794 5577 omnem
1812 5526 1962 5592 pleni.

362 5602 594 5705 aug
607 5602 762 5725 iiiis
781 5654 1021 5725 aperiente
1034 5658 1079 5725 et
1097 5654 1292 5704 docente
1302 5664 1463 5725 canore
1475 5651 1580 5702 Dei.
1593 5651 1851 5725 concitant,
1865 5659 1959 5702 etc.

369 5725 424 5787 as
559 5718 802 5787 tredecim
813 5715 1080 5787 praeferunt
1100 5725 1309 5787 nostram
1328 5715 1602 5787 lectionem,
1623 5716 1844 5780 quamvis
1877 5728 1958 5764 ex.

371 5781 430 5830 iis
448 5780 671 5842 plerique
690 5780 782 5830 sub
801 5779 894 5830 alia
911 5792 1083 5831 vocum
1102 5781 1503 5836 interpunctione.

1717 302 1918 360 LIBER
1961 299 2230 359 PRIMUS.

3463 319 3465 321 ‘
3482 301 3617 363 1526

2031 425 2178 488 gunt,
2199 417 2870 490 quaerunt,concupiscunt,
2886 419 3122 490 vigilant,
3141 421 3391 488 cogitant,
3406 432 3612 490 curant,

2033 523 2188 578 posse
2217 511 2480 577 cognosci.
2509 509 2662 566 Salus
2695 511 2858 566 animi
2895 522 2946 566 et
2986 514 3066 566 via
3097 513 3433 569 beatitudinis
3466 524 3616 570 utra-

2035 615 2254 669 rumque
2272 601 2661 670 Scripturamm
2692 615 2822 672 pace
2851 611 3193 671 monstratur,
3225 613 3280 658 ct
3307 620 3400 659 vos
3421 606 3623 663 latrare

2033 693 2205 762 potius
2223 692 2473 746 adversus
2500 691 2614 748 haec
2629 733 2646 760 ,
2693 710 2848 764 quam
2876 695 2960 749 his
2983 697 3349 766 obtemperare
3373 697 3610 769 diligitis.

2034 783 2188 838 Brevi
2216 784 2386 838 dicam
2411 784 2549 854 quod
2578 786 2751 841 sentio
2775 803 2787 840 :
2821 787 2997 842 audite
3023 788 3207 843 doctos
3235 789 3489 845 Ecclesia).
3517 806 3613 846 ca-

2033 873 2243 929 tholica
2271 876 2412 930 viros
2443 885 2582 930 tanta
2611 892 2739 946 pace
2767 879 2947 943 animi,
2965 888 3018 936 et
3047 894 3111 934 eo
3128 889 3248 934 voto
3270 896 3374 953 quo
3391 896 3487 936 vos
3509 895 3618 952 ego

2033 966 2241 1032 audivi;
2273 967 2401 1021 nihil
2438 981 2570 1038 opus
2593 969 2693 1022 erit
2720 983 2912 1023 novem
2939 971 3090 1026 annis
3131 971 3324 1043 quibus
3353 989 3444 1029 me
3480 975 3615 1029 ludi-

2037 1056 2232 1111 iicastis
2291 1055 2388 1130 (a).
2445 1057 2626 1129 Longe
2673 1059 2922 1122 omnino,
2980 1061 3136 1132 longe
3191 1062 3431 1118 breviore
3480 1072 3614 1119 tem-

2033 1162 2201 1216 pore,
2265 1149 2390 1218 quid
2439 1149 2644 1204 intersit
2705 1150 2843 1205 inter
2893 1152 3168 1208 veritatem
3219 1155 3613 1225 vanitatemque

2031 1239 2280 1293 cernetis.

2032 1327 2258 1384 CAPUT
2295 1329 2436 1385 XIX.
2460 1359 2536 1373 -—
2560 1329 2930 1404 Temperantia
2957 1334 3116 1405 officia
3142 1351 3204 1390 ea:
3226 1337 3384 1390 sacris
3412 1336 3614 1393 Litteris

2693 1422 2944 1478 describit.

2103 1511 2190 1566 55.
2223 1511 2330 1567 Sed
2354 1520 2562 1582 tempus
2580 1520 2662 1568 est
2680 1515 2745 1569 ad
2767 1515 2883 1570 illas
2901 1517 3123 1571 virtutes
3143 1527 3370 1590 quatuor
3393 1522 3610 1588 reverti,

2031 1611 2086 1659 et
2109 1618 2175 1657 ex
2203 1603 2287 1657 his
2316 1604 2537 1674 singulis
2561 1619 2752 1659 eruere
2793 1621 2855 1661 ao
2893 1607 3089 1664 ducere
3126 1609 3334 1664 vivendi
3373 1612 3610 1667 modum.

2031 1694 2214 1766 Itaque
2242 1696 2388 1765 prius
2409 1697 2811 1765 temperantiam
2841 1699 3130 1765 videamus,
3154 1716 3271 1770 qua:
3287 1701 3443 1756 nobis
3466 1718 3614 1760 amo-

2031 1787 2106 1842 ris
2131 1788 2267 1842 illius
2293 1802 2397 1858 quo
2427 1789 2748 1844 innectimur
2773 1790 2914 1857 Deo,
2946 1791 3296 1862 integritatem
3329 1794 3612 1863 quamdam

2032 1888 2086 1932 et
2114 1879 2564 1949 incorruptionem
2596 1881 2891 1950 pollicetur.
2923 1881 3112 1936 Munus
3134 1884 3271 1938 enim
3302 1884 3418 1953 ejus
3451 1892 3534 1940 est
3560 1886 3612 1939 in

2032 1971 2342 2026 coercendis
2357 1970 2712 2042 sedandisque
2726 1971 3118 2042 cupiditatibus,
3142 1973 3334 2042 quibus
3354 1974 3616 2029 inhiamus

2032 2063 2086 2117 in
2111 2077 2172 2118 ea
2211 2079 2328 2133 qua:
2358 2079 2456 2119 nos
2483 2072 2726 2119 avertunt
2759 2081 2786 2118 a
2827 2065 3032 2136 legibus
3058 2065 3150 2120 Dei
3177 2075 3232 2120 et
3257 2081 3287 2119 a
3320 2067 3488 2120 fructu
3517 2068 3615 2122 bo-

2033 2156 2216 2212 nitatis
2244 2156 2360 2227 ejus
2393 2172 2407 2210 :
2436 2157 2580 2228 quod
2605 2164 2720 2224 est,
2749 2165 2805 2211 ut
2833 2157 2979 2212 brevi
3003 2158 3281 2227 explicem,
3313 2157 3468 2212 beata
3487 2158 3612 2212 vita.

2031 2245 2106 2302 lbi
2143 2247 2283 2302 enim
2323 2255 2408 2302 est
2449 2247 2606 2302 sedes
2638 2248 2876 2303 veritatis
2899 2249 2946 2313 ⁸,
2979 2249 3130 2318 cujus
3173 2249 3618 2318 contemplatione

2032 2335 2370 2408 per-fruentes
2389 2379 2403 2403 ,
2431 2338 2589 2407 eique
2615 2339 2826 2407 penitus
2854 2337 3218 2404 adhaerentes,
3246 2339 3433 2410 procul
3457 2339 3618 2394 dubio

2033 2430 2172 2484 beati
2204 2443 2388 2484 sumus
2416 2446 2429 2482 :
2460 2427 2584 2484 inde
2607 2437 2783 2485 autem
2820 2428 3156 2495 decidentes,
3184 2430 3389 2500 magnis
3422 2431 3620 2484 errori-

2035 2522 2134 2577 bus
2161 2521 2542 2591 doloribusque
2566 2521 2925 2594 implicantur.
2953 2522 3228 2593 Namque,
3269 2532 3325 2577 ut
3361 2525 3435 2578 ait
3473 2528 3614 2595 Apo-

2035 2613 2224 2680 stolus,
2251 2613 2400 2668 radix
2425 2614 2649 2668 omnium
2674 2614 2923 2668 malorum
2946 2615 3216 2685 cupiditas,
3239 2631 3389 2683 quam
3412 2616 3620 2684 quidam

2033 2714 2290 2774 sequentes
2313 2747 2328 2772 ,
2357 2707 2787 2776 naufragauerunt
2813 2721 2847 2758 α
2872 2706 2973 2773 ﬁde
2991 2747 3006 2770 ,
3037 2714 3081 2759 et
3108 2707 3424 2762 inseruerunt
3445 2724 3499 2763 se
3523 2709 3621 2763 do-

2037 2798 2228 2853 loribus
2257 2797 2430 2852 multis
2458 2796 2501 2870 (1
2522 2795 2658 2852 Tim.
2693 2813 2766 2863 vr,
2801 2797 2912 2868 l0).
2953 2796 3104 2863 Quod
3133 2807 3405 2866 peccatum
3429 2800 3623 2856 animai

2037 2889 2092 2945 in
2119 2889 2294 2944 Veteri
2320 2888 2663 2943 Testamento
2693 2887 2822 2942 satis
2859 2895 3075 2957 aperte,
3120 2888 3257 2943 bene
3284 2889 3626 2960 intelligenti-

2040 2981 2160 3045 bus,
2188 2979 2240 3033 in
2269 2978 2434 3046 ipsius
2457 2977 2689 3032 hominis
2714 2979 2802 3048 qui
2834 2986 2951 3032 erat
2977 2979 3027 3032 in
3057 2979 3301 3048 paradiso
3321 3022 3336 3048 ,
3367 2983 3622 3051 praevari-

2041 3071 2251 3127 catione
2277 3070 2533 3140 signatur.
2575 3069 2641 3124 In
2670 3070 2836 3124 Adam
2860 3072 3054 3141 quippe
3080 3088 3250 3126 omnes
3274 3074 3536 3142 morimur,
3569 3085 3627 3129 ut

2040 3163 2114 3217 ait
2147 3163 2285 3217 idem
2307 3203 2322 3227 ,
2363 3172 2409 3216 et
2432 3162 2485 3216 in
2505 3161 2702 3217 Christo
2735 3175 2903 3216 omnes
2937 3177 3253 3233 resurgemus
3279 3163 3322 3235 (Ι
3353 3161 3471 3218 Cor.
3512 3180 3584 3220 xv
3606 3207 3622 3232 ,

2041 3254 2158 3325 ἥ).
2192 3254 2237 3309 Ο
2278 3254 2382 3308 alta
2411 3254 2662 3324 mysteria
2687 3254 2701 3308 ι
2728 3253 2834 3309 Sed
2873 3254 3155 3324 reprimam
3193 3270 3279 3310 me
3310 3273 3323 3310 :
3351 3272 3457 3310 non
3483 3257 3625 3313 enim

2043 3345 2203 3401 modo
2227 3346 2434 3416 suscepi
2463 3345 2660 3400 docere
2685 3358 2779 3399 vos
2807 3353 2950 3399 recta
2970 3385 2985 3411 ,
3015 3345 3109 3400 sed
3138 3345 3400 3402 dedocere
3425 3363 3584 3417 prava
3606 3390 3624 3418 ,

2043 3438 2090 3493 si
2118 3446 2338 3508 potero,
2377 3436 2428 3492 id
2465 3445 2575 3503 est,
2610 3437 2653 3491 si
2687 3437 2825 3492 Deus
2848 3439 3094 3492 annuerit
3129 3440 3402 3508 proposito
3439 3440 3492 3494 in
3532 3455 3628 3498 vos

2045 3543 2188 3583 meo.

2119 3619 2207 3676 56.
2247 3620 2383 3674 Dicit
2416 3634 2545 3690 ergo
2581 3620 2776 3676 Paulus
2816 3620 3048 3676 radicem
3093 3620 3330 3676 omnium
3370 3622 3629 3679 malorum

2050 3727 2170 3769 esse
2194 3713 2556 3783 cupiditatem,
2588 3729 2681 3782 per
2708 3728 2866 3783 quam
2899 3715 3056 3768 etiam
3085 3713 3192 3769 Lex
3223 3724 3375 3770 vetus
3401 3716 3630 3785 primum

2048 3805 2316 3859 hominem
2362 3805 2567 3874 lapsum
2611 3819 2733 3860 esse
2773 3805 3054 3874 significat.
3103 3805 3278 3861 Monet
3329 3807 3524 3862 Paulus
3573 3814 3638 3864 ut

2048 3910 2308 3952 exuamus
2346 3911 2444 3949 nos
2486 3904 2720 3949 veterem
2763 3893 3032 3950 hominem
3056 3936 3072 3962 ,
3124 3903 3180 3951 et
3217 3897 3496 3953 induamus
3535 3916 3636 3954 no-

2048 4003 2175 4042 vum
2202 3986 2421 4058 (Coloss.
2447 4001 2536 4052 ιιι,
2569 3986 2624 4053 9,
2655 3984 2764 4059 10).
2807 3986 2931 4040 Vult
2957 3996 3134 4042 autem
3171 3989 3423 4058 intelligi,
3460 3989 3638 4046 Adam

2051 4069 2142 4150 qui
2164 4079 2439 4151 peccavit,
2466 4089 2701 4134 veterem
2743 4080 3014 4134 hominem
3039 4095 3054 4144 ;
3095 4078 3244 4134 illum
3271 4089 3448 4135 autem
3473 4096 3636 4151 quem-

2051 4173 2282 4242 susccpit
2311 4173 2362 4226 in
2387 4179 2719 4227 sacramento
2747 4171 2841 4226 Dei
2867 4169 3033 4227 Filius
3072 4171 3138 4225 ad
3168 4186 3262 4226 nos
3289 4173 3592 4228 liberandos
3611 4213 3628 4239 ,

2052 4278 2268 4316 novum.
2298 4263 2434 4318 Dicit
2453 4277 2683 4332 namque
2709 4262 2816 4318 alio
2840 4264 2978 4330 loco,
3007 4261 3214 4317 Primus
3231 4264 3380 4319 homo
3393 4265 3458 4320 de
3475 4274 3630 4333 terra,

2053 4364 2314 4419 terrenus;
2338 4355 2586 4409 secundus
2611 4357 2762 4409 homo
2794 4355 2858 4408 de
2881 4354 3006 4409 ccio
3029 4394 3043 4419 ,
3075 4353 3304 4410 calestis.
3336 4355 3518 4422 Qualis
3535 4366 3636 4412 ter-

2039 4461 2226 4508 _renus,
2255 4445 2381 4500 tales
2406 4454 2452 4498 et
2479 4445 2700 4511 terreni;
2725 4443 2890 4514 qualis
2915 4442 3144 4506 calcatis,
3175 4444 3300 4500 tales
3321 4455 3368 4502 et
3390 4447 3632 4505 ctelestes.

2058 4536 2204 4591 Sicut
2230 4535 2535 4606 portavimus
2559 4535 2826 4604 imaginem
2855 4535 3055 4598 terreni,
3087 4545 3340 4605 portemus
3376 4547 3423 4592 et
3452 4539 3635 4611 imagi-

2055 4642 2171 4680 nam
2198 4623 2412 4680 caelestis
2449 4624 2491 4697 (Ι
2515 4623 2634 4680 Cor.
2667 4638 2761 4691 xv,
2787 4624 2980 4695 4749)
3012 4641 3025 4678 :
3063 4625 3164 4684 hoc
3189 4636 3274 4681 est
3292 4669 3308 4695 ,
3336 4629 3522 4686 exuite
3546 4645 3638 4686 ve-

2057 4725 2222 4772 terem
2247 4755 2264 4783 ,
2292 4723 2350 4771 et
2377 4713 2579 4770 induite
2602 4728 2816 4770 novum.
2852 4714 3024 4771 Omne
3051 4717 3209 4787 igitur
3236 4715 3466 4776 officium
3496 4729 3640 4778 tem-

2057 4809 2310 4881 perantia:
2331 4851 2347 4876 ,
2377 4816 2462 4863 est
2502 4821 2700 4864 exuere
2735 4816 2976 4864 veterem
3015 4809 3316 4876 hominem,
3357 4820 3414 4866 et
3438 4810 3494 4867 in
3524 4813 3636 4871 Deo

2060 4900 2338 4982 retiovari;
2371 4899 2426 4955 id
2452 4909 2568 4967 est,
2599 4910 2942 4958 contemnere
2976 4913 3164 4953 omnes
3201 4914 3487 4970 corporeas
3519 4905 3640 4961 ille-

2059 4993 2267 5057 cebras,
2298 4992 2614 5062 laudemque
2637 4992 2965 5062 popularem,
2995 4999 3270 5061 totumque
3293 5007 3529 5049 amorem
3568 4998 3638 5053 ad

2060 5085 2341 5142 invisibilia
2389 5094 2445 5139 et
2499 5084 2674 5139 divina
2723 5081 2986 5138 conferre.
3033 5081 3184 5138 Unde
3226 5082 3354 5139 illud
3400 5089 3640 5158 sequitur

2060 5179 2203 5248 quod
2241 5178 2464 5233 mirifice
2490 5177 2688 5232 dictum
2714 5186 2830 5244 est,
2862 5175 2925 5232 Si
2964 5184 3014 5231 et
3051 5177 3268 5232 exterior
3301 5178 3449 5234 homo
3475 5191 3644 5238 noster

2063 5271 2401 5342 corrumpitur
2423 5311 2439 5338 ,
2484 5269 2572 5323 sed
2609 5270 2818 5324 interior
2861 5278 3130 5324 renouatur
3176 5270 3240 5325 de
3287 5272 3370 5325 die
3411 5273 3484 5341 in,
3509 5275 3642 5330 diem

2129 5406 2144 5436 ¹
2156 5403 2268 5474 pud.
2289 5411 2387 5474 sm.
2407 5409 2482 5474 Er.
2505 5410 2558 5454 et
2573 5409 2705 5465 Lov.,
2725 5416 2914 5474 necnon
2933 5401 3296 5474 pleriqueltss.,
3310 5405 3510 5474 habent,
3522 5406 3646 5473 ﬁdes

2065 5466 2200 5541 verti.
2217 5473 2271 5515 Αι
2289 5467 2488 5541 Αιιιριιὶο
2512 5468 2794 5541 Araurnag‘is
2812 5466 3058 5541 probatur,
3077 5466 3208 5538 quod
3229 5466 3508 5541 inmergiue
3522 5466 3647 5534 'qua-

2065 5529 2281 5578 rumtlam
2323 5527 2598 5593 editionum
2620 5527 2844 5593 habetur,
2881 5529 3016 5579 sedes
3047 5527 3146 5579 veri
3160 5542 3186 5593 ί
3217 5531 3292 5593 cui
3330 5527 3645 5593 astipulantur

2067 5597 2172 5640 Mss.
2191 5593 2405 5652 quinque
2420 5624 2434 5646 ,
2456 5591 2502 5638 iu
2521 5592 2696 5653 quibus
2719 5590 2914 5649 legitur,
2935 5593 3069 5641 sedes
3088 5589 3310 5642 ueritatis.

2129 5653 2201 5715 (τι)
2224 5654 2512 5715 Augustinus
2523 5666 2699 5715 novem
2718 5665 2858 5715 annis
2873 5656 3168 5710 Manis-lucus,
3189 5657 3249 5703 ab
3269 5668 3396 5706 anno
3412 5657 3568 5708 aetatis
3590 5656 3647 5706 19

2069 5713 2327 5823 ῗὲδξιιιιοιὲᾎι
2422 5727 2433 5762 :
2456 5714 2566 5764 vide
2583 5714 2705 5764 infra
2735 5715 2819 5764 lib.
2839 5714 2886 5774 2,
2908 5729 3010 5778 cap.
3039 5717 3110 5778 i9,
3127 5731 3175 5766 ιι.
3197 5717 3285 5773 68;
3307 5726 3358 5768 ει
3375 5717 3459 5768 lib.
3481 5718 3647 5767 460n-

2090 5783 2206 5833 'ess.,
2225 5788 2327 5837 cap.
2344 5783 2388 5825 2.
