4138 6364
520 369 660 428 1527

519 483 590 555 (II
616 483 733 540 Cor.
768 499 822 538 tv
847 523 861 549 ,
896 481 1008 555 16).
1052 483 1187 539 Audi
1219 493 1272 539 et
1303 484 1614 556 prophetam
1656 495 1931 541 canentem
1952 529 1965 553 ,
2001 487 2100 541 Cor

517 576 769 630 mundum
796 590 911 628 crea
936 576 1118 637 inme,
1152 574 1286 629 Deus
1305 616 1319 641 ,
1349 585 1395 629 et
1420 577 1652 645 spiritum
1689 585 1878 630 rectum
1917 578 2101 632 innova

517 670 572 722 in
592 667 861 722 visceribus
905 669 1026 722 meis
1070 667 1239 737 (Psal.
1278 683 1339 734 ι,
1380 668 1492 740 12).
1541 670 1676 737 Quid
1715 680 1898 725 contra
1942 672 2097 726 istam

517 758 944 815 convenientiam
996 759 1098 815 dici
1123 800 1138 826 ,
1193 759 1297 815 nisi
1340 775 1371 815 a
1408 761 1566 817 caecis
1617 762 1952 819 latratoribus
1997 779 2093 834 po—

516 848 659 904 test?

516 937 743 997 CAPUT
781 940 898 995 XX.
924 970 997 981 —
1026 941 1298 997 Sensibilia
1318 946 1485 999 omnia
1510 955 1843 1014 contemnere,
1867 957 1915 1001 ct
1931 946 2096 1002 solum

986 1033 1148 1089 Deum
1179 1052 1352 1090 amare
1365 1037 1621 1107 jabemur.

480 1118 494 1154 ⁵
585 1124 673 1178 57.
702 1124 965 1179 Illecebra:
985 1134 1163 1181 autem
1184 1127 1420 1197 corporis
1446 1129 1561 1184 sita:
1584 1138 1709 1183 sunt
1736 1130 1787 1184 in
1814 1130 1895 1183 his
1924 1131 2095 1185 omni-

511 1215 612 1271 bus
649 1232 766 1286 qua:
802 1231 1093 1285 corporeus
1116 1233 1302 1274 sensus
1335 1221 1562 1289 attingit,
1594 1237 1712 1290 qua:
1749 1238 1777 1275 a
1828 1223 2092 1278 nonnullis

512 1310 670 1365 etiam
706 1310 974 1365 sensibilia
1013 1313 1390 1368 nominantur:
1425 1312 1477 1367 in
1512 1315 1701 1384 quibus
1729 1317 1959 1370 maxime
2002 1316 2089 1370 lux

508 1400 610 1455 ista
634 1401 865 1469 vulgaris
890 1403 1117 1467 excellit,
1141 1404 1260 1473 quia
1288 1413 1341 1458 et
1377 1404 1427 1458 in
1459 1405 1588 1474 ipsis
1612 1407 1856 1461 sensibus
1873 1408 2087 1475 uestris,

508 1492 701 1562 quibus
727 1493 900 1546 anima
926 1509 1019 1564 per
1039 1508 1232 1563 corpus
1256 1497 1438 1561 utitur,
1464 1496 1593 1551 nihil
1614 1506 1695 1553 est
1715 1498 1882 1552 oculis
1902 1498 2091 1568 praefe-

507 1584 768 1649 rendum;
801 1595 853 1639 et
883 1585 1001 1640 ideo
1026 1586 1077 1639 in
1109 1586 1392 1655 Scripturis
1421 1590 1644 1653 sanctis,
1677 1590 1959 1645 visibilium
1988 1606 2087 1646 no-

506 1674 653 1728 mine
679 1675 947 1729 scnsibilia
975 1685 1159 1729 cuncta
1190 1677 1610 1746 significantur‘.
1644 1680 1827 1749 Itaque
1858 1680 1911 1733 in
1942 1680 2088 1735 Novo

506 1762 851 1818 Testamento
884 1766 959 1819 sic
985 1767 1051 1819 ab
1078 1767 1296 1822 istorum
1324 1784 1505 1824 amore
1546 1771 1892 1839 prohibemur
1919 1790 1932 1827 :
1966 1771 2088 1826 Non

504 1858 843 1926 respicientes,
864 1859 1053 1927 inquit,
1074 1876 1187 1929 quae
1206 1860 1453 1925 videntur,
1480 1862 1568 1915 sed
1586 1878 1699 1932 qua:
1716 1880 1816 1916 non
1837 1863 2083 1917 videntur.

509 1947 637 2012 Quia
663 1950 792 2002 enim
836 1951 1065 2003 videntur
1091 1992 1105 2015 ,
1145 1953 1446 2021 temporalia
1470 1964 1585 2007 sunt
1614 1969 1631 2007 :
1656 1970 1767 2023 qua:
1794 1965 1960 2008 autem
1985 1971 2087 2009 non

504 2041 765 2105 videntur,
794 2052 982 2096 azterna
1011 2042 1078 2115 (Il
1106 2042 1221 2098 Car.
1252 2060 1303 2099 tv
1325 2086 1339 2109 ,
1371 2043 1479 2117 I8).
1508 2046 1586 2099 Ex
1617 2063 1721 2115 quo
1747 2046 1965 2118 intelligi
1995 2064 2089 2117 po-

505 2143 631 2200 test,
662 2151 817 2205 qnam
846 2136 1120 2190 christiani
1150 2152 1255 2192 non
1287 2138 1389 2191 sint
1410 2139 1497 2208 qui
1519 2140 1683 2195 solem
1711 2141 1959 2194 etlunam
1979 2156 2083 2194 non

502 2228 665 2282 modo
704 2228 1017 2298 diligendus,
1063 2230 1155 2284 sed
1196 2232 1353 2285 etiam
1398 2231 1646 2287 colendos
1692 2242 1896 2302 putant.
1948 2232 2081 2298 Quid

501 2322 645 2376 enim
684 2321 948 2389 videmus,
977 2322 1022 2376 si
1050 2323 1217 2377 solem
1245 2334 1298 2378 et
1327 2324 1504 2377 lunam
1534 2339 1636 2379 non
1677 2325 1950 2383 videmus?
1982 2325 2085 2381 Ve—

502 2412 582 2467 titi
622 2422 795 2467 autem
837 2428 1018 2469 sumus
1053 2416 1288 2469 converti
1332 2415 1487 2470 adea
1515 2432 1633 2484 qua:
1676 2417 1938 2471 videntur.
1967 2417 2081 2471 Non

500 2512 624 2559 sunt
668 2503 824 2574 igitur
863 2505 1019 2558 etiam
1053 2504 1151 2559 ista
1180 2505 1444 2573 diligenda
1478 2505 1528 2559 ei
1553 2506 1641 2575 qui
1666 2521 1902 2561 amorem
1935 2508 2080 2561 illum

500 2596 863 2665 incorruptum
889 2598 996 2650 Deo
1022 2598 1218 2666 cogitat
1243 2598 1515 2651 exhibere.
1541 2598 1641 2652 Sed
1663 2599 1764 2652 erit
1790 2600 1918 2652 mihi
1948 2600 2082 2654 alius

499 2686 648 2742 locus
681 2670 785 2757 quo
829 2688 893 2741 de
936 2688 1051 2741 istis
1090 2688 1393 2757 diligentius
1428 2692 1744 2757 requiratur.
1782 2690 1897 2743 l\'on
1939 2689 2078 2744 enim

498 2792 640 2833 nunc
666 2778 733 2833 de
764 2778 885 2841 ﬁde,
928 2779 1019 2833 sed
1068 2778 1135 2832 de
1176 2780 1278 2831 vita
1310 2779 1487 2833 dicere
1528 2779 1757 2844 institui,
1793 2797 1885 2848 per
1921 2797 2077 2849 quam

496 2884 768 2924 meremur
794 2870 933 2924 seire
960 2870 1098 2939 quod
1134 2870 1417 2923 credimus.
1445 2871 1715 2925 Amandus
1752 2874 1908 2941 igitur
1935 2874 2079 2929 solus

497 2960 642 3016 Deus
662 2970 744 3015 est
775 2980 785 3013 :
820 2962 993 3015 omnis
1027 2976 1150 3015 vero
1194 2961 1293 3017 iste
1338 2962 1606 3029 mundus,
1653 2963 1701 3017 id
1745 2974 1855 3028 est,
1900 2965 2079 3018 omnia

497 3052 772 3108 sensibilia
816 3053 1236 3117 contenn‘ieuda;
1275 3052 1528 3107 utendum
1555 3062 1730 3108 autem
1769 3054 1850 3108 his
1880 3055 1944 3110 ad
1976 3055 2077 3109 hu-

490 3142 580 3212 jus
612 3143 729 3196 vita:
767 3144 1159 3198 necessitatem.

495 3233 721 3290 CAI’IJ'I‘
764 3234 902 3288 ΧΧΙ.
930 3266 998 3274 ——
1030 3236 1203 3289 Gloria
1239 3238 1498 3308 popularis
1536 3247 1580 3290 et
1623 3238 1884 3292 curiositas
1922 3239 2079 3293 sacris

1040 3327 1241 3381 Litteris
1268 3329 1525 3381 damnata.

569 3418 657 3471 38.
687 3418 862 3472 Gloria
906 3433 1030 3472 vero
1060 3418 1328 3488 popularis
1364 3419 1440 3472 sic
1482 3421 1531 3472 in
1563 3419 1707 3472 Novo
1739 3420 2079 3475 Testamento

496 3509 744 3578 alijicitnr
784 3517 943 3577 atque
985 3510 1386 3565 contemnitur:
1420 3511 1480 3565 Si
1519 3512 1830 3575 hominibus,
1874 3513 2072 3582 inquit,

495 3600 696 3672 placere
720 3600 912 3665 vellent,
940 3599 1126 3654 Christi
1151 3617 1320 3655 servus
1344 3619 1443 3656 non
1472 3620 1627 3657 esscin
1658 3603 1849 3671 (Galat.
1884 3621 1929 3668 ι,
1964 3603 2075 3677 10).

494 3690 591 3747 Est
616 3691 739 3746 item
763 3691 903 3744 aliud
930 3691 1069 3761 quod
1096 3692 1164 3747 de
1190 3694 1500 3762 corporibus
1519 3710 1614 3765 per
1636 3696 2036 3765 imaginationes
2057 3699 2077 3729 ¹

492 3782 747 3853 quasdam
774 3784 1003 3853 concipit
1031 3784 1239 3849 anima,
1282 3794 1335 3839 et
1364 3802 1487 3847 eam
1526 3796 1680 3841 vocat
1706 3803 1881 3842 rerum
1908 3790 2081 3843 scien-

493 3873 643 3928 tiam.
690 3875 1045 3941 Quamobrem
1076 3887 1220 3933 recte
1251 3878 1409 3933 etiam
1435 3880 1630 3933 curiosi
1661 3895 1779 3935 esse
1823 3881 2076 3950 prohibe-

492 3982 652 4034 mur,
700 3970 839 4039 quod
890 3985 1135 4040 magnum
1176 3973 1537 4040 temperantia:
1569 3990 1759 4028 munus
1801 3985 1899 4029 est.
1944 3976 2078 4031 llinc

490 4058 621 4113 illud
652 4069 735 4114 est
768 4077 782 4113 :
809 4058 987 4115 Cavete
1013 4078 1075 4114 ne
1098 4062 1207 4131 quis
1235 4078 1320 4117 vos
1347 4063 1552 4117 seducat
1572 4082 1660 4134 per
1684 4065 2074 4137 pliilosOpItiam.

492 4149 562 4203 Et
601 4150 721 4217 quia
762 4150 933 4218 ipsum
978 4166 1171 4205 nomen
1208 4152 1556 4222 philosophia:
1600 4155 1644 4208 si
1674 4158 2073 4226 consideretur,

491 4258 607 4300 rem
636 4259 878 4313 magnam
912 4253 1124 4314 totoque
1144 4245 1165 4276 ³
1192 4246 1369 4300 animo
1397 4249 1745 4317 appetendam
1777 4234 2078 4322 significat,

491 4334 751 4403 siquidem
783 4335 1112 4405 pllilOSOpllia
1137 4346 1221 4393 est
1243 4353 1392 4392 amor
1418 4339 1753 4410 studiumque
1780 4344 2071 4412 sapientize,

490 4425 793 4489 cautissime
814 4428 1117 4496 Apostolus,
1136 4444 1203 4483 ne
1222 4429 1288 4483 ab
1312 4445 1493 4486 amere
1513 4433 1784 4501 sapientia:
1804 4435 2103 4513 deterrere!

494 4517 763 4573 videretur
787 4561 801 4583 ,
838 4520 1062 4589 subjecit
1086 4563 1100 4587 ,
1129 4532 1173 4575 et
1204 4522 1445 4576 elementa
1474 4524 1625 4594 hujus
1651 4528 1825 4580 mundi
1852 4528 2069 4596 (Coloss.

489 4624 525 4664 tt
546 4650 560 4673 ,
590 4610 666 4680 8).
695 4609 831 4665 Sunt
856 4612 994 4665 enim
1017 4613 1105 4681 qui
1131 4612 1352 4667 desertis
1378 4615 1676 4687 virtutibus,
1701 4626 1754 4671 et
1774 4621 2073 4676 nescientes

488 4700 616 4771 quid
639 4702 707 4756 sit
729 4703 886 4765 Deus,
910 4710 963 4757 et
982 4710 1177 4772 quanta
1200 4704 1450 4772 majestas
1471 4721 1682 4776 semper
1703 4708 1888 4763 eodem
1913 4712 2070 4765 modo

489 4795 754 4850 manentis
780 4802 1012 4861 naturte,
1058 4810 1302 4865 magnum
1346 4798 1540 4867 aliquid
1574 4813 1631 4853 se
1666 4815 1822 4868 agere
1849 4809 2067 4870 putant,

488 4888 532 4942 si
576 4889 872 4943 universam
911 4889 1063 4941 istam
1094 4888 1335 4958 corporis
1363 4890 1558 4963 molem
1586 4934 1597 4955 ,
1627 4907 1781 4961 quam
1814 4894 2067 4950 mundum

490 4993 890 5048 nuncupamus,
949 4978 1310 5035 curiosissime
1360 4980 1811 5051 intentissimeque
1862 4984 2070 5053 perqui-

490 5077 630 5124 rant.
668 5069 815 5126 Unde
846 5080 990 5124 tanta
1030 5071 1189 5125 etiam
1219 5072 1466 5142 superbia
1492 5074 1744 5143 gignitur,
1779 5086 1833 5129 ut
1871 5076 1922 5130 in
1952 5077 2069 5146 ipso

487 5161 661 5226 cazla,
690 5161 757 5216 de
780 5176 887 5232 quo
912 5177 1055 5231 smpe
1110 5162 1418 5233 disputant,
1450 5166 1661 5220 sibimet
1707 5165 1944 5223 habitare
1991 5170 2070 5223 vi-

489 5257 735 5311 deantur.
755 5255 1028 5325 Reprimat
1057 5255 1213 5324 igitur
1233 5270 1290 5310 se
1314 5256 1490 5311 anima
1508 5258 1575 5312 ab
1602 5257 1899 5327 hujusmodi
1920 5276 2068 5316 vanae

487 5346 803 5416 cognitionis
846 5344 1209 5414 cupiditate‘,
1254 5347 1299 5400 si
1352 5362 1409 5401 se
1451 5357 1650 5402 castam
1698 5349 1807 5404 Deo
1856 5364 2068 5406 servare

486 5438 765 5509 diSpesuit.
810 5437 925 5493 Tali
959 5439 1102 5494 enim
1145 5454 1329 5493 amore
1362 5439 1669 5510 plerumque
1695 5440 1981 5511 decipitur,
2010 5451 2069 5498 ut

555 5575 762 5646 ’.ιέιμξε-
784 5580 910 5645 οοφν
935 5573 1254 5646 derivatis»:
1273 5573 1323 5621 ίο
1342 5570 1449 5646 aliis
1470 5574 1647 5646 υίδιιει
1666 5572 1973 5646 dmum

559 5633 729 5708 rei“.
752 5647 844 5708 ρετ.
1134 5632 1356 5708 eme
1378 5641 1505 5708 ne».
1523 5647 1609 5708 per

554 5694 698 5767 ξ
720 5694 948 5767 melioris
957 5694 1123 5767 ’μοιῆ
1141 5694 1395 5759 turnique.
1421 5694 1563 5746 Porl‘o
1581 5696 1629 5746 in
1660 5694 1766 5747 aliis
1786 5698 1993 5751 habetur
2012 5706 2070 5752 ut

484 5757 539 5809 In
712 5762 893 5819 mque

550 5818 575 5851 δ
588 5816 784 5889 Aliquot.
800 5816 928 5880 Mss,
949 5818 1008 5868 ab
1027 5818 1297 5882 hujusmodt
1314 5832 1446 5885 vaga:
1479 5819 1769 5887 cogitamus
1787 5821 2058 5888 cupiditate.

1268 371 1356 428 DE
1395 370 1690 429 uomens
1728 372 2077 431 ECCLESIAS
2115 374 2545 451 CATHOLICIE,
2587 378 2645 436 s.
2686 342 3048 441 AUG'USTINI

3651 393 3790 452 I328

2207 498 2297 544 aut
2332 492 2462 546 nihil
2490 503 2636 562 putet
2659 511 2807 563 esse,
2844 498 2943 553 nisi
2982 515 3213 570 corpus;
3244 512 3336 558 aut
3359 505 3569 562 etiamsi
3602 520 3788 566 aucto-

2206 582 2360 636 ritate
2384 596 2650 639 eommota
2670 628 2686 653 ,
2718 587 2943 644 fateatur
2984 592 3181 661 aliquid
3218 609 3338 649 esse
3377 598 3783 669 incorporeum,

2204 669 2271 726 de
2317 672 2406 725 illo
2448 681 2621 729 tamen
2662 677 2761 730 nisi
2808 694 2900 748 per
2941 681 3196 752 imagines
3234 699 3517 754 corporeas
3554 692 3788 761 cogitare

2203 776 2310 816 non
2342 765 2543 832 possit,
2578 775 2631 821 et
2661 768 2765 823 tale
2792 771 2989 840 aliquid
3015 788 3135 829 esse
3160 775 3415 843 credere,
3441 781 3597 847 quale
3625 781 3784 838 fallax

2201 857 2442 924 corporis
2465 873 2654 914 sensus
2678 860 2882 932 inﬂigit.
2905 864 2985 919 Ad
3010 864 3114 921 hoc
3134 868 3291 922 etiam
3318 870 3461 926 valet
3477 873 3619 943 quod
3645 890 3786 945 pne-

2200 946 2394 1016 cipitur
2420 950 2714 1007 cavendum
2746 968 2864 1009 esse
2890 970 2919 1008 a
2948 957 3267 1014 simulacris.

2269 1037 2359 1092 39.
2388 1039 2521 1095 Huic
2545 1057 2671 1113 ergo
2696 1047 2993 1101 auctoritati
3018 1047 3152 1104 Novi
3182 1050 3527 1121 Testamenti,
3563 1071 3668 1125 qua
3690 1056 3783 1126 ju—

2197 1126 2386 1184 bemur
2406 1132 2534 1187 nihil
2556 1136 2738 1190 mundi
2764 1138 2920 1209 hujus
2940 1140 3164 1211 diligere
3191 1144 3237 1215 (ι
3260 1142 3418 1200 Joan.
3451 1163 3517 1212 ll,
3548 1148 3662 1219 15),
3692 1150 3781 1207 illa

2198 1223 2428 1278 maxime
2461 1228 2724 1281 sententia
2754 1244 2856 1299 qua
2884 1231 3083 1286 dictum
3115 1243 3229 1302 est,
3270 1235 3446 1290 Nolite
3472 1239 3785 1307 conformari

2198 1310 2313 1365 huic
2342 1315 2529 1368 mundo
2557 1316 2731 1386 (Rom.
2767 1336 2843 1375 χιι
2864 1362 2881 1389 ,
2906 1321 2961 1393 2)
2996 1338 3011 1375 :
3038 1324 3197 1378 simul
3234 1325 3377 1380 enim
3410 1326 3785 1386 demonstran-

2194 1404 2321 1461 dum
2342 1417 2422 1462 est
2442 1410 2489 1464 ei
2515 1412 2588 1464 rei
2612 1428 2876 1483 quemque
2895 1415 3215 1472 conformari
3235 1435 3391 1489 quam
3412 1421 3584 1491 diligit
3612 1440 3627 1476 :
3656 1423 3784 1480 huic

2194 1514 2321 1570 ergo
2349 1503 2671 1571 auctoritati,
2722 1506 2768 1560 si
2806 1506 2875 1562 de
2926 1507 3108 1565 Veteri
3157 1510 3498 1569 Testamento
3543 1531 3779 1585 qua:er

2192 1590 2318 1660 quid
2347 1608 2647 1661 comparem
2667 1636 2681 1659 ,
2714 1597 2859 1665 plura
2886 1598 3099 1667 quidem
3126 1601 3371 1661 invenio:
3397 1604 3489 1659 sal
3520 1620 3655 1660 unus
3683 1606 3781 1663 Sa-

2191 1678 2420 1738 lomonis
2447 1684 2607 1752 liber,
2657 1686 3004 1744 Ecclesiastes
3030 1692 3119 1760 qui
3159 1692 3381 1758 dicitur,
3409 1696 3779 1764 copiosissime

2191 1770 2247 1827 in
2276 1788 2538 1828 summum
2589 1788 2948 1846 contemptum
2975 1783 3152 1844 omnia
3174 1783 3270 1838 ista
3300 1786 3557 1853 perducit.
3589 1788 3778 1859 Incipit

2190 1862 2332 1917 enini
2372 1866 2449 1919 sic
2478 1884 2491 1918 :
2534 1866 2736 1922 Vanitas
2766 1872 3095 1926 ranitantium
3127 1874 3230 1946 (η),
3263 1877 3391 1931 dixit
3420 1877 3772 1948 Ecclesiastes,

2190 1955 2383 2009 vanitas
2410 1960 2738 2013 vanitantinm
2763 2003 2776 2026 ,
2803 1974 2849 2016 et
2877 1966 3047 2018 omnia
3072 1968 3283 2022 vanitas.
3320 1969 3446 2033 Qum
3464 1973 3777 2028 abundantia

2190 2044 2381 2099 homini
2400 2048 2453 2101 in
2479 2052 2612 2103 omni
2639 2053 2809 2106 labore
2833 2071 2946 2120 suo,
2977 2074 3122 2125 quem
3146 2059 3253 2127 ipse
3281 2061 3474 2115 laborat
3509 2064 3599 2117 sub
3626 2066 3730 2119 sole
3750 2067 3778 2120 2

2189 2133 2382 2204 (Eccle.
2415 2154 2464 2201 ι,
2489 2139 2555 2205 2,
2585 2138 2663 2213 3.)
2694 2142 2818 2197 ll4ec
2846 2146 3003 2199 verba
3033 2149 3211 2201 omnia
3237 2150 3281 2204 si
3319 2152 3658 2209 attendantur
3681 2196 3696 2221 ,
3725 2156 3775 2211 si

2190 2228 2617 2297 perpendantur,
2675 2233 2720 2286 si
2778 2234 3163 2305 discutiantur,
3224 2241 3384 2294 multa
3436 2242 3775 2300 inveniuntur

2188 2322 2583 2385 pernecessaria
2607 2324 2670 2376 iis
2689 2326 2775 2394 qui
2800 2325 2938 2381 hunc
2958 2328 3211 2383 mundum
3234 2329 3435 2401 fugere,
3459 2343 3512 2387 et
3530 2334 3775 2406 refugere

2188 2410 2241 2464 in
2274 2412 2439 2467 Deum
2470 2415 2773 2473 desiderant
2803 2438 2816 2475 :
2847 2421 2942 2476 sed
2968 2423 3182 2493 longum
3212 2434 3317 2493 est,
3347 2436 3401 2481 et
3425 2428 3531 2483 alio
3559 2428 3773 2487 festinat

2186 2504 2376 2556 oratio.
2421 2505 2532 2559 Tali
2576 2518 2749 2563 tamen
2791 2512 3049 2581 principio
3094 2516 3418 2584 constituto,
3461 2524 3773 2591 exsequitur

2185 2594 2361 2647 omnia
2384 2637 2397 2659 ,
2431 2598 2725 2654 vanitantes
2762 2617 2880 2657 esse
2914 2620 3007 2658 eos
3045 2607 3133 2674 qui
3165 2607 3324 2662 rebus
3353 2609 3652 2679 hujusmodi
3674 2612 3773 2668 fal-

2184 2682 2398 2751 luntur;
2440 2687 2664 2757 idipsum
2697 2702 2875 2747 autem
2914 2711 3019 2765 quo
3062 2694 3318 2753 falluntur
3346 2702 3631 2757 vanitatem
3675 2720 3770 2759 vo-

2184 2787 2349 2841 cans,
2398 2792 2501 2830 non
2543 2779 2683 2847 quod
2734 2782 2873 2836 Deus
2918 2784 3018 2839 ista
3059 2801 3165 2841 non
3193 2791 3485 2855 creaverit,
3524 2792 3619 2847 sed
3645 2794 3770 2864 quia

2183 2866 2447 2934 subjicere
2492 2886 2551 2924 se
2581 2871 2821 2928 homines
2861 2874 3044 2930 volunt
3084 2879 3147 2932 iis
3189 2879 3352 2936 rebus
3376 2897 3473 2952 per
3511 2896 3722 2953 peccata
3747 2926 3766 2953 ,

2182 2970 2297 3024 quin
2340 2958 2443 3012 illis
2479 2976 2572 3028 per
2606 2976 2751 3017 recte
2777 2962 2912 3019 facta
2957 2965 3137 3021 divina
3178 2969 3295 3039 lege
3336 2972 3589 3041 subjectze
3621 2986 3767 3033 sunt.

2183 3047 2318 3114 Quid
2356 3061 2435 3105 est
2475 3054 2618 3107 enim
2655 3055 2817 3120 aliud,
2856 3057 3000 3111 falsis
3040 3058 3192 3114 bonis
3219 3062 3365 3116 illudi
3388 3073 3545 3134 atque
3570 3064 3764 3136 decipi,

2183 3156 2339 3209 quam
2385 3144 2553 3212 teipse
2590 3144 2868 3212 inferiora,
2910 3150 3149 3206 miranda
3195 3162 3249 3208 et
3290 3157 3587 3223 appetenda
3625 3160 3767 3215 arbi-

2185 3232 2354 3285 trari?
2399 3232 2567 3288 llabet
2595 3236 2751 3304 igitur
2777 3239 2857 3291 vir
2885 3248 3186 3309 temperans
3216 3244 3269 3297 in
3294 3243 3656 3313 hujuscemodi
3682 3268 3767 3307 re-

2183 3318 2282 3374 bus
2311 3323 2625 3379 mortalihus
2670 3336 2723 3380 et
2758 3317 3076 3397 ﬂuentibus,
3108 3333 3231 3388 vita:
3272 3337 3508 3404 regulam
3545 3347 3765 3409 utroque

2184 3410 2525 3469 Testamento
2570 3418 2866 3484 ﬁrmatam;
2901 3430 2957 3476 ut
2993 3436 3180 3477 eorum
3210 3424 3341 3480 nihil
3382 3428 3596 3498 diligat,
3634 3432 3765 3487 nihil

2185 3518 2277 3572 per
2314 3520 2371 3558 se
2403 3508 2760 3575 appetendum
2788 3520 2964 3579 putet,
3011 3513 3105 3567 sed
3146 3514 3213 3569 ad
3257 3516 3378 3571 vita:
3415 3518 3570 3589 hujus
3606 3533 3767 3592 atque

2183 3592 2478 3649 ofﬁciorum
2526 3599 2896 3654 necessitatem
2935 3611 3188 3671 quantum
3226 3616 3307 3661 sat
3343 3619 3457 3675 est,
3502 3623 3762 3683 usurpet,

2183 3687 2379 3739 utentis
2406 3688 2682 3755 modestia,
2714 3706 2819 3744 non
2845 3694 3074 3747 amantis
3101 3694 3305 3750 all'ectu.
3336 3698 3460 3755 Haec
3487 3700 3625 3755 dicta
3651 3704 3765 3758 sint

2180 3773 2248 3828 de
2295 3779 2642 3844 temperantia
2666 3819 2680 3842 ,
2732 3794 2828 3850 pro
2870 3796 3047 3836 rerum
3091 3786 3444 3855 magnitudine
3481 3789 3757 3861 breviter;

2179 3884 2276 3938 pro
2322 3871 2559 3926 instituto
2603 3883 2778 3930 tamen
2821 3892 2986 3947 opere
3029 3879 3253 3938 fortasse
3295 3887 3561 3956 copiosius
3599 3905 3760 3959 quam

2180 3964 2480 4030 oportebat.
3278 4027 3291 4037 _

2237 4054 2463 4110 CAPUT
2504 4055 2668 4113 XXII.
2690 4088 2762 4099 ——
2791 4059 3165 4119 Fortitudinem
3190 4077 3396 4137 praestat
3422 4087 3565 4125 amor
3590 4072 3703 4128 Dei.
3752 4078 3761 4085 ’

2250 4147 2340 4201 40.
2372 4148 2446 4203 De
2494 4148 2799 4207 fortitudine
2838 4170 2965 4208 vero
2995 4172 3099 4211 non
3148 4160 3308 4214 multa
3347 4161 3569 4217 dicenda
3613 4178 3756 4221 sunt.

2179 4236 2345 4291 Amor
2384 4255 2611 4310 namque
2636 4242 2725 4297 ille
2754 4244 2821 4297 de
2849 4260 2954 4316 quo
2983 4248 3279 4318 loquimur,
3311 4269 3468 4322 quem
3498 4264 3602 4310 tota
3635 4272 3761 4313 sana

2177 4328 2356 4383 ctitate
2384 4330 2763 4389 inﬂammatum
2806 4352 2926 4392 esse
2971 4350 3179 4408 oportet
3208 4343 3259 4396 in
3310 4346 3506 4411 Deum,
3553 4349 3601 4402 in
3647 4367 3760 4407 non

2178 4425 2486 4490 appetendis
2517 4425 2632 4481 istis
2662 4437 2982 4496 temperans,
3022 4432 3073 4485 in
3098 4435 3402 4491 amittendis
3429 4437 3571 4494 fortis
3598 4456 3759 4497 voca-

2179 4522 2283 4567 tur.
2322 4513 2427 4568 Sed
2466 4517 2603 4571 inter
2645 4521 2820 4573 omnia
2850 4538 2967 4590 qua:
3005 4524 3056 4577 in
3102 4524 3201 4579 hac
3235 4526 3340 4580 vita
3378 4529 3712 4599 possidentur
3735 4576 3754 4599 ,

2176 4622 2371 4678 corpus
2396 4607 2595 4664 homini
2621 4613 2987 4681 gravissimum
3013 4617 3280 4672 vinculum
3311 4630 3423 4687 est,
3446 4621 3759 4692 justissimis

2175 4697 2268 4752 Dei
2308 4699 2544 4768 legibus,
2590 4710 2805 4771 propter
2838 4705 3109 4775 antiquum
3138 4719 3445 4779 peccatum,
3477 4729 3584 4783 quo
3624 4715 3759 4771 nihil

2174 4800 2253 4845 est
2300 4791 2364 4845 ad
2398 4792 2787 4862 przedicandum
2817 4798 3031 4865 notius,
3073 4798 3202 4854 nihil
3247 4803 3313 4855 ad
3357 4797 3757 4875 inielligendum

2175 4884 2452 4938 secretius.
2496 4884 2607 4938 lloc
2649 4900 2778 4956 ergo
2827 4888 3088 4944 vinculum
3124 4907 3192 4946 ne
3226 4895 3558 4951 concutiatur
3596 4908 3761 4969 atque

2173 4985 2429 5040 vexetur,
2461 4975 2658 5031 laboris
2684 4986 2738 5032 et
2765 4979 2999 5053 doloris;
3030 4998 3096 5037 ne
3131 4983 3399 5041 auferatur
3434 4997 3594 5060 atque
3635 5007 3759 5061 per-

2174 5062 2387 5129 imatur,
2411 5066 2596 5119 mortis
2617 5074 2823 5123 terrore
2841 5071 3069 5126 animam
3093 5075 3606 5143 quatit.Amatenim
3625 5082 3759 5140 illud

2173 5155 2225 5208 vi
2269 5156 2685 5226 consuetudinis,
2736 5175 2842 5215 non
2879 5162 3206 5235 intelligens,
3234 5168 3279 5221 si
3318 5183 3383 5223 eo
3420 5170 3559 5227 bene
3594 5183 3758 5245 atque

2173 5250 2403 5303 scienter
2453 5259 2662 5317 utatur,
2716 5257 3162 5313 resurrectionem
3213 5260 3759 5339 reformationemquo

2174 5342 2288 5411 ejus
2326 5358 2428 5411 ope
2460 5359 2525 5399 ac
2569 5345 2684 5415 lege
2708 5345 2890 5403 divina
2917 5350 3033 5405 sine
3075 5352 3178 5406 ulla
3226 5354 3469 5411 molestia
3501 5358 3608 5428 juri
3655 5375 3759 5418 suo

2173 5433 2439 5489 subditam
2473 5435 2585 5490 fore
2609 5454 2624 5491 :
2652 5436 2744 5491 sed
2770 5453 2888 5493 cum
2914 5453 2975 5496 se
3004 5440 3104 5497 hoc
3125 5457 3307 5500 amore
3349 5455 3458 5503 lora
3501 5448 3556 5504 in
3583 5449 3757 5508 Deum

2171 5526 2531 5581 converterit‘
2557 5567 2573 5592 ,
2602 5526 2685 5583 his
2718 5530 2942 5599 cognitis
2981 5542 3209 5590 mortem
3249 5552 3355 5592 non
3380 5538 3542 5595 modo
3565 5552 3757 5600 conto-

2235 5705 2523 5780 {usam-es.
2552 5707 3355 5770 :sedcmnhuncamoremtotum
3383 5722 3435 5774 in
3473 5732 3762 5780 Demean-

2206 5806 2399 5893 ξὶιῖὶῖιὶ.
2422 5837 2622 5883 Rctraet.
2644 5830 2727 5883 lib.
2756 5835 2798 5899 ι,
2818 5847 2921 5899 cap.
2940 5837 2988 5898 7,
3006 5853 3053 5887 ιι.
3073 5840 3119 5890 3.
