4138 6364
380 370 513 427 i529

374 497 524 546 mnet
546 532 564 560 ,
591 504 776 547 verum
815 490 975 546 etiam
1001 487 1343 544 desiderabit.

448 585 538 641 4t.
569 584 673 641 Sed
712 591 880 639 restat
911 597 1031 638 cum
1060 581 1248 636 dolore
1283 592 1474 650 magna
1507 574 1792 634 conﬁictio.
1822 572 1962 628 Nihil

374 688 454 733 est
487 686 661 731 tamen
691 683 798 730 tam
824 674 1017 729 durum
1045 683 1202 742 atque
1228 672 1457 727 ferreum
1474 711 1489 735 ,
1516 669 1655 738 quod
1686 684 1790 723 non
1817 681 1965 720 amo-

377 772 449 826 ris
480 771 599 841 igne
626 770 884 825 vincatur.
915 768 1032 835 Quo
1055 782 1176 823 cum
1205 782 1264 823 se
1288 767 1464 821 anima
1488 766 1655 835 rapiet
1686 770 1739 820 in
1771 763 1959 829 Deum,

375 880 537 935 super
567 878 780 919 omnem
809 860 1169 918 carniﬁcinam
1195 860 1381 927 libera,
1405 868 1461 914 et
1489 857 1793 913 admiranda
1829 854 1965 910 voli-

376 960 507 1015 tabit
546 958 733 1027 pennis
763 954 1130 1027 pulcherrimis
1166 962 1219 1009 et
1255 952 1644 1024 integerrimis,
1674 948 1866 1020 quibus
1894 946 1962 1002 ad

377 1049 469 1103 Dei
497 1048 801 1117 amplexum
831 1061 983 1101 amor
1009 1054 1187 1101 castus
1218 1045 1474 1099 innititur.
1504 1041 1615 1098 Nisi
1642 1056 1771 1097 vero
1808 1054 1960 1094 ama-

374 1149 518 1196 tores
554 1139 706 1204 auri,
748 1146 1017 1193 amatores
1055 1137 1225 1193 laudis
1248 1179 1265 1203 ,
1305 1145 1569 1190 amatores
1606 1134 1916 1189 feminarum
1940 1173 1958 1200 ,

375 1222 703 1285 amatoribus
743 1228 854 1283 suis
894 1228 1033 1283 Deus
1076 1228 1214 1282 sinet
1240 1242 1360 1281 esse
1398 1226 1682 1288 fortiores;
1711 1237 1833 1278 cum
1868 1223 1961 1278 ille

379 1338 482 1378 non
523 1335 707 1383 amor,
736 1318 829 1374 sed
856 1321 1235 1389 congruentius
1258 1317 1518 1387 cupiditas
1554 1317 1637 1371 vel
1676 1315 1837 1372 libido
1864 1332 1961 1370 no-

375 1416 624 1472 minetur.
652 1412 709 1469 In
752 1428 851 1482 qua
898 1422 1075 1468 tamen
1119 1420 1337 1482 apparet
1360 1418 1586 1481 quantus
1623 1410 1691 1464 sit
1732 1410 1959 1480 impetus

373 1509 535 1564 animi
561 1508 627 1563 ad
658 1522 721 1563 ea
750 1522 867 1578 qua:
892 1507 1180 1577 diliguntur
1205 1504 1471 1561 indefesso
1493 1519 1649 1560 cursu
1683 1506 1698 1536 ¹
1732 1521 1825 1574 per
1853 1505 1958 1560 im-

374 1601 546 1655 mania
588 1614 812 1670 quasque
856 1597 1156 1661 tendentis,
1198 1604 1614 1668 argumentoque
1655 1597 1808 1652 nobis
1852 1605 1953 1665 est,

374 1708 531 1764 quam
561 1694 666 1747 sint
692 1693 871 1747 omnia
904 1692 1237 1763 perferenda,
1264 1707 1332 1747 ne
1361 1692 1669 1749 deseramus
1697 1693 1881 1759 Deum,
1912 1694 1956 1749 si

375 1798 515 1844 tanta
547 1789 621 1842 illi
648 1797 705 1842 ut
728 1786 999 1853 deserant,
1025 1786 1317 1856 perferunt.

372 1880 595 1936 CAPUT
638 1878 824 1935 XXIII.
854 1910 924 1920 —
954 1879 1292 1934 Fortitudinis
1330 1881 1519 1935 monita
1556 1890 1603 1935 et
1640 1880 1869 1951 exempla
1897 1896 1959 1935 ea:

1026 1973 1323 2043 Scriptor-is.

442 2065 531 2121 42.
583 2064 718 2134 Quid
764 2079 890 2135 ergo
936 2064 1023 2120 hic
1066 2064 1197 2120 Novi
1241 2064 1567 2120 Testamenti
1615 2065 1957 2121 auctoritates

372 2150 637 2227 colligain,
669 2157 757 2211 ubi
784 2156 979 2212 dictum
1012 2164 1119 2223 est,
1140 2156 1419 2210 Tribulatio
1453 2157 1748 2227 patientiam
1777 2173 1957 2225 opera-

372 2262 472 2311 tur.
489 2252 729 2322 patientia
748 2250 1108 2323 probationem,
1130 2252 1359 2323 probatio
1374 2252 1543 2323 spem(
1556 2250 1701 2305 Rom.
1722 2268 1774 2318 ν,
1796 2254 1849 2318 3,
1866 2250 1952 2324 4);

372 2354 426 2400 et
453 2360 556 2398 non
592 2344 760 2398 solum
789 2343 984 2398 dictum
1002 2384 1018 2410 ,
1058 2343 1151 2398 sed
1180 2344 1340 2399 etiam
1373 2344 1630 2413 exemplis
1654 2358 1837 2398 eorum
1866 2344 1955 2414 qui

372 2436 637 2501 dixerunt,
669 2436 946 2505 probatum
978 2443 1133 2506 atque
1164 2435 1453 2500 firmatum,
1477 2436 1543 2489 de
1577 2434 1751 2490 Veteri
1781 2436 1954 2504 potius

373 2531 744 2595 Testamento,
786 2530 837 2583 in
885 2528 1026 2599 quod
1072 2530 1146 2584 illi
1191 2529 1374 2583 rabide
1416 2529 1671 2593 smvittnt,
1714 2530 1955 2585 excitabo

372 2624 670 2691 exemplum
709 2621 1000 2690 patientize.
1039 2621 1222 2691 Neque
1247 2622 1392 2675 illum
1421 2622 1731 2676 memorabo
1759 2623 1949 2686 virum,

371 2730 400 2767 a
429 2730 534 2784 quo
561 2716 612 2768 in
652 2714 854 2783 magnis
879 2712 1195 2767 cruciatibus
1221 2704 1458 2782 corporis
1484 2722 1537 2767 et
1566 2712 1807 2768 horribili
1836 2714 1955 2769 tabe

372 2806 751 2871 membrorum,
785 2819 891 2860 non
922 2804 1081 2859 modo
1111 2804 1437 2859 sustinentur
1464 2803 1715 2869 humana,
1747 2805 1839 2859 sed
1869 2804 1951 2859 di-

372 2899 489 2955 vina
514 2901 671 2955 etiam
696 2900 1053 2970 disputantur.
1078 2899 1133 2953 In
1159 2899 1310 2968 cujus
1337 2898 1557 2969 singulis
1580 2899 1800 2952 vocibus
1825 2898 1954 2953 satis

370 2992 561 3056 elucet,
584 2992 627 3046 si
655 2992 773 3061 quis
799 3006 952 3061 :equo
980 2990 1155 3045 animo
1181 2991 1436 3052 attendat,
1465 2990 1642 3060 quanti
1676 2990 1951 3057 pendenda

370 3084 473 3138 sint
500 3085 617 3147 ista,
643 3099 761 3154 quae
785 3098 904 3138 cum
934 3082 1116 3137 volunt
1140 3082 1382 3136 homines
1413 3097 1506 3150 per
1534 3081 1949 3137 dominationem

370 3184 581 3242 tenere,
611 3175 679 3229 ab
705 3174 788 3228 his
822 3174 953 3245 ipsis
982 3175 1156 3243 potius
1185 3189 1278 3243 per
1302 3174 1641 3243 cupiditatem
1684 3184 1948 3242 tenentur,

368 3276 422 3322 et
450 3283 627 3323 rerum
657 3267 958 3320 mortalium
984 3266 1125 3319 servi
1153 3265 1301 3330 ﬁunt,
1325 3264 1449 3319 dum
1490 3266 1731 3336 imperite
1752 3267 1953 3322 domini

368 3373 489 3415 esse
516 3358 840 3413 desiderant.
869 3358 1059 3412 Amisit
1096 3373 1321 3428 namque
1362 3358 1449 3413 ille
1486 3374 1671 3413 omnes
1715 3359 1947 3428 divitias,

369 3458 422 3505 et
446 3450 615 3506 factus
638 3458 855 3520 repente
884 3450 1272 3519 pauperrimus,
1303 3459 1407 3504 tam
1435 3451 1806 3505 inconcussum
1835 3453 1951 3506 ani-

368 3556 511 3595 mum
558 3541 727 3595 tenuit
764 3549 815 3594 et
863 3541 1081 3595 inﬁxum
1121 3540 1251 3607 Deo,
1292 3549 1349 3594 ut
1375 3541 1503 3595 satis
1535 3541 1945 3607 demonstraret,

368 3649 471 3688 non
501 3633 616 3688 illas
646 3634 745 3687 sibi
786 3632 951 3688 fuisse
985 3648 1228 3704 magnas,
1264 3634 1356 3689 sed
1387 3650 1445 3689 se
1482 3634 1608 3703 illis,
1641 3635 1739 3690 sibi
1770 3644 1948 3691 autem

369 3727 532 3781 Deum
573 3725 695 3795 (Job
721 3741 759 3790 ι,
789 3739 826 3780 ιι
858 3726 899 3796 ).
926 3726 1042 3793 Quo
1082 3726 1261 3779 animo
1298 3725 1341 3779 si
1383 3740 1499 3780 esse
1540 3736 1753 3795 possent
1780 3726 1946 3782 nostri

367 3818 621 3887 temporis
660 3816 924 3881 homines,
962 3832 1067 3871 non
1109 3832 1429 3886 magnopere
1473 3818 1522 3871 in
1571 3817 1716 3871 Novo
1756 3818 1944 3873 Testa-

366 3917 549 3962 mento
575 3908 642 3961 ab
668 3908 887 3963 istorum
920 3908 1254 3976 possessione
1284 3908 1703 3976 prohiberemur,
1733 3917 1791 3963 ut
1820 3927 1943 3979 per-

368 4000 489 4054 fecti
519 4012 639 4054 esse
664 4014 961 4070 possemus.
1007 3999 1168 4053 Multo
1206 4000 1347 4053 enim
1390 4000 1681 4055 mirabilius
1719 4012 1800 4056 est
1838 4019 1944 4058 non

369 4090 629 4145 inhwrere
672 4090 807 4155 istis,
835 4091 1074 4161 quamvis
1107 4090 1396 4161 possideas,
1428 4107 1584 4161 quam
1628 4092 1845 4147 omnino
1884 4109 1945 4150 ea

366 4196 470 4236 non
500 4180 791 4251 possidere.

439 4276 525 4329 45.
561 4274 666 4329 Sed
697 4274 943 4345 quoniam
985 4274 1052 4330 de
1078 4274 1263 4330 dolore
1289 4284 1444 4346 atque
1480 4277 1800 4334 cruciatibus
1827 4294 1948 4334 cor-

367 4369 512 4436 poris
541 4366 829 4422 tolerandis
868 4382 1007 4421 nunc
1026 4368 1236 4435 agitur,
1265 4368 1506 4438 relinquo
1549 4369 1701 4423 istum
1747 4372 1941 4439 virum,

372 4458 495 4514 licet
520 4476 791 4529 magnum,
825 4459 948 4514 licet
977 4460 1250 4526 invictum,
1281 4461 1450 4514 virum
1480 4471 1676 4516 tamen.
1706 4462 1948 4520 Oﬂ'cruut

372 4553 513 4607 enim
543 4552 668 4607 mihi
701 4549 986 4621 Scriptum
1014 4551 1115 4606 illae
1140 4551 1413 4622 stupenda:
1440 4552 1763 4609 fortitudinis
1794 4556 1945 4609 femi-

369 4657 520 4708 nam,
562 4650 616 4697 ct
650 4641 715 4695 ad
742 4657 858 4696 eam
897 4642 1004 4710 jam
1046 4658 1132 4697 me
1175 4643 1396 4698 transire
1433 4645 1778 4712 compellunt.
1817 4646 1948 4712 Quas

370 4744 489 4786 cum
516 4740 718 4800 septem
748 4730 925 4785 liberis
967 4740 1190 4803 tyranno
1215 4742 1373 4803 atque
1413 4734 1646 4789 carniﬁci
1698 4736 1841 4805 prius
1865 4736 1948 4790 vi-

272 4821 295 4834 ‘
370 4837 519 4877 scera
545 4823 915 4891 omnia,quam
948 4837 1108 4876 unum
1136 4823 1353 4877 verbum
1397 4826 1708 4895 sacrilegum
1739 4826 1949 4897 impen-

371 4914 449 4969 dit
472 4931 484 4967 :
510 4929 630 4969 cum
651 4913 767 4983 ejus
787 4913 1085 4968 hortatione
1110 4914 1200 4967 filii
1224 4916 1618 4984 roborarentur,
1645 4920 1695 4971 iu
1725 4935 1948 4989 quorum

375 5005 628 5077 membris
650 5004 758 5075 ipsa
783 5004 1145 5075 torquebatur,
1167 5004 1333 5060 latura
1357 5014 1529 5060 tamen
1554 5010 1713 5062 etiam
1736 5012 1949 5080 proprio

374 5112 614 5163 munere,
645 5096 784 5167 quod
810 5110 905 5151 eos
930 5094 1068 5152 ferre
1091 5108 1413 5168 prteceperat
1442 5098 1518 5170 (ll
1552 5100 1785 5154 Mat-hab.
1816 5101 1948 5174 vn).

374 5188 510 5256 Quid
557 5190 621 5242 ad
671 5196 867 5243 tantam
917 5189 1256 5259 patientiam,
1304 5206 1517 5260 quazso,
1569 5193 1687 5247 addi
1738 5193 1952 5263 potest?

372 5280 511 5349 Quid
557 5290 731 5336 tamen
778 5283 968 5336 mirum
1012 5279 1056 5337 si
1095 5281 1341 5337 omnibus
1377 5283 1625 5338 medullis
1666 5295 1952 5355 conceptus

379 5374 472 5431 Dei
495 5388 675 5441 amor,
707 5381 763 5429 ct
796 5382 1048 5445 tyranno,
1074 5381 1128 5429 et
1164 5373 1419 5442 carnifici,
1447 5385 1498 5429 et
1524 5375 1729 5443 dolori,
1756 5384 1810 5431 et
1835 5391 1955 5431 cor-

375 5466 510 5537 pori,
535 5475 590 5522 et
609 5465 780 5529 sexui,
803 5475 855 5519 et
873 5465 1081 5521 aﬁ‘ectui
1104 5465 1426 5521 resistebat?
1446 5467 1527 5521 An
1548 5483 1653 5522 non
1674 5467 1913 5524 audierat
1937 5488 1951 5527 :

379 5556 609 5611 Pretiosa
648 5557 702 5610 in
755 5567 1019 5624 conspectu
1079 5556 1279 5610 Domini
1329 5572 1463 5611 mors
1510 5568 1796 5613 sanctorum
1848 5560 1956 5631 ejus

377 5647 549 5717 (Psal.
572 5662 694 5713 ειν,
730 5648 862 5719 15κῖ
882 5663 988 5704 non
1017 5649 1255 5706 audierat
1279 5666 1292 5704 :
1323 5648 1506 5705 Melior
1532 5651 1604 5705 vir
1626 5653 1820 5723 patiens
1845 5654 1955 5724 {or-

445 5805 464 5838 ι
479 5811 586 5858 In.
606 5805 895 5870 Quindecim,
916 5805 1099 5871 deflexa
1116 5820 1278 5860 cursu.

1750 362 1951 420 LIBER
1990 361 2261 419 PRIMUS.

2074 483 2264 539 tissimo
2293 483 2488 555 (Prov.
2535 502 2651 553 xvr,
2682 483 2751 543 32
2789 490 2844 559 )?
2872 502 2975 544 non
3007 492 3281 547 audierat:
3316 494 3476 550 Omne
3512 498 3651 565 quod

2074 580 2163 633 tibi
2191 582 2488 651 applicitum
2524 584 2709 650 fuerit,
2736 585 2947 653 accipe;
2974 596 3018 638 ct
3048 586 3101 638 in
3144 586 3318 641 dolore
3349 591 3576 656 sustine;
3602 600 3651 645 et

2068 674 2122 727 in
2149 675 2431 729 humilitate
2454 686 2539 729 tua
2560 676 2685 729 habe
2709 677 2999 747 patientiam
3024 694 3041 732 :
3063 680 3296 748 quoniam
3316 680 3369 733 in
3394 681 3509 751 igne
3527 699 3621 752 pro
3640 713 3651 721 -

2068 768 2213 823 batur
2236 785 2417 822 aurum
2443 777 2487 822 et
2512 777 2774 839 argentum
2804 768 2989 835 (Eccli.
3024 786 3077 834 ιι,
3105 772 3158 833 4,
3189 772 3222 825 5
3249 770 3267 841 )
3291 771 3313 823 ?
3338 786 3443 825 non
3470 773 3651 829 audie-

2069 870 2189 913 rat:
2228 859 2361 914 Vasa
2388 860 2534 930 ﬁguli
2570 862 2745 930 probat
2781 865 2993 932 fornax,
3019 871 3062 915 et
3090 863 3313 917 homines
3330 864 3498 933 justas
3536 875 3650 919 leno

2067 954 2191 1007 tatio
2218 952 2551 1007 tribulationis
2568 955 2594 1005 .9
2621 953 2727 1023 (Id.
2758 969 2932 1019 xxvu,
2958 952 3037 1026 6.)
3069 955 3180 1009 Imo
3207 970 3334 1009 vero
3358 966 3410 1011 et
3439 955 3572 1021 hicc,
3594 966 3651 1013 et

2066 1047 2171 1102 alia
2214 1048 2361 1116 plura
2402 1056 2729 1115 perceperat.
2761 1062 2878 1117 qum
2912 1062 3019 1100 uno
3060 1059 3244 1101 sancto
3290 1048 3379 1101 Dei
3424 1048 3646 1117 Spiritu,

2066 1147 2121 1192 ut
2153 1138 2204 1191 in
2232 1138 2344 1192 istis
2369 1138 2499 1191 Novi
2525 1138 2871 1204 Testamenti,
2896 1140 2972 1192 sic
3002 1140 3051 1192 in
3088 1140 3208 1202 illis,
3234 1141 3322 1209 qui
3349 1141 3448 1194 soli
3475 1140 3650 1197 adhuc

2066 1239 2217 1284 erant
2237 1271 2251 1294 ,
2287 1230 2457 1284 Libris
2484 1230 2661 1284 divina
2690 1241 2951 1301 praecepta
2998 1230 3318 1288 fortitudinis
3346 1234 3647 1304 conscripta

2064 1332 2205 1378 sunt.

2230 1413 2453 1470 CAPUT
2480 1414 2666 1469 XXIV.
2698 1445 2769 1455 —
2794 1414 2871 1469 De
2890 1418 3089 1483 justitia
3118 1427 3162 1471 et
3193 1418 3476 1485 prudentia.

2133 1509 2222 1565 44.
2246 1509 2380 1577 Quid
2404 1509 2469 1562 de
2492 1508 2696 1578 justitia
2722 1524 2838 1579 qua:
2860 1511 2924 1565 ad
2955 1511 3117 1565 Deum
3147 1513 3415 1581 pertinet?
3436 1512 3641 1580 Nonne,

2062 1618 2181 1658 cum
2221 1611 2274 1655 et
2312 1601 2564 1655 Dominus
2602 1601 2763 1665 dicat,
2801 1601 2913 1655 Non
2951 1604 3153 1673 potestis
3197 1605 3389 1659 duobus
3430 1608 3646 1662 dominis

2060 1697 2243 1751 servire
2290 1695 2308 1767 (
2337 1694 2523 1750 Matth.
2552 1710 2627 1760 vr,
2656 1695 2726 1750 24
2750 1699 2788 1763 ),
2817 1706 2871 1750 et
2913 1697 3194 1766 Apostolus
3233 1699 3511 1770 redarguat
3550 1715 3647 1755 eos

2061 1789 2148 1859 qui
2180 1795 2437 1843 creatum
2465 1788 2639 1857 potius
2669 1802 2827 1856 quam
2854 1787 3088 1842 Creatori
3116 1791 3349 1844 serviunt
3378 1793 3394 1861 (
3418 1792 3560 1844 Itoni.
3599 1807 3641 1859 ι,

2059 1882 2187 1953 25);
2214 1882 2267 1935 in
2290 1880 2465 1936 Veteri
2492 1880 2832 1935 Testamento
2854 1880 3001 1949 prius
3022 1880 3215 1934 dictmu
3242 1892 3341 1943 est,
3375 1880 3644 1935 Dominum

2061 1973 2224 2029 Deum
2249 1982 2388 2027 tuum
2418 1973 2669 2038 adorabis,
2696 1982 2740 2025 et
2764 1973 2840 2025 illi
2866 1973 2959 2026 soli
2988 1974 3167 2025 seruies
3186 1974 3211 2026 ἔ)
3234 1972 3402 2041 (Deut.
3430 1989 3501 2037 vt,
3528 1971 3643 2046 15.)

2059 2064 2165 2121 Sed
2192 2065 2314 2135 quid
2358 2080 2489 2134 opus
2532 2073 2613 2119 est
2656 2065 2778 2117 hinc
2822 2064 2972 2132 plura
2997 2063 3190 2124 dicere,
3220 2079 3339 2116 cum
3367 2064 3645 2118 sententiis

2061 2160 2253 2214 talibus
2283 2159 2352 2212 ibi
2388 2158 2541 2227 plena
2566 2157 2672 2211 sint
2697 2156 2917 2209 omnia?
2947 2156 3089 2209 Hanc
3127 2170 3253 2221 ergo
3278 2155 3479 2221 jusritia
3520 2155 3644 2209 vitae

2060 2250 2295 2321 regulam
2321 2250 2467 2303 dabit
2496 2250 2617 2303 huic
2641 2248 2863 2301 amatori
2893 2247 2959 2301 de
2987 2261 3093 2316 quo
3118 2261 3293 2299 sermo
3325 2255 3424 2310 est,
3450 2254 3507 2299 ut
3532 2246 3643 2301 Deo

2058 2358 2214 2413 quem
2246 2342 2433 2412 diligit,
2459 2340 2510 2394 id
2541 2350 2621 2394 est
2648 2354 2856 2393 summo
2910 2338 3068 2404 bono,
3092 2354 3313 2391 summa:
3343 2337 3638 2406 sapientiae,

2058 2450 2279 2490 summm
2306 2435 2417 2503 paci
2450 2436 2487 2499 ι,
2516 2432 2861 2487 libentissime
2883 2430 3110 2495 serviat;
3140 2439 3439 2499 caeteraqoe
3462 2429 3640 2484 omnia

2060 2529 2247 2598 partim
2275 2528 2513 2597 subjecta
2542 2526 2639 2580 sibi
2666 2534 2833 2596 regat,
2864 2526 3052 2595 partim
3082 2524 3405 2594 subjicienda
3434 2538 3640 2594 prresu-

2058 2629 2187 2674 mat.
2234 2620 2362 2686 Quae
2407 2634 2591 2673 norma
2639 2618 2864 2682 vivendi,
2916 2625 2975 2671 ut
3015 2617 3330 2681 docuimus,
3368 2617 3642 2688 utriusque

2057 2712 2378 2768 Tcstamenti
2410 2712 2721 2766 auctoritate
2747 2712 3043 2765 roboratur.

2126 2808 2215 2862 45.
2256 2806 2362 2861 Nec
2391 2806 2459 2861 de
2491 2806 2764 2875 prudentia
2795 2805 2992 2858 diutius
3022 2804 3383 2860 disserendum
3428 2812 3540 2871 est,
3571 2803 3639 2859 ad

2057 2915 2211 2970 quam
2238 2899 2595 2969 dignoscentia
2628 2900 2854 2968 pertinet
2878 2898 3292 2968 appetendarum
3316 2908 3369 2952 ct
3395 2897 3640 2952 vitando-

2056 3009 2193 3048 rum.
2220 2993 2348 3059 Qum
2377 2993 2421 3047 si
2451 2992 2604 3053 desit,
2639 2992 2765 3045 nihil
2792 3006 2975 3045 eorum
3002 2991 3067 3045 de
3096 2990 3284 3061 quibus
3307 2990 3413 3060 jam
3440 2989 3637 3045 dictum

2058 3094 2157 3151 est,
2206 3085 2342 3140 efﬁci
2384 3094 2574 3154 potest.
2604 3084 2773 3154 Hujus
2815 3094 2991 3139 autem
3045 3093 3167 3138 sunt
3207 3084 3442 3138 cxcubia:
3482 3091 3640 3152 atque

2054 3177 2453 3249 diligentissima
2479 3176 2767 3246 vigilantia,
2791 3192 2857 3230 ne
2878 3177 3196 3244 subrepeutc
3222 3174 3473 3244 paulatim
3500 3172 3639 3227 mala

2054 3271 2301 3326 suasione
2355 3256 2597 3322 fallamur
2640 3285 2652 3321 :
2702 3267 2844 3321 unde
2889 3281 3030 3335 saepe
3079 3267 3369 3331 Dominus,
3423 3263 3642 3333 Vigilate

2056 3362 2261 3433 (Matth.
2296 3376 2448 3426 xxrv,
2478 3357 2591 3431 42),
2618 3359 2805 3413 clamat
2832 3375 2845 3422 ;
2879 3368 2952 3423 et,
2985 3357 3265 3433 Ambulote,
3302 3354 3487 3426 inquit,
3517 3355 3637 3407 dum

2054 3455 2220 3507 lumen
2241 3453 2450 3515 habetis,
2475 3468 2536 3504 ue
2556 3468 2641 3504 ros
2662 3451 2873 3503 tenebra:
2894 3447 3316 3518 comprehendant
3339 3444 3511 3517 (Joan.
3538 3461 3633 3512 xu,

2052 3544 2176 3617 55).
2207 3546 2442 3615 Itemque
2480 3544 2709 3598 dicitur:
2746 3541 2963 3596 Nescitis
2991 3542 3108 3611 quia
3138 3540 3389 3592 modicum
3416 3542 3635 3609 fornicu-

2052 3651 2155 3694 tum
2183 3648 2336 3694 totam
2362 3655 2579 3692 massam
2606 3636 2923 3706 corrumpit?
2951 3633 3007 3706 (Ι
3035 3634 3151 3688 Cor.
3184 3649 3237 3695 v,
3270 3629 3348 3704 6.)
3376 3630 3509 3699 Quid
3537 3646 3635 3683 au-

2052 3743 2156 3789 tem
2184 3733 2403 3804 proferri
2437 3730 2767 3786 manifestius
2793 3729 2859 3783 de
2886 3728 3059 3783 Veteri
3088 3726 3429 3780 Testamento
3449 3729 3633 3777 contra

2051 3829 2204 3883 istam
2247 3826 2677 3882 dormitationem
2720 3823 2880 3878 animi
2917 3831 3105 3892 potest,
3153 3836 3245 3890 per
3287 3835 3442 3889 quam
3484 3817 3539 3871 ﬁt
3576 3825 3634 3873 ut

2049 3936 2155 3974 non
2184 3920 2476 3974 sentiamus
2497 3916 2645 3988 quasi
2671 3916 2964 3970 minutatim
2994 3920 3292 3982 serpentem
3320 3910 3628 3980 perniciem,

2050 4029 2208 4084 quam
2237 4010 2364 4066 illud
2406 4008 2545 4081 quod
2575 4024 2601 4061 a
2638 4007 2888 4077 propheta
2928 4005 3125 4059 dictum
3169 4011 3284 4057 est:
3321 4001 3418 4067 Qui
3443 4000 3635 4070 spernit

2049 4100 2266 4173 modica,
2298 4104 2539 4176 paulatim
2569 4102 2797 4155 decidet?
2827 4098 3010 4173 (Eccli.
3038 4114 3149 4162 XIX,
3175 4095 3251 4168 i.)
3286 4096 3357 4150 De
3383 4111 3483 4165 qua
3507 4109 3633 4148 seu-

2052 4200 2233 4262 tentia,
2256 4199 2300 4253 si
2323 4205 2671 4266 opportunum
2695 4201 2834 4248 esset
2857 4191 3245 4252 festinantibus,
3269 4188 3635 4259 copiosissime

2049 4289 2372 4360 disputarem
2412 4290 2471 4353 ’ς
2520 4296 2675 4355 atque
2719 4285 2768 4339 id
2809 4286 2851 4338 si
2891 4298 2920 4336 a
2964 4283 3114 4337 nobis
3152 4296 3291 4335 mmc
3329 4288 3659 4348 susceptum

2052 4398 2247 4437 munus
2274 4382 2551 4451 flagitaret,
2585 4380 2805 4433 fortasse
2830 4378 3316 4431 dcmonstraremus
3345 4388 3501 4440 quam
3532 4371 3638 4425 sint

2054 4478 2157 4530 alta
2190 4476 2459 4546 mysteria,
2494 4489 2609 4543 qum
2640 4469 3019 4539 imperitissimi
3050 4476 3103 4521 ct
3128 4465 3365 4535 sacrilegi
3395 4464 3635 4520 homines

2052 4564 2362 4631 deridendo,
2406 4577 2508 4617 non
2552 4562 2623 4615 illi
2666 4560 2875 4630 quidem
2919 4557 3167 4628 paulatim
3208 4555 3317 4625 jam
3362 4553 3633 4620 decidunt,

2053 4657 2146 4712 sed
2179 4672 2367 4726 magno
2397 4655 2544 4723 lapsu
2578 4652 2872 4722 prwcipites
2897 4659 3042 4703 eunt.

2054 4748 2279 4806 CAPUT
2325 4746 2491 4801 XXV.
2533 4777 2589 4785 —
2622 4744 2796 4816 Umria
2842 4753 3057 4814 quatuor
3093 4740 3326 4795 virtutum
3372 4739 3504 4791 circa
3545 4734 3641 4791 Dei

2127 4856 2378 4903 amorem,
2422 4840 2567 4910 cujus
2606 4838 2792 4891 amoris
2834 4837 3098 4906 prtvmium
3135 4844 3205 4887 est
3234 4841 3421 4887 (eterna
3459 4832 3556 4884 vita
3593 4841 3639 4883 et

2124 4932 2340 5004 cognitio
2369 4930 2606 4984 veritatis.

2124 5028 2213 5084 46.
2256 5024 2391 5093 Quid
2429 5024 2653 5094 amplius
2693 5022 2759 5075 de
2802 5019 3038 5075 moribus
3080 5017 3387 5088 disputem?
3415 5014 3467 5072 Si
3497 5014 3639 5070 enim

2056 5120 2195 5175 Deus
2222 5130 2303 5174 est
2335 5134 2599 5174 summum
2634 5116 2862 5171 hominis
2893 5115 3110 5178 bonum,
3139 5109 3281 5182 quod
3309 5126 3501 5181 negare
3534 5124 3642 5165 nou

2056 5213 2295 5284 potestis,
2322 5213 2559 5283 sequitur
2589 5211 2842 5281 profecto,
2866 5207 3114 5279 quoniam
3144 5222 3409 5261 summum
3436 5205 3637 5261 bonum

2058 5313 2328 5376 appetere,
2357 5312 2439 5359 est
2464 5304 2599 5359 bene
2628 5301 2806 5355 vivere
2826 5342 2840 5365 ,
2869 5308 2925 5353 ut
2950 5296 3081 5352 nihil
3106 5297 3176 5353 sit
3212 5294 3354 5351 aliud
3382 5295 3516 5350 bene
3555 5294 3639 5348 vi-

2058 5414 2204 5463 vere,
2236 5412 2393 5467 quam
2425 5404 2534 5450 toto
2561 5393 2742 5456 corde.
2771 5402 2876 5447 tota
2903 5392 3097 5457 anima,
3132 5398 3239 5445 tota
3268 5398 3444 5444 mente
3474 5388 3642 5442 Deum

2060 5489 2314 5560 diligere:
2348 5503 2379 5542 a
2417 5501 2522 5557 quo
2566 5485 2773 5551 existit,
2819 5494 2877 5538 ut
2916 5484 3250 5551 incorruptus
3292 5479 3343 5533 iu
3384 5494 3450 5535 eo
3488 5491 3642 5534 amor

2124 5626 2140 5657 ι
2162 5630 2268 5673 Mss.
2293 5629 2515 5685 quatuor,
2535 5632 2735 5671 ευηιπιω
3012 5621 3067 5665 At
3080 5612 3285 5685 alii‘cdd.
3302 5612 3500 5685 habent,
3505 5608 3639 5684 paci.

2059 5695 2157 5746 Qua
2176 5699 2294 5735 voce
2311 5678 2531 5746 Spiritum
2550 5678 2765 5733 sanctum
2789 5679 3053 5730 identidem
3070 5678 3293 5741 designat
3320 5678 3641 5738 Augustinus,

2059 5756 2117 5800 ut
2132 5760 2323 5798 rursum
2342 5746 2461 5796 infra
2478 5758 2583 5808 cap.
2608 5746 2684 5795 50.

2125 5814 2145 5845 ³
2167 5817 2219 5861 tu
2235 5817 2341 5860 Mss.
2363 5804 2549 5863 aliquot
2562 5808 2766 5864 habetur
2804 5804 3021 5860 dicuntur

3511 380 3649 438 i530
3730 429 3733 432 .
