4138 6364
585 301 715 358 1531

583 425 741 485 atque
783 418 988 490 integer
1014 426 1360 492 custodiatur,
1391 430 1531 496 quod
1562 441 1643 485 est
1674 438 2073 502 temperantiae;
2104 448 2156 493 et

580 510 736 565 nullis
772 512 1043 584 frangatur
1080 519 1453 587 incommodis,
1496 526 1637 593 quod
1675 535 1759 582 est
1794 529 2152 601 fortitudinis;

580 606 710 661 nulli
740 609 826 663 alii
859 614 1073 675 serviat,
1102 618 1240 684 quod
1274 627 1355 671 est
1376 619 1631 687 justitizc;
1664 625 1841 694 vigilet
1867 626 1917 679 in
1948 626 2150 681 discer-

575 698 764 753 nendis
791 702 978 768 rebus,
1011 719 1079 760 ne
1103 706 1305 761 fallacia
1348 712 1596 779 paulatim
1626 715 1849 772 dolusve
1877 718 2144 787 subrepat,

568 789 713 856 quod
743 801 824 845 est
862 794 1171 861 prudentiae.
1202 799 1322 854 llaec
1355 810 1437 855 est
1478 804 1704 860 hominis
1737 823 1839 862 una
1870 808 2142 877 perfectio,

572 894 669 946 qua
698 883 806 936 sola
841 884 1085 953 impetrat
1115 898 1172 943 ut
1196 892 1431 948 veritatis
1470 895 1777 953 sinceritate
1804 898 2140 967 perfruatur:

569 970 684 1025 haec
713 974 864 1030 nobis
890 977 1228 1035 Testamento
1255 992 1476 1051 utroque
1501 990 1817 1054 concinitur,
1844 990 1959 1045 hzcc
1987 992 2141 1047 nobis

566 1059 689 1116 hinc
712 1073 870 1133 atque
893 1067 1013 1123 inde
1038 1071 1307 1127 suadetur.
1332 1076 1465 1141 Quid
1486 1078 1659 1133 adhuc
1681 1078 1985 1149 Scripturis,
2008 1098 2138 1152 quas

564 1152 849 1220 ignoratis,
892 1162 1330 1221 calumniamiui?
1370 1168 1592 1223 Neacitis
1638 1182 1830 1241 quanta
1876 1176 2135 1245 imperitia

563 1242 831 1303 lacessatis
864 1250 1084 1321 Libros,
1111 1272 1242 1324 quos
1272 1266 1324 1312 et
1350 1260 1445 1312 soli
1474 1262 1861 1329 reprehendunt
1901 1266 1989 1334 qui
2026 1282 2133 1321 non

559 1333 895 1407 intelligunt,
938 1351 992 1397 et
1036 1346 1134 1399 soli
1176 1346 1470 1417 intelligere
1511 1362 1777 1422 nequeunt
1821 1333 2133 1425 quiirepre-

556 1421 829 1481 hendunt?
851 1430 966 1485 Non
993 1434 1132 1488 enim
1156 1451 1250 1491 eos
1272 1448 1359 1492 aut
1386 1439 1524 1493 ullus
1552 1442 1792 1498 inimicus
1810 1459 2129 1514 cognoscere

552 1514 758 1579 sinitur,
785 1528 875 1573 aut
898 1537 1015 1576 esse
1040 1524 1140 1578 nisi
1168 1528 1368 1582 amicus
1394 1532 1618 1600 cognitis
1650 1542 1839 1600 potest.

620 1606 708 1658 47.
749 1608 1036 1679 Diligamus
1066 1614 1224 1683 igitur
1264 1619 1427 1673 Deum
1461 1636 1524 1675 ex
1558 1630 1667 1677 toto
1692 1626 1880 1693 corde,
1910 1642 1975 1682 ex
2014 1636 2123 1685 tota

544 1696 737 1763 anima,
770 1716 831 1754 ex
861 1710 967 1757 tota
997 1715 1172 1761 mente
1192 1749 1206 1772 ,
1240 1711 1559 1781 quicumque
1587 1714 1651 1767 ad
1683 1717 1839 1770 vitam
1868 1727 2119 1777 mteruam

541 1791 822 1855 pervenire
852 1797 1239 1863 pr0posuimus.
1274 1801 1389 1855 Vita
1416 1806 1557 1858 enim
1594 1816 1789 1862 (eterna
1827 1820 1909 1863 est
1953 1821 2115 1866 totum

542 1880 839 1949 przcmium,
888 1886 1036 1956 cujus
1079 1891 1429 1958 promissione
1475 1897 1803 1964 gaudemus:
1836 1916 1933 1955 nec
1978 1918 2113 1970 prae-

537 1969 703 2023 mium
729 1983 902 2041 potest
927 1981 1229 2045 praecedere
1255 1985 1464 2051 merita,
1492 1987 1739 2057 priusque
1769 1990 1968 2045 homini
1998 1994 2111 2048 dari

534 2073 693 2127 quam
739 2064 925 2133 dignus
966 2080 1064 2123 est.
1098 2072 1231 2137 Quid
1275 2076 1414 2129 enim
1456 2076 1557 2131 hoc
1599 2080 1861 2150 injustius,
1892 2094 1945 2139 et
1982 2088 2108 2156 quid

525 2147 721 2217 justius
766 2156 915 2211 lico?
955 2160 1068 2213 Non
1103 2178 1229 2232 ergo
1272 2165 1525 2221 debemus
1570 2186 1789 2238 poscere
1836 2178 2106 2242 prmmium

531 2253 812 2311 antequam
858 2264 1157 2306 mereamur
1197 2256 1455 2326 accipere.
1484 2259 1578 2315 llic
1620 2262 1843 2319 fortasse
1873 2283 1976 2321 non
2020 2270 2103 2323 in-

526 2345 758 2401 congrue
784 2339 1036 2404 qtneritur
1055 2382 1069 2407 ,
1098 2350 1294 2400 {eterna
1322 2348 1435 2417 ipsa
1464 2351 1565 2405 vita
1593 2353 1715 2421 quid
1746 2355 1832 2410 sit.
1862 2358 1964 2412 Sed
1990 2361 2103 2429 ejus

524 2420 825 2491 largitorem
876 2431 1047 2497 potius
1092 2436 1365 2491 audiamus
1402 2458 1416 2495 :
1464 2442 1587 2496 Han:
1632 2456 1723 2510 est,
1772 2449 1959 2518 inquit,
2001 2454 2101 2506 vita

521 2521 727 2581 wtcrna,
754 2527 811 2570 ut
835 2535 1135 2589 cognoscant
1177 2537 1224 2580 te
1247 2544 1414 2583 verum
1448 2532 1633 2599 Deum,
1674 2547 1719 2590 et
1749 2556 1893 2601 quem
1922 2544 2101 2597 misisti

518 2602 693 2658 Jcsum
734 2607 985 2665 Christum
1029 2613 1221 2687 (Joan.
1250 2636 1384 2685 xvn,
1412 2624 1446 2679 ὅ
1466 2621 1507 2693 ).
1537 2625 1758 2681 Δζιρτιιῖι
1806 2631 1961 2699 igitur
1991 2635 2093 2689 vita

515 2702 599 2745 est
645 2695 754 2763 ipsa
786 2702 1015 2769 cognitio
1052 2706 1308 2762 veritatis.
1339 2710 1691 2776 Quamobrem
1728 2720 1901 2774 videte
1937 2740 2091 2791 quam

514 2782 619 2836 sint
658 2792 893 2853 perversi
934 2803 1091 2863 atque
1121 2802 1457 2879 praeposteri,
1500 2805 1585 2873 qui
1617 2821 1734 2863 sese
1773 2813 2093 2872 arbitrantur

511 2875 604 2928 Dei
633 2881 982 2948 Cognitionem
1016 2887 1219 2942 tradere
1238 2932 1253 2957 ,
1284 2901 1335 2945 ut
1366 2875 1579 2962 perfecti
1606 2900 1791 2967 simus,
1822 2920 1940 2958 cum
1969 2922 2090 2975 pcr-

509 2963 766 3023 fectorum
800 2972 908 3041 ipsa
947 2977 1013 3029 sit
1053 2983 1346 3047 prtemium.
1379 2984 1515 3053 Quid
1544 3004 1671 3060 ergo
1698 2996 1955 3062 agendum
1984 3010 2083 3070 cst,

506 3058 629 3126 quid
657 3078 867 3130 quaeso,
895 3069 991 3123 nisi
1020 3079 1075 3124 ut
1105 3088 1224 3127 eum
1254 3074 1424 3145 ipsum
1452 3096 1609 3149 quem
1638 3098 1960 3155 cognoscere
1990 3107 2083 3146 v0-

503 3144 709 3216 lumus,
758 3156 903 3223 prius
952 3160 1103 3227 plena
1150 3144 1405 3222 charitate
1448 3144 1732 3242 diligamus
1769 3175 1887 3249 (u)?
1930 3177 2083 3238 Unde

500 3236 629 3294 illud
677 3251 938 3313 exoritur,
982 3255 1121 3323 quod
1169 3255 1237 3311 ab
1286 3260 1433 3315 initio
1480 3267 1804 3337 satagimus,
1854 3273 1982 3327 nihil
2026 3276 2078 3332 in

498 3326 736 3389 Ecclesia
780 3340 1036 3398 catholica
1066 3346 1328 3406 salubrius
1366 3352 1476 3409 ﬁeri
1496 3397 1512 3424 ,
1541 3374 1697 3428 quam
1734 3373 1789 3417 ut
1818 3366 2077 3425 rationem

496 3426 760 3490 praecedat
789 3436 1095 3491 auctoritas.

672 3519 897 3579 CAPUT
922 3525 1109 3583 XXVI.
1137 3560 1208 3571 —
1239 3532 1452 3593 Dilectio
1476 3542 1555 3594 sui
1584 3551 1630 3595 et
1658 3547 1893 3613 proximi.

568 3609 655 3665 48.
689 3611 793 3668 Sed
818 3626 1007 3673 czetera
1034 3621 1307 3682 videamus
1332 3647 1346 3682 :
1374 3630 1579 3688 videtur
1602 3609 1741 3690 enim
1769 3638 1834 3693 de
1857 3639 2072 3702 homine

494 3694 630 3768 ipso,
661 3702 712 3756 id
738 3716 836 3771 est,
866 3708 931 3763 de
958 3723 1195 3771 amatore
1221 3718 1336 3789 ipso
1366 3720 1493 3777 nihil
1520 3738 1735 3795 actum;
1762 3732 1855 3787 sed
1882 3750 2068 3803 parum

493 3788 721 3849 dilucide
749 3799 837 3867 qui
879 3799 981 3857 hoc
1019 3804 1304 3864 arbitratur
1343 3811 1601 3885 intelligit.
1640 3788 1751 3874 Non
1784 3788 2067 3883 enimn—eri

486 3893 663 3954 potest
686 3896 743 3943 ut
770 3892 1023 3962 seipsum,
1050 3898 1137 3966 qui
1165 3899 1331 3957 Deum
1357 3903 1543 3976 diligit,
1572 3925 1677 3964 non
1706 3912 1887 3983 diligat
1913 3933 1925 3969 :
1959 3918 2065 3974 imo

485 3990 613 4031 vero
642 3978 786 4036 solus
810 3997 869 4038 se
898 3986 1043 4040 novit
1068 3987 1284 4061 diligere
1306 4035 1321 4060 ,
1354 3996 1443 4066 qui
1474 3998 1638 4055 Deum
1663 3978 1851 4074 diligit.
1885 4006 2061 4079 Siqui-

485 4064 607 4122 dem
638 4070 723 4125 ille
751 4089 809 4128 se
833 4076 961 4132 satis
990 4077 1176 4149 diligit,
1206 4085 1293 4153 qui
1322 4064 1507 4142 scdulo
1536 4093 1660 4162 agit,
1692 4064 1979 4155 utsunimd
2008 4114 2062 4159 et

484 4171 615 4213 vero
643 4161 943 4231 perfruatur
979 4167 1156 4224 bono:
1189 4175 1329 4243 quod
1368 4178 1410 4230 si
1442 4161 1681 4238 nihilest
1721 4188 1861 4242 aliud
1901 4207 2057 4261 quam

480 4244 641 4321 Deus,
671 4252 808 4309 sicut
844 4272 902 4313 ea
947 4273 1065 4329 qtue
1105 4262 1244 4320 dicta
1283 4278 1405 4324 sunt
1442 4271 1753 4346 docuerunt,
1784 4283 1899 4351 quis
1928 4300 2059 4340 cun-

478 4342 610 4398 ctari
651 4353 844 4415 potest,
889 4352 1013 4420 quin
1055 4369 1173 4411 sese
1215 4369 1378 4427 amet,
1409 4364 1497 4434 qui
1542 4342 1747 4424 amator
1788 4342 1869 4427 est
1917 4375 2055 4433 Dei?

477 4431 610 4500 Qu’d
630 4437 649 4491 ‘.
679 4436 823 4495 inter
846 4441 989 4513 ipsos
1016 4445 1256 4507 homines
1282 4456 1551 4514 nullumne
1573 4476 1689 4516 esse
1717 4468 1913 4521 amoris
1938 4470 2051 4525 vin-

473 4524 646 4583 culum
677 4528 875 4588 debet?
917 4535 1028 4591 lmo
1053 4554 1179 4597 vero
1218 4544 1289 4598 ita
1332 4546 1509 4616 debet,
1540 4562 1597 4605 ut
1640 4555 1815 4611 nullus
1853 4560 2050 4617 certior

469 4619 665 4690 gradus
708 4622 777 4679 ad
816 4640 1054 4685 amorem
1100 4632 1191 4688 Dei
1234 4635 1349 4691 fleri
1393 4655 1548 4708 posse
1593 4646 1859 4717 credatur,
1887 4667 2045 4722 quam

467 4705 699 4769 hominis
727 4730 849 4787 erga
875 4718 1142 4777 hominem
1172 4725 1420 4784 Charitas.

534 4802 623 4861 49.
664 4806 881 4865 Promat
925 4812 1077 4869 nobis
1123 4830 1251 4888 ergo
1295 4819 1521 4879 alterum
1563 4840 1882 4900 praeceptum
1928 4835 2041 4907 ipse

461 4891 746 4963 Dominus,
776 4900 843 4955 de
869 4902 991 4959 vita
1028 4910 1305 4980 praeceptis
1332 4891 1684 4988 interrogatus
1708 4939 1722 4977 :
1751 4938 1858 4979 non
1896 4891 2037 4984 enim

458 4995 741 5046 contentus
766 4991 864 5049 fuit
902 5011 1028 5066 uno,
1057 5000 1149 5071 qui
1177 5002 1337 5059 sciret
1364 5006 1503 5063 aliud
1531 5010 1696 5067 Deum
1726 5030 1863 5085 esse,
1894 5019 2035 5078 aliud

456 5076 766 5150 hominem;
811 5096 969 5158 atque
1012 5090 1271 5151 interesse
1314 5105 1550 5168 tantum,
1597 5116 1847 5174 quantum
1896 5111 2034 5169 inter

454 5181 576 5227 eum
600 5175 687 5243 qui
713 5177 929 5245 creavit,
952 5188 1006 5235 et
1026 5179 1079 5236 id
1099 5183 1238 5253 quod
1261 5186 1325 5241 ad
1349 5187 1612 5249 Creatoris
1634 5196 2030 5257 similitudinem

452 5272 691 5355 creatum
727 5275 828 5322 est.
858 5266 995 5325 Dicit
1023 5286 1151 5343 ergo
1188 5278 1478 5335 secundum
1510 5297 1827 5355 praeceptum
1867 5307 2024 5349 esse:

447 5336 642 5423 Diliges
667 5359 949 5426 proximum
972 5370 1112 5417 tuum
1140 5372 1378 5437 tanquam
1405 5373 1615 5443 teipsum
1641 5377 1853 5448 (Matth.
1882 5399 2020 5452 χιιι,

445 5436 557 5512 39).
585 5443 662 5500 Te
689 5458 864 5504 autem
894 5451 1068 5523 ipsum
1106 5436 1386 5516 salubriter
1411 5436 1612 5535 diligis,
1643 5436 1685 5523 si
1724 5436 2020 5544 plus

444 5543 499 5590 ω
522 5536 696 5607 diligis
720 5540 909 5599 Deum.
936 5545 1085 5613 Quod
1123 5566 1250 5622 ergo
1275 5555 1389 5625 agis
1432 5566 1633 5623 tecum,
1665 5536 1738 5616 id-
1756 5536 2017 5635 agendum

440 5638 564 5683 cum
610 5631 853 5699 proximo
895 5648 1012 5704 eSt;
1042 5639 1146 5696 hoc
1193 5653 1293 5710 est,
1326 5656 1383 5701 ut
1427 5649 1537 5720 ipse
1580 5654 1737 5710 etiam
1786 5631 2017 5728 perfecto

496 5740 573 5805 (a)
592 5742 693 5794 vid.
714 5750 916 5800 Retract.
938 5748 1020 5804 lib.
1042 5754 1085 5817 t,
1104 5754 1209 5819 cap.
1231 5756 1280 5818 7,
1300 5770 1349 5809 ιι.
1370 5759 1419 5810 4.

1358 315 1445 370 DE
1484 318 1779 374 MORlBUS
1818 323 2168 381 ECCLESUE
2211 327 2635 406 CA'l‘liOLiC/E,
2676 338 2731 395 S.
2774 342 3134 403 AUGUSTINI

3702 369 3843 430 i339

2258 456 2439 498 amore
2480 446 2659 517 diligat
2690 450 2875 505 Deum.
2905 453 3017 511 Non
3044 460 3189 515 etiim
3216 475 3342 520 eum
3376 468 3551 543 diligis
3592 483 3840 549 tanqaam

2256 533 2506 603 telpsum,
2543 540 2590 593 si
2630 556 2732 595 non
2773 545 2839 598 ad
2880 547 2931 600 id
2968 549 3167 607 bonum
3205 557 3273 611 ad
3309 533 3603 634 quod
3640 533 3840 641 ιεξηιίξ
3887 596 3890 597 ν

2254 625 2519 683 adducere
2546 634 2743 702 satagis
2768 636 2807 688 ί.
2837 636 2966 694 illud
2991 651 3073 696 est
3096 646 3239 701 enim
3260 625 3423 706 unum
3452 625 3669 727 bonum,

2252 718 2498 774 omnibus
2544 730 2720 778 tecum
2771 730 3105 790 tendentibus
3152 753 3255 794 non
3304 742 3363 796 ﬁt
3406 718 3832 816 angustum-Ex

2248 805 2353 863 hoc
2385 823 2647 883 praecepto
2673 830 2963 876 nascuntur
2989 826 3159 882 ofﬁcia
3188 833 3455 891 societatis
3473 805 3744 912 humanae,
3772 849 3828 903 in

2242 899 2438 965 quibus
2478 920 2585 958 non
2627 922 2808 966 errare
2850 913 3065 973 difficile
3103 931 3204 975 est.
3243 923 3518 994 Agendum
3554 899 3744 989 autem,
3770 899 3826 995 in

2246 993 2432 1057 primis
2458 1006 2562 1061 est,
2592 1008 2648 1052 ut
2672 1001 2912 1059 benevoli
2936 1009 3124 1079 simus,
3152 1014 3204 1067 id
3228 993 3329 1081 est,
3354 1028 3413 1073 ut
3434 1023 3575 1079 nulla
3600 1028 3821 1099 malitia,

2243 1081 2389 1136 nullo
2435 1085 2559 1157 dolo
2604 1092 2750 1147 malo
2791 1096 3043 1154 adversus
3090 1102 3359 1163 hominem
3404 1122 3634 1172 utamur.

2240 1175 2381 1229 enim
2413 1178 2611 1235 homini
2643 1184 2855 1243 homine
2882 1194 3270 1265 propinquius?

2311 1267 2397 1321 50.
2438 1270 2633 1340 Accipe
2670 1278 2827 1333 etiam
2867 1284 2991 1351 quid
3018 1286 3215 1345 Paulus
3250 1293 3429 1351 dicat:
3460 1298 3707 1369 Dilectio,
3736 1307 3818 1362 in-

2234 1356 2383 1424 quit,
2413 1365 2666 1430 proatimi,
2695 1371 2886 1425 malum
2912 1390 3014 1429 non
3043 1391 3283 1447 operatur
3307 1385 3327 1455 (
3349 1385 3499 1444 Rom.
3535 1356 3664 1460 χιιι,⁷

3314 1448 3323 1455 .
3636 1448 3647 1460 ι
3693 1448 3741 1452 κν
3772 1448 3811 1470 1-

2233 1448 2568 1509 Brcvissimis
2600 1467 2718 1515 utor
2740 1464 3079 1537 testimoniis,
3108 1474 3223 1539 sed,
3254 1477 3357 1533 nisi
3380 1480 3556 1550 fallor,
3584 1486 3811 1557 idoneis,

2229 1548 2284 1591 et
2325 1542 2512 1608 quibus
2547 1561 2807 1619 suscepta
2847 1557 2925 1610 rei
2969 1561 3096 1615 satis
3139 1563 3263 1619 fiat:
3294 1584 3417 1624 nam
3460 1575 3577 1642 quis
3608 1577 3815 1647 ignorat

2229 1648 2384 1698 quam
2413 1639 2605 1707 multa,
2636 1652 2691 1698 et
2713 1649 2893 1714 quanti
2920 1654 3201 1724 ponderis,
3230 1662 3388 1717 verba
3417 1639 3488 1719 in-
3510 1639 3812 1730 illisLibt-is

2227 1724 2293 1778 de
2333 1728 2589 1787 charitate
2621 1740 2845 1802 proximi
2882 1758 3260 1820 usquequaque
3297 1755 3486 1811 diﬂ'usa
3516 1760 3621 1816 sint

2223 1832 2343 1870 cum
2373 1820 2578 1879 duobus
2609 1828 2779 1884 modis
2806 1846 3057 1899 peccetur
3079 1840 3132 1894 in
3162 1842 3394 1909 homine,
3428 1865 3539 1904 uno
3565 1853 3610 1906 si
3636 1854 3802 1910 lzeda-

2224 1916 2327 1974 tur,
2356 1912 2460 1965 alio
2503 1916 2546 1968 si
2591 1933 2710 1972 cum
2758 1934 2934 1991 potest
2978 1945 3084 1984 non
3129 1934 3411 2005 adjuvetur
3438 1957 3453 2005 ;
3479 1957 3647 2013 eaque
3689 1948 3804 2018 ipsa

2219 2001 2326 2056 sint
2352 2006 2545 2073 quibus
2576 2013 2696 2066 mali
2720 2014 2961 2073 homines
2986 2037 3104 2078 esse
3127 2026 3391 2098 dicantur,
3420 2048 3641 2103 quontm
3669 2056 3803 2096 neu-

2218 2102 2374 2158 trum,
2404 2099 2494 2165 qui
2525 2100 2725 2172 diligit,
2770 2107 2895 2164 facit
2920 2130 2930 2164 :
2963 2117 3112 2182 satis,
3143 2123 3352 2191 Opinor,
3381 2099 3523 2195 quod
3554 2133 3799 2192 volumus

2213 2184 2541 2245 demonstrat
2566 2194 2663 2248 ista
2692 2204 2974 2270 sententia,
2999 2184 3217 2266 Dilectio
3241 2184 3461 2284 prasino
3481 2224 3673 2279 malum
3695 2243 3795 2282 non

2211 2289 2465 2343 operatur.
2491 2282 2556 2337 Et
2583 2286 2627 2338 si
2657 2288 2722 2342 ad
2750 2291 2887 2345 bona
2917 2301 3194 2363 pervenire
3220 2282 3326 2359 nou
3361 2325 3660 2381 possumus,
3693 2318 3792 2373 nisi

2208 2367 2345 2420 mala
2377 2375 2583 2438 operari
2624 2375 3009 2450 destiterimus,
3044 2389 3143 2443 ista
3181 2406 3303 2449 sunt
3336 2367 3484 2467 quasi
3533 2407 3789 2465 cunabula

2207 2454 2480 2513 charitatis
2512 2463 2605 2518 Dei
2626 2507 2640 2532 ,
2674 2471 2866 2537 quibus
2903 2475 3172 2548 diligimus
3200 2454 3499 2553 proxiitmm
3525 2512 3540 2559 ;
3566 2506 3625 2550 ut
3651 2515 3786 2569 quo-

2204 2546 2344 2599 niam
2388 2552 2585 2607 dilectio
2630 2562 2847 2626 proximi
2884 2546 3073 2624 malum
3118 2590 3218 2628 non
3265 2590 3519 2650 operatur,
3553 2546 3683 2645 hincl
3714 2593 3784 2647 ad

2202 2635 2330 2689 illud
2363 2646 2711 2703 ascendnmus
2746 2656 2889 2721 quod
2927 2658 3125 2717 dictum
3168 2635 3520 2733 est,'Scims,
3544 2684 3781 2746 quoniam

2208 2724 2323 2746 ,ηιμ
2398 2730 2447 2746 μ’
2569 2734 2601 2746 λ
2883 2745 2886 2746 ⁷

2201 2724 2518 2795 diligentibus
2554 2734 2719 2792 Deum
2752 2745 2923 2799 onuu'a
2960 2754 3236 2817 procedunt
3272 2724 3331 2815 in
3373 2724 3572 2822 om,
3594 2771 3619 2842 (
3640 2771 3775 2830 Ibid.

2266 2911 2351 2965 5i.
2382 2914 2485 2969 Sed
2514 2922 2694 2977 nescio
2722 2932 2987 2995 quomodo
3014 2946 3103 2991 aut
3127 2942 3326 3008 pariter
3349 2948 3447 3003 ista
3468 2950 3521 3005 in
3538 2955 3772 3022 plenitu-

2193 2999 2368 3057 dinem
2381 3008 2863 3087 perfectionemque
2878 2999 3219 3097 consurgtint,
3236 2999 3615 3099 autinchoafur
3629 3049 3771 3115 prius

2195 3089 2286 3115 n-:
2312 3110 2331 3115 ρ
2408 3112 2421 3115 -
2438 3113 2458 3115 ς
2542 3111 2551 3115 -
2646 3103 2655 3114 ⁸
2852 3111 2872 3115 “
2915 3112 2923 3115 Α

2191 3089 2288 3145 Dei
2309 3110 2480 3161 amor,
2505 3111 2556 3155 et
2579 3103 2723 3171 prius
2747 3111 3016 3176 perﬁcitur
3040 3089 3283 3187 proximi.
3310 3129 3389 3182 Ad
3413 3089 3765 3202 iucipieridum

2189 3186 2328 3238 enim
2358 3190 2511 3246 citius
2540 3210 2639 3250 nos
2668 3198 2892 3260 fortasse
2920 3206 2972 3260 in
3098 3212 3273 3270 divina
3313 3186 3545 3280 Charitas
3588 3232 3762 3300 rapit,

2189 3276 2279 3300 ..ΑΔ
2325 3279 2459 3300 cur
2614 3289 2623 3298 ‘
2898 3298 2913 3300 "

2186 3276 2280 3331 sed
2322 3279 2527 3338 facilius
2554 3289 2758 3345 minora
2792 3298 3112 3362 perficimus.
3148 3308 3375 3381 Quoquo
3404 3276 3561 3373 modo

2184 3384 2270 3424 res
2316 3389 2374 3427 se
2418 3375 2635 3443 habeat,
2676 3384 2801 3441 illud
2854 3394 3083 3451 maxime
3127 3375 3414 3461 tenendum
3456 3422 3570 3479 est,
3598 3432 3665 3470 ne
3702 3433 3761 3475 se

2182 3463 2457 3533 quisquam
2488 3472 2705 3540 credat,
2733 3488 3036 3552 contempto
3070 3492 3342 3561 proximo,
3376 3500 3441 3554 ad
3472 3463 3757 3563 lsedtitudi-

2179 3566 2303 3609 nem
2342 3566 2395 3611 et
2418 3559 2483 3614 ad
2525 3561 2689 3618 Deum
2719 3583 2874 3637 quem
2905 3573 3076 3646 diligit
3096 3594 3219 3637 esse
3244 3559 3542 3645 venturum.

2179 3645 2400 3713 utinam,
2426 3662 2481 3706 ut
2501 3653 2653 3712 facile
2674 3669 2754 3714 est
2773 3662 2909 3719 bene
2937 3645 3177 3729 instituto
3202 3686 3254 3731 et
3280 3678 3507 3751 benigno
3531 3645 3753 3759 diliget!

2177 3740 2497 3809 proximum,
2520 3746 2589 3799 ita
2619 3747 2775 3807 facile
2799 3767 2940 3811 esset
2961 3763 3043 3817 vel
3068 3768 3362 3838 consulere,
3388 3776 3471 3829 vel
3500 3740 3750 3836 nihilcau-

2122 3856 2128 3860 —
2174 3844 2315 3887 cere.
2341 3833 2457 3890 Non
2487 3840 2627 3894 enim
2668 3844 2733 3899 ad
2761 3847 2875 3905 haec
2902 3854 3029 3908 satis
3063 3868 3145 3913 est
3184 3833 3426 3920 voluntas
3462 3867 3627 3938 bona,
3654 3876 3747 3931 sed

2172 3935 2305 3990 Opus
2333 3936 2411 3980 est
2434 3944 2621 4000 magna
2648 3938 2871 4003 quadam
2896 3945 3105 4002 ratione
3130 3957 3288 4020 atque
3314 3935 3622 4027 prudentia,
3644 3980 3745 4035 quo

2169 4030 2327 4071 nemo
2352 4020 2428 4074 uti
2448 4032 2643 4091 potest,
2674 4029 2775 4084 nisi
2804 4032 2943 4091 Deus
2969 4037 3059 4093 ille
3087 4038 3206 4097 fons
3224 4020 3461 4103 omnium
3486 4020 3743 4114 mum

2167 4106 2221 4161 id
2244 4110 2501 4167 tribuerit.
2530 4116 2603 4171 De
2629 4134 2729 4188 qua
2755 4137 2835 4189 re,
2865 4137 3117 4194 quantum
3138 4134 3390 4205 arbitror,
3411 4140 3740 4219 difficillima,

2166 4198 2485 4258 tentabimus
2505 4204 2683 4264 dicere
2706 4225 2803 4279 pro
2831 4228 3078 4287 suscepto
3097 4236 3258 4292 opere
3282 4198 3448 4297 pauca
3476 4198 3737 4308 quaedam:

2163 4301 2313 4357 spem
2343 4300 2502 4348 totam
2527 4300 2907 4361 constituentes
2935 4307 2989 4363 in
3018 4314 3260 4384 eocujus
3287 4319 3451 4378 solius

2161 4391 2305 4436 δυηι.

2229 4469 2455 4531 CAPUT
2476 4476 2686 4536 XXVII.
2707 4484 3129 4559 --Beneﬁcentia
3146 4497 3198 4552 iu
3223 4515 3403 4571 corpu
3422 4508 3658 4574 proximi.

2228 4562 2317 4618 52.
2346 4566 2516 4623 Homo
2545 4570 2723 4641 igitur,
2749 4585 2805 4632 ut
2828 4578 3030 4638 homini
3050 4600 3287 4658 apparet,
3308 4562 3481 4651 anima
3503 4601 3734 4659 rationa-

2153 4646 2218 4707 lis
2254 4662 2336 4709 est
2377 4661 2587 4715 mortali
2628 4674 2787 4735 atque
2820 4677 3034 4730 terreno
3069 4646 3224 4735 utens
3261 4646 3506 4753 corpore.
3534 4690 3731 4749 Partim

2150 4756 2279 4813 ergo
2318 4750 2559 4818 corpori,
2592 4756 2783 4823 partim
2814 4775 2941 4818 vero
2979 4767 3171 4825 animm
3198 4750 3431 4831 houﬁnis
3466 4778 3734 4841 houefeuit

2148 4834 2239 4903 qui
2267 4838 2569 4905 proximum
2599 4844 2786 4918 diligit.
2818 4852 2899 4905 Ad
2930 4867 3122 4926 corpus
3149 4864 3291 4931 quod
3321 4834 3728 4939 pertinebant;

2146 4920 2318 4980 dicina
2347 4932 2617 4990 nominata
2657 4948 2773 5005 est;
2802 4942 2869 4996 ad
2907 4920 3139 5005 animam
3166 4920 3348 5011 autem
3372 4996 3390 5024 ,
3426 4920 3723 5035 disciplina.

2146 5010 2210 5035 ο,
2231 5014 2248 5035 ι
2278 5034 2301 5035 η
2346 5034 2351 5035 ,
2382 5019 2416 5035 ..
2454 5022 2464 5033 .

2144 5010 2251 5070 Sed
2276 5019 2592 5078 medicinam
2613 5034 2753 5084 nunc
2784 5047 2936 5101 voco,
2966 5038 3218 5110 quidquid
3244 5047 3462 5104 omnino
3486 5010 3724 5123 αἶνοιῆ

2140 5108 2226 5164 vel
2253 5119 2427 5168 tuetur
2451 5118 2531 5170 vel
2564 5118 2821 5178 instaurat
2847 5126 3093 5184 salutem.
3111 5108 3206 5189 Μ
3234 5135 3372 5192 hanc
3396 5108 3718 5216 itaque'per-

2139 5198 2343 5273 tinent,
2373 5222 2481 5263 non
2524 5224 2588 5265 ea
2618 5219 2819 5269 tantum
2852 5233 2974 5287 qua:
3012 5236 3101 5275 ars
3138 5240 3321 5282 eorum
3353 5231 3600 5303 exhibet,
3626 5242 3717 5308 qui

2136 5296 2352 5364 pr0prie
2375 5300 2566 5355 medici
2588 5306 2956 5375 nominantur;
2984 5313 3078 5367 sed
3105 5318 3263 5372 etiam
3284 5322 3433 5379 cibus
3459 5334 3514 5380 et
3536 5296 3714 5397 ponis,

2134 5390 2344 5455 tegmen
2366 5398 2418 5444 et
2441 5399 2659 5463 tectum,
2687 5395 2927 5456 defensio
2952 5402 3178 5475 denique
3207 5412 3380 5468 omnis
3407 5390 3566 5486 atque
3592 5390 3712 5477 aut;

2130 5478 2295 5547 nitio,
2327 5497 2429 5551 qua
2470 5495 2710 5544 nostrum
2740 5506 2934 5565 corpus
2967 5495 3222 5556 adversus
3260 5505 3422 5560 etiam
3459 5518 3710 5571 externos

2128 5568 2264 5625 ictus
2293 5588 2551 5646 casusque
2584 5591 2866 5640 servatur:
2896 5602 3019 5642 nam
3057 5599 3109 5643 et
3146 5589 3350 5661 fames,
3385 5607 3441 5653 et
3475 5600 3625 5669 sitis,
3653 5614 3708 5661 et

2123 5658 2320 5732 frigus,
2370 5678 2423 5722 et
2468 5680 2663 5741 aestus,
2704 5684 2759 5730 et
2801 5679 3053 5750 quidquid
3096 5686 3427 5745 extrinsecus
3473 5697 3705 5765 graviter

2187 5773 2204 5804 ³
2229 5780 2337 5827 Mss.
2358 5780 2686 5849 quamplures,
2708 5787 2772 5838 ad
2793 5789 2921 5852 quod
2941 5803 3043 5856 ψει
3061 5792 3235 5859 tendis,
3261 5797 3481 5857 adducis.
