4138 6364
398 333 536 393 1357
1144 350 1149 355 ·
1821 334 1949 391 LIBI

2059 333 2328 393 PRIMUS.

388 446 489 502 bus
507 445 822 512 reverentia,
846 445 1034 516 quibus
1061 446 1240 513 timor,
1270 448 1462 518 quibus
1497 448 1806 512 consolatio,
1846 450 1965 520 qui-

385 535 487 593 bus
509 536 822 603 admonitio,
851 538 1037 606 quibus
1064 538 1357 594 cohortatio
1382 540 1422 605 ¹,
1447 539 1636 609 quibus
1664 539 1960 609 disciplina,

3496 351 3636 412 I338

2070 462 2185 500 rum
2223 447 2459 516 atl‘ertur,
2490 456 2547 505 et
2566 465 2699 523 aqua
2745 454 3000 522 contenti,
3040 455 3430 519 desertissimas
3474 471 3650 524 terras

2070 539 2331 606 incolunt;
2366 542 2692 612 perfruentes
2730 548 2992 618 colloquio
3031 549 3144 615 Dei,
3175 553 3258 605 cui
3288 556 3430 622 puris
3459 559 3649 613 menti-

386 630 575 700 quibus
604 629 919 701 objurgatio,
957 630 1146 699 quibus
1189 630 1525 700 supplicium,
1553 631 1737 685 sedulo
1760 630 1918 685 doces
1942 646 1958 696 ;

385 723 668 778 ostendens
690 721 1133 793 quemadmodum
1180 732 1235 777 et
1277 738 1379 777 non
1404 724 1649 779 omnibus
1690 722 1886 790 omnia,
1909 730 1964 778 et

386 814 629 869 omnibus
652 814 900 880 charilas,
927 821 980 868 et
1004 814 1134 867 nulli
1162 814 1417 868 debeatur
1443 814 1651 884 injuria.

456 905 544 958 64.
561 904 675 959 Jam
703 919 830 959 vero
853 919 972 958 cum
996 904 1107 959 haec
1132 904 1360 958 humana
1384 904 1593 959 dilectio
1614 905 1958 959 inhaerentem

383 994 631 1049 uberibus
664 995 766 1050 tuis
794 995 1089 1062 nutriverit,
1120 1004 1174 1049 et
1203 994 1530 1050 roboraverit
1578 996 1829 1060 animum,
1874 1010 1959 1049 se-

381 1084 591 1153 quendo
618 1086 726 1139 Deo
752 1085 944 1139 factum
993 1085 1273 1150 idoneum;
1320 1087 1407 1140 ubi
1449 1087 1562 1156 ejus
1604 1087 1849 1155 majestas
1891 1102 1956 1141 ex

380 1183 523 1229 tanta
550 1185 701 1246 parte
720 1184 912 1245 quanta
933 1174 1152 1241 homini,
1175 1177 1299 1231 dum
1320 1186 1471 1231 terra:
1498 1178 1649 1245 hujus
1697 1177 1953 1233 inhabita~

379 1276 462 1322 tor
488 1276 588 1326 est.
620 1266 831 1333 suflicit,
861 1268 1067 1337 aperire
1092 1284 1149 1323 se
1173 1268 1421 1339 cmperit;
1467 1278 1641 1322 tantus
1683 1268 1955 1324 charitatis

376 1357 534 1412 ardor
556 1359 864 1423 innascitur,
890 1366 944 1413 et
964 1367 1163 1413 tantum
1185 1359 1346 1413 divini
1367 1359 1566 1414 amoris
1586 1360 1854 1429 consurgit
1875 1360 1953 1414 in-

377 1450 643 1516 cendium,
670 1457 729 1505 ut
744 1450 945 1506 exustis
970 1451 1216 1506 omnibus
1244 1450 1405 1515 vitiis,
1429 1459 1481 1505 et
1501 1450 1712 1505 homine
1734 1459 1953 1521 purgato

373 1549 533 1611 atque
557 1540 899 1606 sanctiﬁcato,
930 1541 1056 1595 satis
1082 1550 1331 1612 appareat
1358 1557 1514 1611 quam
1553 1542 1726 1596 divine
1755 1542 1952 1596 dictum

373 1632 471 1686 sit:
497 1631 601 1703 Ego
612 1649 722 1686 sum
731 1633 861 1704 ignis
878 1650 1172 1687 consumens
1188 1632 1359 1702 (Deut.
1382 1650 1454 1700 tv,
1470 1633 1559 1705 24)
1579 1632 1674 1705 (a);
1688 1643 1760 1700 et,
1774 1632 1954 1705 Ignem

372 1727 482 1781 veni
504 1728 694 1781 mittere
722 1728 773 1780 in
795 1728 1035 1781 mundum
1059 1726 1205 1798 (Luc.
1232 1732 1329 1790 κη,
1359 1726 1471 1798 49).
1501 1727 1627 1794 Quae
1652 1727 1769 1781 dote
1794 1742 1953 1783 voces

374 1823 527 1877 unius
555 1824 647 1877 Dei
671 1824 721 1876 in
752 1822 958 1877 duobus
1000 1822 1351 1877 Tcstamentis
1392 1823 1629 1891 signatre,
1659 1821 1954 1875 sanctiﬁca-

371 1916 567 1970 tionem
588 1915 775 1967 animae
804 1913 1053 1969 concordi
1079 1912 1415 1967 attestatione
1442 1912 1729 1975 declarant,
1779 1920 1835 1965 ut
1864 1912 1953 1965 ﬁat

370 2003 653 2073 aliquando
703 2004 827 2058 illud
869 2004 1008 2074 quod
1055 2004 1177 2058 item
1208 2004 1258 2057 in
1288 2002 1485 2057 Novam
1533 2001 1854 2071 Scripturam
1886 2003 1952 2058 de

372 2094 545 2148 Veteri
577 2104 902 2163 assumptum
926 2104 1029 2160 est,
1057 2094 1305 2165 Absorpta
1330 2105 1401 2148 est
1432 2111 1565 2147 mors
1584 2096 1639 2148 in
1668 2095 1948 2148 victoriam.

373 2185 469 2239 Ubi
492 2196 583 2252 est,
602 2203 756 2253 mors,
785 2187 985 2241 aculeus
1009 2188 1160 2241 tuus?
1188 2187 1272 2240 ubi
1293 2196 1385 2251 est,
1415 2203 1568 2253 mors,
1591 2190 1841 2241 contentio
1866 2198 1953 2241 tua

375 2274 655 2348 (lCor.xv,
679 2278 766 2343 54,
782 2278 871 2349 55)
890 2277 913 2330 ?
932 2277 1081 2343 Quod
1110 2294 1269 2332 unum
1301 2279 1381 2332 isti
1407 2278 1639 2333 hieretici
1662 2279 1953 2347 intelligere

367 2369 411 2423 si
455 2370 705 2434 valerent,
738 2384 995 2440 nusquam
1028 2370 1261 2440 profecto
1286 2371 1452 2424 Deum
1483 2371 1581 2423 nisi
1610 2370 1748 2438 apud
1779 2380 1829 2424 te
1873 2378 1954 2424 at-

366 2474 468 2529 que
489 2460 540 2513 in
566 2469 651 2514 tuo
667 2461 887 2529 gremio,
911 2458 1126 2515 minime
1144 2461 1361 2529 superbi
1376 2469 1429 2513 et
1452 2460 1585 2514 bene
1602 2460 1770 2528 pacati
1793 2475 1953 2514 vene-

377 2558 648 2603 rarentnr.
679 2550 873 2604 Merito
896 2550 1034 2619 apud
1062 2559 1111 2604 te
1132 2550 1308 2604 divina
1327 2560 1588 2622 praecepta
1610 2550 1715 2604 late
1738 2548 1953 2604 diffuse-

367 2655 466 2708 que
482 2651 776 2695 servantur.
800 2641 984 2696 Merito
1001 2642 1135 2710 apud
1150 2650 1200 2696 te
1219 2641 1353 2697 bene
1366 2641 1696 2711 intelligitur,
1714 2657 1869 2712 quam
1883 2642 1954 2697 sit

366 2732 575 2799 gravius
606 2732 831 2802 cognita,
867 2749 1021 2802 quam
1052 2733 1315 2803 incognita
1334 2735 1448 2805 lege
1474 2749 1712 2804 peccare.
1735 2734 1952 2788 Aculeus

368 2823 497 2874 enim
512 2824 684 2876 mortis
703 2834 978 2893 peccatum,
997 2825 1151 2877 virtus
1168 2835 1332 2877 autent
1349 2826 1539 2895 peccati
1554 2826 1634 2879 lea:
1650 2824 1808 2894 (Ibid.
1831 2823 1947 2894 56),

367 2926 466 2981 qua
492 2914 701 2983 gravius
730 2913 920 2968 feriat’
959 2924 1012 2970 et
1056 2914 1324 2969 interimat
1371 2916 1660 2983 contempti
1703 2918 1950 2985 praecepti

369 3004 710 3058 conscientia.
759 3005 941 3059 Merito
983 3006 1121 3075 apud
1155 3014 1206 3060 te
1236 3006 1406 3061 visum
1436 3014 1535 3071 est,
1571 3022 1726 3075 quam
1759 3006 1825 3060 sit
1854 3006 1951 3059 sub

366 3096 481 3166 lege
510 3099 745 3165 operatio
782 3113 935 3163 vana,
964 3115 1084 3153 cum
1112 3099 1276 3153 libido
1306 3099 1537 3153 animum
1565 3105 1754 3163 vastat,
1778 3107 1830 3152 et
1857 3112 1947 3152 σοι

369 3186 578 3242 hibetur
598 3202 766 3256 preme
788 3197 951 3256 metu,
982 3205 1085 3243 non
1117 3204 1296 3243 amore
1314 3188 1520 3243 virtutis
1550 3188 1808 3242 obruitur.
1838 3188 1950 3243 Me-

366 3278 469 3332 rito
496 3279 586 3331 tibi
632 3288 737 3332 tam
782 3279 930 3333 multi
973 3279 1279 3348 hospitales,
1322 3279 1475 3333 multi
1517 3278 1762 3345 ofﬁciosi,
1802 3280 1949 3334 multi

366 3368 757 3435 misericordes,
804 3371 950 3424 multi
998 3370 1158 3435 docti,
1203 3371 1351 3425 multi
1395 3372 1545 3435 casti,
1578 3372 1724 3425 multi
1756 3372 1946 3438 sancti,

367 3460 518 3515 multi
562 3476 727 3531 usque
770 3461 904 3516 adeo
948 3462 1040 3517 Dei
1079 3477 1260 3517 amore
1301 3461 1613 3533 ﬂagrantes,
1664 3472 1720 3517 ut
1766 3478 1857 3518 eos
1896 3464 1947 3518 in

366 3567 573 3609 summa
607 3555 928 3609 continentia
953 3563 1110 3624 atque
1131 3554 1311 3609 mundi
1340 3554 1492 3626 hujus
1513 3555 1804 3610 incredibili
1823 3570 1950 3611 con-

368 3654 569 3716 temptu
599 3646 755 3701 etiam
784 3646 1012 3700 solitudo
1038 3646 1282 3701 delectet.

365 3734 589 3792 CAPUT
627 3734 819 3790 XXXI.
842 3764 913 3775 —
942 3735 1337 3791 Manichaeorum
1379 3737 1693 3793 continentia:
1743 3739 1951 3810 opponit

649 3826 1063 3905 anachoretarum
1080 3836 1124 3879 et
1151 3826 1505 3881 cmnobitarum
1530 3829 1700 3882 vitam.

436 3920 523 3973 65.
557 3919 689 3985 Quid
721 3927 820 3983 est,
848 3933 1047 3987 quzeso,
1073 3919 1212 3988 quod
1232 3919 1410 3974 vident
1449 3921 1536 3990 qni
1580 3936 1683 3974 non
1732 3931 1950 3990 possunt

365 4008 631 4063 hominem
676 4024 781 4062 non
820 4008 1061 4077 diligere,
1106 4017 1159 4062 et
1204 4018 1380 4063 tamen
1424 4021 1641 4079 possunt
1681 4012 1946 4067 hominem

365 4115 468 4155 non
499 4100 717 4155 videre?
745 4098 987 4154 Profecto
1026 4100 1173 4164 illud,
1201 4100 1452 4170 quidquid
1480 4111 1579 4166 est,
1613 4104 1949 4171 priestantius

364 4200 445 4248 est
465 4193 622 4248 rebus
648 4192 909 4257 humanis,
940 4191 1091 4261 cujus
1115 4191 1558 4260 contemplatione
1581 4201 1752 4262 potest
1790 4193 1948 4250 homo

364 4284 479 4339 sine
522 4284 734 4339 homine
780 4285 974 4338 vivere.
1020 4282 1138 4337 Jam
1186 4283 1325 4337 enim
1366 4282 1607 4352 accipite,
1648 4284 1941 4352 Manichtei,

365 4374 717 4445 perfectorum
742 4372 1180 4439 Christianorum,
1220 4372 1409 4442 quibus
1459 4388 1661 4427 summa
1710 4377 1943 4443 castitas,

362 4481 466 4521 non
489 4465 743 4521 laudanda
777 4473 999 4529 tantum,
1032 4464 1123 4519 sed
1153 4464 1310 4519 etiam
1355 4464 1675 4533 capessenda
1707 4467 1815 4519 visa
1842 4476 1943 4535 est,

364 4572 537 4612 mores
566 4566 621 4612 et
646 4555 1023 4612 continentiam
1052 4554 1406 4625 singularem;
1437 4569 1502 4609 ne
1530 4569 1625 4609 vos
1666 4556 1942 4624 impuden-

365 4654 446 4700 ter
462 4646 658 4716 jactare
682 4646 817 4715 apud
838 4646 1043 4700 animos
1060 4645 1443 4715 imperitorum,
1466 4646 1613 4715 quasi
1632 4645 1943 4701 difﬁcillima

365 4752 538 4792 rerum
565 4737 900 4803 absﬁnentia,
923 4736 968 4790 si
988 4736 1110 4806 quid
1140 4738 1191 4790 in
1221 4736 1372 4791 vobis
1397 4737 1613 4806 pudoris
1630 4747 1729 4804 est,
1750 4739 1945 4793 audea-

365 4829 450 4883 tis.
485 4828 591 4883 Nec
609 4843 669 4883 ea
699 4828 870 4882 dicam
895 4844 1012 4896 quae
1050 4843 1143 4881 vos
1174 4828 1449 4897 ignoratis,
1495 4830 1587 4884 sed
1634 4847 1749 4899 quae
1789 4831 1941 4887 nobis

363 4922 653 4976 occultatis.
681 4921 807 4988 Quis
833 4920 972 4975 enim
1011 4920 1181 4974 nescit
1224 4935 1445 4974 summae
1476 4923 1813 4979 continentiae
1839 4925 1939 4981 ho-

362 5013 562 5067 minum
583 5012 987 5067 cliristianorum
1010 5010 1399 5066 multitudinem
1438 5026 1532 5082 per
1560 5021 1726 5068 totum
1755 5017 1937 5072 orbem

362 5105 414 5158 in
446 5104 560 5159 dies
587 5104 752 5173 magis
772 5103 1040 5172 magisque
1064 5102 1301 5168 diﬁ‘undi,
1324 5103 1450 5161 etin
1478 5104 1690 5158 Oriente
1713 5106 1939 5163 maxime

360 5205 518 5267 atque
540 5194 790 5267 Egypto,
821 5194 960 5265 quod
984 5209 1077 5249 vos
1107 5195 1250 5249 nullo
1275 5195 1431 5247 modo
1462 5204 1635 5263 potest
1661 5197 1867 5252 latere?

331 5306 338 5329 ι
433 5287 521 5341 66.
548 5286 686 5341 Nihil
715 5285 782 5339 de
810 5285 873 5339 iis
899 5284 1068 5340 dicam
1098 5299 1229 5355 quos
1257 5284 1413 5355 paulo
1449 5294 1571 5339 ante
1610 5301 1934 5344 commento-

363 5378 493 5442 ravi,
522 5378 613 5448 qui
643 5376 985 5433 secretissimi
1014 5377 1222 5445 penitus
1258 5377 1324 5429 al)
1349 5377 1491 5431 omni
1518 5376 1786 5434 hominum
1813 5396 1938 5435 con-

362 5477 564 5537 spectu,
608 5483 743 5538 pane
769 5467 903 5533 solo,
931 5466 1020 5536 qui
1046 5466 1123 5521 eis
1148 5481 1241 5535 per
1267 5475 1407 5520 certa
1436 5469 1708 5523 intervalla
1736 5479 1937 5540 tempo-

425 5579 440 5611 ⁸
463 5580 658 5629 Codices
675 5579 855 5641 aliquot
871 5576 1069 5641 habent,
1090 5575 1289 5641 coertio,
1305 5576 1428 5637 sive,
1454 5576 1687 5629 coercitio.

422 5642 442 5671 ί
464 5647 570 5690 Mss.
595 5636 815 5704 quatuor,
834 5639 965 5709 quod
986 5636 1177 5702 grauius
1196 5637 1354 5701 feriat.
1368 5636 1604 5690 Scrbonici
1623 5649 1738 5703 tres,
1759 5642 1936 5706 aliique

360 5701 482 5764 duo,
496 5701 639 5764 quam
657 5716 799 5764 graue
822 5701 977 5764 feriat.

421 5760 611 5825 (a)'vid.
636 5760 835 5815 detracti
858 5761 941 5811 lib.
966 5762 1010 5822 l,
1031 5772 1118 5824 cap
1160 5760 1210 5824 7,
1230 5774 1278 5810 n.
1301 5760 1343 5811 ὃ

2067 630 2163 685 bus
2194 632 2536 701 inhmserunt,
2564 645 2619 690 et
2643 636 2758 707 ejus
2787 638 3188 707 pulchritudinis
3207 645 3648 714 contemplatione

2065 721 2373 789 beatissimi,
2412 740 2530 794 qua:
2564 727 2660 781 nisi
2688 738 2990 785 sanctorum
3018 732 3281 788 intellectu
3312 736 3508 804 percipi
3537 753 3643 794 non

2065 818 2255 879 potest.
2300 813 2461 882 Nihil,
2490 816 2721 886 inquam,
2753 818 2820 874 de
2844 819 2925 874 his
2953 821 3139 892 loquar
3167 841 3179 877 :
3211 823 3454 879 videntur
3497 827 3639 882 enim

2064 903 2329 958 nonnullis
2358 920 2445 959 res
2474 905 2728 961 humanas
2756 910 2871 978 plus
2898 926 3054 981 quam
3082 922 3352 982 oporteret
3379 914 3643 971 deseruis-

2061 1008 2139 1060 se,
2172 1009 2277 1048 non
2307 995 2722 1066 intelligentibus
2746 1010 2999 1069 quantum
3030 1003 3181 1057 nobis
3219 1019 3401 1058 eorum
3439 1006 3644 1061 animus

2059 1081 2113 1135 in
2154 1082 2480 1139 orationibus
2508 1088 2695 1155 prosit,
2725 1097 2779 1142 et
2814 1089 2920 1144 vita
2954 1090 3021 1145 ad
3060 1092 3379 1161 exemplum,
3420 1109 3642 1163 quorum

2059 1187 2279 1242 corpora
2305 1174 2485 1231 videre
2514 1193 2616 1231 non
2645 1178 2887 1235 sinimur.
2936 1180 3038 1236 Sed
3065 1182 3188 1236 hinc
3221 1184 3488 1254 disputare
3524 1184 3639 1240 lon-

2058 1277 2181 1331 gum
2211 1271 2264 1318 et
2288 1279 2733 1334 supervacaneum
2764 1278 2892 1339 puto
2920 1290 2932 1323 :
2962 1287 3081 1325 nam
3109 1272 3209 1326 hoc
3241 1283 3344 1327 tam
3368 1275 3636 1330 excellens

2060 1351 2323 1423 fastigium
2350 1357 2662 1425 sanctitatis,
2685 1360 2767 1413 cui
2790 1374 2891 1414 non
2921 1376 3015 1414 sua
3044 1369 3232 1430 sponte
3259 1361 3553 1417 mirandum
3583 1372 3641 1419 et

2057 1443 2423 1500 honorandum
2471 1449 2693 1515 videtur,
2725 1452 2962 1506 oratione
2992 1461 3169 1507 nostra
3210 1453 3375 1507 videri
3416 1455 3504 1524 qui
3541 1470 3634 1524 po-

2057 1535 2193 1589 test?
2221 1536 2445 1591 Tantum
2482 1538 2565 1593 isti
2586 1539 2902 1597 admonendi
2932 1552 3075 1609 sunt,
3121 1547 3209 1613 qtti
3250 1560 3374 1600 sese
3418 1548 3640 1602 inaniter

2051 1629 2273 1698 jactant,
2307 1631 2356 1683 in
2384 1640 2586 1685 tantum
2611 1635 2932 1701 processisse
2963 1638 3357 1705 temperantiam
3391 1646 3444 1692 et
3471 1637 3640 1693 conti-

2056 1724 2287 1777 nentiam
2308 1724 2757 1779 Sanctissimorum
2778 1727 3052 1783 catholica‘
3072 1729 3189 1783 ﬁdei
3207 1730 3634 1795 christianorum,

2056 1820 2114 1866 tit
2139 1814 2504 1883 restringenda
2538 1815 2825 1878 nonnullis,
2859 1827 2912 1871 et
2932 1821 3077 1886 quasi
3106 1819 3169 1873 ad
3204 1821 3458 1875 humanos
3506 1820 3638 1876 lines

2054 1904 2349 1957 revocanda
2396 1904 2637 1958 videatur
2668 1923 2681 1959 :
2714 1920 2879 1975 usque
2906 1908 3038 1961 adeo
3065 1924 3222 1979 supra
3254 1911 3492 1965 homines
3518 1911 3635 1965 illo—

2056 2008 2170 2045 rum
2197 1994 2401 2049 animos
2425 1996 2677 2059 evasisse,
2709 1998 2775 2051 ab
2806 1998 2869 2051 iis
2895 1998 3051 2053 etiam
3082 2001 3272 2069 quibus
3298 2001 3348 2055 id
3369 2002 3632 2070 displicet,

2049 2085 2335 2154 judicatur.
3538 2072 3547 2077 -

2126 2177 2212 2230 67.
2246 2178 2346 2232 Sed
2388 2179 2432 2232 si
2476 2178 2575 2233 hoc
2616 2180 2825 2236 excedit
2864 2189 3097 2236 nostram
3132 2182 3479 2248 tolerantiam,
3520 2184 3637 2253 quis

2054 2282 2159 2320 non
2194 2269 2310 2321 illos
2354 2270 2573 2323 miretur
2609 2279 2660 2324 et
2690 2271 2957 2339 praedicet,
3007 2274 3091 2340 qui
3137 2275 3451 2341 contemptis
3479 2283 3636 2344 atque

2055 2356 2278 2411 desertis
2306 2359 2484 2412 mundi
2518 2359 2675 2429 hujus
2704 2362 2986 2428 illecebris,
3022 2363 3071 2415 in
3101 2378 3432 2417 communem
3474 2365 3635 2418 vitam

2055 2446 2403 2501 castissiiuam
2433 2450 2920 2520 sanctissimamque
2948 2453 3268 2522 congregati,
3301 2454 3457 2508 simul
3499 2463 3630 2508 aeta-

2056 2546 2160 2593 tem
2187 2548 2368 2607 agunt,
2413 2540 2653 2595 viventes
2678 2541 2728 2595 in
2761 2544 3106 2607 orationibus,
3138 2545 3189 2598 in
3220 2546 3550 2612 lcetionibus,
3583 2546 3636 2601 itt

2055 2628 2527 2697 disputationibus;
2559 2633 2699 2686 nulla
2730 2634 2970 2702 superbia
3001 2635 3203 2700 tumidi,
3235 2636 3373 2688 nulla
3402 2637 3639 2706 pervica-

2054 2721 2133 2774 cia
2167 2721 2471 2786 turbulenti,
2514 2723 2657 2775 nulla
2699 2724 2984 2779 invidentia
3038 2726 3222 2779 lividi:
3255 2712 3346 2780 sed
3390 2729 3635 2795 modesti,

2054 2811 2359 2877 verecundi,
2387 2813 2583 2880 pacati,
2614 2814 3081 2869 concordissimam
3112 2818 3274 2871 vitam
3302 2825 3355 2871 ct
3395 2819 3637 2874 intentis-

2054 2901 2241 2955 simam
2273 2902 2321 2954 in
2355 2904 2543 2969 Deum,
2568 2903 2923 2973 gratissimum
2953 2920 3141 2957 munus
3188 2906 3283 2974 ipsi
3329 2906 3575 2973 offerunt,
3598 2924 3637 2960 -a

2054 3006 2159 3059 quo
2185 2992 2283 3044 ista
2311 3007 2463 3060 posse
2492 2982 2834 3047 meruerunt?
2876 2993 3041 3049 Nemo
3087 2995 3371 3065 quidquam
3402 2996 3634 3064 possidet

2058 3082 2348 3150 proprium,
2394 3098 2552 3138 nemo
2597 3083 2840 3153 cuiquam
2888 3100 3143 3140 onerosus
3183 3096 3282 3140 est.
3343 3086 3640 3155 Operantur

2056 3171 2301 3226 manibus
2340 3188 2403 3227 ea
2443 3176 2632 3242 quibus
2674 3183 2729 3228 et
2773 3190 2966 3245 corpus
2999 3177 3136 3244 pasci
3181 3178 3365 3247 possit,
3397 3187 3499 3233 eta
3533 3179 3640 3231 Deo

2055 3279 2207 3320 mens
2249 3264 2490 3334 impediri
2542 3282 2645 3320 non
2690 3268 2873 3336 possit.
2929 3266 3074 3336 Opus
3122 3278 3296 3323 autem
3347 3284 3498 3323 suum
3531 3278 3636 3324 tra-

2055 3356 2187 3409 dunt
2212 3357 2227 3387 ¹
2259 3356 2337 3410 eis
2363 3371 2495 3425 quos
2531 3356 2760 3411 decanos
2802 3365 3010 3421 vocant,
3057 3372 3122 3410 eo
3162 3357 3301 3426 quod
3343 3359 3449 3413 sint
3487 3358 3639 3412 denis

2054 3448 2344 3518 praepositi,
2374 3456 2431 3501 ut
2452 3448 2716 3503 neminem
2743 3448 2950 3502 illorum
2980 3463 3105 3502 cura
3139 3452 3219 3503 sui
3260 3451 3498 3518 corporis
3524 3460 3638 3503 tan-

2054 3546 2160 3607 gat,
2184 3553 2355 3607 neque
2379 3538 2431 3592 in
2458 3539 2596 3603 cibo,
2620 3554 2788 3609 neque
2807 3545 2856 3592 tn
2875 3540 3210 3606 vestimento,
3241 3555 3414 3611 neque
3442 3540 3485 3595 si
3511 3541 3636 3611 qttid

2054 3627 2197 3681 aliud
2223 3643 2356 3698 opus
2384 3636 2487 3694 est,
2510 3629 2595 3682 vel
2610 3627 2928 3699 quotidianze
2948 3628 3272 3696 necessitati,
3296 3632 3378 3686 vel
3400 3638 3633 3695 mutatm,

2054 3718 2344 3784 utassolet,
2376 3718 2679 3773 valetudini.
2717 3718 2795 3774 Illi
2839 3728 3013 3773 autem
3056 3719 3239 3774 decani
3276 3734 3397 3774 cum
3448 3736 3635 3792 magna

2054 3808 2407 3863 sollicitudine
2452 3808 2628 3863 omnia
2677 3808 3039 3879 disponentes,
3071 3818 3125 3864 et
3150 3819 3343 3880 praesto
3384 3810 3636 3866 facientes

2054 3900 2306 3970 quidquid
2336 3901 2425 3954 illa
2456 3901 2560 3954 vita
2593 3909 2808 3969 propter
2827 3901 3235 3955 imbecillitatem
3264 3902 3503 3971 corporis
3545 3917 3637 3969 po-

2054 3990 2228 4054 stulat,
2259 3991 2519 4044 rationem
2539 3992 2561 4022 ²
2592 4000 2764 4045 tamen
2783 3991 2943 4046 etiam
2969 3992 3066 4060 ipsi
3090 3990 3319 4047 reddunt
3335 3992 3444 4057 uni,
3476 4006 3632 4062 quem

2054 4088 2256 4150 patrem
2283 4080 2563 4151 appellant.
2612 4080 2674 4135 Hi
2698 4095 2826 4136 vero
2852 4091 3029 4152 patres
3067 4098 3169 4136 non
3209 4081 3380 4138 solum
3408 4083 3633 4137 sanctis-

2053 4173 2170 4226 simi
2203 4173 2456 4239 moribus,
2480 4173 2571 4227 sed
2594 4174 2751 4229 etiam
2781 4174 2957 4228 divina
2985 4173 3221 4229 doctrina
3250 4173 3634 4229 excellentissi-

2054 4263 2146 4327 mi,
2172 4263 2416 4317 omnibus
2464 4264 2625 4319 rebus
2658 4265 2875 4331 excelsi,
2906 4265 3049 4320 nulla
3076 4264 3321 4334 superbia
3350 4264 3633 4319 consulunt

2052 4352 2117 4407 iis
2136 4368 2270 4422 quos
2294 4354 2427 4407 ﬁlios
2452 4364 2661 4418 vocant,
2688 4372 2873 4424 magna
2903 4371 2996 4409 sua
3020 4357 3070 4410 in
3088 4355 3323 4425 jubendo
3344 4357 3631 4411 auctorita-

2054 4452 2124 4510 te,
2146 4458 2335 4513 magna
2360 4443 2566 4499 illorum
2596 4445 2647 4497 in
2674 4445 3090 4513 obtemperando
3115 4447 3403 4500 voluntate.
3427 4446 3632 4502 Conve-

2051 4536 2201 4587 niunt
2246 4542 2421 4587 autem
2468 4533 2573 4589 diei
2615 4542 2854 4603 tempore
2887 4545 3129 4591 extremo
3162 4536 3229 4591 de
3256 4538 3366 4592 suis
3408 4540 3631 4607 quisque

2051 4624 2382 4690 habitaculis,
2424 4624 2548 4679 dum
2593 4624 2764 4679 adhuc
2797 4625 2965 4695 jejuni
3008 4634 3153 4692 sunt,
3200 4627 3267 4682 ad
3311 4628 3629 4683 audiendum

2048 4716 2194 4769 illum
2220 4724 2444 4785 patrem,
2466 4724 2520 4771 et
2555 4718 2877 4771 conveniunt
2903 4718 2969 4772 ad
2994 4719 3230 4788 singulos
3252 4729 3431 4789 patres
3459 4730 3626 4784 terna,

2046 4814 2105 4859 ut
2126 4807 2421 4869 minimum,
2444 4807 2713 4860 hominum
2740 4808 2905 4862 millia
2939 4826 2952 4860 ε
2984 4823 3106 4862 nam
3133 4809 3289 4862 etiam
3317 4809 3484 4863 multo
3526 4825 3628 4862 nu-

2046 4897 2364 4951 merosiores
2390 4897 2488 4951 sub
2511 4912 2614 4950 uno
2634 4906 2812 4967 agunt.
2843 4898 3076 4953 Audiunt
3123 4908 3299 4953 autem
3332 4898 3628 4954 incredibili

2043 4990 2242 5052 studio,
2288 5005 2495 5044 summo
2537 4991 2780 5055 silentio;
2826 4990 3131 5045 affectiones
3166 4991 3462 5045 animorum
3504 5006 3630 5045 suo-

2044 5099 2183 5150 rum,
2213 5091 2372 5153 prout
2398 5098 2487 5138 eos
2513 5083 2772 5153 pepulerit
2796 5082 3103 5138 disserentis
3130 5084 3317 5147 oratio,
3346 5083 3429 5137 vel
3465 5084 3629 5153 gemi-

2041 5184 2117 5241 tu,
2145 5177 2228 5230 vel
2261 5175 2408 5242 llctu,
2449 5176 2530 5229 vel
2561 5175 2802 5230 modesto
2827 5183 2882 5230 et
2905 5176 3061 5251 omni
3073 5176 3305 5231 clamore
3328 5191 3493 5231 vacuo
3510 5186 3630 5245 gau‘

2040 5267 2131 5321 dio
2160 5266 2517 5335 signiﬁcantes
2548 5265 2589 5319 ³.
2620 5264 2825 5334 Corpus
2864 5266 3054 5323 deinde
3088 5266 3342 5333 reﬁcitur,
3373 5274 3627 5337 quantum

2104 5402 2249 5463 nov.
2268 5406 2320 5449 et
2341 5406 2470 5448 ιιι-ηδ
2498 5407 2626 5463 Opus
2648 5403 2806 5450 autem
2826 5397 2969 5451 simul
3003 5401 3217 5453 tradunt.
3242 5403 3493 5455 1‘redecim
3515 5408 3625 5458 MSS.

2038 5462 2147 5511 Bad.
2170 5468 2224 5524 et
2244 5467 2314 5524 Er.
2337 5474 2348 5508 :
2377 5470 2503 5524 opus
2523 5462 2683 5524 autem
2703 5473 2858 5511 suum.

2102 5522 2359 5589 {Plerique
2381 5522 2491 5589 cdd.
2522 5523 2723 5589 habent,
2746 5522 3082 5589 traditionem;
3107 5538 3191 5587 pro
3212 5540 3309 5589 quo
3335 5529 3525 5578 Latinus
3546 5534 3628 5581 u-

2042 5585 2294 5648 tinius_et>
2313 5585 2540 5648 Antonius
2574 5593 2684 5633 Arn.
2712 5584 2975 5648 legendum
2998 5584 3257 5648 putarunt}
3281 5589 3527 5640 rationem.
3552 5595 3627 5643 sic

2040 5659 2184 5707 porro
2201 5644 2380 5706 legitur
2397 5646 2443 5692 in
2467 5651 2546 5693 Ms.
2575 5644 2797 5696 Vaticano
2820 5655 2870 5697 et
2886 5649 2932 5696 in
2957 5644 3169 5698 editione
3192 5644 3299 5699 Bad.

2106 5707 2125 5738 ³
2141 5707 2254 5754 mliti
2277 5720 2289 5753 :
2314 5706 2402 5756 Sed
2425 5707 2635 5757 modesto
2654 5714 2701 5758 et
2723 5706 2928 5758 clamore
2950 5722 3096 5758 vacuo
3114 5710 3609 5758 cotidianis-Tutiam
3624 5719 3635 5725 '

2153 5707 2254 5778 miti
2277 5720 2289 5753 :
2314 5706 2402 5777 sed
2425 5707 2635 5778 modesto
2654 5714 2701 5778 et
2723 5706 2928 5778 clamore
2950 5722 3096 5778 vacuo
3114 5710 3346 5775 gaudium
3358 5711 3609 5778 signiﬁcat

2106 5724 2125 5738 ο
2141 5724 2254 5754 wiu
2277 5724 2289 5753 :
2314 5724 2402 5756 sca
2425 5724 2635 5757 mouesw
2654 5724 2701 5758 et
2723 5724 2928 5759 aamore
2950 5724 3096 5759 vacuo
3114 5724 3631 5778 ραυαιιιηιδιαηψοωζ

2041 5772 2126 5818 tes.
2151 5768 2241 5817 Sed
2264 5768 2537 5818 concinnior
2560 5776 2665 5821 Mss.
2684 5770 2827 5822 lectio
2850 5771 2926 5821 hic
2949 5774 3187 5825 restituta.
