2069 3182
233 583 243 614 i

271 142 341 171 1339

269 200 348 227 saluti
362 202 390 227 et
412 198 559 227 salubritati
583 200 646 227 satis
658 205 710 233 est,
737 204 878 227 coercente
902 203 1061 234 unoquoque

270 246 518 280 concupiscentiam,
535 251 568 273 ne
581 252 609 273 se
619 245 762 280 profundat
774 245 818 272 vel
828 245 856 272 in
877 252 909 272 ea
929 245 985 279 ipsa
1001 251 1061 279 quae

270 293 368 325 ινα-ωειο
378 296 441 319 sunt
453 298 531 326 parca
543 295 570 319 et
583 291 719 319 vilissima.
733 290 769 317 ιω
785 297 837 317 non
850 291 935 318 solum
948 298 962 316 a
973 290 1060 317 ωηιξη

270 335 319 363 bus
328 341 354 363 ct
370 337 434 364 vino
448 336 581 371 abstinent
593 343 641 371 pro
650 336 810 363 sufﬁcientia
823 336 1013 363 (limandarum
1028 335 1060 362 Ιί-

268 382 397 416 ludi-num,
414 382 460 410 sed
478 382 511 409 ab
522 382 555 409 iis
568 382 647 409 etiam
668 389 727 417 qua:
741 387 812 409 tanto
824 382 979 409 concitatius
993 387 1059 408 von-

269 427 317 455 tris
329 433 355 456 et
365 429 478 464 gutturis
501 433 644 463 provocant
668 428 830 463 appetitum,
858 433 957 463 quanto
983 427 1059 462 quasi

268 474 406 501 mundiora
421 472 553 501 nonnuliis
569 474 690 501 videntur
707 482 716 500 τ
732 480 784 509 quo
797 474 904 500 nomine
920 473 988 500 solet
1002 477 1059 499 tur-

268 528 300 555 pe
312 520 469 548 desiderium
476 520 668 555 exquisitorum
679 519 808 553 ciborum,
824 518 894 554 quod
908 526 923 546 a
934 519 1058 547 carnibus

267 565 380 593 alienum
391 570 441 599 est,
454 566 565 593 ridicule
585 566 746 600 turpiterque
765 564 878 592 defendi.
897 564 969 593 Sane
983 564 1058 599 quid-

266 611 328 646 quid
342 613 491 640 necessario
506 612 586 639 victui
599 611 728 639 redundat
742 611 814 647 (nam
828 610 956 638 redundat
977 610 1058 644 pluri-

266 664 338 683 mum
349 665 382 683 ex
398 657 522 691 operibus
536 663 672 688 manuum,
682 656 851 691 ctepularum
866 654 1054 690 restrictione),

266 705 336 728 tanta
347 709 409 729 cura
423 702 559 737 egentibus
572 702 744 734 distribuitur,
755 706 855 736 .qnanta
871 708 923 728 non
938 701 972 728 ab
993 701 1056 736 ipsis

264 748 307 782 qui
320 748 477 776 distribuunt
489 753 670 783 comparatum
684 752 733 775 est.
753 748 829 775 Nullo
848 747 926 774 modo
942 754 1056 782 namque

265 789 397 828 satagunt,
411 798 440 820 ut
453 793 511 820 hmc
523 793 570 820 sibi
583 793 726 826 abundent,
746 793 790 820 sed
803 793 872 820 omni
887 793 964 820 modo
974 798 1056 827 agunt

265 842 352 866 utnon
362 838 430 874 apud
442 846 470 866 se
479 844 613 866 remaneat
622 838 691 874 quod
699 838 882 870 abundaverit,
891 846 974 873 usque
988 838 1055 865 adeo

264 889 292 911 ut
304 889 425 912 oneratas
439 884 517 912 etiam
542 892 621 912 naves
643 885 668 911 in
691 892 722 912 ea
737 884 794 911 loca
813 883 928 916 mittant,
946 884 1055 918 quaein-

264 936 329 963 opes
345 929 470 957 incolunt.
496 928 554 957 Non
584 937 650 965 opus
674 934 715 957 est
733 930 805 965 plura
819 929 852 957 de
875 937 904 957 re
916 930 1053 957 notissima

263 975 361 1003 dicere.

299 1022 342 1049 68.
363 1021 425 1049 llznc
445 1026 487 1050 est
508 1022 587 1049 etiam
608 1021 659 1049 vita
682 1020 844 1048 feminarum
863 1021 918 1048 Deo
939 1020 1053 1048 sollicite

263 1072 387 1103 casteque
405 1067 576 1095 servientium
586 1088 593 1101 ,
615 1075 674 1102 quze
689 1067 845 1094 habitaculis
865 1071 1008 1102 segregata:
1021 1074 1052 1094 ac

263 1117 373 1140 remota:
387 1120 402 1139 a
416 1113 477 1140 viris
491 1120 568 1147 quam
582 1112 735 1147 longissime
749 1112 833 1144 decet,
850 1112 890 1147 pia
904 1116 1005 1139 tantum
1022 1112 1052 1139 il-

265 1157 298 1185 lis
311 1157 440 1186 charilate
450 1158 595 1193 junguntur
608 1162 634 1185 et
647 1158 792 1185 imitatione
806 1157 909 1184 virtutis
923 1166 929 1183 :
943 1157 974 1184 ad
986 1164 1051 1192 quas

261 1203 387 1240 jnvenum
401 1204 489 1231 nullus
502 1210 623 1231 acceSSus
637 1208 686 1236 est,
703 1210 787 1237 nequc
802 1203 918 1237 ipsorum
932 1203 1051 1237 quamvis

262 1250 475 1285 gravissimorum
491 1254 517 1277 et
531 1249 774 1284 probatissimorum
788 1256 891 1281 senum,
906 1248 955 1274 nisi
969 1256 1050 1282 usque

262 1296 295 1323 ad
314 1295 472 1323 vestibulum
494 1294 643 1323 necessaria
665 1293 799 1329 prtebendi
818 1293 913 1328 quibus
934 1292 1051 1328 indigent

261 1341 356 1376 gratia.
372 1340 499 1370 Laniﬁcio
512 1348 626 1376 namque
642 1347 737 1374 corpus
758 1344 883 1367 exercent
896 1343 975 1374 atque
990 1347 1049 1366 sus-

261 1392 374 1421 tentant,
391 1392 532 1422 vestesque
560 1387 631 1422 ipsas
646 1386 770 1413 fratribus
783 1386 898 1418 tradunt,
914 1385 947 1413 ab
962 1386 993 1413 iis
1009 1386 1049 1413 in-

263 1434 345 1461 vicem
360 1433 430 1469 quod
445 1432 524 1460 victui
537 1439 603 1467 opus
622 1435 662 1459 est
680 1435 855 1459 resumeutes.
872 1430 926 1458 llos
944 1438 1048 1464 mores,

262 1480 330 1508 hanc
344 1480 436 1513 vitam,
451 1479 521 1507 hunc
535 1478 665 1511 ordinem,
678 1478 728 1506 hoc
745 1478 892 1505 institutum
907 1478 929 1504 si
943 1476 1050 1505 laudare

261 1525 352 1559 velim,
366 1533 450 1561 neque
460 1524 538 1560 digne
548 1524 633 1558 valeo,
645 1528 671 1551 et
682 1530 776 1551 vereor
786 1530 819 1550 ne
830 1523 949 1558 judicare
960 1523 1050 1550 videar

260 1579 308 1606 per
333 1570 450 1606 seipsum
476 1569 659 1597 tantummodo
688 1570 834 1604 expositum
865 1569 970 1603 placere
996 1577 1047 1596 non

260 1625 354 1653 posse,
375 1616 398 1645 si
420 1623 499 1652 super
514 1616 657 1644 narratoris
675 1615 870 1650 simplicitatem
889 1615 1048 1642 cothurnum
1075 1648 1078 1649 ν

260 1664 339 1691 etiam
350 1662 493 1691 Iaudatoris
503 1662 652 1690 addendum
664 1666 800 1697 putavero.
810 1661 884 1694 Haec,
899 1660 1046 1692 Manichmi,

260 1709 462 1746 reprehendite,
478 1709 499 1736 si
513 1708 632 1744 potestis.
648 1706 736 1752 Nolite
757 1707 835 1734 crocis
857 1706 1008 1734 hominibus
1022 1708 1049 1734 et

260 1757 411 1785 discernere
426 1753 546 1783 invalidis
561 1758 694 1782 ostentare
708 1758 798 1781 nostra
813 1753 921 1780 zizania.

388 1799 500 1830 CAPUT
519 1799 627 1828 XXXII.
640 1815 677 1820 —
689 1799 841 1827 Clericorum
854 1799 918 1826 Inus.

295 1848 338 1877 69.
358 1847 448 1883 Neque
464 1852 549 1874 tamen
564 1846 598 1874 ita
614 1853 674 1874 sese
689 1850 798 1880 anguste
813 1844 911 1872 habent
922 1843 1048 1872 Ecclesite

258 1895 395 1924 catholica:
408 1900 498 1923 mores
510 1891 612 1928 optimi,
627 1897 656 1919 ut
669 1899 760 1919 eorum
777 1896 878 1919 tantum
893 1891 944 1918 vita
955 1911 962 1924 ,
980 1896 1047 1925 quos

258 1939 481 1972 commemoravi,
496 1938 610 1966 arbitrer
624 1945 683 1965 esse
698 1936 853 1965 laudandos.
872 1937 956 1970 Quam
976 1936 1046 1964 enim

258 1987 357 2016 multos
368 1986 507 2021 episcopos
518 1984 631 2018 optimos
646 1984 717 2011 viros
727 2004 734 2016 ,
752 1983 984 2017 sanctissimosque
998 1990 1045 2009 co-

259 2032 348 2068 gnovi,
359 2039 438 2067 quam
453 2030 551 2057 multos
562 2029 743 2066 presbyteros,
754 2036 832 2063 quam
846 2028 942 2055 multos
956 2027 1047 2055 diaco-

258 2086 317 2111 nos,
326 2083 353 2106 et
366 2076 543 2112 cujuscemodi
556 2075 692 2104 ministros
700 2074 847 2107 divinorum
857 2074 1044 2102 Sacramento-

259 2132 330 2157 rum,
339 2131 453 2159 quorum
463 2123 545 2150 virtus
552 2129 588 2150 eo
600 2121 664 2150 mihi
676 2119 821 2149 mirabilior
831 2125 858 2148 et
868 2121 968 2157 majore
978 2130 1046 2156 prte-

259 2169 390 2197 dicatione
403 2168 507 2204 dignior
519 2167 633 2202 videtur,
648 2175 701 2203 quo
720 2166 853 2195 difﬁcilius
872 2171 915 2194 est
937 2175 997 2195 eam
1019 2168 1045 2195 in

258 2215 397 2250 multiplici
411 2214 547 2244 hominum
562 2221 673 2250 genere,
690 2217 718 2241 et
732 2213 758 2240 in
774 2213 823 2240 ista
837 2213 888 2240 vita
905 2213 1043 2240 turbulen-

258 2262 326 2290 tiore
338 2261 461 2290 servare!
472 2259 529 2288 Non
544 2261 614 2288 enim
624 2259 724 2287 sanatis
733 2259 816 2294 magis
830 2266 907 2293 quam
919 2258 1043 2286 sanandis

257 2307 410 2335 hominibus
420 2310 546 2342 praesunt.
561 2305 735 2340 Perpetienda
749 2308 811 2332 sunt
823 2304 885 2331 vitia
898 2303 1044 2331 multitudi-

259 2353 301 2380 nis
315 2355 490 2385 utcut'entnr,
503 2356 530 2379 et
542 2351 616 2386 prius
631 2349 766 2378 toleranda
782 2357 860 2385 quam
876 2349 990 2376 sedanda
1005 2354 1046 2377 est

258 2398 418 2434 pestilentia.
431 2397 618 2426 Difficillimum
630 2401 672 2423 est
685 2396 727 2424 hic
739 2400 830 2424 tenere
842 2396 969 2431 optimum
985 2396 1045 2424 vita:

258 2444 385 2479 modum,
410 2448 437 2473 et
462 2443 578 2472 animum
602 2447 724 2478 pacatum
753 2446 832 2477 atque
864 2442 1043 2476 tranquillum.

257 2490 369 2525 Quippe,
383 2494 411 2517 ut
423 2489 539 2517 breviter
551 2488 693 2525 explicem,
709 2488 735 2515 hi
749 2492 829 2524 agunt
842 2488 887 2517 ubi
899 2488 988 2516 vivere
1001 2488 1043 2516 di-

255 2537 349 2568 scitur,
364 2536 399 2563 illi
415 2535 459 2563 uhi
472 2535 577 2562 vivitur.

256 2582 370 2611 CAPUT
384 2580 504 2611 XXXIII.
514 2596 551 2601 —
564 2579 642 2608 Aliud
655 2588 733 2615 genus
751 2579 778 2607 in
795 2580 892 2607 civitate
910 2580 987 2608 simul
1005 2582 1045 2608 vi-

461 2628 578 2655 ventium.
591 2625 696 2662 Jejuniu
709 2625 836 2652 triduana.

290 2675 335 2703 70.
355 2674 409 2703 Nec
423 2674 483 2702 idco
494 2678 583 2701 tamen
595 2672 727 2700 laudabile
739 2671 943 2700 christianorum
957 2680 1043 2709 genus

255 2721 474 2757 contempserim,
487 2727 580 2748 eorum
596 2718 698 2748 scilicet
717 2718 763 2753 qui
784 2718 811 2745 in
832 2718 980 2746 civitatibus
996 2719 1043 2747 de-

256 2773 330 2805 gunt,
339 2776 354 2796 a
365 2768 465 2804 vulgari
477 2767 529 2795 vita
543 2765 724 2795 remotissimi.
736 2765 795 2792 Vidi
805 2772 856 2799 ego
866 2765 1043 2793 diversorium

252 2820 408 2844 auctorum
420 2813 576 2846 Mediolani,
591 2820 644 2840 non
660 2819 805 2847 paucorum
820 2811 954 2839 hominum
964 2832 971 2845 ,
982 2812 1043 2847 qui-

257 2861 305 2891 bus
320 2869 389 2890 unus
407 2860 546 2899 presbyter
557 2863 671 2897 praeerat
692 2859 733 2886 vir
750 2858 866 2893 optimus
879 2862 906 2886 et
920 2858 1042 2886 doctissi-

637 142 681 170 DE
699 141 846 171 MORIBUS
866 136 1052 174 ECCIESIE,
1073 139 1277 169 CATIIOLICE
1297 142 1325 170 S.
1346 143 1528 173 AUGUSTINI

1114 205 1184 225 mus.
1195 197 1287 225 Romae
1307 199 1387 226 etiarn
1401 200 1475 235 plura
1490 203 1601 236 cognovi
1613 221 1620 235 ,
1640 203 1668 231 ll
1687 204 1786 239 quin:
1803 207 1900 243 singuli

1113 243 1242 277 gravitate
1252 248 1333 278 atque
1342 244 1480 279 prudentia
1489 246 1616 274 etdivim
1626 248 1735 276 scientia
1745 253 1901 286 {ampullas-

1113 291 1153 314 tes
1163 308 1170 319 ,
1185 289 1291 316 ceteris
1303 296 1395 316 secum
1415 290 1594 319 habitantibus
1604 299 1724 329 primum
1733 314 1740 327 ,
1753 295 1900 325 diristians

1112 332 1253 367 (maritate,
1271 335 1410 362 sanaitate
1431 340 1459 363 et
1481 336 1604 365 libertate
1624 338 1773 367 viva-silius
1785 349 1792 367 :
1804 349 1838 369 ne
1849 343 1899 377 ipsi

1111 379 1220 414 quidem
1234 380 1356 415 cuiquam
1372 382 1478 410 onmsi
1490 388 1563 416 sunt,
1578 384 1626 411 sed
1640 384 1756 414 Orienti
1765 394 1842 415 more
1851 406 1859 421 ,
1872 394 1899 416 et

1112 425 1186 452 Pauli
1199 427 1313 461 apostoli
1328 428 1486 456 aoaoritnte
1498 430 1619 457 manibus
1628 431 1684 458 suis
1696 439 1727 459 se
1739 433 1897 468 transigunt.

1110 470 1211 506 Jejunia
1223 472 1302 499 etiam
1317 480 1426 507 prorsus
1437 474 1602 503 incredibilia
1613 476 1711 503 multos
1720 485 1848 506 exercere
1859 479 1899 506 di-

1110 516 1161 544 dici
1173 537 1180 549 ,
1197 525 1249 545 non
1269 518 1386 552 quotidie
1401 519 1484 547 semel
1494 520 1548 548 sub
1558 526 1663 548 noctem
1676 522 1821 550 reﬁciendo
1836 531 1898 551 eor-

1110 569 1159 597 pus
1166 582 1173 595 ,
1183 563 1256 597 quod
1270 567 1312 590 est
1325 571 1514 599 usquequaque
1528 566 1727 594 usitatissimum
1737 588 1743 600 ,
1753 568 1802 595 sed
1810 570 1899 596 comi-

1109 614 1189 633 nuum
1210 608 1326 634 triduum
1347 609 1387 635 vel
1410 610 1523 644 amplius
1543 611 1690 645 smpissime
1708 613 1765 639 sine
1787 614 1846 641 cibo
1869 622 1899 642 ac

1109 657 1171 687 potu
1185 653 1293 680 ducere.
1306 654 1394 688 Neque
1410 655 1460 681 hoc
1473 656 1498 682 in
1511 656 1577 683 viris
1593 661 1703 689 tantum,
1717 658 1763 684 sed
1778 659 1857 685 etiam
1872 660 1898 686 in

1109 698 1229 731 lminis;
1245 700 1340 733 quibus
1355 701 1416 727 item
1427 702 1517 728 multis
1528 702 1612 729 viduis
1624 707 1653 729 et
1664 703 1810 737 virginibus
1819 705 1898 731 simul

1107 743 1302 776 habitantibus,
1319 751 1345 772 et
1360 746 1418 772 lana
1439 755 1469 773 ac
1491 748 1542 774 tela
1562 748 1658 774 victum
1680 750 1896 784 qumritantibus,

1107 795 1223 824 prtesunt
1251 790 1363 825 singula:
1388 792 1549 823 gravissinne
1575 794 1821 828 probatissinueque
1844 803 1897 822 non

1106 838 1207 863 tantum
1221 836 1247 862 in
1260 837 1427 864 instituendis
1436 840 1681 873 cunqmnendimiue
1690 840 1807 867 moribus
1821 842 1839 873 ‘,
1849 840 1896 868 sed

1105 881 1186 908 etiam
1202 882 1364 908 instruendis
1378 884 1512 910 mentibus
1527 884 1618 919 peritae
1630 893 1661 911 ac
1674 891 1782 919 paratae.

1142 927 1186 953 71.
1208 928 1295 962 Atque
1316 928 1384 954 inter
1403 929 1458 956 haec
1474 937 1552 957 nemo
1567 936 1674 964 urgetur
1688 931 1713 957 in
1728 939 1821 965 aspera
1835 940 1895 966 quin

1105 972 1173 999 ferre
1187 981 1239 999 non
1260 978 1360 1007 potest,
1380 975 1443 1000 milli
1463 975 1534 1009 quod
1555 982 1660 1002 recusat
1680 977 1832 1011 imponitur,
1847 985 1895 1004 nec

1104 1018 1164 1046 ideo
1175 1020 1367 1046 condemnatur
1380 1029 1394 1046 τι
1408 1022 1522 1054 caeteris,
1537 1023 1607 1056 quod
1622 1023 1647 1049 in
1662 1024 1701 1050 eis
1716 1032 1744 1050 se
1758 1024 1890 1051 imitandis

1104 1063 1201 1091 litetur
1226 1066 1369 1092 invalidum
1393 1075 1398 1093 :
1425 1067 1601 1094 inetninerunt
1628 1069 1699 1095 enim
1728 1074 1891 1104 quantopere

1103 1109 1246 1146 Scripturis
1263 1112 1385 1138 omnibus
1400 1114 1583 1140 commendata
1598 1114 1632 1140 sit
1647 1114 1779 1147 Charitas;
1793 1117 1888 1142 inertii-

1102 1161 1197 1182 norunt
1208 1177 1214 1189 ,
1234 1156 1323 1183 Omnia
1348 1158 1440 1184 munda
1454 1159 1553 1185 mundis
1566 1159 1575 1193 (
1590 1159 1638 1185 Tit.
1656 1167 1674 1191 ι,
1690 1160 1723 1186 15
1736 1160 1760 1193 );
1774 1165 1800 1187 et
1811 1181 1817 1191 ,
1833 1160 1892 1186 Non

1101 1201 1169 1238 quod
1193 1203 1268 1228 intrat
1292 1204 1318 1229 in
1343 1212 1371 1229 os
1393 1209 1500 1230 vestrum
1523 1213 1565 1231 vos
1587 1205 1746 1240 coinquinat,
1765 1207 1808 1232 sed
1827 1210 1893 1242 quod

1102 1249 1152 1275 exit
1167 1248 1273 1285 (Matth.
1289 1257 1336 1283 xv,
1352 1250 1407 1284 ll).
1424 1250 1512 1285 Itaque
1526 1258 1579 1277 non
1594 1252 1742 1285 rejieicndis
1754 1254 1893 1286 generibus

1101 1294 1221 1321 ciborum
1245 1295 1318 1329 quasi
1343 1297 1463 1330 pollutis,
1488 1297 1534 1323 sed
1559 1299 1780 1332 concupiscentiae
1799 1299 1892 1334 perdo-

1099 1340 1215 1373 mandu‘,
1227 1346 1253 1367 ct
1261 1342 1396 1369 dilectioni
1407 1342 1516 1369 fratrum
1528 1344 1671 1370 retinenda:
1683 1345 1798 1379 invigilat
1807 1346 1892 1372 omnis

1101 1385 1238 1413 industria.
1254 1387 1447 1415 Memincrunt:
1464 1388 1528 1415 Esca
1552 1390 1648 1422 ventri,
1669 1395 1693 1416 et
1712 1395 1795 1416 uniter
1814 1391 1892 1421 escis;

1101 1430 1170 1458 Deus
1185 1437 1267 1458 autem
1283 1438 1304 1458 et
1317 1433 1383 1459 ltum:
1397 1439 1419 1459 et
1432 1434 1493 1460 illas
1507 1435 1614 1460 destruet
1628 1434 1654 1470 (l
1675 1434 1733 1462 Cor.
1747 1443 1782 1468 Vt,
1797 1436 1894 1470 £5);et

1100 1476 1177 1509 alibi,
1198 1477 1284 1511 Neque
1299 1478 1319 1503 si
1334 1478 1583 1511 manducavi-rimus,
1600 1479 1802 1513 abundabimus,‘
1816 1489 1893 1515 neque

1100 1522 1122 1548 si
1135 1530 1185 1548 non
1200 1524 1443 1556 inaudnt‘aut'rimus,
1457 1525 1580 1558 egebimus
1594 1525 1649 1559 (Id.
1660 1533 1717 1558 vnl,
1731 1525 1757 1561 8)
1768 1534 1775 1559 ;
1786 1531 1814 1553 et
1829 1526 1891 1554 illud

1101 1575 1155 1602 pra
1165 1568 1278 1600 exteris,
1290 1568 1387 1595 Bonum
1398 1575 1443 1600 est,
1455 1571 1554 1603 (rencs,
1568 1579 1616 1597 non
1628 1571 1779 1598 mndata"
1791 1580 1889 1606 carnes,

1100 1620 1179 1648 natiue
1189 1614 1269 1640 bibere
1284 1615 1376 1647 uinum,
1391 1623 1468 1649 neque
1480 1616 1505 1642 in
1516 1624 1566 1650 quo
1579 1619 1657 1650 frater
1672 1622 1729 1643 tuus
1742 1616 1889 1650 offenditur.

1101 1658 1149 1687 llic
1163 1661 1233 1687 enim
1244 1661 1360 1688 ostendit
1379 1670 1456 1695 quam
1477 1663 1530 1689 sint
1542 1663 1574 1689 ad
1590 1662 1670 1691 ﬁnem
1688 1664 1823 1692 eharitotis
1835 1665 1891 1693 hac

1099 1705 1187 1732 omnia
1203 1706 1351 1740 dirigenda.
1366 1706 1439 1734 Atius
1453 1708 1519 1734 enim
1533 1708 1612 1735 credit
1626 1710 1778 1737 mundus-Iac
1788 1711 1890 1744 omm'a;

1099 1751 1142 1786 φᾶ
1165 1757 1247 1778 autem
1271 1752 1387 1785 inﬁrmus
1410 1758 1460 1786 est,
1481 1754 1546 1786 olus,
1564 1755 1663 1789 inquit,
1682 1756 1826 1783 mnduoel.
1841 1756 1890 1789 θή

1100 1796 1234 1823 manduca!
1246 1818 1253 1830 ,
1271 1806 1320 1823 non
1335 1799 1527 1826 manducantem
1540 1808 1592 1826 non
1606 1806 1707 1835 spernat
1722 1807 1766 1828 :et
1781 1803 1825 1837 qui
1837 1810 1890 1829 non

1097 1842 1244 1874 manducet,
1261 1843 1452 1870 manducantem
1464 1853 1514 1871 non
1525 1845 1621 1880 judice!
1629 1853 1639 1877 ,'
1653 1845 1723 1873 Deus
1735 1847 1800 1873 enim
1813 1847 1888 1875 illum

1098 1888 1212 1914 assumit.
1228 1887 1265 1914 Tu
1277 1889 1333 1922 quis
1347 1896 1372 1915 es
1383 1910 1389 1922 ,
1403 1890 1446 1924 qni
1456 1890 1555 1925 judices
1573 1891 1683 1918 alienum
1700 1893 1819 1919 samum?
1833 1893 1887 1921 Suo

1096 1932 1206 1960 Domino
1220 1938 1268 1960 stat
1283 1939 1326 1961 aut
1340 1936 1408 1962 cadit
1424 1945 1432 1964 :
1447 1937 1522 1963 stabit
1543 1942 1645 1971 autem;
1658 1942 1746 1974 potens
1769 1944 1803 1966 est
1821 1939 1887 1966 enim

1097 1977 1167 2005 Deus
1180 1984 1288 2006 statuere
1301 1989 1367 2007 cum.
1381 1982 1413 2008 Et
1427 1983 1506 2016 paulo
1517 1988 1576 2017 post
1589 1992 1595 2009 ε
1611 1983 1661 2016 Qui
1676 1985 1820 2018 "tandum,
1830 1984 1886 2013 Do-

1096 2025 1166 2052 mino
1180 2026 1324 2059 mandarat,
1341 2032 1363 2053 ct
1376 2029 1471 2063 gratias
1483 2029 1534 2063 agit
1549 2028 1602 2056 Deo
1616 2035 1658 2056 εει
1671 2030 1714 2065 qui
1724 2039 1774 2057 non
1785 2031 1887 2058 mandu-

1095 2075 1150 2104 cat,
1161 2070 1267 2098 Domino
1282 2081 1331 2099 non
1344 2075 1488 2106 manducat,
1501 2080 1522 2101 et
1537 2075 1633 2110 gratias
1641 2076 1694 2111 agit
1703 2075 1766 2103 Deo.
1780 2077 1811 2104 Et
1823 2077 1885 2104 item

1096 2115 1124 2144 in
1149 2119 1372 2151 consequentibus
1388 2128 1393 2145 :
1409 2118 1499 2153 Itaque
1521 2121 1691 2155 unusquisque
1709 2125 1819 2148 nostrum
1840 2130 1885 2157 pro

1095 2170 1124 2189 se
1136 2164 1258 2190 rationem
1271 2165 1366 2191 reddet.
1383 2165 1409 2192 Ν
1411 2174 1443 2193 ou
1464 2175 1522 2202 ergo
1544 2168 1653 2202 amplius
1662 2169 1805 2203 judicth
1817 2169 1883 2196 inti-

1095 2216 1167 2241 oem;
1181 2211 1225 2236 sed
1239 2210 1283 2236 hor
1294 2212 1408 2246 judicate
1421 2214 1501 2248 magis
1511 2233 1518 2247 ,
1535 2223 1566 2240 ne
1585 2215 1683 2250 ponatis
1702 2214 1884 2248 ofendiculum

1097 2255 1171 2291 fratri
1191 2255 1229 2282 vel
1250 2258 1405 2284 sctmdulum.
1422 2259 1480 2285 Scio
1493 2264 1516 2285 et
1531 2260 1632 2294 conﬁdo
1643 2260 1668 2287 in
1682 2259 1790 2288 Domino
1802 2260 1865 2288 Iesu
1875 2281 1883 2294 ,

1094 2302 1154 2337 quia
1166 2303 1230 2329 nihil
1243 2312 1372 2330 ronnnune
1384 2314 1427 2339 per
1441 2306 1534 2341 ipsum,
1546 2308 1595 2334 nisi
1607 2308 1629 2334 ei
1640 2308 1682 2341 qui
1693 2309 1885 2346 existimatan

1096 2354 1227 2374 commune
1240 2357 1302 2382 esse,
1313 2350 1352 2376 illi
1365 2359 1496 2378 commune
1507 2357 1553 2379 est.
1566 2353 1687 2381 Potuitne
1699 2355 1782 2390 magis
1792 2360 1884 2384 osten-

1093 2392 1176 2427 dere,
1200 2402 1250 2421 non
1276 2395 1300 2422 in
1327 2397 1389 2431 ipsis
1412 2398 1491 2424 rebus
1514 2399 1608 2433 quibus
1630 2400 1770 2435 vescimur,
1790 2402 1837 2430 sed
1856 2403 1883 2430 lu

1094 2439 1184 2467 animo
1197 2447 1256 2468 esse
1270 2442 1322 2468 vim
1338 2444 1488 2477 quamdam,
1502 2453 1560 2480 quin
1573 2445 1606 2472 ad
1621 2453 1682 2474 eum
1697 2448 1783 2476 valeat
1794 2454 1884 2477 maeu-

1095 2485 1219 2518 hndum;
1235 2492 1259 2514 et
1281 2494 1420 2523 propterea
1443 2489 1474 2517 iis
1494 2491 1573 2517 etiam
1594 2492 1638 2527 qui
1656 2492 1689 2520 ad
1714 2492 1770 2521 haec
1789 2499 1883 2522 conte-

1093 2531 1210 2558 mnenda
1221 2538 1281 2559 sunt
1296 2533 1393 2568 idonei,
1404 2539 1530 2570 certoque
1548 2537 1634 2564 sciunt
1649 2546 1701 2565 non
1716 2545 1745 2567 se
1757 2540 1882 2575 pollui,si

1095 2577 1158 2612 quid
1171 2578 1289 2606 ciborum
1305 2581 1362 2607 sine
1377 2582 1446 2616 turpi
1468 2583 1610 2618 cupiditate
1630 2585 1771 2613 altitudine
1786 2588 1884 2615 mentis

1095 2626 1296 2659 assumpserint,
1306 2626 1461 2655 cliaritatem
1473 2633 1560 2657 tamen
1572 2637 1630 2658 esse
1640 2631 1884 2662 intuendamfwde

1095 2670 1157 2705 quid
1170 2676 1295 2706 sequatur
1309 2681 1315 2699 :
1334 2672 1401 2700 Nam
1414 2674 1436 2701 si
1451 2680 1552 2711 propter
1564 2685 1646 2704 escam
1661 2679 1741 2713 Prata
1753 2683 1809 2706 (ltus
1821 2688 1884 2707 con-

1094 2716 1215 2745 tristatur,
1226 2717 1283 2751 jnnt
1294 2726 1342 2745 non
1356 2720 1492 2747 secundant
1504 2721 1654 2750 charitalem
1667 2724 1780 2752 ambulas
1794 2725 1884 2761 (Rom.

1096 2770 1152 2794 xrv,
1167 2762 1253 2799 2-2l).

1095 2831 1379 2895 mummglreigs‘que
1396 2833 1451 2861 haec
1466 2835 1574 2863 desunt:
1588 2837 1780 2867 mm
1794 2846 1888 2874 ωηιρο-
