4138 6364
420 365 550 422 1541

483 480 571 537 ‘72.
612 478 752 550 Lege
776 484 1004 543 caetera;
1034 488 1155 529 nam
1189 471 1403 545 longum
1426 480 1512 527 est
1538 472 1714 535 onmia
1752 473 1990 540 interpo-

416 588 574 637 nere;
603 582 656 627 et
682 569 918 626 invenies
932 576 1256 638 praeceptum
1288 568 1351 621 iis
1373 565 1462 635 qui
1491 572 1711 634 possunt
1736 564 1833 617 ista
1855 577 1990 615 con-

412 676 655 721 temnere
673 704 689 731 ,
718 661 770 716 id
798 668 881 716 est
906 658 1224 714 ﬁrmioribus
1250 667 1302 712 et
1329 656 1682 712 securioribus
1702 696 1718 722 ,
1752 654 1875 708 ideo
1914 662 1990 706 ta-

414 771 535 810 men
580 766 699 808 esse
742 748 1170 820 temperandum,
1212 762 1281 802 ne
1314 745 1651 802 oti‘endantur
1686 744 1765 799 illi
1799 742 1990 813 quibus

412 845 586 900 adhuc
603 858 700 913 pro
721 854 813 895 sua
836 839 1197 895 imbecillitate
1219 836 1582 906 huiuscemodi
1604 850 1736 904 opus
1756 844 1839 888 est
1862 841 1991 886 tem-

416 937 671 1008 perantia.
693 934 817 989 Hazc
838 933 913 988 illi
936 933 999 987 de
1021 932 1209 1002 quibus
1232 931 1451 1001 agebam
1479 936 1677 984 norunt
1696 938 1748 981 et
1768 935 1984 981 tenent:

411 1024 687 1081 christiani
714 1032 838 1078 sunt
865 1022 1007 1077 enim
1030 1061 1047 1089 ,
1081 1037 1183 1076 non
1208 1020 1445 1075 haeretici
1470 1037 1485 1085 ;
1518 1019 1816 1089 intelligunt
1840 1015 1987 1071 Scri-

415 1128 597 1190 pturas
623 1115 911 1171 secundum
932 1116 1273 1185 apostolicam
1292 1113 1647 1182 disciplina-ru,
1672 1126 1774 1165 non
1798 1125 1987 1163 secun-

410 1212 535 1270 dum
582 1212 867 1281 superbum
912 1220 965 1267 et
1005 1210 1425 1266 commentitium
1456 1222 1651 1264 nomen
1676 1204 1915 1274 Apostoli
1945 1204 1983 1258 ί.

412 1305 527 1358 Non
554 1303 959 1359 manducantem
983 1318 1140 1358 nemo
1162 1303 1382 1373 spernit,
1410 1300 1809 1354 manducantem
1829 1313 1985 1351 nemo

409 1396 607 1467 iudicat
631 1415 644 1451 :
666 1397 755 1467 qui
785 1396 1025 1450 infirmus
1045 1404 1147 1461 est,
1168 1396 1287 1449 olus
1310 1394 1608 1448 nianducat.
1638 1392 1778 1445 Multi
1808 1399 1983 1446 tamen

411 1487 545 1541 lirmi
575 1496 789 1556 propter
834 1487 1072 1540 inﬁrmos
1114 1486 1251 1541 idem
1299 1485 1495 1539 faciunt
1522 1503 1535 1537 :
1564 1486 1739 1539 audtis
1770 1499 1874 1537 non
1900 1490 1985 1538 est

404 1592 565 1633 causa
596 1579 693 1632 ista
725 1576 984 1646 faciendi,
1010 1578 1106 1634 sed
1126 1576 1266 1648 quod
1292 1578 1479 1631 viliore
1503 1578 1644 1630 victu
1668 1578 1843 1630 vivere
1872 1576 1982 1642 pla-

407 1676 513 1734 cet,
536 1670 857 1739 minimeque
884 1677 1195 1739 sumptuoso
1214 1669 1452 1738 corporis
1477 1666 1837 1721 sustentaculo
1857 1675 1984 1719 aeta-

402 1770 513 1817 ‘tcm
543 1764 1029 1833 tranquillissimam
1069 1763 1283 1817 ducere.
1319 1762 1504 1816 Omnia
1534 1761 1663 1814 enim
1693 1759 1817 1812 mihi
1844 1759 1981 1811 licita

406 1864 555 1922 sunt,
587 1856 784 1925 inquit,
818 1855 904 1909 sed
944 1872 1034 1927 ego
1060 1872 1160 1909 non
1189 1856 1382 1925 redigat
1426 1853 1518 1907 sub
1545 1861 1786 1924 potestate
1827 1852 1981 1906 ullius

404 1944 450 2012 (Ι
476 1942 595 1999 Cor.
626 1960 704 2010 vt,
735 1944 847 2016 12).
877 1946 951 2000 lta
982 1946 1135 2000 multi
1180 1959 1353 2013 neque
1379 1953 1666 1999 vescuntur
1691 1943 1941 1998 carnibus
1962 1984 1976 2011 ,

406 2051 577 2105 neque
606 2049 781 2093 tamen
808 2052 899 2094 eas
926 2036 1225 2093 immundas
1248 2037 1616 2108 superstitiose
1645 2044 1845 2105 putant.
1874 2035 1978 2088 tta-

404 2142 508 2195 quc
540 2127 697 2182 iidem
726 2129 825 2197 ipsi
850 2129 939 2198 qui
966 2129 1081 2184 sani
1102 2136 1417 2197 temperant,
1440 2127 1486 2181 si
1506 2128 1640 2181 ratio
1659 2125 1978 2181 valetudinis

400 2225 579 2287 cogat,
610 2220 789 2289 aegroti
822 2221 939 2277 sine
960 2221 1069 2276 ulla
1098 2219 1378 2274 formidine
1413 2219 1694 2288 accipiunt.
1720 2217 1868 2272 Multi
1899 2217 1977 2270 vi-

405 2314 528 2355 num
556 2316 660 2355 non
694 2303 908 2371 bibunt,
950 2318 1048 2359 nec
1089 2313 1265 2357 tamen
1296 2318 1358 2357 eo
1385 2316 1442 2356 se
1473 2302 1798 2371 coinquinari
1829 2300 1975 2356 arbi-

402 2403 608 2449 trantur
634 2396 655 2428 '
679 2414 692 2450 :
722 2410 842 2449 nam
870 2407 925 2451 et
946 2396 1259 2466 quibusdam
1282 2394 1717 2465 languidioribus,
1748 2401 1802 2447 ct
1827 2408 1978 2462 pror-

401 2503 491 2541 sus
516 2487 759 2542 omnibus
788 2488 874 2558 qui
902 2488 1018 2541 sine
1060 2488 1147 2541 illo
1181 2496 1447 2555 nequeunt
1484 2488 1707 2540 salutem
1739 2486 1976 2556 corporis

398 2578 639 2639 obtinere
658 2621 675 2646 ,
706 2579 1085 2635 humanissime
1126 2594 1188 2634 ac
1231 2578 1620 2637 modestissime
1651 2576 1871 2646 praeberi
1900 2574 1977 2629 fa-

392 2669 567 2725 ciunt.
590 2669 660 2726 Et
682 2669 842 2725 stulte
862 2670 1147 2724 nonnullos
1176 2677 1496 2732 recusantes,
1533 2666 1759 2720 fraterne
1789 2665 1973 2718 admo-

396 2767 557 2823 nent,
605 2775 673 2817 ne
713 2772 845 2813 vana
888 2759 1262 2828 superstitione
1304 2757 1585 2812 debilior-es
1627 2757 1779 2810 citius
1817 2770 1972 2825 quam

396 2849 693 2908 sanctiores
719 2849 866 2905 ﬁant.
890 2850 1093 2923 Legum
1120 2849 1195 2903 eis
1219 2848 1529 2917 Apostolum
1553 2846 1808 2915 discipulo
1836 2861 1967 2914 pra:-

398 2941 716 3011 cipieutenr,
763 2950 818 2996 ut
859 2942 1180 3011 aliquantum
1231 2939 1337 2993 vini
1388 2947 1560 2993 sumat
1611 2946 1823 3006 prepter
1868 2936 1973 2990 fre-

394 3041 619 3101 quentes
649 3033 980 3088 mtirmitates
1006 3046 1129 3088 suas
1160 3031 1179 3062 ³
1209 3030 1226 3100 (
1254 3029 1278 3085 I
1303 3028 1435 3084 Tim.
1462 3044 1516 3094 v,
1544 3027 1614 3081 25
1636 3028 1672 3097 ).
1700 3029 1773 3081 lta
1802 3028 1969 3097 pieta-

400 3132 503 3177 tem
534 3122 717 3178 sedulo
746 3133 996 3179 exercent
1027 3142 1037 3176 :
1068 3122 1305 3190 corporis
1337 3134 1472 3175 vero
1501 3118 1968 3183 exercitationem,

398 3222 455 3269 ut
473 3214 549 3269 ait
568 3214 708 3270 idem
731 3216 1048 3285 Apostolus,
1088 3212 1152 3268 ad
1197 3208 1441 3285 exiguum
1472 3217 1680 3279 tempus
1706 3209 1971 3279 pertinere

394 3314 657 3365 noverunt
674 3300 787 3374 (Id.
816 3321 887 3371 tv,
911 3305 987 3374 8).

467 3398 558 3453 75.
583 3395 872 3455 Coutincnt
899 3410 958 3455 se
998 3396 1161 3464 igitur
1192 3394 1228 3449 ii
1258 3394 1343 3461 qui
1380 3397 1631 3460 possunt,
1664 3392 1751 3461 qui
1795 3402 1972 3447 tamen

394 3498 524 3546 sunt
550 3487 992 3551 innumerabiles,
1028 3495 1086 3541 et
1114 3501 1142 3539 a
1175 3486 1422 3539 carnibus
1454 3494 1504 3537 et
1535 3498 1562 3535 a
1599 3484 1720 3539 vino
1747 3483 1877 3539 duas
1908 3487 1977 3541 ob

397 3594 615 3637 causas:
638 3577 720 3632 vel
736 3586 951 3642 propter
967 3575 1188 3628 fratrum
1204 3573 1647 3639 imbecillitatem,
1665 3572 1744 3628 vel
1761 3580 1978 3645 propter

399 3686 550 3729 suam
575 3671 898 3727 libertatein.
925 3668 1167 3724 Charitas
1193 3668 1456 3737 praecipue
1487 3667 1817 3734 custoditur;
1851 3668 1978 3722 chao

398 3768 545 3827 ritati
574 3767 765 3829 victus,
787 3762 1032 3819 eharitati
1054 3777 1247 3824 sermo,
1273 3762 1516 3815 charitati
1548 3758 1778 3827 habitus,
1802 3760 1979 3815 chari-

404 3858 552 3915 titati
584 3858 756 3910 vultus
786 3866 1027 3922 aptatur;
1062 3856 1233 3908 emitur
1270 3855 1318 3907 in
1355 3872 1509 3907 unam
1543 3857 1981 3924 c0n5piraturque

403 3949 718 4006 charitatetu
749 3962 763 3999 :
798 3950 930 3999 haus
958 3946 1157 3999 violare
1191 3956 1432 4012 tauquam
1463 3946 1623 3998 Deum
1655 3944 1801 3999 nefas
1833 3945 1981 3999 duci-

406 4050 489 4093 tur
506 4055 522 4104 ;
542 4039 666 4092 huic
688 4039 730 4090 si
755 4038 879 4105 quid
904 4037 1102 4088 resistit
1130 4034 1167 4099 ",
1198 4041 1532 4103 expugnatur
1556 4045 1712 4104 atque
1734 4036 1979 4102 eiicitur;

407 4130 545 4185 hanc
563 4130 606 4182 si
629 4128 754 4198 quid
783 4127 1025 4189 utfendit,
1054 4142 1212 4178 tltttllll
1238 4126 1378 4179 diem
1412 4127 1604 4179 durare
1637 4141 1742 4180 non
1768 4127 1980 4182 sinitur.

350 4284 353 4287 Α
408 4222 598 4279 Sciunt
621 4219 692 4272 ita
725 4218 1151 4273 commendatam
1184 4232 1303 4272 esse
1326 4232 1353 4271 a
1376 4216 1586 4272 Christo
1614 4225 1667 4272 et
1689 4217 1980 4287 Apostolis,

410 4326 466 4366 ut
494 4314 539 4366 si
574 4312 688 4366 haec
717 4327 815 4366 uua
846 4309 1019 4376 desit,
1054 4310 1265 4376 inania;
1291 4310 1333 4362 si
1366 4308 1478 4364 lucc
1506 4309 1666 4376 adsit,
1697 4310 1849 4378 plena
1877 4309 1987 4364 sint

406 4419 607 4462 Omnia.

394 4512 626 4569 CAPUT
664 4511 902 4569 XXXIV.
922 4541 996 4555 -η
1022 4511 1107 4566 Ea:
1131 4511 1379 4568 malorum
1411 4513 1794 4569 Christianorum
1820 4518 1974 4569 mori-

475 4604 564 4658 bus
593 4620 693 4658 non
717 4605 1098 4675 vituperandam
1122 4603 1419 4659 Ecclesium.
1439 4603 1798 4676 Sepulcrorum
1821 4618 1866 4663 et
1894 4612 1973 4681 pi-

476 4703 731 4747 cturarum
755 4696 1060 4755 adorator“.

472 4804 566 4858 74.
597 4802 736 4871 Istis,
768 4804 1063 4871 Maniehaai,
1091 4806 1134 4859 si
1164 4808 1405 4874 potestis,
1432 4808 1699 4872 obsistite;
1738 4810 1868 4865 istos
1891 4810 1971 4869 in-

405 4895 646 4959 tuemini,
670 4895 799 4948 istos
823 4894 936 4949 siue
963 4895 1258 4961 mendacio,
1290 4898 1333 4950 si
1359 4897 1582 4964 audetis,
1611 4908 1665 4953 et
1691 4915 1808 4955 cum
1839 4916 1969 4955 con-

406 4988 618 5041 tumelia
657 4987 924 5047 nominate
954 5006 971 5042 :
996 4987 1219 5043 istorum
1260 4988 1477 5057 ieiuniis
1514 4999 1687 5044 vestra
1729 4992 1927 5061 jejunia
1950 5034 1967 5061 ,

405 5078 631 5133 castitati
658 5078 949 5133 castitatem
975 5119 990 5145 ,
1020 5077 1265 5132 vestitum
1297 5080 1530 5147 vestitui,
1560 5081 1741 5149 epulas
1769 5083 1965 5154 epulis,

462 5236 476 5266 ι
504 5233 640 5293 Editi,
663 5228 974 5296 Αροδιοιαιιιεἶ
1010 5236 1141 5296 Mss.__
1158 5228 1403 5296 nonnulli,
1430 5229 1686 5296 Apostolus.
1709 5235 1969 5296 Gemmeti-

398 5298 558 5345 censis
585 5290 759 5357 cede'x,
784 5291 1006 5357 apostoli.
1040 5293 1228 5357 Scilicet
1248 5290 1740 5357 alluditnugustinus
1775 5295 1834 5343 ad
1872 5297 1969 5357 epi-

392 5357 543 5407 stolas
565 5356 805 5417 atanichmi
823 5353 1028 5417 quarum
1050 5355 1259 5417 omnium
1284 5353 1542 5417 exordium
1558 5354 1684 5403 istud
1708 5363 1812 5417 erat
1836 5370 1847 5404 :
1874 5353 1971 5417 ira;

394 5418 605 5469 nio/imus
627 5413 862 5481 apostolus
905 5423 1018 5481 Jesn
1058 5413 1251 5475 Christi,
1280 5422 1396 5473 etc.,
1418 5422 1473 5466 ut
1493 5416 1667 5466 dicitur
1708 5416 1757 5464 in
1800 5416 1885 5467 lib.
1911 5414 1972 5467 15

396 5488 562 5530 contra
585 5476 821 5537 Faustum,
842 5490 948 5539 cap.
971 5476 1019 5524 4.

462 5546 480 5573 ²
511 5548 620 5593 Mss.
644 5549 751 5592 octo
777 5534 911 5589 :n'ec'
932 5543 1089 5589 tamen
1114 5550 1193 5588 eos
1226 5535 1311 5601 qui
1332 5534 1495 5588 bibunt
1516 5535 1814 5603 coinquinari
1834 5537 1968 5591 arbi-

392 5610 596 5655 trantur.

464 5668 484 5732 ξ
511 5666 735 5732 Undecim
757 5671 863 5732 Mss,»
884 5676 900 5732 .=
931 5665 1127 5732 uerte!
1150 5657 1308 5732 ςατίαδ
1327 5657 1627 5732 armum.
1647 5675 1771 5732 seas-

461 5728 481 5758 δ
506 5734 570 5788 tta
594 5728 641 5775 in
670 5733 772 5788 vss.
801 5731 856 5774 At
883 5724 934 5773 in
955 5722 1067 5773 Edd.
1091 5723 1317 5786 habetur,
1340 5722 1385 5774 si
1404 5722 1509 5788 quis
1532 5722 1741 5787 resistit;
1763 5731 1816 5776 et
1834 5738 1966 5788 um,

396 5802 439 5842 at
458 5787 564 5857 quis
584 5786 794 5851 offendit.

1780 356 1983 413 LIBER
2013 356 2292 415 PRIMUS.

2094 473 2408 528 modestiam
2438 473 2710 531 modestia:
2729 516 2744 541 ,
2783 474 3095 537 charitatem
3133 478 3365 553 denique
3384 483 3629 542 charitati
3649 530 3665 552 ,

2090 574 2167 629 et,
2218 566 2357 635 quod
2387 583 2473 623 res
2516 568 2745 625 maxime
2776 570 3044 641 postulat,
3084 576 3363 643 pmoptis
3402 589 3665 649 praecepta

2090 658 2349 714 conferte.
2384 658 2500 715 Jam
2542 660 2936 732 videbitisan
2974 663 3116 721 inter
3158 669 3569 723 ostentationem
3610 678 3664 727 et

2094 748 2476 818 sinceritatem,
2507 750 2645 807 inter
2672 752 2810 807 viam
2840 762 3039 809 rectam
3068 761 3124 810 et
3146 769 3404 821 errorem,
3437 757 3574 814 inter
3595 758 3664 815 li-

2092 838 2216 895 dem
2243 851 2399 911 atque
2436 841 2697 899 fallaciam
2718 882 2736 908 ,
2764 844 2907 901 inter
2934 842 3099 899 robur
3124 853 3181 901 et
3206 852 3463 901 tumorem
3484 887 3499 911 ,
3525 847 3664 905 inter

2086 933 2471 991 beatitudinem
2498 944 2552 990 et
2578 935 2844 993 miseriam
2864 977 2881 1003 ,
2911 937 3047 992 inter
3070 937 3325 995 unitatem
3353 944 3406 993 et
3430 939 3664 995 conscis-

2088 1025 2317 1091 sionem,
2346 1035 2612 1095 postremo
2640 1026 2763 1098 quid
2803 1027 2941 1084 inter
2966 1026 3354 1098 superstitionis
3376 1027 3582 1085 sirenas
3607 1038 3661 1085 et

2089 1125 2299 1184 portum
2324 1118 2593 1188 religionis
2628 1118 2851 1173 intersit.

2164 1207 2249 1262 75.
2276 1207 2453 1264 Nolite
2479 1209 2609 1264 mihi
2632 1209 2882 1279 colligere
2905 1208 3233 1281 professores
3259 1209 3486 1266 nominis
3511 1208 3657 1265 chri-

2090 1299 2263 1363 stiani,
2285 1315 2380 1353 nec
2405 1299 2743 1368 professionis
2758 1316 2879 1358 suae
2900 1301 3005 1360 vim
3024 1310 3117 1359 aut
3144 1301 3371 1357 scientes
3395 1311 3485 1357 aut
3509 1301 3659 1358 exhi-

2087 1390 2293 1444 bentes.
2322 1389 2497 1445 Nolite
2524 1392 2813 1447 consectari
2837 1394 3015 1449 turbas
3043 1393 3429 1463 imperitorum,
3456 1395 3545 1464 qui
3576 1394 3657 1451 vel

2093 1483 2147 1537 in
2180 1483 2288 1551 ipsa
2317 1498 2444 1537 vera
2476 1484 2727 1554 religione
2751 1484 3099 1554 superstitiosi
3128 1493 3286 1550 sunt,
3328 1484 3412 1539 vel
3443 1485 3514 1539 ita
3540 1484 3659 1541 libi‘

2088 1575 2296 1629 dinibns
2326 1574 2524 1644 dediti,
2571 1585 2627 1629 ut
2652 1577 2799 1630 obliti
2837 1577 2942 1630 sint
2983 1576 3109 1647 quid
3148 1576 3487 1646 promiserint
3525 1576 3655 1631 Deo.

2087 1666 2216 1725 Novi
2243 1668 2435 1725 multos
2456 1682 2574 1723 esse
2598 1670 2960 1743 sepulcrorum
2986 1679 3038 1724 et
3058 1669 3382 1739 picturarum
3409 1669 3657 1725 adorato-

2086 1776 2174 1816 res
2208 1780 2218 1813 :
2254 1760 2373 1816 novi
2418 1763 2611 1815 multos
2637 1775 2754 1815 esse
2778 1761 2866 1830 qui
2884 1758 3304 1817 luxuriosissime
3327 1776 3485 1830 super
3510 1774 3657 1814 mor-

2087 1860 2205 1906 tuos
2231 1851 2442 1918 bibant,
2481 1861 2533 1907 et
2563 1851 2743 1922 epulas
2770 1851 3113 1906 cadaveribus
3141 1850 3471 1915 exhibentes,
3499 1866 3659 1920 super

2084 1944 2317 2012 sepultos
2339 1942 2540 2013 seipsos
2558 1944 2834 2014 sepeliant,
2863 1951 2915 1997 et
2938 1942 3252 1999 voracitates
3272 1940 3658 2012 ebrietatesque

2085 2054 2208 2095 suas
2244 2038 2495 2108 deputent
2524 2036 2783 2108 religioni.
2822 2036 2949 2093 Novi
2978 2036 3168 2091 multos
3196 2050 3315 2090 esse
3343 2033 3433 2105 qui
3462 2050 3659 2089 renun-

2085 2131 2349 2186 tiaverunt
2388 2130 2564 2186 verbis
2602 2128 2723 2187 huic
2761 2128 2975 2195 saeculo,
3016 2137 3069 2183 et
3115 2142 3171 2182 se
3216 2125 3463 2184 omnibus
3501 2124 3658 2199 hujus

2084 2222 2261 2285 saaculi
2294 2220 2520 2275 molibus
2550 2216 2773 2291 opprimi
2801 2220 2983 2285 velint,
3014 2217 3357 2289 Oppressique
3388 2217 3653 2271 laetentur.

2081 2310 2191 2369 Nec
2216 2312 2404 2367 tnirum
2436 2311 2594 2366 estin
2632 2320 2773 2366 tanta
2800 2310 2948 2382 copia
2978 2309 3293 2379 pepulerunt
3316 2350 3331 2376 ,
3372 2306 3511 2379 quod
3548 2322 3655 2361 non

2081 2403 2233 2458 vobis
2263 2402 2456 2467 desint,
2480 2417 2702 2472 quorum
2722 2401 2825 2456 vita
2855 2400 3148 2471 vituperata
3174 2397 3446 2469 decipiatis
3476 2398 3655 2454 incau-

2083 2502 2192 2560 tos,
2227 2504 2329 2549 eta
2357 2494 2615 2549 catholica
2658 2492 2825 2548 salute
2877 2493 3166 2558 avertatis,
3210 2506 3329 2545 cum
3372 2491 3424 2545 in
3478 2498 3654 2544 vestra

2081 2586 2342 2655 paucitate
2366 2584 2382 2615 ί
2413 2599 2630 2653 magnas
2662 2584 2928 2652 patiamini
2959 2583 3249 2652 angustias,
3294 2578 3418 2635 dum
3446 2597 3475 2635 a
3504 2579 3655 2635 vobis

2081 2674 2330 2743 exigitur,
2358 2674 2435 2725 Vel
2464 2687 2596 2726 unus
2619 2688 2681 2726 ex
2705 2671 2768 2726 iis
2794 2687 2927 2741 quos
2952 2672 3147 2726 electos
3168 2671 3385 2738 vocatis,
3413 2670 3501 2740 qui
3520 2684 3652 2739 pra:-

2081 2773 2229 2831 cepta
2262 2762 2347 2816 illa
2381 2763 2492 2833 ipsa
2522 2760 2813 2824 custodiat,
2858 2779 2972 2830 quae
3005 2760 3351 2817 irrationabill
3394 2758 3653 2831 supersti-

2083 2853 2223 2906 tione
2262 2851 2562 2906 defenditis.
2595 2849 2699 2906 Sed
2735 2859 2787 2904 et
2824 2850 2908 2904 illa
2947 2866 3101 2923 quam
3144 2865 3277 2903 vana
3321 2850 3455 2915 sint,
3495 2862 3653 2920 quam

2082 2943 2236 2996 noxia
2263 2985 2276 3009 ,
2319 2958 2474 3012 quam
2518 2941 2772 3012 sacrilega
2794 2981 2810 3008 ,
2841 2949 2894 2995 et
2935 2938 3377 3010 quemadmodum
3407 2955 3435 2992 a
3467 2953 3654 3009 magna

2082 3042 2231 3104 parte
2272 3042 2506 3086 vestrum
2529 3073 2545 3099 ,
2585 3040 2741 3101 atque
2778 3031 2912 3085 adeo
2955 3045 3088 3098 pene
3118 3030 3183 3082 ab
3221 3029 3466 3083 omnibus
3506 3028 3656 3083 vobis

2079 3140 2186 3180 non
2235 3122 2613 3185 observentur,
2658 3122 2760 3175 alio
2803 3120 3067 3174 volumine
3110 3118 3391 3174 ostendere
3428 3117 3650 3172 institui.

2149 3214 2235 3271 76.
2277 3213 2427 3268 Nunc
2462 3228 2556 3266 vos
2583 3212 2709 3267 illud
2740 3211 3031 3274 admoneo,
3065 3219 3121 3265 ut
3158 3210 3436 3280 aliquando
3468 3211 3652 3266 Eccle-

2078 3307 2171 3361 siae
2194 3305 2463 3362 catholicae
2487 3303 2800 3358 maledicere
2821 3301 3092 3365 desinatis,
3114 3301 3458 3370 vituperando
3480 3315 3649 3355 mores

2078 3395 2351 3452 hominum
2391 3412 2523 3467 quos
2551 3404 2603 3450 et
2632 3394 2741 3465 ipsa
2778 3392 3129 3458 condemnat,
3157 3401 3209 3445 et
3244 3406 3378 3462 quos
3420 3391 3654 3463 quotidie

2078 3496 2328 3558 tanquam
2356 3485 2523 3540 malos
2546 3486 2679 3539 ﬁlios
2699 3485 2967 3553 corrigere
2993 3483 3184 3538 studet.
3210 3481 3313 3537 Sed
3335 3481 3652 3552 quicumque

2078 3579 2293 3635 illorum
2340 3579 2477 3633 bona
2522 3578 2791 3631 voluntate
2821 3576 3019 3645 Deique
3057 3574 3252 3629 auxilio
3289 3572 3650 3643 corriguntur,

2044 3666 2045 3669 “
2078 3670 2216 3742 quod
2244 3670 2529 3724 amiserant
2551 3668 2835 3738 peccando,
2861 3665 3162 3736 paenitendo
3188 3672 3519 3733 recuperaut.
3549 3660 3652 3731 Qui

2076 3774 2251 3819 autem
2281 3762 2548 3816 voluntate
2578 3760 2715 3814 mala
2746 3760 2798 3813 in
2841 3758 3074 3829 pristinis
3112 3757 3250 3811 vitiis
3274 3765 3650 3828 perseverant,

2077 3865 2169 3909 aut
2198 3853 2356 3908 etiam
2389 3852 2587 3906 addunt
2616 3852 2850 3922 graviora
2882 3851 3164 3921 prioribus,
3207 3851 3259 3903 in
3286 3861 3413 3919 agro
3439 3846 3649 3918 quidem

2077 3944 2284 4000 Domini
2316 3944 2560 3998 sinuntur
2595 3956 2742 4010 esse,
2783 3952 2835 3997 et
2874 3957 2993 3997 cum
3026 3942 3178 3995 bonis
3218 3938 3505 3996 seminibus
3533 3955 3651 4015 cro-

2076 4053 2245 4103 sccre,
2276 4036 2366 4092 sed
2397 4034 2573 4091 veniet
2605 4045 2810 4105 tempus
2834 4050 2938 4105 quo
2964 4032 3160 4087 zizania
3190 4040 3517 4102 separentur.
3550 4032 3651 4084 Aut

2071 4128 2119 4186 si
2151 4131 2258 4200 jam
2301 4140 2516 4200 propter
2553 4129 2724 4199 ipsum
2768 4128 3113 4183 christianum
3158 4140 3349 4180 nomen
3398 4125 3562 4194 magis
3598 4123 3651 4177 in

2077 4222 2228 4293 palea
2270 4237 2426 4291 quam
2470 4221 2520 4274 in
2569 4219 2735 4289 spinis
2780 4233 2899 4273 esse
2945 4217 3230 4271 arbitrandi
3272 4220 3433 4281 sunt,
3477 4214 3654 4269 veniet

2078 4315 2236 4368 etiam
2268 4314 2354 4383 qui
2385 4328 2561 4366 aream
2591 4320 2805 4382 purget,
2837 4319 2891 4366 et
2916 4327 2942 4365 a
2972 4307 3244 4365 frumentis
3270 4308 3473 4378 paleam
3502 4322 3654 4377 sepa-

2078 4415 2195 4471 ret,
2227 4414 2281 4461 et
2326 4404 2543 4474 singulis
2572 4405 2806 4473 partibus
2852 4419 2947 4473 pro
2986 4418 3080 4457 suo
3126 4404 3378 4472 cujusque
3423 4400 3649 4467 merito,

2079 4497 2219 4569 quod
2250 4505 2477 4565 Oportet,
2510 4511 2716 4550 summa
2743 4495 2987 4566 aequitate
3015 4494 3295 4549 distribuat
3325 4491 3531 4567 (Matth.
3559 4507 3614 4547 in
3633 4533 3649 4560 ,

2081 4587 2148 4642 l3
2167 4630 2181 4653 ,
2210 4597 2255 4640 et
2284 4602 2373 4640 xui
2392 4628 2405 4650 ,
2431 4583 2641 4656 2445).

2078 4678 2302 4735 CAPUT
2340 4677 2557 4734 XXXV.
2586 4708 2656 4719 -—
2684 4676 2988 4748 Coujugium
3025 4685 3073 4732 el
3112 4677 3443 4748 possessiones
3485 4675 3648 4746 bapti-

2365 4769 2490 4821 zatis
2514 4769 2659 4821 client
2689 4785 2917 4822 concessa
2950 4784 3038 4838 per
3062 4766 3375 4838 Apostolum.

2151 4860 2235 4917 77.
2271 4860 2377 4916 Vos
2405 4862 2602 4914 interea
2626 4860 2747 4930 quid
2778 4860 2993 4925 saevitis,
3024 4859 3149 4929 quid
3174 4859 3510 4913 excazcamtni
3541 4866 3651 4911 stu-

2040 4958 2045 4963 '
2077 4951 2166 5008 dio
2195 4951 2460 5023 partium?
2485 4950 2619 5018 Quid
2657 4952 2783 5005 tanti
2823 4951 3017 5005 erroris
3042 4950 3195 5019 longa
3221 4948 3526 5003 defensione
3552 4949 3650 5002 im-
3736 4962 3749 4974 ε

2079 5044 2389 5114 plicamini?
2415 5043 2619 5113 Fruges
2640 5045 2691 5096 in
2714 5057 2861 5112 agro,
2891 5040 3153 5095 frumenta
3175 5041 3227 5093 in
3247 5054 3366 5094 area
3388 5039 3609 5111 quierite
3633 5057 3647 5094 :

2078 5139 2405 5206 apparebunt
2431 5136 2602 5200 facile,
2629 5149 2851 5202 seseque
2879 5131 3104 5187 oii‘erent
3128 5131 3241 5201 ipsa
3271 5128 3646 5201 quaerentibus.

2078 5228 2213 5295 Quid
2240 5229 2395 5281 nimis
2422 5228 2472 5280 in
2504 5234 2842 5295 purgamenta
2879 5224 3061 5278 oculos
3088 5222 3398 5278 intenditis?
3428 5221 3551 5292 quid
3582 5223 3650 5276 ab

2077 5320 2238 5388 Opimi
2266 5320 2403 5373 horti
2431 5319 2672 5371 ubertate
2702 5316 2974 5385 imperitos
3005 5316 3245 5370 homines
3270 5315 3470 5383 sepiuin
3496 5328 3650 5383 aspe-

2077 5412 2232 5464 ritate
2260 5408 2503 5464 tcrretis?
2542 5408 2637 5461 Est
2675 5416 2850 5463 certus
2879 5407 3050 5461 aditus
3072 5448 3084 5471 ,
3119 5406 3361 5477 quamvis
3390 5404 3648 5474 pauciori-

2076 5502 2175 5557 bus
2204 5508 2377 5565 notus,
2418 5517 2519 5571 qua
2550 5501 2713 5569 possit
2740 5501 2941 5565 intrari,
2971 5514 3127 5568 quem
3154 5512 3249 5552 vos
3272 5508 3362 5552 aut
3386 5511 3504 5552 esse
3542 5511 3646 5555 non

2077 5594 2310 5658 creditis,
2340 5602 2431 5648 aut
2460 5592 2696 5647 invenire
2724 5606 2829 5645 non
2860 5590 3193 5645 vultis..Sunt
3220 5589 3274 5643 in
3297 5588 3535 5643 Ecclesia
3559 5602 3646 5642 ca-

2140 5728 2155 5759 ¹
2180 5726 2294 5775 Editi
2320 5725 2598 5790 prmierunt,
2622 5729 2914 5790 paupertate,
2934 5731 3141 5788 excepto
3153 5722 3284 5787 Bad.,
3306 5725 3391 5788 qui
3409 5736 3520 5775 cum
3534 5730 3633 5773 Mss

2076 5789 2242 5851 habet,
2256 5787 2509 5854 paucitate.
