4138 6364
554 348 694 407 ιδιδ

554 483 746 538 tholica
796 482 1208 538 innumerabiles
1261 481 1444 536 ﬁdeles
1491 479 1580 550 qui
1630 478 1732 535 hoc
1779 478 1977 534 mundo
2030 492 2137 534 non

554 584 790 642 utantur,
816 585 940 631 sunt
964 576 1053 646 qui
1075 583 1289 630 utantur
1314 582 1563 643 tanquam
1586 587 1691 627 non
1713 581 1924 627 utentes
1948 571 1992 642 (l
2018 571 2135 627 Cor.

556 680 661 733 vn,
689 667 802 737 51),
828 678 886 722 ut
907 668 975 722 ab
1000 666 1255 737 Apostolo
1280 664 1501 732 dicitur;
1526 665 1666 736 quod
1690 665 1790 719 illis
1814 664 2137 735 temporibus

555 758 665 829 jam
695 760 973 829 probatum
1000 770 1099 824 est,
1137 759 1329 830 quibus
1353 759 1418 813 ad
1459 759 1721 814 idolorum
1761 760 1958 814 cultum
1986 758 2137 814 Chri-

551 850 707 904 stiani
743 852 1085 921 cogebantur.
1124 851 1264 918 Quot
1286 852 1427 906 enim
1456 859 1579 906 tunc
1604 852 1879 922 pecuniosi
1909 852 1927 884 ¹
1959 850 2134 906 homi-

549 954 665 1006 nes,
708 951 835 1013 quot
855 942 1258 1014 patresfamilias
1294 945 1567 1010 rusticani,
1591 954 1723 1015 quot
1753 945 2133 1014 negotiatores,

552 1047 682 1104 quot
717 1038 973 1091 militares
996 1079 1010 1102 ,
1039 1046 1169 1108 quot
1197 1037 1451 1108 primates
1483 1038 1690 1092 urbium
1720 1052 1933 1091 suarum
1959 1079 1975 1105 ,
2007 1047 2135 1107 quot

551 1126 775 1196 denique
803 1135 1103 1194 senatores,
1135 1130 1407 1199 utriusque
1441 1143 1623 1192 sexus,
1654 1127 1768 1183 haec
1794 1128 1972 1182 omnia
1997 1143 2133 1183 vana

547 1225 601 1270 et
647 1218 955 1287 temporalia
1000 1219 1395 1290 relinquentes,
1436 1218 1629 1289 quibus
1671 1219 1850 1288 utique
1893 1219 2134 1289 quamvis

546 1315 855 1375 uterentur,
902 1325 1008 1363 non
1058 1309 1462 1374 detinebantur,
1510 1316 1735 1364 mortem
1794 1324 1891 1379 pro
1937 1310 2133 1365 salubri

546 1398 651 1454 ﬁde
674 1415 738 1455 ac
770 1401 1025 1471 religione
1053 1402 1348 1467 subierunt,
1379 1401 1984 1471 demonstraveruntque
2008 1400 2131 1455 inﬁ-

544 1490 751 1546 delibns
786 1508 816 1545 a
845 1507 905 1548 se
948 1494 1122 1563 potius
1165 1493 1253 1548 illa
1283 1493 1459 1548 omnia
1480 1534 1495 1560 ,
1538 1509 1695 1564 quam
1724 1508 1783 1548 se
1812 1492 1879 1547 ab
1908 1493 1988 1548 eis
2012 1506 2133 1548 esse

544 1596 843 1652 possessos.

613 1695 701 1751 78.
719 1695 856 1763 Quid
877 1696 1295 1765 calumniamini,
1314 1697 1456 1769 quod
1474 1697 1658 1754 fideles
1674 1698 1783 1769 jam
1808 1699 2131 1769 Baptismate

539 1790 797 1853 renovati,
820 1805 1101 1859 procreare
1122 1791 1277 1857 ﬁlios,
1301 1801 1523 1861 etagros
1537 1807 1601 1847 ac
1614 1791 1800 1846 domos
1823 1793 2129 1862 pecuniam-

539 1893 641 1948 que
660 1880 822 1936 ullam
853 1881 1125 1951 possidere
1151 1897 1255 1935 non
1282 1882 1557 1937 debeant?
1582 1883 1845 1939 Permittit
1866 1883 1967 1939 hoc
1996 1883 2132 1939 Pau-

539 1968 638 2023 lus.
669 1969 799 2025 Nam
831 1973 972 2042 quod
1011 1974 1190 2043 negari
1228 1989 1331 2028 non
1366 1982 1559 2044 potest,
1593 1975 1835 2030 ﬁdelibus
1866 1978 2075 2046 scripsit
2107 2018 2124 2044 ,

538 2067 661 2127 post
676 2062 962 2116 multorum
985 2064 1179 2133 quippe
1199 2064 1510 2118 vitiosarum
1534 2067 2011 2131 enumerationem,
2037 2069 2127 2139 qui

539 2164 763 2220 regnum
787 2152 882 2206 Dei
909 2168 1013 2207 non
1044 2152 1417 2221 possidebunt,
1450 2154 1516 2208 Et
1552 2157 1659 2210 haec
1694 2157 1892 2227 quidem
1920 2159 2089 2227 fuistis
2108 2201 2123 2225 ,

538 2239 728 2308 inquit,
760 2241 849 2295 sed
867 2241 1028 2296 abluti
1050 2244 1183 2307 estis,
1217 2244 1307 2298 sed
1331 2246 1635 2314 sancti/icati
1664 2247 1801 2313 estis,
1826 2248 1915 2301 sed
1930 2250 2128 2320 justiﬁ-

536 2334 637 2386 cati
664 2336 779 2389 estis
807 2337 860 2389 in
886 2337 1088 2391 nomine
1114 2337 1320 2392 Domini
1355 2338 1480 2393 Iesu
1515 2338 1729 2404 Christi,
1770 2350 1816 2394 et
1845 2343 1898 2396 in
1927 2342 2126 2413 Spiritu

537 2421 635 2477 Dei
654 2426 832 2479 nostri.
859 2426 1077 2482 Ablutos
1095 2429 1279 2499 procul
1301 2428 1480 2496 dubio,
1506 2438 1560 2484 et
1588 2430 1945 2485 sanctiﬁcatos
1966 2448 2125 2487 nemo

536 2513 637 2567 nisi
668 2513 882 2583 ﬁdeles,
925 2526 979 2571 et
1015 2532 1109 2572 eos
1150 2517 1240 2588 qui
1281 2517 1402 2572 huic
1441 2520 1640 2573 mundo
1671 2522 2121 2589 renuntiaverint,

536 2604 833 2678 intelligere
879 2609 1110 2665 audebit.
1182 2610 1287 2666 Sed
1338 2612 1590 2681 quoniam
1651 2614 1885 2668 ostendit
1934 2615 2125 2685 quibus

534 2699 827 2770 scripserit,
854 2702 1128 2757 videamus
1154 2714 1328 2758 utrum
1351 2704 1435 2760 his
1462 2705 1546 2759 illa
1576 2707 1861 2775 permittat.
1886 2707 1960 2762 Ita
1981 2709 2122 2764 enim

538 2792 782 2861 sequitur
809 2811 822 2847 :
856 2794 1041 2849 Omnia
1070 2796 1194 2849 mihi
1218 2797 1356 2850 licita
1383 2807 1519 2863 sunt,
1547 2798 1637 2851 sed
1660 2816 1759 2852 non
1784 2802 1952 2853 omnia
1973 2816 2123 2873 expe-

534 2881 681 2936 diunt
711 2898 729 2938 :
756 2886 928 2939 omnia
954 2886 1079 2940 mihi
1108 2887 1245 2940 licita
1286 2896 1421 2953 sunt,
1444 2888 1533 2942 sed
1555 2904 1646 2959 ego
1670 2888 1763 2943 sub
1789 2890 1978 2944 nullius
2003 2891 2122 2945 red-

542 2973 656 3044 igar
681 2984 941 3044 potestate.
968 2975 1103 3031 Esca
1126 2979 1311 3046 ventri,
1335 2989 1381 3033 et
1407 2988 1575 3033 venter
1607 2980 1767 3045 escis;
1794 2980 1931 3035 Deus
1956 2992 2121 3037 autent

534 3074 581 3119 et
606 3066 700 3121 has
724 3075 772 3120 et
796 3068 929 3122 hunc
959 3069 1201 3125 destruet.
1232 3070 1428 3140 Corpus
1455 3080 1623 3124 autent
1647 3088 1747 3125 non
1774 3072 2115 3142 fornicationi,

532 3156 623 3208 sed
658 3156 876 3211 Domino
894 3198 911 3225 ,
937 3168 984 3213 et
1010 3158 1259 3215 Dominus
1289 3162 1509 3231 corpori.
1549 3161 1688 3217 Deus
1723 3180 1837 3216 vero
1862 3166 2120 3220 suscitavit

535 3246 809 3303 Dominum
828 3292 843 3315 ,
880 3259 927 3306 et
960 3269 1051 3307 nos
1075 3270 1271 3324 quoque
1298 3254 1558 3309 suscitabit
1582 3271 1670 3325 per
1694 3254 1923 3309 virtutem
1949 3274 2114 3312 suam.

531 3336 612 3392 An
663 3340 862 3394 nescitis
912 3344 1150 3412 quoniam
1200 3360 1414 3413 corpora
1458 3353 1621 3398 vestra
1663 3346 1884 3399 membra
1934 3346 2119 3402 Christi

528 3429 685 3483 sunt?
722 3428 927 3486 Totiens
967 3450 1088 3504 ergo
1133 3434 1355 3489 membra
1390 3433 1608 3501 Christi,
1643 3437 1852 3507 efficiam
1896 3438 2119 3493 membra

527 3521 845 3578 meretricis?
868 3522 1027 3578 Absit.
1054 3522 1135 3577 An
1168 3525 1367 3579 nescitis
1392 3527 1630 3593 quoniam
1656 3527 1738 3593 qui
1764 3527 1985 3581 adhwret
2014 3545 2118 3583 me-

528 3612 714 3676 retrici,
740 3629 897 3667 unum
919 3630 1103 3685 corpus
1128 3616 1334 3687 efﬁcitur
1350 3618 1375 3670 ?
1410 3615 1575 3671 Erunt
1600 3622 1729 3671 enint
1750 3660 1764 3684 ,
1793 3620 1987 3687 inquit,
2015 3622 2118 3677 duo

527 3701 581 3755 in
600 3719 751 3757 carne
768 3720 890 3758 una.
924 3704 1025 3770 Qui
1054 3717 1222 3760 autem
1246 3708 1469 3761 adhwret
1490 3707 1727 3773 Domino,
1754 3727 1884 3763 unus
1908 3712 2117 3781 spiritus

530 3802 623 3847 est.
651 3793 837 3866 Fugite
860 3796 1264 3865 fornicationem.
1305 3798 1467 3854 Omne
1488 3811 1747 3870 peccatum
1773 3802 2118 3872 quodcumque

530 3888 701 3957 fecerit
724 3887 896 3954 homo,
928 3903 1069 3945 extra
1094 3908 1279 3963 corpus
1303 3903 1375 3948 est
1400 3908 1419 3948 :
1441 3895 1530 3965 qui
1554 3905 1720 3948 autem
1741 3897 2038 3966 fornicatur,
2061 3899 2115 3954 in

428 3975 436 3980 ’
526 3992 712 4047 corpus
739 3996 883 4033 suum
908 3991 1099 4052 peccat.
1126 3982 1206 4036 An
1226 3984 1427 4038 nescitis
1446 3985 1682 4054 quoniam
1706 3985 1928 4040 membra
1953 3996 2115 4044 vestra

530 4072 773 4141 templum
800 4082 870 4127 est
901 4072 1125 4143 Spiritus
1152 4077 1334 4142 sancti,
1360 4076 1446 4147 qui
1477 4078 1527 4130 in
1558 4078 1694 4131 vobis
1719 4088 1813 4145 est,
1842 4096 1989 4149 quem
2015 4082 2111 4135 ha-

523 4164 648 4218 betis
669 4182 700 4216 a
730 4164 857 4229 Deo,
882 4176 927 4219 et
957 4184 1057 4220 non
1085 4169 1201 4221 estis
1226 4170 1373 4222 vestri
1394 4170 1419 4223 ?
1458 4168 1630 4238 Empti
1653 4172 1783 4223 enim
1809 4172 1927 4226 estis
1950 4175 2111 4244 pretio

520 4272 703 4326 magno
731 4272 749 4309 :
777 4256 1056 4327 giorificate
1093 4270 1140 4314 et
1184 4270 1379 4330 portate
1426 4262 1589 4316 Deum
1626 4263 1678 4317 in
1715 4280 1926 4335 corpore
1951 4276 2113 4323 vestro

518 4346 536 4415 (
558 4345 573 4397 l
601 4345 720 4400 Cor.
748 4362 818 4413 vl,
842 4349 1053 4420 11-20).
1073 4349 1148 4405 De
1169 4352 1346 4422 quibus
1360 4362 1525 4405 autem
1541 4356 1812 4423 scripsistis
1833 4357 1976 4424 mihi,
2000 4356 2109 4413 Bo-

517 4452 637 4490 num
662 4445 732 4490 est
752 4438 941 4493 homini
961 4441 1220 4497 mulierem
1245 4460 1347 4498 non
1382 4455 1584 4516 tangere
1611 4462 1629 4500 :
1659 4459 1864 4519 prapter
1884 4450 2105 4505 inconti-

514 4530 736 4585 nentiam
763 4541 929 4587 autem
949 4537 1285 4607 unusquisque
1300 4554 1505 4592 uxorem
1532 4540 1675 4592 suam
1694 4540 1890 4607 habeat,
1912 4551 1961 4596 et
1981 4559 2110 4597 una-

514 4637 722 4690 quaeque
743 4624 903 4677 virum
929 4641 1078 4679 suum
1115 4627 1311 4682 habeat.
1353 4627 1516 4684 Uxori
1550 4630 1626 4683 vir
1652 4629 1873 4685 debitum
1905 4632 2105 4699 reddat,

510 4714 739 4767 similiter
764 4724 931 4769 autem
955 4726 1002 4770 et
1026 4734 1153 4771 uxor
1174 4720 1299 4772 viro.
1324 4718 1510 4773 Mulier
1532 4721 1613 4773 sui
1633 4724 1857 4793 corporis
1883 4732 2106 4792 potesta-

517 4813 614 4857 tem
641 4823 739 4860 non
763 4808 927 4871 habet,
960 4809 1047 4863 sed
1067 4810 1139 4863 vir
1162 4826 1180 4863 :
1195 4811 1423 4865 similiter
1445 4819 1611 4865 autent
1636 4822 1681 4865 et
1697 4814 1773 4866 vir
1786 4814 1861 4867 sui
1880 4815 2105 4884 corporis

513 4906 802 4952 potestatem
818 4916 916 4953 non
930 4901 1094 4966 habet,
1114 4903 1201 4956 sed
1216 4904 1414 4956 mulier.
1433 4902 1607 4957 Nolite
1617 4905 1858 4974 fraudare
1868 4906 2103 4976 invicem,

515 4986 614 5040 nisi
635 4992 765 5058 forte
802 5007 864 5043 ex
891 5008 1136 5047 consensu
1168 4995 1236 5047 ad
1276 5003 1471 5065 tempus
1493 5036 1509 5061 ,
1539 5004 1594 5048 ut
1631 4997 1815 5050 vacetis
1839 4998 2057 5051 orationi
2083 5014 2104 5056 :

570 5102 588 5135 ⁸
613 5103 687 5153 sic
707 5103 820 5155 Bad.
844 5112 895 5155 et
914 5105 1137 5171 plerique
1152 5114 1259 5159 llss.
1285 5114 1340 5159 At
1360 5115 1433 5158 Er.
1458 5116 1571 5165 ιον.
1594 5116 1646 5161 et
1667 5118 1799 5173 Arn.,
1817 5108 2096 5177 perniciosa.

1042 343 1131 400 DE
1168 341 1469 401 MORIBUS
1508 337 1855 398 ECCLESl/E
1891 337 2323 409 CA'I‘HOLICA‘],
2365 341 2423 398 S.
2466 337 2832 399 AUGUSTINI
2874 340 3076 401 LIBER
3113 341 3380 403 PRIMUS.

3689 346 3832 404 ιω

2242 469 2287 512 et
2315 461 2493 516 iterum
2523 464 2826 520 revertimini
2847 464 2902 520 in
2928 464 3148 538 idipsum
3166 507 3182 532 ,
3223 484 3285 522 ne
3317 483 3402 522 vos
3438 474 3589 523 tentet
3615 478 3797 524 satana

2243 563 2446 625 propter
2468 555 2878 611 incontinentiam
2902 567 3135 613 vestram.
3165 558 3280 614 Hoc
3307 570 3476 615 autem
3509 561 3623 615 dico
3645 577 3830 617 secun-

2242 646 2363 700 dum
2393 648 2780 719 indulgentiam,
2813 667 2915 705 non
2947 652 3223 706 secundum
3249 652 3536 721 imperium.
3579 651 3703 708 Volo
3730 670 3830 709 au—

2241 749 2341 793 tem
2370 757 2540 795 omnes
2564 742 2789 797 homines
2828 760 2935 799 esse
2960 745 3088 800 sicut
3122 745 3367 817 meipsstm
3398 746 3531 813 ;sed
3554 749 3829 819 unusquis-

2240 846 2334 901 que
2363 834 2623 903 prOprium
2650 833 2799 888 habet
2836 834 3025 890 donum
3049 849 3111 892 επ
3138 836 3244 892 Deo
3269 878 3286 905 ,
3327 836 3460 893 alius
3491 838 3694 909 quidem
3717 840 3827 910 sic,

2240 922 2370 977 alius
2393 938 2507 977 vero
2533 924 2604 978 sic
2640 923 2801 997 (Ibid.
2832 940 2925 992 vn,
2958 927 3099 999 1-7).

2313 1016 2400 1073 79.
2432 1018 2642 1074 Satisne
2688 1019 2838 1075 vobis
2881 1020 3089 1077 videtur
3139 1021 3446 1093 Apostolus,
3496 1032 3552 1079 et
3593 1022 3823 1081 fortibus

2240 1109 2638 1167 demonstrasse
2652 1111 2779 1182 quid
2795 1128 3059 1168 summum
3083 1114 3173 1178 sit,
3187 1123 3241 1169 et
3257 1114 3692 1172 imbecillioribus
3707 1131 3829 1186 per-

2243 1204 2451 1260 misisse
2475 1203 2616 1274 quod
2649 1205 2947 1273 proximum
2985 1205 3107 1261 est?
3130 1206 3262 1261 Nam
3285 1222 3389 1261 non
3424 1206 3683 1278 attingere
3704 1223 3826 1262 mu-

2240 1295 2448 1360 lierem,
2473 1313 2737 1352 summum
2759 1298 2991 1353 ostendit
3014 1313 3153 1365 esse,
3176 1314 3297 1355 cum
3324 1300 3417 1367 ait,
3446 1298 3636 1354 Vellem
3656 1317 3827 1356 omnes

2244 1390 2468 1444 homines
2492 1407 2598 1445 esse
2623 1392 2751 1446 sicut
2778 1392 3041 1458 meipsutn.
3069 1392 3204 1447 Huic
3229 1399 3404 1447 autem
3447 1408 3658 1447 summo
3692 1408 3826 1448 con-

2237 1481 2431 1550 jugalis
2476 1482 2693 1536 castitas
2730 1483 2967 1551 proxima
3013 1492 3123 1550 est,
3168 1499 3235 1538 ne
3276 1482 3439 1538 homo
3481 1482 3827 1539 fornicatione

2239 1582 2496 1628 vastetur.
2527 1573 2790 1645 Numquid
2824 1584 3103 1644 prepterca
3127 1573 3258 1629 istos
3278 1574 3413 1629 dixit
3440 1574 3617 1629 adhuc
3643 1574 3826 1630 ﬁdeles

2238 1682 2345 1719 non
2371 1681 2490 1721 esse
2514 1705 2529 1731 ,
2571 1666 2694 1735 quia
2734 1666 3047 1737 coniugibus
3085 1665 3348 1720 utuntur?
3387 1665 3824 1735 Quandoquidem

2238 1756 2339 1811 hac
2368 1757 2611 1811 castitate
2640 1756 2890 1827 conjugii,
2916 1765 2971 1811 et
2997 1772 3063 1811 ex
3087 1771 3145 1811 se
3168 1756 3392 1812 invicem
3420 1756 3564 1826 ipsos
3586 1757 3674 1826 qui
3696 1771 3826 1811 con—

2232 1851 2399 1921 juncti
2444 1859 2588 1916 sunt,
2624 1850 2669 1904 si
2712 1850 2848 1923 alter
2885 1866 3069 1905 eorum
3116 1849 3274 1904 fuerit
3319 1848 3568 1913 inﬁdelis,
3615 1856 3670 1902 et
3704 1862 3825 1903 eam

2238 1959 2357 2014 qua:
2386 1944 2507 1998 inde
2534 1947 2769 1997 nascitur
2795 1943 2997 2013 prolem
3025 1942 3342 1997 sanetiﬁcari
3375 1941 3509 1995 dixit
3537 1960 3550 1994 :
3582 1940 3829 2009 Sanctiﬁ-

2236 2046 2378 2090 catus
2401 2046 2471 2090 est
2501 2036 2657 2100 enim,
2688 2036 2876 2106 inquit,
2908 2038 2981 2090 vir
3008 2035 3230 2105 infidelis
3258 2035 3311 2088 in
3336 2034 3545 2087 muliere
3569 2032 3739 2102 ﬁdeli,
3779 2040 3829 2087 et

2233 2129 2548 2197 sanctiﬁcata
2599 2137 2670 2182 est
2716 2126 2896 2181 mulier
2946 2126 3169 2196 infidelis
3214 2142 3302 2195 per
3354 2125 3517 2177 virum
3569 2124 3770 2189 ﬁdelem
3807 2137 3831 2179 :

2234 2218 2457 2289 alioquin
2486 2218 2582 2287 filii
2605 2218 2755 2272 vestri
2782 2218 3028 2271 immundi
3059 2225 3258 2282 essent;
3287 2232 3419 2269 nunc
3458 2224 3627 2268 autem
3670 2223 3831 2290 sanet,

2242 2321 2356 2362 sunt
2386 2309 2403 2381 (
2431 2308 2565 2362 Ibid.
2596 2309 2702 2379 14).
2734 2308 2870 2376 Quid
2897 2309 3203 2381 obstrepitis
3234 2308 3523 2377 pertinacia
3554 2316 3714 2362 tanta:
3738 2322 3832 2363 ve-

2239 2402 2423 2455 ritati?
2465 2400 2590 2472 quid
2632 2402 2801 2457 lucem
2828 2401 3219 2471 Scripturarum
3250 2401 3399 2455 vanis
3426 2399 3627 2455 umbris
3651 2399 3830 2455 obnu-

2236 2495 2403 2550 bilare
2434 2496 2700 2550 conamini
2722 2495 2746 2549 τ

2302 2609 2389 2664 80.
2417 2608 2592 2665 Nolite
2612 2608 2723 2680 jam
2752 2609 2950 2676 dicere,
2976 2609 3376 2667 catechumenis
3404 2608 3565 2666 licere
3591 2609 3666 2665 uti
3691 2623 3827 2666 eon-

2228 2706 2462 2775 jngibus,
2497 2704 2739 2759 ﬁdelibus
2768 2713 2944 2759 autem
2974 2719 3080 2759 non
3112 2704 3311 2768 licere;
3339 2703 3734 2759 catechumenis
3761 2702 3830 2758 Ii-

2229 2811 2350 2850 cere
2396 2794 2592 2849 habere
2628 2796 2930 2866 pecuniam,
2981 2795 3223 2849 ﬁdelibus
3265 2802 3443 2849 autem
3487 2809 3593 2848 non
3640 2792 3822 2848 licere.

2230 2887 2362 2941 Nam
2390 2898 2443 2943 et
2472 2888 2620 2941 multi
2652 2896 2775 2942 sunt
2803 2888 2891 2957 qui
2920 2895 3137 2942 utuntur
3166 2898 3412 2956 tanquam
3457 2901 3563 2939 non
3594 2891 3821 2939 utentes.

2232 2980 2296 3034 Et
2327 2980 2420 3034 illo
2465 2987 2803 3035 sacrosancto
2834 2979 3045 3033 lavacro
3090 2977 3367 3033 inchoatur
3404 2976 3672 3031 innovatio
3698 2974 3821 3029 novi

2231 3072 2461 3126 hominis
2481 3112 2495 3135 ,
2529 3079 2586 3125 ut
2612 3070 2936 3141 proﬁcientia
2961 3070 3262 3139 perﬁciatur
3285 3110 3301 3135 ,
3332 3069 3383 3122 in
3410 3067 3528 3122 aliis
3554 3068 3734 3129 citius,
3762 3065 3819 3120 in

2229 3164 2346 3217 aliis
2394 3162 2597 3217 tardius
2631 3180 2644 3215 :
2674 3177 2704 3216 a
2732 3162 2916 3217 multis
2963 3172 3137 3216 tamen
3186 3158 3489 3230 proceditur
3533 3158 3583 3212 in
3629 3171 3821 3212 novam

2228 3259 2419 3325 vitam,
2451 3257 2494 3312 si
2517 3256 2794 3327 quisquam
2820 3270 2924 3310 non
2954 3254 3188 3315 inimice.
3220 3252 3316 3307 sed
3344 3250 3625 3321 diligenter
3649 3250 3824 3305 inten-

2227 3350 2337 3404 dat.
2362 3349 2479 3419 Ipse
2499 3348 2714 3418 quippe,
2740 3348 2876 3405 sicut
2898 3347 2973 3400 ait
2997 3343 3304 3415 Apostolus,
3328 3343 3421 3396 etsi
3440 3342 3655 3397 metior
3668 3341 3819 3395 homo

2227 3453 2394 3497 noster
2428 3440 2766 3510 corrumpitur
2794 3481 2809 3505 ,
2853 3438 2941 3493 sed
2981 3437 3188 3490 interior
3227 3443 3500 3489 renovatur
3541 3431 3605 3486 de
3647 3432 3728 3485 die
3765 3430 3820 3485 its

2227 3537 2359 3590 diem
2387 3533 2455 3608 (II
2490 3533 2607 3587 Cor.
2642 3550 2692 3587 tv
2714 3573 2729 3597 ,
2762 3530 2871 3599 16).
2901 3528 3189 3600 Apostolus
3217 3527 3285 3582 de
3312 3526 3399 3581 die
3426 3524 3479 3579 in
3507 3523 3648 3579 diem
3677 3523 3817 3579 inte-

2225 3631 2422 3684 riorem
2453 3627 2721 3681 hominem
2760 3624 3004 3680 renovari
3030 3622 3156 3677 dicit
3184 3632 3244 3676 ut
3272 3618 3605 3690 perﬁciatur,
3632 3626 3690 3672 et
3718 3630 3818 3671 vos

2223 3735 2255 3776 a
2298 3718 2625 3792 perfectione
2668 3718 2829 3772 vultis
2878 3715 3111 3784 incipiat.
3169 3710 3317 3779 Quod
3361 3710 3561 3764 utinam
3598 3707 3813 3762 velitis:

2225 3812 2320 3867 sed
2350 3812 2587 3882 quaaritis
2616 3812 2811 3879 potius,
2846 3825 2950 3864 non
2980 3807 3120 3861 unde
3147 3802 3359 3874 erigatis
3389 3800 3647 3855 invalidos
3668 3840 3683 3866 ,
3716 3797 3815 3855 sed

2224 3906 2362 3961 unde
2391 3904 2584 3959 fallatis
2626 3903 2888 3957 incautos.
2932 3900 3045 3955 Hoc
3071 3898 3213 3953 enim
3245 3909 3351 3949 non
3380 3891 3640 3947 debuistis
3668 3898 3813 3947 tanta

2221 3998 2403 4053 dicere
2440 3995 2696 4061 audacia,
2742 4007 2844 4047 nec
2894 3992 2938 4046 si
2988 4004 3081 4044 vos
3123 3989 3176 4042 in
3224 3985 3303 4040 eis
3352 3983 3482 4054 ipsis
3526 3980 3812 4052 nugatoriis

2220 4087 2483 4145 mandatis
2509 4086 2698 4140 vestris
2735 4083 3000 4153 perfectos
3036 4094 3154 4135 esse
3189 4082 3479 4133 constaret.
3515 4072 3651 4127 Cum
3682 4085 3811 4125 vero

2220 4184 2429 4239 noverit
2452 4188 2626 4235 vestra
2653 4176 2975 4233 conscientia
3003 4188 3097 4229 eos
3121 4185 3254 4242 quos
3279 4169 3332 4223 in
3355 4175 3555 4222 sectam
3577 4172 3807 4219 vestram

2218 4272 2581 4338 introducitis,
2620 4286 2743 4325 cum
2780 4267 2932 4321 vobis
2972 4262 3285 4320 familiarius
3313 4258 3462 4330 jungi
3505 4255 3804 4326 coeperint,

2216 4371 2381 4427 multa
2413 4369 2720 4423 inventuros
2744 4378 2861 4433 qua:
2888 4360 2939 4415 in
2971 4356 3122 4414 vobis
3144 4368 3293 4420 esse,
3325 4366 3448 4407 cum
3485 4349 3615 4403 alios
3642 4360 3805 4401 accu-

2216 4464 2407 4520 saretis
2430 4503 2447 4529 ,
2487 4474 2646 4515 nemo
2686 4453 3085 4527 suspicabatur;
3128 4463 3250 4519 qua:
3292 4454 3433 4500 tanta
3478 4438 3802 4510 impudentia

2213 4745 2352 4819 apud
2392 4752 2444 4798 te
2471 4742 2537 4795 iis
2564 4752 2699 4809 quos
2726 4734 2983 4791 averteris
3016 4725 3312 4822 exhibere?
3474 4737 3543 4776 ne
3577 4717 3799 4822 qulid.in

2211 4811 2308 4895 vos
2354 4846 2553 4891 temere
2592 4832 2701 4901 jam
2745 4829 3020 4883 videamur
3052 4820 3360 4893 effundere,
3406 4817 3506 4872 iste
3546 4814 3616 4868 sit
3643 4811 3798 4880 hujus

2214 4928 2498 4985 voluminis
2549 4922 2776 4985 modus,
2835 4926 2895 4972 ut
2944 4915 3012 4970 ad
3064 4906 3479 4969 demonstranda
3534 4909 3797 4973 praecepta

2211 5023 2331 5076 vitae
2370 5025 2596 5081 vestra),
2648 5024 2932 5081 moresque
2968 5001 3344 5062 memorabiles
3378 4994 3663 5067 aliquando
3700 5005 3796 5046 ve-

2208 5118 2435 5173 niamus.

2054 5374 2282 5531 ἓξ
