4138 6364
355 355 494 415 tus

868 357 958 413 DE
994 356 1287 419 MORIBUS
1322 355 1844 413 MANICHEORUM
1870 399 1883 423 ,
1924 357 1983 413 S.
2023 355 2392 414 AUGUSTINI
2433 355 2631 411 LIBER
2669 358 3048 421 SECUNDUS.

3502 352 3641 429 i546

1284 501 1771 609 LIBER
1852 497 2699 613 SECUNDUS.

1487 664 1575 719 DE
1612 661 1913 719 MORIBUS
1949 662 2495 721 MANICHA'ZORUM.

409 766 459 809 tn
478 770 577 822 quo
593 757 804 829 refutata
821 755 1087 829 diligenter
1110 756 1284 829 horum
1313 756 1653 829 hereticorum
1672 752 1988 829 _de
2008 754 2201 829 W06
2224 763 2281 829 e_t_
2290 763 2463 829 namra
2482 756 2593 806 mali
2606 790 2623 817 ,
2644 760 2957 829 excutiuntur
2975 763 3066 811 tria
3086 762 3167 829 illa
3183 765 3309 824 oris,
3330 778 3555 829 manuum
3578 768 3631 819 et

348 818 511 885 sinus,
530 834 641 885 qua:
659 821 750 883 ipsi
769 819 999 885 inimpiis
1014 819 1351 885 suis
1370 818 1691 885 praedicabant
1707 818 1746 867 si

1959 818 2411 894 1_e_t‘_st_tperstitiosa
2432 831 2601 869 eorum
2620 821 2911 872 abstinentia
2940 827 3266 890 mysteriaque
3284 818 3492 879 iactanda
3508 818 3626 894 sug-

347 876 594 947 gillantu‘r.
617 876 920 931 Postmoduui
935 879 1161 930 nonnulla
1181 880 1229 929 in
1248 880 1309 929 iis
1323 876 1632 943 deprehensa
1649 876 1831 941 flagitia
1848 876 2148 928 referuntur.

348 966 573 1023 CAPUT
611 963 899 1021 PRIMUM.
922 991 986 1005 -—
1017 962 1285 1018 Summum
1304 963 1487 1020 bonum
1508 972 1577 1017 est
1597 962 1651 1016 id
1694 961 1775 1015 cui
1804 977 1941 1016 com-

897 1058 1017 1126 petit
1044 1072 1235 1111 summe
1256 1072 1381 1113 esse.
1570 1128 1573 1131 Δ

420 1149 472 1203 1.
494 1147 633 1202 Nulli
650 1162 768 1203 esse
792 1146 1008 1201 dubium
1039 1147 1288 1215 arbitror,
1310 1162 1430 1203 cum
1455 1146 1524 1202 de
1560 1144 1716 1201 bonis
1740 1152 1795 1201 et
1824 1159 1939 1201 ma-

350 1240 416 1297 lis
437 1242 712 1312 qumritur,
736 1239 837 1294 hoc
857 1255 1023 1310 genus
1049 1241 1359 1319 qumstionis
1384 1240 1454 1294 ad
1486 1238 1744 1295 moralem
1774 1238 1937 1309 perti-

350 1348 479 1389 nere
496 1332 849 1402 disciplinam,
876 1332 926 1385 in
947 1347 1049 1401 qua
1066 1331 1169 1387 isto
1184 1346 1431 1386 sermone
1446 1329 1940 1399 versamur.Quam-

350 1422 530 1477 obrem
576 1422 767 1477 vellem
789 1421 1024 1492 quidem,
1049 1430 1106 1474 ut
1127 1429 1233 1475 tam
1260 1435 1502 1477 serenam
1549 1422 1743 1475 mentis
1766 1420 1937 1475 aciem

352 1512 594 1569 homines
623 1513 688 1568 ad
729 1512 844 1568 inec
893 1512 1255 1582 investiganda
1281 1511 1569 1579 deferrent,
1617 1523 1673 1566 ut
1719 1521 1939 1581 possent

349 1604 529 1660 videre
559 1603 689 1659 illud
715 1618 981 1659 summum
1015 1603 1234 1669 bonum,
1266 1618 1372 1674 quo
1400 1618 1506 1658 non
1538 1610 1622 1658 est
1650 1603 1936 1674 quidquam

352 1696 541 1750 melius
570 1703 661 1750 aut
688 1696 958 1766 superius,
989 1696 1074 1749 cui
1105 1695 1375 1749 rationalis
1396 1695 1570 1749 anima
1594 1709 1721 1764 pura
1741 1702 1796 1749 et
1817 1709 1937 1764 per-

351 1787 489 1841 fecta
518 1787 869 1857 subjungitur.
902 1788 1013 1843 lloc
1038 1788 1178 1843 enim
1208 1786 1476 1843 intellecto
1491 1796 1647 1857 atque
1674 1785 1931 1856 perfecto,

352 1879 512 1933 simul
542 1878 781 1933 viderent
822 1878 873 1933 id
901 1893 1022 1934 esse
1046 1878 1186 1949 quod
1214 1893 1421 1934 summe
1446 1893 1509 1932 ac
1536 1878 1789 1949 primitus
1812 1864 1933 1934 esse

354 1971 652 2027 rectissime
680 1971 893 2026 dicitur.
942 1972 1054 2027 Hoc
1079 1973 1222 2027 enim
1252 1972 1480 2027 maxime
1509 1987 1629 2027 esse
1650 1972 1935 2028 dicendum

352 2072 452 2128 est,
484 2063 623 2132 quod
644 2078 855 2134 semper
873 2062 1060 2118 eodem
1081 2062 1239 2117 modo
1264 2078 1385 2118 sese
1402 2062 1578 2130 habet,
1602 2062 1745 2133 quod
1764 2064 1935 2118 omni-

355 2155 514 2210 modo
531 2156 611 2209 sui
644 2156 819 2211 simile
839 2166 942 2221 est,
969 2156 1109 2227 quod
1141 2155 1285 2211 nulla
1311 2171 1373 2211 ex
1406 2165 1553 2227 parte
1578 2155 1846 2225 corrumpi
1873 2169 1937 2211 ac

352 2247 546 2303 mutari
580 2256 775 2319 potest.
803 2249 942 2318 quod
973 2264 1078 2303 non
1104 2249 1340 2317 subjacet
1378 2249 1622 2318 tempori,
1657 2248 1799 2318 quod
1832 2247 1931 2302 ali-

356 2346 438 2393 ter
472 2355 615 2395 nunc
639 2353 697 2395 se
720 2338 917 2395 habere
953 2355 1109 2410 quam
1152 2339 1379 2395 habebat
1405 2349 1581 2406 antea,
1609 2356 1712 2393 non
1741 2347 1931 2409 potest.

354 2429 411 2485 ld
435 2431 576 2486 enim
603 2441 686 2487 est
713 2431 853 2503 quod
884 2447 1005 2488 esse
1033 2432 1305 2487 verissime
1329 2433 1539 2487 dicitur.
1568 2433 1761 2488 Subest
1789 2434 1936 2489 enim

356 2522 479 2581 huic
529 2524 691 2579 verbo
737 2524 1003 2581 manentis
1049 2524 1188 2579 inse
1234 2533 1393 2594 atque
1436 2524 1937 2579 incommutabiliter

354 2628 475 2669 sese
516 2614 760 2670 habentis
807 2624 1008 2669 natura:
1058 2614 1393 2684 significatio.
1444 2614 1591 2668 Hanc
1634 2614 1767 2669 nihil
1793 2611 1935 2667 aliud

355 2721 513 2775 quam
545 2705 709 2761 Deum
754 2720 1037 2774 possumus
1064 2704 1266 2771 dicere,
1313 2704 1399 2759 cui
1426 2704 1471 2759 si
1502 2705 1824 2759 contrarium
1854 2719 1938 2757 re-

355 2806 438 2852 cte
466 2810 694 2866 quaeras,
727 2795 857 2851 nihil
885 2796 1101 2851 omnino
1126 2804 1227 2849 est.
1270 2795 1403 2849 Esse
1436 2795 1577 2849 enim
1607 2794 1933 2849 contrarium

357 2902 465 2943 non
494 2885 672 2952 habet,
706 2886 808 2941 nisi
847 2901 952 2941 non
979 2900 1117 2941 esse.
1146 2884 1301 2940 Nulla
1331 2893 1416 2941 est
1452 2900 1579 2954 ergo
1610 2885 1717 2940 Deo
1745 2894 1933 2939 natura

356 2977 640 3033 contraria.
667 2975 773 3032 Sed
790 2980 1036 3047 quoniam
1056 2974 1123 3029 ad
1144 2975 1258 3030 hinc
1273 2974 1676 3043 contemplanda
1698 2973 1934 3028 sauciam

359 3078 417 3125 et
442 3069 689 3125 hebetem
714 3069 1003 3140 nugatoriis
1029 3067 1366 3137 opinionibus
1391 3075 1448 3121 et
1472 3066 1726 3136 pravitate
1751 3066 1942 3120 volun-

359 3161 486 3216 tatis
503 3160 673 3216 aciem
693 3160 888 3215 mentis
907 3157 1180 3214 aﬁ‘erimus
1204 3174 1218 3223 ;
1247 3172 1523 3224 conemur,
1551 3164 1802 3225 quantum
1828 3170 1943 3224 pos-

357 3266 567 3320 sumus,
595 3252 662 3307 ad
688 3251 1127 3321 qualemcumque
1166 3258 1327 3304 tanta:
1363 3248 1441 3304 rei
1482 3249 1721 3302 notitiam
1747 3262 1941 3319 pervc-

358 3346 474 3401 nire
503 3344 823 3415 pedetentim
847 3352 1007 3412 atque
1034 3350 1206 3408 caute,
1238 3355 1344 3396 non
1372 3347 1430 3395 ut
1457 3338 1717 3406 videntes,
1757 3338 1851 3393 sed
1881 3344 1938 3392 ut

369 3437 641 3505 palpantes
667 3436 838 3491 solent
865 3447 1124 3504 quaerere.

358 3528 584 3584 CAPUT
622 3528 686 3585 ll.
712 3556 785 3568 —-
812 3524 1010 3579 Malum
1028 3524 1148 3594 quid
1169 3524 1253 3579 sit.
1278 3521 1480 3578 Malum
1506 3521 1683 3577 esseid
1709 3520 1842 3592 quod
1870 3531 1944 3577 est

431 3629 604 3675 contra
632 3629 865 3674 naturam
901 3618 1071 3671 dicunt
1110 3616 1364 3671 verissime
1392 3614 1685 3681 Manichaei,
1713 3613 1804 3669 sed
1827 3613 1944 3668 hinc

431 3712 731 3767 subvertitur
756 3725 930 3764 eorum
958 3708 1180 3763 utereris.

432 3805 488 3858 2.
516 3806 672 3873 Saepe
699 3814 857 3873 atque
884 3801 1019 3857 adeo
1049 3814 1185 3871 pene
1207 3813 1435 3869 semper,
1462 3796 1757 3864 Manichzei,
1783 3798 1852 3853 ab
1880 3798 1945 3854 iis

363 3896 555 3967 quibus
582 3894 831 3949 haaresim
858 3902 1087 3947 vestram
1117 3890 1435 3960 persuadere
1462 3889 1740 3954 molimini,
1767 3889 1945 3960 requi-

368 3986 485 4039 ritis
512 4002 642 4039 un
676 3984 747 4039 sit
773 3983 991 4038 malum.
1024 3982 1210 4036 Putate
1235 3996 1320 4035 me
1340 3994 1480 4034 nunc
1501 3980 1743 4050 primitus
1768 3980 1821 4033 in
1852 3995 1947 4036 vos

368 4076 658 4140 incidisse;
689 4075 967 4143 impetrem
1018 4071 1217 4141 aliquid
1255 4086 1286 4125 a
1340 4070 1514 4136 vobis,
1566 4070 1611 4125 si
1668 4070 1860 4139 placet,
1889 4079 1949 4125 ut

367 4172 526 4228 etiam
558 4183 653 4223 vos
689 4166 928 4237 deposita
975 4164 1241 4235 paulisper
1277 4163 1547 4233 opinione,
1572 4177 1672 4231 qua
1714 4176 1809 4215 vos
1846 4162 1949 4217 ista

370 4267 474 4320 scir
530 4260 841 4329 opinamini,
869 4273 983 4313 rem
1033 4266 1227 4311 tantam
1259 4270 1471 4311 mecum
1501 4264 1746 4323 tanquam
1790 4255 1950 4311 rudes

370 4344 626 4429 indagare
656 4350 889 4407 tentetis.
918 4346 1345 4403 Percunctamini
1376 4361 1460 4400 me
1483 4345 1623 4398 unde
1642 4344 1709 4398 sit
1729 4346 1945 4412 malum;

371 4452 427 4497 at
453 4461 550 4512 ego
570 4442 805 4498 vicissim
835 4448 1153 4512 percunctor
1182 4452 1275 4492 vos
1305 4435 1428 4506 quid
1452 4436 1518 4489 sit
1542 4435 1755 4488 malum.
1788 4432 1951 4504 Cujus

372 4543 454 4590 est
475 4532 671 4602 Justior
699 4527 1008 4603 inquisitio?
1033 4542 1290 4583 eorumne
1311 4525 1398 4597 qui
1424 4533 1669 4595 quaerunt
1695 4524 1834 4579 unde
1859 4524 1949 4593 sit,

373 4625 513 4697 quod
542 4624 671 4694 quid
710 4625 784 4678 sit
808 4625 1086 4695 ignorant;
1115 4637 1183 4677 an
1223 4619 1339 4689 ejus
1376 4618 1467 4689 qui
1496 4618 1642 4688 prius
1662 4625 1812 4688 putat
1833 4632 1954 4675 esse

372 4714 716 4786 quaerendum
744 4714 871 4784 quid
897 4713 986 4779 sit,
1016 4722 1073 4767 ut
1100 4727 1205 4767 non
1246 4710 1441 4780 ignota:
1468 4710 1546 4765 rei
1568 4709 1741 4781 (quod
1769 4710 1957 4765 absur-

372 4804 647 4859 dissimum
698 4802 809 4874 est)
836 4803 985 4872 origo
1025 4800 1337 4871 quaeratur?
1377 4800 1664 4856 Verissime
1715 4801 1889 4856 dicitis
1911 4801 1952 4853 ⁸.

375 4896 506 4963 Quis
536 4895 678 4949 enim
711 4894 779 4947 ita
797 4903 881 4949 est
901 4903 1078 4949 mente
1097 4907 1292 4957 caecus,
1322 4891 1413 4961 qui
1434 4908 1538 4946 non
1555 4892 1731 4946 videat
1761 4891 1812 4945 id
1838 4893 1954 4947 cui-

374 5001 478 5056 que
496 4985 677 5056 generi
701 4986 896 5038 malum
915 4998 1057 5049 esse,
1080 4981 1221 5053 quod
1239 4991 1425 5037 contra
1441 4982 1556 5051 ejus
1574 4992 1816 5036 naturam
1833 4982 1955 5037 est?

310 5068 313 5073 ’
378 5076 485 5131 Sed
512 5076 615 5130 hoc
656 5075 966 5141 constituto,
1011 5073 1269 5128 evertitur
1315 5070 1537 5126 haeresis
1564 5080 1739 5126 vestra
1766 5090 1781 5126 :
1808 5072 1953 5127 nulla

375 5168 517 5223 enim
558 5175 747 5223 natura
777 5167 993 5231 malum,
1038 5163 1086 5221 si
1120 5162 1263 5236 quod
1288 5171 1475 5219 contra
1502 5170 1745 5217 naturam
1773 5172 1873 5227 est,
1904 5162 1955 5218 id

375 5257 481 5316 erit
515 5257 736 5312 malum.
763 5254 874 5312 Vos
918 5263 1097 5310 autem
1116 5253 1353 5309 asseritis
1381 5252 1664 5325 quamdam
1710 5262 1953 5308 naturam

2045 970 2205 1032 atque
2232 962 2579 1019 substantiam
2610 966 2806 1021 malum
2835 984 2974 1023 esse.
3015 971 3232 1027 Accedit
3269 975 3427 1028 etiam
3469 977 3621 1041 illud,

2044 1054 2184 1124 quod
2211 1064 2393 1110 contra
2426 1065 2664 1112 naturam
2687 1060 2937 1131 quidquid
2962 1072 3064 1128 est,
3094 1065 3277 1134 utique
3306 1078 3506 1121 natura:
3526 1071 3618 1122 ad-

2044 1158 2303 1213 versatur,
2330 1156 2385 1203 et
2404 1164 2519 1204 eam
2542 1150 2801 1220 perimere
2828 1153 3029 1206 nititur.
3057 1154 3245 1209 Tendit
3267 1172 3392 1226 ergo
3414 1158 3462 1212 id
3486 1160 3621 1229 quod

2041 1244 2144 1303 est,
2176 1237 2352 1293 facere
2381 1249 2437 1294 ut
2466 1256 2569 1295 non
2614 1242 2683 1297 sit
2714 1280 2729 1295 .
2762 1242 2891 1298 Nam
2919 1253 2973 1297 et
3015 1245 3124 1315 ipsa
3159 1258 3343 1302 natura
3386 1251 3512 1303 nihil
3541 1261 3623 1306 est

2040 1326 2202 1395 aliud,
2235 1346 2392 1399 quam
2418 1331 2468 1385 id
2486 1332 2625 1402 quod
2656 1335 2962 1405 intelligitur
2983 1337 3033 1390 in
3074 1352 3170 1392 suo
3192 1356 3385 1409 genere
3428 1343 3624 1412 aliquid

2039 1433 2180 1474 esse.
2204 1417 2387 1491 Itaque
2411 1430 2470 1477 ut
2506 1438 2605 1478 nos
2624 1424 2730 1493 jam
2775 1440 2911 1480 novo
2957 1428 3168 1482 nomine
3198 1428 3265 1483 ab
3289 1446 3353 1484 eo
3378 1432 3514 1501 quod
3542 1444 3622 1489 est

2040 1524 2180 1577 esse,
2214 1527 2464 1567 vocamus
2489 1512 2794 1583 essentiam,
2838 1533 2994 1588 quam
3025 1520 3333 1589 plerumque
3364 1523 3616 1578 substan-

2042 1601 2169 1657 tiam
2196 1604 2356 1659 etiam
2395 1605 2730 1661 nominamus
2762 1624 2775 1661 :
2804 1607 2874 1663 ita
2916 1619 3120 1665 veteres
3147 1612 3233 1680 qui
3262 1612 3376 1666 haec
3405 1616 3618 1671 nomina

2042 1711 2150 1751 non
2170 1695 2455 1765 habebant,
2482 1714 2576 1768 pro
2602 1701 2832 1754 essentia
2859 1709 2912 1755 et
2940 1703 3229 1757 substantia
3252 1714 3490 1759 naturam
3523 1721 3617 1760 vo-

1948 1856 1991 1861 μ
2020 1786 2515 1857 palumbldipsum
2560 1803 2690 1860 ergo
2717 1790 2913 1844 malum
2940 1800 3042 1859 est,
3075 1793 3119 1847 si
3161 1802 3356 1866 praeter
3386 1797 3620 1865 pertina-

2037 1877 2173 1932 ciam
2216 1877 2387 1932 velitis
2433 1878 2988 1957 attenderebdeficere
3035 1884 3103 1937 ab
3143 1885 3375 1939 essentia
3399 1896 3451 1941 ct
3472 1886 3536 1941 ad
3569 1887 3620 1941 id

2038 1969 2259 2025 tendere
2287 1978 2342 2023 ut
2366 1986 2472 2024 non
2498 1971 2585 2025 sit.

2110 2060 2162 2114 ὃ.
2185 2058 2440 2126 Quocirca
2468 2076 2587 2114 cum
2630 2060 2679 2113 in
2708 2061 2978 2117 Catholica
3006 2062 3219 2129 dicitur,
3252 2067 3486 2119 omnium
3527 2084 3621 2121 na-

2040 2156 2276 2204 turarum
2316 2158 2474 2219 atque
2510 2150 2923 2206 substantiarum
2960 2168 3080 2208 esse
3115 2163 3385 2209 auctorem
3431 2156 3614 2223 Deum,

2038 2239 2197 2294 simul
2235 2240 2544 2311 intelligitur
2568 2241 2635 2296 ab
2662 2242 2740 2297 eis
2767 2243 2856 2312 qui
2890 2243 2990 2297 hoc
3036 2254 3256 2314 possunt
3302 2246 3614 2316 intelligere,

2038 2348 2144 2387 non
2169 2349 2289 2389 esse
2312 2336 2476 2391 Deum
2504 2344 2773 2391 auctorem
2803 2338 2945 2391 mali.
2978 2338 3255 2406 Quomodo
3275 2341 3415 2394 enim
3444 2349 3620 2411 potest

2038 2425 2130 2481 ille
2151 2467 2166 2493 ,
2198 2428 2287 2497 qui
2318 2429 2553 2482 omnium
2584 2444 2701 2499 qua:
2725 2439 2869 2497 sunt,
2897 2446 3055 2484 causa
3091 2440 3173 2486 est
3216 2440 3273 2485 ut
3297 2431 3419 2497 sint,
3460 2447 3615 2487 causa

2039 2533 2159 2573 esse
2200 2536 2383 2575 rursus
2433 2529 2487 2574 ut
2539 2536 2644 2575 non
2693 2522 2840 2588 sint,
2888 2522 2941 2576 id
2997 2534 3099 2589 est,
3160 2531 3217 2577 ut
3269 2524 3338 2579 ab
3384 2525 3617 2579 essentia

2040 2608 2289 2663 deficiant
2322 2618 2375 2665 et
2418 2611 2483 2666 ad
2510 2626 2615 2665 non
2666 2627 2785 2667 esse
2838 2613 3087 2668 tendant?
3120 2614 3261 2684 quod
3301 2616 3495 2670 malum
3527 2632 3617 2687 ge-

2041 2699 2219 2753 nerale
2264 2714 2383 2755 esse
2429 2701 2620 2755 clamat
2648 2702 2922 2757 verissima
2942 2704 3098 2757 ratio.
3146 2708 3215 2759 At
3244 2721 3368 2761 vero
3412 2706 3500 2761 illa
3528 2723 3618 2763 ve-

2040 2798 2150 2863 stra
2172 2804 2303 2859 gens
2340 2790 2487 2857 mali,
2514 2807 2669 2861 quam
2711 2792 2874 2846 vultis
2902 2808 3021 2847 esse
3074 2809 3338 2849 summum
3389 2796 3611 2863 malum,

2041 2882 2309 2950 quomodo
2328 2883 2429 2936 erit
2457 2892 2638 2937 contra
2667 2896 2931 2951 naturam,
2971 2884 3023 2939 id
3051 2894 3133 2940 est
3160 2896 3345 2942 contra
3368 2888 3618 2944 substan-

2043 2972 2190 3036 tiam,
2220 2987 2339 3027 cum
2369 2989 2485 3027 eam
2509 2984 2747 3029 naturam
2769 2985 2927 3045 atque
2966 2977 3312 3032 substantiam
3342 2994 3459 3037 esse
3480 2981 3621 3036 dica-

2043 3060 2149 3116 tis?
2172 3060 2231 3117 Si
2252 3063 2393 3116 enim
2419 3074 2602 3117 contra
2632 3080 2689 3119 se
2717 3064 2862 3129 facit,
2895 3066 3066 3134 ipsum
3092 3083 3213 3123 esse
3241 3068 3343 3124 sibi
3385 3069 3572 3125 adimit
3604 3090 3619 3127 :

2043 3150 2185 3221 quod
2213 3152 2255 3206 si
2284 3152 2581 3220 perfecerit,
2603 3167 2725 3207 tunc
2746 3154 2959 3209 demum
2979 3157 3250 3225 perveniet
3269 3158 3333 3212 ad
3355 3174 3622 3215 sunnnum

2045 3246 2261 3298 malum.
2286 3244 2399 3298 Non
2426 3254 2599 3299 autem
2626 3246 2882 3314 perficiet,
2900 3249 3021 3316 quia
3038 3263 3153 3301 eam
3174 3263 3280 3303 non
3302 3250 3462 3304 modo
3482 3266 3621 3318 esse,

2047 3350 2233 3390 verum
2254 3336 2412 3390 etiam
2440 3336 2813 3405 sempiternam
2834 3351 2954 3394 esse
2974 3338 3151 3392 vultis.
3184 3338 3300 3393 Non
3329 3349 3502 3409 potest
3525 3342 3624 3410 igi-

2046 3437 2132 3481 tur
2154 3441 2274 3482 esse
2297 3442 2562 3482 summum
2589 3428 2805 3496 malum,
2836 3429 2977 3500 quod
2999 3430 3307 3501 perhibetur
3340 3447 3462 3488 esse
3490 3435 3620 3489 sub-

2046 3517 2259 3572 stantia.

2122 3611 2174 3664 4.
2205 3608 2309 3665 Sed
2331 3609 2455 3680 quid
2482 3609 2712 3665 faciam?
2736 3610 2860 3667 Scio
2887 3612 3063 3681 plures
3108 3626 3229 3668 esse
3260 3614 3313 3670 in
3344 3614 3525 3682 vobis,
3549 3630 3620 3686 qu

2055 3700 2169 3755 hazc
2200 3701 2502 3771 intelligere
2530 3702 2747 3756 omnino
2789 3712 3070 3773 nequeant.
3108 3703 3233 3760 Scio
3276 3720 3463 3761 rursus
3502 3722 3625 3765 esse

2053 3792 2335 3863 quosdam,
2364 3792 2449 3863 qui
2470 3807 2770 3863 quanquam
2809 3794 2947 3848 bono
2974 3794 3183 3865 ingenio
3222 3803 3506 3865 utcumque
3528 3797 3630 3853 ista

2056 3884 2293 3949 videant,
2338 3885 2476 3939 mala
2522 3893 2697 3940 tamen
2742 3885 3032 3951 voluntate,
3077 3902 3178 3957 qua
3208 3887 3379 3955 ipsum
3421 3904 3632 3959 quoque

2057 3976 2328 4046 ingenium
2374 3978 2786 4045 suntamissuri,
2833 3978 3172 4049 pertinaciter
3197 3990 3372 4050 agant.
3404 3991 3456 4036 et
3480 3998 3629 4052 qua:-

2052 4078 2173 4124 rant
2198 4070 2369 4138 potius
2395 4070 2521 4139 quid
2551 4070 2803 4125 adversus
2824 4060 2920 4125 ista
2961 4071 3158 4137 dicant,
3183 4072 3324 4142 quod
3376 4074 3538 4128 tardis
3578 4083 3635 4130 et

2055 4162 2333 4217 imbecillis
2354 4162 2505 4218 facile
2533 4162 2921 4231 persuadeatur,
2946 4178 3103 4233 quam
3126 4179 3249 4219 vera
3268 4179 3387 4221 esse
3410 4181 3634 4221 consen-

2056 4252 2206 4305 tiant.
2230 4251 2344 4306 Non
2364 4268 2447 4306 me
2467 4263 2639 4307 tamen
2663 4254 2935 4323 scripsisse
2956 4254 3233 4324 pmnitebit
3249 4254 3388 4325 quod
3403 4258 3624 4326 autquis

2056 4356 2215 4411 quam
2239 4340 2291 4395 in
2328 4342 2476 4395 vobis
2504 4343 2712 4395 tandem
2742 4358 2843 4396 non
2874 4344 3053 4414 iniquo
3076 4344 3276 4414 judicio
3299 4345 3620 4410 consideret,

2059 4441 2403 4501 vestrumque
2427 4432 2685 4502 relinquat
2708 4448 2978 4497 errorem;
3011 4444 3099 4488 aut
3123 4435 3262 4504 quod
3284 4436 3541 4506 ingeniosi
3581 4446 3635 4492 et

2060 4522 2169 4576 Deo
2194 4521 2414 4588 subditi,
2443 4530 2602 4592 atque
2626 4522 2800 4577 adhuc
2819 4523 2886 4577 ab
2905 4523 3081 4579 studio
3108 4533 3288 4581 vestro
3308 4526 3496 4597 integri
3514 4542 3637 4583 cum

2059 4611 2304 4681 legerint,
2336 4627 2440 4666 non
2468 4613 2676 4682 possint
2699 4614 2890 4669 vestris
2914 4615 3247 4672 sermonibus
3275 4615 3469 4688 decipi.

2061 4700 2288 4758 CAPUT
2325 4701 2412 4757 Ill.
2434 4733 2507 4743 —
2530 4702 2583 4755 Μ
2590 4704 2729 4757 alunt
2761 4705 2805 4758 si
2828 4704 3067 4774 deﬁnitur
3088 4706 3142 4760 id
3166 4723 3273 4761 esse
3298 4708 3437 4778 quod
3460 4718 3621 4775 nocet,

2345 4811 2408 4850 ea:
2431 4796 2525 4849 hoc
2552 4813 2725 4851 rursus
2747 4795 3020 4853 Manichrei
3043 4799 3379 4853 revincuntur.

2132 4886 2187 4942 5.
2215 4886 2525 4955 Quaaramus
2544 4902 2671 4957 ergo
2694 4889 2792 4942 ista
2817 4888 3141 4959 diligentius,
3164 4899 3218 4945 et
3242 4902 3495 4959 quantum
3517 4891 3631 4947 fieri

2063 4987 2257 5049 potest,
2298 4979 2523 5049 planius.
2562 4979 2889 5035 Percunctor
2914 4997 3009 5037 vos
3035 4981 3226 5036 iterum
3265 4982 3390 5052 quid
3426 4984 3501 5041 sit
3527 5000 3640 5039 ma-

2065 5068 2212 5123 lum?
2240 5070 2292 5124 Si
2318 5070 2579 5137 dixeritis,
2620 5069 2676 5123 ld
2702 5070 2843 5139 quod
2869 5080 3062 5136 nocet;
3090 5087 3261 5142 neque
3289 5072 3375 5127 hic
3413 5075 3638 5129 mentie-

2067 5163 2214 5216 mini.
2253 5162 2380 5230 Sed,
2412 5178 2625 5233 quaeso,
2665 5162 3100 5229 animadvertite;
3147 5179 3364 5235 quaeso,
3394 5165 3641 5236 vigilate;

2082 5268 2285 5322 quaeso,
2314 5253 2559 5323 deponite
2588 5253 2758 5307 studia
2787 5252 3034 5323 partium,
3056 5263 3112 5310 et
3137 5270 3343 5322 verum,
3373 5270 3481 5312 non
3524 5257 3645 5313 vin-

1574 5358 1835 5397 ADIONITIO
1865 5362 1941 5398 PP.
1972 5361 2397 5398 ιιηυιετιιςοιισιι.

435 5434 648 5499 Collatus
664 5440 743 5499 est
760 5431 911 5499 (liber
929 5432 997 5483 de
1634 5442 1743 5479 cum
1760 5436 1868 5480 llas.
1889 5430 2156 5499 _Sorbonicis
2172 5432 2345 5491 tribus,
2366 5432 2621 5499 Victorinis
2633 5432 2851 5494 totidem,
2864 5446 2974 5484 mm
2986 5436 3258 5499 naval-rice,
3291 5436 3645 5499 dit-bunum.

374 5496 679 5564 magnei
691 5528 708 5557 ,
722 5491 1149 5564 Regio-montani,
1165 5491 1631 5564 Qemmeticensi,
1647 5504 1745 5564 uno
1765 5504 1795 5541 e
1803 5493 1983 5564 majori
1997 5500 2241 5543 conventu
2260 5500 2341 5541 nn.
2364 5500 2442 5542 PP.
2464 5491 2876 5545 Franciscanorum
2895 5498 3038 5546 Paris.
3058 5510 3169 5546 cum
3186 5491 3475 5550 lectionibus
3490 5491 3646 5564 Belgi;

373 5571 542 5630 cuum
576 5553 935 5630 quinque'apnd
953 5561 1085 5614 Lov.,
1106 5561 1351 5630 postremo
1368 5565 1477 5602 etun
1498 5553 1952 5630 editionibus‘srfet
1968 5559 2076 5628 Loy.

456 5614 967 5700 Corriparaeiinus
993 5614 1294 5757 gestem:
1321 5633 1421 5677 ea:
1452 5633 1657 5676 omnes
1685 5616 1987 5677 editiones
2014 5615 2205 5678 initio
2235 5616 2780 5679 Retractationum
2850 5622 2915 5681 et
2964 5614 3457 5681 Confessionum
3515 5638 3643 5683 mc-

456 5710 674 5757 aratas.
1079 5738 1096 5756 .

379 5710 674 5762 moratas.

442 5803 457 5832 ι
481 5808 546 5850 tta
571 5801 617 5849 in
638 5800 872 5867 hactenus
893 5799 1054 5867 editis.
1068 5806 1124 5852 Αι
1144 5798 1195 5849 in
1215 5803 1324 5849 Ias.
1347 5805 1540 5862 septem
1555 5797 1823 5857 omittitur:
1844 5796 2095 5851 Verissime
2111 5796 2290 5861 dicitis;
2312 5800 2360 5847 in
2378 5796 2485 5847 aliis
2506 5806 2709 5863 quatuor
2732 5798 2937 5867 habetur
2958 5812 2968 5848 :
2988 5796 3037 5850 si
3053 5796 3226 5861 dicitis,
3251 5800 3378 5863 quod
3395 5807 3466 5857 est
3490 5813 3649 5859 comm

376 5871 614 5924 naturam,
637 5861 875 5917 uerissime
897 5859 1073 5917 dicitis.
