4138 6364
521 456 711 525 cendi,
753 453 847 511 sed
876 451 1175 510 inveniendi
1200 451 1365 524 gratia
1395 450 1633 523 quaerite.
1663 445 1931 520 Quidquid
1953 446 2096 503 enim

528 557 704 615 nocet,
736 548 876 603 bono
897 547 1071 617 aliquo
1092 547 1259 616 privat
1276 559 1391 599 eam
1420 557 1533 597 rent
1559 542 1645 597 cui
1668 550 1823 595 nocet
1856 556 1868 593 :
1902 552 2023 593 nam
2048 539 2099 591 si

523 643 726 698 nullum
754 642 951 698 bonum
975 640 1177 703 adimit,
1219 638 1348 692 nihil
1375 651 1592 706 prorsus
1628 643 1800 703 nocet.
1833 633 2099 703 Quid‘hoc

523 738 781 805 apertius,
806 734 1027 791 obsecro
1053 730 1184 787 vos?
1209 730 1336 801 qua
1357 730 1594 799 martius?
1617 728 1745 798 quid
1758 736 1867 785 tam
1890 724 2100 795 exposi-

527 835 641 881 tum
660 826 828 881 cuivis
849 823 1102 879 mediocri
1121 821 1455 886 intellecturi,
1482 821 1643 875 modo
1671 834 1781 874 non
1805 818 2099 888 pertinaci?

528 919 639 974 Hoc
665 927 839 973 autem
863 916 1051 987 posito,
1074 914 1425 984 videturjam,
1452 921 1509 967 ut
1534 913 1741 983 opinor,
1762 912 1883 979 quid
1912 925 2099 981 sequa-

529 1020 633 1066 tur.
662 1010 716 1064 In
750 1010 835 1064 illa
874 1007 1066 1079 quippe
1093 1015 1249 1077 gente
1277 1021 1432 1077 quam
1470 1020 1730 1058 summum
1763 1004 1955 1059 malum
1982 1016 2101 1057 esse

530 1098 887 1172 suSpicamini,
922 1098 1101 1155 noceri
1127 1098 1366 1167 cuiquam
1402 1097 1473 1151 rei
1506 1113 1608 1149 non
1638 1103 1831 1165 potest,
1856 1093 1943 1147 ubi
1969 1091 2103 1147 nihil

530 1203 611 1250 est
636 1192 778 1248 boni.
810 1189 962 1258 Quod
986 1190 1028 1243 si
1050 1189 1167 1244 duae
1204 1199 1403 1242 natura:
1425 1198 1563 1250 sunt,
1601 1197 1653 1239 ut
1680 1183 1983 1248 affirmatis,
2011 1198 2100 1238 re-

531 1301 690 1357 gnum
718 1283 871 1349 lucis,
894 1290 948 1338 et
973 1296 1191 1352 regnum
1212 1279 1546 1334 tenebrarum
1569 1296 1581 1342 ;
1610 1276 1854 1349 quoniam
1881 1290 2099 1345 regnum

534 1380 681 1445 lucis,
720 1376 882 1432 Deum
927 1390 1045 1430 esse
1072 1373 1329 1437 fatemini,
1364 1372 1444 1426 cui
1487 1371 1780 1441 simplicem
1819 1368 2100 1440 quamdam

532 1482 774 1526 naturam
804 1466 1117 1534 conceditis,
1159 1466 1229 1519 ita
1256 1475 1309 1518 ut
1333 1464 1401 1517 ibi
1434 1478 1535 1517 non
1568 1462 1637 1516 sit
1666 1462 1803 1514 aliud
1832 1461 1933 1513 alio
1956 1459 2104 1514 dete-

532 1565 639 1619 rius
666 1581 679 1618 :
709 1558 1061 1616 confiteamini
1091 1570 1308 1612 necesse
1333 1564 1433 1621 est,
1465 1553 1603 1624 quod
1625 1552 1965 1607 vehementer
1988 1550 2104 1621 qui-

531 1655 649 1711 dem
678 1662 759 1709 est
801 1652 1077 1707 adversum
1104 1665 1217 1715 vos,
1259 1648 1350 1702 sed
1378 1657 1552 1701 tamen
1584 1660 1801 1701 necesse
1825 1653 1908 1699 est
1933 1642 2101 1698 confi-

533 1746 766 1809 teamini,
801 1744 954 1799 istam
982 1750 1245 1806 naturam,
1278 1754 1435 1811 quam
1476 1752 1737 1791 summum
1770 1736 1964 1789 bonum
1996 1750 2100 1788 non

532 1839 689 1895 modo
719 1852 825 1892 non
850 1834 1073 1906 negatis,
1100 1831 1193 1888 sed
1227 1832 1385 1887 etiam
1416 1830 1761 1885 vehementer
1787 1827 2103 1898 persuadere

530 1929 811 1992 conamini,
835 1942 954 1982 esse
982 1924 1487 1981 incommutabilem.
1532 1931 1583 1975 et
1627 1919 2099 1992 impenetrabilem,

529 2035 583 2077 et
632 2000 1103 2090 incorruptibilem,
1154 2024 1209 2070 et
1248 2014 1601 2068 inviolabilem
1633 2030 1645 2064 :
1677 2028 1781 2066 non
1821 2012 1961 2065 enim
2004 2011 2104 2065 erit

530 2115 685 2169 aliter
706 2125 964 2167 summum
982 2108 1176 2162 bonum
1202 2122 1218 2173 ;
1247 2106 1299 2161 id
1321 2114 1403 2160 est
1427 2107 1567 2161 enim
1599 2119 1702 2175 quo
1724 2103 1853 2159 nihil
1880 2111 1959 2157 est
1987 2118 2103 2158 me-

532 2207 632 2260 lius
663 2224 677 2260 :
709 2202 797 2257 tali
822 2209 999 2255 autem
1030 2207 1231 2254 natura:
1256 2198 1435 2253 noceri
1472 2198 1613 2250 nullo
1637 2204 1791 2266 pacto
1818 2204 2007 2263 potest.
2036 2196 2105 2248 At

529 2296 573 2351 si
599 2308 807 2355 nocere,
831 2292 971 2347 bono
996 2290 1202 2366 privare
1230 2296 1333 2353 est,
1353 2288 1487 2341 sicut
1515 2288 1719 2341 ostendi
1747 2302 1760 2351 ;
1796 2286 1969 2340 noceri
2000 2302 2102 2338 non

532 2395 704 2458 potest
724 2400 885 2455 regno
915 2380 1274 2447 tenebrarum,
1299 2380 1417 2449 quia
1448 2379 1576 2432 nihil
1610 2378 1678 2431 ibi
1704 2378 1821 2432 boni
1852 2386 1969 2443 est;
2004 2393 2102 2430 no-

528 2480 637 2535 ceri
661 2493 763 2533 non
798 2483 970 2546 potest
1007 2488 1175 2544 regno
1198 2473 1349 2533 lucis,
1379 2473 1498 2544 quia
1542 2472 1849 2527 inviolabile
1872 2479 1989 2527 est:
2019 2470 2105 2527 cui

528 2573 686 2643 igitur
715 2568 924 2623 nocebit
946 2564 1089 2637 quod
1116 2565 1290 2619 dicitis
1320 2565 1513 2619 malum
1539 2566 1562 2619 ?

528 2660 752 2718 CAPUT
802 2658 888 2713 IV.
926 2686 995 2697 —
1031 2655 1163 2711 Boni
1215 2673 1306 2727 per
1350 2674 1406 2711 se
1442 2667 1489 2711 et
1532 2656 1919 2727 participatione
1959 2654 2105 2722 di/Te-

1220 2748 1399 2802 rentia.

600 2845 652 2902 6.
684 2846 1063 2915 Quamobrem,
1089 2860 1209 2901 cum
1245 2858 1338 2897 vos
1360 2840 1606 2911 expedire
1638 2838 1925 2909 nequeatis,
1963 2836 2107 2892 vide-

532 2945 584 2991 te
628 2952 785 3007 quam
826 2937 1071 3006 expedita
1106 2937 1176 2989 sit
1200 2933 1458 2990 sententia
1489 2930 1765 2986 catholicae
1792 2930 2104 2999 disciplinw,

528 3043 646 3098 quae
668 3027 807 3082 aliud
836 3028 959 3083 dicit
984 3027 1183 3083 bonum
1212 3024 1349 3097 quod
1378 3038 1582 3079 summe
1606 3038 1669 3078 ac
1710 3038 1803 3093 per
1831 3038 1888 3079 se
1909 3022 2105 3077 bonum

532 3128 637 3183 est,
682 3129 862 3174 etnon
904 3118 1307 3190 participatione
1337 3116 1560 3188 alicujus
1591 3116 1735 3183 boni,
1772 3117 1864 3171 sed
1894 3117 2105 3186 propria

531 3218 718 3269 natura
744 3213 759 3244 ί
782 3220 835 3267 ει
862 3210 1124 3277 essentia;
1168 3209 1308 3265 aliud
1339 3209 1475 3280 quod
1508 3208 1870 3279 participando
1907 3208 2105 3263 bonum

532 3312 587 3359 ει
608 3302 887 3369 habendo;
915 3301 1076 3357 habet
1113 3313 1287 3358 autem
1315 3301 1382 3359 de
1410 3301 1499 3355 illo
1527 3315 1736 3354 summo
1764 3298 1905 3354 bono
1926 3309 1982 3353 ut
2006 3299 2104 3354 bo-

532 3410 658 3449 num
684 3395 775 3462 sit,
792 3394 843 3451 in
868 3408 926 3449 se
947 3402 1121 3450 tamen
1143 3399 1389 3448 manente
1415 3391 1523 3455 illo,
1550 3389 1784 3461 nihilque
1804 3390 2099 3445 amittentc.

530 3486 643 3541 Hoc
670 3496 848 3541 autem
888 3486 1083 3540 bonum
1129 3485 1267 3554 quod
1307 3493 1487 3554 postea
1515 3480 1765 3547 diximus,
1799 3492 2095 3536 creaturam

530 3586 706 3646 vocat,
735 3578 821 3635 cui
848 3578 1028 3635 noceri
1051 3592 1143 3647 per
1159 3575 1429 3631 defectum
1453 3582 1626 3644 potest
1655 3590 1667 3626 :
1702 3572 1852 3642 cujus
1870 3572 2106 3625 defectus

532 3670 669 3727 Deus
697 3677 882 3726 auctor
898 3683 1002 3725 non
1040 3676 1144 3735 est,
1189 3668 1311 3738 quia
1346 3665 1625 3730 existendi,
1649 3674 1703 3720 et
1740 3674 1795 3719 ut
1830 3665 1902 3719 ita
1931 3664 2107 3719 dicam

533 3762 773 3831 esseudi,
797 3773 980 3820 auctor
1003 3770 1102 3816 est.
1122 3759 1198 3815 Ita
1226 3768 1274 3814 et
1303 3758 1499 3813 malum
1519 3757 1817 3813 ostenditur
1841 3755 2105 3827 quomodo

529 3853 768 3920 dicatur;
802 3870 905 3911 non
937 3854 1080 3910 enim
1129 3851 1419 3908 secundum
1458 3852 1764 3917 essentiam,
1792 3849 1885 3905 sed
1915 3864 2103 3905 secun—

530 3947 654 4004 dum
674 3948 1019 4018 privationem
1048 3945 1322 4001 verissime
1348 3944 1540 3998 dicitur
1570 3961 1583 3997 :
1615 3953 1670 3999 et
1694 3954 1877 3996 natura
1902 3943 1987 3997 cui
2015 3956 2107 3997 no-

531 4040 640 4097 ceri
671 4040 836 4111 possit
858 4044 1095 4108 apparet.
1125 4036 1237 4091 Non
1268 4036 1409 4092 enim
1440 4036 1550 4106 ipsa
1577 4043 1659 4090 est
1685 4050 1949 4089 summum
1981 4051 2095 4089 ma-

530 4131 662 4193 lum,
693 4131 775 4185 cui
802 4130 1001 4185 bonum
1038 4128 1287 4182 adimitur
1324 4144 1443 4182 eum
1468 4133 1721 4193 nocetur;
1754 4143 1925 4200 neque
1952 4144 2102 4184 sum-

533 4240 677 4281 mum
711 4223 925 4283 bonum.
968 4237 1086 4292 qua:
1113 4228 1390 4291 protitcrea
1415 4220 1693 4277 deﬁcerea
1730 4221 1871 4277 bono
1909 4232 2103 4293 potest,

528 4312 653 4385 quia
674 4328 777 4367 non
806 4311 1082 4366 existendo
1107 4311 1322 4375 bonum,
1362 4313 1453 4366 sed
1488 4311 1683 4367 bonum
1711 4312 1951 4369 habendo
1972 4313 2107 4369 dici-

532 4414 620 4459 tur
673 4403 829 4457 bona.
861 4402 1042 4473 Neque
1084 4403 1395 4458 naturaliter
1420 4404 1555 4457 bona
1581 4420 1665 4459 res
1690 4414 1791 4472 εει,
1837 4421 1955 4475 qum
1982 4422 2101 4461 cum

532 4493 671 4561 (aeta
700 4494 1113 4565 dicitur,utique
1139 4502 1194 4549 ut
1219 4495 1353 4549 bona
1383 4504 1524 4551 esset
1549 4497 1769 4566 accepit.
1796 4496 1870 4553 Ita
1894 4507 1948 4553 et
1968 4499 2105 4555 Deus

530 4601 801 4643 summum
814 4585 1007 4643 bonum
1025 4594 1125 4651 est,
1142 4596 1197 4641 et
1223 4602 1284 4641 ca
1301 4601 1419 4655 qua:
1439 4586 1581 4655 fecit,
1604 4588 1739 4645 bona
1761 4597 1881 4645 sunt
1904 4591 2103 4655 omnia,

538 4678 779 4749 quamvis
820 4692 927 4739 non
958 4678 1064 4739 sint
1098 4686 1203 4733 tam
1237 4678 1397 4740 bona.
1426 4695 1582 4749 quam
1611 4689 1694 4735 est
1736 4680 1823 4739 ille
1875 4681 1987 4751 ipse
2014 4683 2103 4753 qui

530 4766 674 4822 fecit.
710 4767 843 4835 Quis
887 4768 1030 4827 enim
1061 4768 1165 4823 hoc
1205 4775 1311 4831 tam
1342 4768 1561 4825 insanus
1600 4771 1759 4827 audet
1784 4772 2019 4842 exigere,
2052 4782 2107 4827 ut

530 4858 755 4931 aqualia
783 4859 889 4917 sint
908 4859 1099 4915 artifici
1119 4875 1303 4929 opera,
1331 4871 1385 4917 et
1411 4862 1623 4919 condita
1637 4864 1943 4921 conditori?
1970 4865 2106 4933 Quid

532 4950 759 5023 amplius
777 4950 1128 5007 desideratis?
1158 4953 1237 5009 An
1260 4953 1419 5008 etiam
1445 4954 1607 5013 vultis
1637 4955 1831 5024 aliquid
1857 4958 2107 5025 planius?

531 5039 756 5101 CAPUT
783 5041 846 5098 V.
869 5070 945 5084 —-
984 5042 1183 5097 Malum
1208 5046 1249 5099 si
1270 5045 1507 5113 deﬁnitur
1534 5061 1643 5100 esse
1686 5048 1961 5117 corruptio,
1993 5049 2110 5106 inde

761 5136 912 5191 etiam
934 5135 1165 5207 {mittitur
1186 5138 1415 5192 evertitur
1442 5138 1646 5195 illorum
1675 5140 1895 5195 Ita’rcsis.

607 5228 657 5289 7.
687 5226 933 5297 Quaeram
953 5244 1080 5298 ergo
1097 5231 1255 5287 tertio
1269 5230 1391 5299 quid
1419 5233 1489 5289 sit
1512 5233 1727 5287 malum.
1748 5234 2111 5305 Respondebi-

535 5322 603 5376 tis
633 5320 875 5387 fortasse,
899 5320 1200 5392 Corruptio.
1226 5323 1355 5389 Quis
1370 5333 1422 5378 et
1438 5324 1537 5378 hoc
1558 5328 1843 5395 negaverit,
1868 5329 2115 5397 generale

537 5411 737 5471 malum
762 5412 917 5473 esse?
942 5412 1077 5471 Nam
1113 5413 1217 5469 hoc
1252 5422 1335 5470 est
1369 5425 1553 5469 contra
1579 5425 1839 5484 naturam,
1866 5416 1971 5471 hoc
1996 5420 2111 5473 est'

537 5584 547 5593 .
592 5523 609 5554 ι
631 5521 797 5596 plures
816 5530 923 5596 uss.
948 5524 1117 5596 ἱειιιξεε
1138 5525 1388 5596 omittunt:
1407 5531 1460 5576 Et
1476 5538 1566 5576 non
1585 5526 1945 5592 participatione
1961 5529 2112 5581 alicu-

522 5588 605 5653 jus
628 5588 749 5640 Omtt',
775 5588 858 5635 sed
881 5588 1075 5653 propria
1093 5594 1283 5637 natura.
1586 5588 1593 5590 ⁷
1758 5588 1767 5592 ’

590 5646 611 5676 ⁸
633 5649 713 5721 uie
737 5658 800 5695 ex
822 5652 944 5721 βεδε.
981 5651 1311 5721 restituinnis,
1342 5649 1428 5699 hoc
1470 5656 1541 5699 est
1574 5663 1583 5673 '
1611 5664 1798 5701 necnon
1822 5654 1982 5721 infra,
2007 5666 2115 5719 post

522 5720 621 5823 $1
644 5715 713 5757 est
737 5707 932 5773 malum,
960 5722 1025 5761 ex
1050 5714 1108 5761 iis
1147 5713 1429 5775 adiecimus,
1452 5726 1543 5765 ttat:
1563 5722 1630 5762 est
1646 5752 1658 5775 ,
1686 5728 1795 5777 quae
1818 5717 1866 5765 in
1888 5707 2112 5770 Edd.'de-

1394 312 1485 368 ΒΕ
1521 310 1815 367 MURIBUS
1849 309 2398 369 MANICIIIEUIii‘ii.
2438 308 2499 364 S.
2536 318 2903 379 λυςυδτιΝι

3647 332 3785 392 1548

2202 445 2341 518 quod
2370 457 2545 506 nocet.
2572 448 2679 505 Sed
2701 452 2971 523 corruptio
2988 467 3094 510 non
3117 454 3264 511 estin
3289 455 3484 530 seipsa,
3501 458 3595 516 sed
3618 461 3669 515 in
3691 462 3788 516 ali-

2200 555 2309 611 qua
2336 543 2631 597 substantia
2655 559 2815 615 quam
2838 549 3131 619 corrumpit
3157 565 3297 604 :non
3327 552 3467 606 enim
3495 554 3786 610 substantia

2203 640 2291 686 εει
2309 631 2425 702 ipsa
2448 636 2738 704 corruptio.
2769 636 2844 690 Ea
2869 636 3026 708 igitur
3045 653 3131 693 res
3156 655 3310 710 quam
3336 645 3646 713 corrumpit,
3665 660 3788 700 cor-

2203 724 2378 791 ruptio
2396 738 2503 779 non
2532 734 2634 791 est,
2658 726 2854 782 malum
2892 742 3001 785 non
3032 738 3121 786 est
3141 730 3181 784 ί.
3208 731 3359 798 Quod
3385 734 3529 789 enim
3555 750 3789 792 eorrunr

2204 814 2365 884 pitur,
2412 815 2711 887 integritate
2750 826 2805 873 et
2842 820 3151 877 sinceritate
3188 825 3444 893 privatur.
3472 826 3626 893 Quod
3662 842 3793 900 ergo

2205 922 2311 961 non
2338 907 2497 963 habet
2536 910 2691 963 ullam
2721 911 3077 968 sinceritatem
3105 931 3206 985 qua
3234 918 3489 987 privetur,
3522 925 3789 994 corrumpi

2204 1013 2310 1052 non
2340 1007 2547 1069 potest;
2577 1002 2716 1071 quod
2746 1012 2921 1058 autem
2965 1004 3144 1073 habet,
3184 1007 3424 1076 profecto
3468 1012 3664 1067 bonum
3707 1026 3790 1071 est

2204 1092 2609 1161 participatione
2657 1094 3000 1150 sinceritatis.
3052 1097 3181 1152 Item
3227 1100 3368 1170 quod
3412 1105 3791 1175 corrumpitur,

2207 1182 2442 1252 profecto
2484 1186 2839 1254 pervertitur;
2872 1187 3013 1259 quod
3045 1198 3220 1244 autem
3245 1196 3586 1261 pervertitur,
3608 1198 3799 1254 ordine

2205 1274 2441 1343 privatur
2468 1293 2479 1327 :
2511 1275 2641 1329 ordo
2662 1286 2837 1332 autem
2860 1277 3057 1333 bonum
3080 1291 3179 1335 est.
3204 1280 3321 1336 Non
3341 1282 3498 1355 igitur
3513 1288 3656 1356 quod
3676 1303 3795 1344 cor-

2205 1367 2487 1437 rumpitur,
2516 1369 2656 1423 bono
2680 1381 2825 1425 caret
2857 1390 2869 1425 :
2914 1388 2978 1428 eo
3008 1390 3237 1446 namque
3276 1377 3391 1447 ipso
3419 1396 3523 1449 quo
3549 1397 3657 1435 non
3699 1398 3793 1439 ca-

2205 1466 2315 1525 ret,
2369 1459 2568 1514 viduari
2599 1461 2722 1515 dum
2752 1466 3109 1535 corrumpitur
3152 1478 3346 1535 potest.
3380 1468 3521 1525 Gens
3553 1487 3679 1542 ergo
3703 1473 3793 1528 illa

2206 1550 2562 1618 tenebrarum,
2583 1552 2628 1607 si
2646 1554 2787 1609 omni
2815 1556 2953 1609 bono
2973 1558 3206 1624 carebat,
3230 1566 3287 1611 ut
3303 1559 3497 1628 dicitis,
3518 1566 3791 1634 corrumpi

2206 1657 2311 1695 non
2340 1650 2580 1712 poterat:
2612 1660 2718 1699 non
2735 1646 2874 1701 enim
2906 1646 3136 1702 habebat
3156 1648 3296 1719 quod
3314 1650 3364 1705 ei
3386 1662 3561 1721 posset
3583 1655 3792 1710 auferre

2210 1736 2502 1804 corruptio,
2522 1752 2640 1807 quae
2664 1739 2706 1791 si
2736 1739 2864 1792 nihil
2888 1740 3110 1807 auferat,
3128 1757 3232 1796 non
3254 1746 3561 1814 corrumpit.
3590 1746 3795 1803 Audete

2200 1822 2309 1892 jam
2340 1823 2539 1892 dicere,
2570 1827 2612 1880 si
2643 1829 2885 1896 potestis,
2921 1830 3084 1885 Deum
3113 1841 3168 1886 et
3193 1832 3287 1887 Dei
3313 1849 3535 1904 regnum
3562 1839 3797 1906 potuisse

2206 1915 2499 1984 corrumpi,
2532 1916 2574 1969 si
2602 1916 2794 1972 diaboli
2818 1935 3037 1991 regnum
3056 1922 3211 1992 quale
3231 1923 3549 1995 describitis,
3568 1944 3795 1998 quomo-

2207 2006 2276 2061 do
2301 2010 2567 2079 corrumpi
2598 2022 2775 2080 posset
2801 2029 2907 2067 non
2934 2014 3205 2071 invenitis.

2208 2121 2430 2178 CAPUT
2472 2123 2558 2177 VI.
2588 2153 2661 2165 —-
2684 2126 2949 2196 Corruptio
2966 2145 3117 2199 quant
3137 2146 3242 2184 rem
3260 2132 3466 2201 προίει,
3488 2142 3536 2187 et
3564 2133 3685 2203 quid
3704 2135 3793 2189 sit.

2277 2233 2332 2288 8.
2354 2233 2491 2303 Quid
2504 2250 2632 2306 ergo
2653 2237 2775 2293 hinc
2794 2238 2883 2293 lux
2903 2240 3162 2296 catholica
3183 2244 3204 2274 ⁸
3226 2242 3392 2300 dicit?
3419 2244 3563 2313 Quid
3578 2248 3793 2316 putatis,

2208 2327 2309 2383 nisi
2331 2327 2385 2383 id
2403 2329 2544 2398 quod
2573 2330 2732 2386 habet
2758 2334 2973 2400 veritas,
2994 2338 3263 2405 corrumpi
3282 2350 3439 2406 posse
3455 2338 3645 2393 factam
3666 2341 3792 2395 suhv

2208 2420 2454 2474 stantiam
2488 2439 2504 2477 :
2533 2438 2653 2476 nam
2684 2432 2739 2478 et
2780 2424 2925 2479 illam
2964 2442 3068 2480 non
3110 2426 3320 2495 factam,
3364 2445 3482 2499 qua:
3523 2444 3793 2486 summum

2208 2510 2405 2566 bonum
2425 2522 2528 2579 est,
2563 2528 2685 2570 esse
2704 2515 3182 2585 incorruptibilem,
3211 2526 3269 2573 et
3291 2519 3459 2589 ipsam
3486 2523 3795 2591 corruptio-

2209 2619 2352 2684 nem,
2379 2620 2497 2676 qtae
2525 2622 2792 2663 summum
2831 2610 3026 2664 malum
3056 2622 3157 2677 est,
3184 2627 3288 2666 non
3309 2626 3471 2683 posse
3496 2615 3789 2684 corrumpi,

2210 2677 2303 2751 sed
2336 2697 2473 2751 hanc
2501 2712 2606 2753 non
2644 2714 2763 2755 esse
2800 2700 3191 2757 substantiam?
3228 2703 3284 2758 Si
3310 2677 3507 2760 autem
3553 2677 3794 2776 quaeritis

2210 2790 2335 2859 quid
2354 2790 2442 2857 sit,
2472 2791 2648 2846 videte
2686 2808 2795 2862 quo
2816 2803 3038 2849 conetur
3066 2796 3360 2865 perducere
3407 2814 3525 2868 quae
3549 2814 3797 2855 corrum-

2211 2882 2324 2950 pit?
2365 2895 2430 2936 ex
2480 2883 2656 2953 seipsa
2701 2885 2844 2940 enim
2894 2885 3057 2941 afﬁcit
3098 2902 3160 2942 ea
3198 2904 3319 2959 qua:
3360 2902 3790 2961 corrumpuntur.

2211 2974 2473 3030 Deficiunt
2500 2986 2677 3031 autem
2694 2978 2868 3032 omnia
2904 2993 3001 3048 per
3026 2982 3423 3051 corruptionem
3462 2982 3529 3036 ab
3565 2998 3631 3037 eo
3653 2984 3795 3054 quod

2211 3076 2379 3133 erant,
2409 3076 2462 3121 et
2488 3083 2594 3122 non
2609 3084 2921 3140 permanere
2935 3080 3213 3141 coguntur,
3236 3087 3343 3127 non
3367 3088 3489 3129 esse
3509 3084 3792 3144 coguntur.

2212 3158 2345 3212 Esse
2374 3159 2513 3212 enim
2544 3159 2615 3213 ad
2638 3162 2960 3216 manendum
2989 3164 3235 3219 refertur.
3268 3163 3448 3236 Itaque
3472 3166 3613 3237 quod
3642 3182 3795 3221 sum-

2211 3263 2297 3302 me
2326 3257 2379 3303 et
2402 3251 2632 3304 maxime
2655 3253 3005 3317 essedicitur,
3026 3256 3393 3324 permanendo
3422 3257 3475 3310 in
3499 3246 3557 3311 se
3582 3257 3794 3313 dicitur.

2208 3339 2338 3395 Nam
2358 3340 2497 3410 quod
2527 3353 2760 3398 mutatur
2786 3345 2837 3397 in
2862 3347 3070 3412 melius,
3100 3362 3205 3401 non
3241 3348 3365 3417 quia
3394 3349 3639 3403 manebat
3672 3365 3795 3404 mu-

2210 3441 2370 3498 tatur,
2404 3434 2494 3488 sed
2518 3438 2637 3503 quia
2662 3440 3065 3505 pervertebatur
3088 3440 3141 3494 in
3163 3440 3335 3510 pejus,
3361 3441 3507 3497 idest
3528 3442 3595 3495 ab
3611 3457 3797 3497 essen-

2212 3526 2279 3579 tia
2307 3525 2583 3580 deficiehat
2608 3545 2621 3581 :
2646 3529 2797 3596 cujus
2816 3528 3130 3585 defectionis
3157 3541 3349 3587 auctor
3373 3549 3475 3587 non
3505 3535 3689 3602 estqui
3714 3545 3805 3590 est

2210 3627 2396 3672 auctor
2437 3621 2701 3674 essentiaa.
2736 3621 3004 3676 Mutantur
3025 3637 3152 3693 ergo
3176 3625 3417 3694 qnardam
3463 3626 3517 3680 in
3546 3627 3794 3695 meliora,

2210 3719 2265 3765 et
2287 3719 2564 3780 prepterea
2580 3713 2798 3768 tendunt
2824 3730 2942 3771 esse
2965 3730 3096 3771 :nec
3119 3716 3362 3771 dicuntur
3381 3717 3479 3771 ista
3500 3719 3798 3776 mutatione

2210 3805 2462 3874 perverti,
2495 3806 2587 3860 sed
2626 3808 2821 3860 reverti
2860 3816 3015 3878 atque
3045 3810 3300 3863 converti.
3345 3810 3627 3865 Perversio
3652 3810 3796 3867 enim

2211 3896 2477 3948 contraria
2498 3903 2580 3949 est
2606 3896 2944 3951 ordinationi.
2978 3898 3101 3953 "me
3114 3914 3243 3953 vero
3266 3913 3387 3969 quze
3406 3900 3631 3954 tendunt
3653 3914 3792 3967 esse,

2209 3984 2275 4039 ad
2301 3986 2541 4040 ordinem
2588 3986 2853 4041 tendunt:
2894 4003 3051 4057 quem
3079 4004 3200 4043 cum
3248 3988 3445 4043 fuerint
3491 3998 3794 4057 consecuta,

2212 4079 2384 4148 ipsum
2415 4093 2532 4133 esse
2555 4090 2972 4150 Consequuntnr,
3003 4090 3256 4150 quantum
3300 4081 3355 4137 id
3391 4092 3631 4136 creatura
3668 4098 3801 4137 con—

2210 4170 2359 4239 sequi
2386 4179 2579 4240 potest.
2613 4170 2757 4225 Ordo
2784 4175 2926 4226 enim
2956 4172 3021 4226 ad
3046 4172 3478 4228 convenientiam
3518 4172 3801 4243 quamdam

2209 4260 2351 4330 quod
2376 4261 2587 4316 ordinat
2611 4262 2820 4333 redigit.
2836 4262 2976 4317 Nihil
3002 4272 3085 4320 est
3112 4272 3291 4320 autem
3304 4280 3441 4329 esse,
3457 4281 3616 4336 quam
3636 4281 3802 4320 unum

2210 4367 2352 4407 esse.
2372 4351 2554 4422 Itaque
2571 4353 2622 4406 in
2642 4362 2897 4423 quantum
2918 4354 3151 4427 quidque
3177 4356 3437 4411 unitatem
3464 4356 3797 4425 adipiscitur,

2208 4444 2262 4499 in
2294 4453 2496 4498 tantum
2522 4444 2866 4501 est.Unitatis
2889 4454 2971 4501 est
2983 4445 3125 4501 enim
3146 4447 3406 4517 operatio,
3433 4446 3802 4502 convenientia

2210 4542 2264 4591 et
2281 4535 2585 4602 concordia,
2617 4551 2719 4606 qua
2750 4545 2875 4592 sunt
2894 4538 2948 4592 in
2985 4547 3240 4609 quantum
3264 4547 3407 4605 sunt,
3432 4554 3491 4594 ea
3518 4554 3637 4609 quae
3655 4522 3805 4593 50m-

2210 4627 2380 4698 posita
2429 4635 2554 4681 sunt
2598 4644 2612 4681 :
2655 4630 3067 4702 nam'simplieia
3109 4645 3207 4701 per
3246 4644 3306 4685 se
3342 4640 3488 4699 sunt,
3534 4631 3655 4702 quia
3697 4644 3806 4686 una

2212 4726 2364 4784 sunt;
2404 4733 2523 4789 quae
2558 4726 2734 4773 autem
2765 4734 2869 4774 non
2900 4729 3026 4775 sunt
3052 4722 3336 4792 simplicia,
3370 4722 3652 4777 concordia
3677 4736 3807 4792 par-

2212 4808 2343 4864 tium
2374 4809 2648 4865 imitantur
2666 4811 2946 4877 unitatem,
2969 4820 3023 4868 et
3043 4813 3095 4868 in
3119 4821 3322 4868 tantum
3335 4814 3524 4867 suntin
3548 4822 3807 4884 quantum

2211 4910 2585 4971 assequuntur.
2628 4900 2803 4969 Quare
2830 4902 3095 4958 ordinatio
3132 4917 3252 4959 esse
3288 4905 3448 4976 cogit,
3488 4904 3817 4985 iuordinatior

2215 5007 2343 5047 vero
2369 5006 2477 5047 non
2503 5007 2654 5060 esse;
2684 5010 2802 5065 qua:
2830 4996 3101 5065 perversio
3125 4996 3284 5051 etiam
3315 4998 3620 5052 nominatur
3646 5006 3808 5068 atque

2216 5085 2507 5153 corruptio.
2540 5084 2805 5154 Quidquid
2834 5085 2997 5157 igitur
3025 5089 3403 5157 corrumpitur,
3443 5104 3509 5143 eo
3547 5088 3716 5144 tendit
3748 5096 3811 5142 ut

2218 5191 2329 5230 non
2353 5178 2440 5231 sit.
2471 5175 2589 5232 1am
2622 5188 2857 5233 vestrum
2884 5186 2971 5234 est
2994 5181 3336 5236 considerare
3363 5196 3469 5252 quo
3500 5191 3654 5253 cogat
3681 5194 3806 5237 cor-

2217 5268 2414 5337 ruptio,
2442 5277 2498 5321 nt
2520 5268 2733 5337 possitis
2760 5270 3013 5326 invenire
3032 5286 3299 5327 summum
3335 5274 3572 5329 malum:
3604 5289 3729 5329 nam
3752 5273 3807 5331 id

2220 5368 2302 5412 est
2321 5375 2425 5429 quo
2446 5362 2715 5431 corruptio
2742 5362 3029 5431 perducere
3058 5364 3259 5419 nititur.

2268 5474 2293 5549 ι
2464 5474 2706 5549 r5.Lugd.
2727 5482 2847 5525 ven.
2858 5483 2975 5528 Low.
2985 5478 3180 5549 omissis
3192 5479 3478 5549 verbtstﬂlm
3497 5485 3591 5538 δαν
3605 5480 3675 5531 ίιι
3687 5478 3813 5549 1⁸8⁵·

2221 5541 2296 5606 tur
2320 5546 2413 5606 ψη
2432 5541 2579 5603 φαεν
2592 5548 2669 5606 τςέδ
2689 5550 2832 5599 quam
2844 5541 3108 5604 corrumpit
3130 5541 3388 5606 corruptio,
3410 5554 3505 5593 nm
3523 5549 3593 5595 at
3609 5541 3813 5597 metui.

2220 5596 2775 5739 ‘écrqo
2813 5663 2914 5735 lux.
2933 5660 3169 5715 catholica
3196 5662 3219 5714 ?
3252 5672 3476 5739 Mssasex.
3502 5680 3513 5715 :
3540 5664 3663 5727 Quid
3700 5679 3819 5739 ergo

2381 5720 2640 5773 catholica.
2695 5720 2777 5771 Alii
2835 5726 3051 5801 quinque
3106 5736 3319 5777 nostram
3364 5720 3625 5779 lectionem
3666 5720 3813 5779 exh":-

2257 5797 2357 5834 en...

2257 5794 2357 5836 ent.
3035 5797 3038 5801 ’
