4138 6364
327 427 467 486 1549

326 539 557 602 CAPUT
572 536 684 592 VII.
712 562 781 575 -—
804 530 901 585 Dei
926 527 1120 583 bonitas
1145 539 1245 579 non
1272 520 1392 577 sinit
1422 534 1527 574 rem
1559 517 1720 571 ullam
1742 528 1908 567 corru-

349 645 357 653 ‘
400 638 569 709 ptime
590 647 646 686 eo
668 624 876 700 perduci
896 632 951 677 ut
972 637 1074 675 non
1099 619 1182 673 sit.
1202 616 1388 672 Creare
1407 622 1452 667 et
1479 610 1688 665 condere
1701 623 1799 678 quo
1815 605 1913 675 dif-

621 795 715 852 Dei
736 792 947 849 bonitas
963 802 1028 843 eo
1053 800 1169 843 rem
1188 780 1399 853 perduci
1427 792 1534 831 non
1554 773 1704 838 sinit,
1732 778 1783 824 ct
1798 783 1910 823 om-

336 898 427 953 nia
455 886 761 949 deficientia
785 882 865 938 sic
890 880 1119 945 ordinat,
1138 884 1197 931 ut
1224 874 1293 929 ibi
1321 872 1428 928 sint
1452 870 1536 923 ubi
1558 860 1913 934 congruentis-

333 990 468 1045 sime
495 982 700 1054 possint
723 991 867 1040 esse,
898 973 1070 1029 donec
1106 965 1363 1022 ordinatis
1388 960 1617 1054 motibus
1640 955 1705 1054 ad
1746 953 1797 1007 id
1831 966 1915 1008 re-

330 1048 550 1139 currant
578 1071 721 1127 unde
745 1066 1058 1127 defecerunt
1079 1060 1178 1133 (a).
1208 1056 1389 1127 Itaque
1414 1053 1573 1107 etiam
1603 1048 1806 1101 animas
1827 1058 1913 1139 ra-

331 1136 576 1231 tionales,
611 1166 668 1221 in
696 1161 889 1232 quibus
930 1165 1013 1213 est
1051 1148 1475 1224 potentissimum
1515 1144 1737 1197 liberum
1774 1136 1916 1232 arbi-

334 1230 847 1325 trium‘,deﬁcientes
858 1266 884 1303 a
899 1250 1039 1314 se,in
1050 1242 1383 1300 inferioribus
1397 1244 1652 1292 creatura:
1672 1230 1918 1303 gradibus

336 1322 566 1416 ordinat,
590 1348 683 1407 ubi
700 1338 1156 1401 talesessedecet.
1182 1333 1337 1389 Fiunt
1367 1343 1493 1398 ergo
1520 1325 1724 1381 misera:
1743 1322 1919 1416 divino

334 1414 559 1517 judicio,
581 1433 1102 1496 dumconvenicnter
1125 1441 1223 1496 pro
1256 1421 1455 1476 meritis
1488 1417 1815 1473 ordinantur.
1847 1414 1920 1467 Ex

339 1508 447 1610 quo
474 1535 603 1591 illud
630 1531 827 1601 optimc
850 1527 1049 1583 dictum
1080 1527 1181 1585 est,
1225 1516 1367 1589 quod
1402 1512 1648 1568 insectari
1696 1508 1923 1610 Inarime

340 1600 521 1689 soletis
564 1646 578 1683 :
614 1625 721 1696 Ego
763 1622 893 1693 facio
938 1618 1089 1679 bona,
1117 1624 1169 1669 et
1199 1627 1314 1665 creo
1342 1607 1476 1662 mala
1513 1605 1660 1676 (lsai.
1688 1617 1812 1663 XLV,
1842 1600 1919 1696 7A).

343 1724 539 1779 Creare
572 1694 803 1786 namque
821 1713 1012 1767 dicitur
1040 1707 1272 1764 condere
1295 1712 1350 1759 et
1378 1701 1643 1755 ordinare.
1672 1696 1849 1764 Itaque
1873 1694 1923 1747 in

340 1814 611 1886 plerisque
650 1785 1047 1873 exemplaribus
1092 1798 1169 1853 sic
1214 1796 1472 1864 scriptum
1505 1799 1620 1855 est,
1659 1788 1765 1857 Ego
1796 1785 1925 1855 [τιεέο

345 1880 473 1961 item
497 1880 545 1958 et
566 1899 728 1955 condo
750 1896 902 1950 mala.
922 1891 1123 1947 Facere
1146 1887 1285 1942 enim
1312 1893 1413 1946 est,
1431 1883 1570 1952 quod
1591 1880 1805 1933 omnino
1826 1891 1924 1929 non

344 2009 492 2062 erat;
523 1992 756 2050 condere
788 1996 987 2049 autem,
1026 1982 1273 2037 ordinare
1318 1974 1459 2046 quod
1495 1983 1777 2041 utcumque
1813 1970 1923 2042 iam

345 2098 479 2152 erat,
507 2095 565 2140 ut
586 2082 775 2140 melius
796 2078 1067 2147 magisque
1093 2073 1181 2128 sit.
1218 2071 1291 2124 Ea
1322 2082 1546 2136 namque
1564 2065 1744 2119 condit
1772 2066 1926 2127 Deus,

348 2181 402 2236 id
419 2187 502 2235 est
514 2176 745 2240 ordinat,
761 2187 881 2228 cum
893 2169 1041 2232 dicit,
1070 2163 1245 2221 Condo
1265 2162 1419 2227 mala,
1450 2175 1568 2230 quae
1594 2158 1862 2221 deﬁciunt,
1880 2155 1931 2211 id

348 2283 433 2328 est
458 2285 563 2324 non
592 2281 710 2323 esse
739 2262 991 2325 tendunt;
1025 2272 1133 2313 non
1157 2271 1219 2311 ea
1250 2270 1368 2323 quae
1391 2252 1459 2306 ad
1488 2250 1540 2305 id
1564 2264 1669 2320 quo
1692 2247 1930 2313 tendunt,

349 2367 722 2435 pervenerunt.
770 2356 973 2413 Dictum
1013 2357 1098 2406 est
1136 2349 1276 2405 enim
1322 2364 1335 2400 :
1380 2345 1526 2401 Nihil
1572 2360 1664 2414 per
1703 2342 1933 2397 divinam

351 2452 757 2527 providentiam,
780 2447 848 2503 ad
873 2446 927 2500 id
965 2453 1024 2499 ut
1046 2457 1154 2497 non
1180 2442 1251 2497 sit
1289 2438 1566 2508 pervenire
1594 2435 1933 2527 permittitur.

425 2547 513 2602 10.
538 2544 855 2600 Tractentur
871 2539 892 2569 '
919 2536 1034 2591 hanc
1052 2532 1210 2588 latius
1242 2539 1295 2585 et
1326 2529 1560 2593 uberius,
1590 2526 1685 2581 sed
1703 2527 1826 2580 dum
1848 2540 1940 2579 v0-

352 2641 555 2696 biscum
584 2635 774 2704 agitur,
807 2630 937 2687 satis
962 2635 1063 2683 est.
1090 2621 1426 2680 Ostendenda
1453 2622 1593 2675 enim
1616 2618 1766 2672 Vobis
1782 2618 1942 2705 jauua

355 2731 473 2796 iuit,
502 2742 660 2797 quam
687 2720 1003 2793 desperatis,
1029 2726 1083 2771 et
1107 2712 1492 2784 desperandam
1523 2709 1697 2764 facitis
1747 2709 1943 2777 imper-

357 2822 465 2877 itis.
499 2818 629 2874 Nam
680 2828 777 2869 vos
824 2807 1114 2866 introducit
1150 2818 1308 2859 nemo
1355 2802 1456 2856 nisi
1484 2802 1723 2854 voluntas
1766 2798 1940 2863 bona;

358 2926 516 2983 (ptem
545 2914 786 2979 pacatam
813 2901 977 2959 eilieit
1004 2899 1183 2954 divina
1208 2894 1517 2958 clementia,
1541 2892 1675 2944 sicut
1705 2891 1757 2944 in
1775 2889 1950 2944 Evan-

360 3005 500 3076 gelia
526 3000 736 3056 canitur
765 3014 777 3049 :
814 2993 992 3049 Gloria
1029 2991 1083 3045 in
1115 2988 1325 3045 excelsis
1350 2985 1482 3050 Deo,
1512 2993 1557 3037 ct
1596 2984 1648 3036 in
1687 2993 1819 3035 terra
1848 2996 1949 3051 pax

364 3072 646 3150 horninibus
674 3090 816 3143 bona:
835 3083 1107 3139 voluntatis
1144 3079 1294 3149 (Luc.
1327 3094 1380 3141 ιι,
1425 3076 1533 3145 14).
1566 3074 1705 3128 Satis
1726 3082 1826 3139 est,
1866 3072 1950 3127 in«

363 3201 547 3258 quan,
576 3192 637 3238 ut
677 3178 900 3234 videatis
931 3174 1127 3228 nullum
1162 3185 1279 3225 esse
1310 3168 1375 3224 de
1406 3168 1544 3221 bono
1577 3174 1628 3218 et
1653 3164 1793 3217 malo
1818 3162 1945 3215 reli-

362 3255 524 3349 giosa:
546 3268 920 3341 disputationis
949 3265 1170 3327 CXlllllll,
1189 3261 1286 3317 nisi
1302 3257 1554 3329 quidquid
1584 3264 1685 3322 est,
1715 3255 1763 3306 iu
1787 3267 1953 3321 quan-

368 3345 481 3426 ium
507 3375 610 3433 est,
636 3382 699 3421 ex
738 3365 846 3416 Deo
873 3361 940 3415 sit
973 3375 985 3410 :
1028 3358 1080 3411 in
1117 3364 1371 3425 quantum
1401 3360 1577 3407 autem
1628 3350 1694 3402 ab
1724 3345 1952 3403 essentia

367 3459 566 3523 deﬁcit,
593 3471 699 3512 non
727 3454 795 3507 sit
815 3467 881 3509 ex
912 3450 1042 3515 Deo,
1072 3446 1166 3503 sed
1206 3455 1376 3498 tamen
1408 3442 1583 3496 divina
1628 3438 1955 3508 providentia

372 3565 604 3618 semper,
625 3547 761 3602 sicut
776 3540 1119 3600 universitati
1141 3534 1403 3607 congruit,
1432 3532 1723 3587 ordinetur.
1743 3529 1891 3598 Quod
1911 3524 1959 3618 si

368 3612 601 3699 ﬂoridum
623 3635 834 3700 videtis,
855 3631 982 3703 quid
999 3629 1223 3699 amplius
1254 3640 1393 3681 nunc
1417 3626 1603 3679 faciam
1631 3624 1831 3687 nescio,
1858 3612 1956 3675 nisi

371 3744 428 3789 ut
449 3732 699 3788 minutius
719 3729 876 3784 etiam
893 3734 1110 3781 tractem
1127 3725 1224 3777 ista
1242 3736 1358 3791 qua:
1374 3720 1509 3773 dicta
1523 3727 1663 3772 sunt.
1682 3716 1797 3771 Non
1819 3718 1957 3771 enim

374 3827 438 3881 ad
470 3824 671 3893 majora
696 3830 927 3875 mentem
954 3815 1055 3871 nisi
1087 3815 1257 3886 pietas
1279 3812 1583 3881 puritasque
1606 3807 1869 3878 perducit.

374 3915 601 3974 CAPUT
640 3912 773 3969 Vill.
802 3940 873 3952 —-
918 3907 1116 3962 Malum
1149 3915 1247 3970 est,
1276 3919 1377 3958 non
1403 3902 1681 3957 substantia
1708 3901 1835 3968 ulla,
1873 3900 1961 3954 sed

684 4000 975 4056 substantia:
1000 3996 1205 4052 inimica
1230 3994 1649 4047 inconvenientia.

452 4097 536 4153 Η.
570 4091 706 4161 Quid
726 4091 868 4145 enim
889 4087 1057 4152 aliud,
1087 4101 1208 4140 cum
1248 4098 1428 4154 quaero
1466 4082 1591 4152 quid
1630 4082 1700 4136 sit
1740 4082 1956 4148 malum,

379 4182 685 4256 responsuri
723 4180 872 4246 estis,
913 4178 1014 4233 nisi
1054 4186 1146 4231 aut
1185 4174 1329 4246 quod.
1350 4182 1531 4229 contra
1571 4181 1812 4229 naturam
1856 4183 1957 4240 est,

381 4287 473 4337 aut
500 4274 642 4347 quod
668 4280 874 4337 noceat,
902 4266 1422 4339 autcorruptionem,
1450 4274 1539 4319 aut
1559 4265 1755 4334 aliquid
1783 4265 1963 4334 hujus-

384 4373 562 4431 modi?
592 4374 661 4427 At
689 4372 739 4427 in
787 4369 870 4424 his
897 4366 1105 4423 ostendi
1132 4372 1305 4421 vestra
1342 4361 1635 4433 naufragia,
1673 4361 1775 4416 nisi
1805 4359 1959 4424 forte,

384 4474 442 4520 ut
463 4464 646 4520 soletis
667 4477 789 4518 cum
816 4459 996 4530 pueris
1027 4455 1297 4526 pueriliter
1326 4467 1481 4523 agere
1502 4452 1544 4519 ³,
1573 4450 1963 4521 respondebitis

388 4547 585 4612 malum
613 4569 732 4609 esse
762 4553 1261 4622 ignem,vencnum,
1284 4544 1469 4611 feram,
1498 4553 1550 4598 et
1566 4553 1757 4599 cetera
1783 4543 1964 4613 hujus-

393 4647 552 4703 modi.
592 4645 723 4700 Nam
762 4645 919 4699 etiam
964 4640 1032 4696 de
1074 4638 1301 4709 quodam
1346 4637 1573 4703 dicente,
1605 4636 1804 4690 nullam
1835 4635 1964 4691 sub-

393 4739 639 4794 stantiam
678 4736 872 4791 malum
903 4748 1045 4799 esse,
1085 4747 1219 4786 unus
1244 4730 1311 4785 de
1337 4728 1648 4798 primatibus
1678 4726 1831 4797 hujus
1854 4726 1965 4781 hae-

393 4832 551 4893 resis.
580 4843 737 4899 quem
777 4825 1083 4882 familiarius
1119 4822 1465 4889 crebriusque
1490 4819 1857 4888 audiebamus,
1883 4819 1966 4875 di-

394 4922 548 4977 cebat
575 4938 590 4973 :
618 4918 821 4975 Vellem
852 4916 1187 4983 scorpionem
1223 4912 1274 4965 in
1300 4926 1458 4965 manu
1488 4911 1718 4966 hominis
1749 4925 1964 4979 ponere,

394 5027 459 5069 ac
481 5012 662 5068 videre
687 5019 863 5064 utrum
889 5022 993 5061 non
1021 5003 1357 5059 subtraheret
1376 5018 1625 5069 manum;
1656 5003 1795 5074 quod
1825 5003 1869 5056 si
1895 5002 1972 5055 fa-

396 5114 564 5171 ceret,
596 5116 703 5157 non
726 5100 924 5164 verbis,
954 5096 1048 5152 sed
1076 5111 1135 5152 re
1161 5095 1275 5164 ipsa
1314 5096 1716 5150 convinceretur
1741 5094 1968 5162 aliquam

397 5193 747 5252 substantiam
784 5191 979 5246 malum
1020 5201 1161 5252 esse,
1186 5184 1609 5256 quandoquidem
1628 5183 1752 5238 illud
1778 5182 1972 5236 animal

399 5302 518 5343 esse
547 5283 898 5342 substantiam
922 5294 1033 5336 non
1057 5284 1294 5349 negaret.
1329 5277 1394 5331 Et
1414 5276 1622 5330 dicebat
1648 5274 1749 5329 hoc
1770 5288 1871 5329 non
1894 5288 1976 5327 co-

428 5463 440 5474 .
465 5404 482 5435 ¹
497 5401 647 5473 ,ωίιίν
671 5396 983 5464 Ροιὶεδίπωηι,
1010 5408 1099 5458 pro
1120 5407 1217 5459 quo
1237 5392 1580 5444 Mundam
1595 5392 1795 5455 habent,
1812 5397 1986 5473 palen.

402 5463 656 5518 “nimum.

465 5529 484 5558 ²
510 5532 573 5573 Ita
599 5525 644 5571 in
667 5530 778 5572 Mss.
804 5528 858 5571 At
882 5524 930 5570 in
956 5520 1150 5569 excusis
1174 5533 1188 5568 :
1220 5522 1573 5567 Tractarentur.

468 5588 491 5619 ³
511 5594 618 5635 mss.
642 5592 831 5655 sel-tein
858 5582 1286 5655 ettghevalloniana
1312 5580 1459 5655 editio
1480 5580 1769 5655 “sithahent
1786 5591 1798 5625 :
1818 5575 1978 5655 Soletis

406 5662 513 5712 curn
532 5640 789 5712 “agimen
801 5644 1001 5712 fueritis,
1030 5657 1136 5712 puer
1148 5642 1271 5692 Liter
1294 5654 1456 5712 agere.
1480 5640 1619 5690 :“aulo
1634 5647 1746 5712 post
1761 5642 1807 5712 in
1828 5654 1978 5689 excu-

406 5694 691 5770 ﬁngatur,
703 5694 888 5757 uallum
908 5694 1218 5756 subsellium}:
1237 5694 1413 5753 male
1432 5717 1563 5766 esse;
1589 5694 1669 5753 uni
1691 5703 1747 5753 ad
1767 5709 1875 5763 Mss.
1898 5715 1977 5753 ca-

405 5773 699 5834 stigavimus,
724 5770 903 5820 malum
920 5782 1040 5820 esse.

468 5853 539 5916 (a)
568 5852 667 5901 vid.
688 5858 890 5903 Retract.
912 5850 995 5900 lib.
1019 5851 1065 5912 l,
1086 5860 1192 5912 cap.
1210 5850 1260 5910 7,
1278 5861 1328 5897 n.
1351 5847 1398 5897 6.

1626 398 1833 457 LIBER
1866 392 2242 451 SECUNDUS.

2014 523 2130 563 ram
2153 507 2263 572 illo,
2293 504 2387 560 sed
2427 518 2547 559 cum
2577 502 2641 558 ad
2680 517 2799 558 eum
2841 515 2939 557 nos
2979 501 3227 556 commoti
3265 499 3593 557 referremus

2015 600 2155 671 quod
2184 600 2271 655 ille
2294 600 2513 654 dixisset
2542 616 2555 651 :
2587 595 2943 667 respondebat
2972 609 3116 666 ergo,
3143 603 3195 647 ut
3226 594 3353 660 dixi,
3374 595 3589 664 puerili-

2016 703 2098 749 ter
2121 693 2314 762 pueris.
2345 692 2473 757 Quis
2492 692 2633 745 enim
2660 687 3218 744 meliusculeimhutus
3248 696 3300 739 et
3327 686 3587 753 eruditus,

2023 799 2135 838 non
2160 783 2338 838 videat
2366 798 2461 852 per
2490 780 2971 837 ineanvenientiam
3008 778 3297 847 corporalis
3325 788 3585 846 tempera-

2020 876 2180 930 tionis
2215 876 2328 929 hac
2360 874 2645 938 laedere,ac
2672 888 2855 927 rursus
2898 887 2992 941 per
3035 869 3449 925 convenientiam
3481 882 3586 921 non

2020 966 2236 1034 laedere,
2282 982 2424 1036 stepe
2467 967 2633 1022 etiam
2671 965 3061 1023 contundanon
3095 979 3251 1033 parva
3315 960 3591 1016 conferre?

2020 1059 2149 1115 Nam
2179 1059 2227 1113 si
2252 1060 2378 1115 illud
2396 1074 2657 1113 venenum
2676 1073 2768 1126 per
2782 1057 3015 1125 seipsum
3031 1055 3223 1108 malum
3252 1061 3420 1116 esset,
3442 1068 3594 1107 eum-

2022 1149 2143 1207 dem
2165 1149 2501 1217 scorpionem
2520 1149 2684 1218 magis
2704 1148 2947 1216 priusque
2965 1147 3262 1216 perimeret.
3298 1147 3359 1199 At
3388 1154 3595 1210 contra,

2022 1241 2067 1295 si
2098 1240 2144 1293 ei
2172 1240 2377 1308 penitus
2400 1238 2576 1307 alique
2606 1248 2759 1307 pacto
2779 1237 3111 1302 detrahatur,
3134 1236 3246 1289 sine
3269 1235 3595 1289 dubitatione
3646 1228 3655 1235 κ

2023 1331 2281 1387 interiret.
2309 1330 2446 1399 Ergo
2474 1329 2611 1384 illius
2632 1328 2841 1399 corpori
2867 1327 3062 1381 malum
3087 1335 3168 1380 est
3193 1327 3433 1382 amittere
3458 1324 3597 1396 quod

2025 1430 2206 1479 nostro
2231 1420 2465 1489 recipere
2489 1438 2501 1472 :
2526 1420 2651 1474 item
2671 1420 2746 1473 illi
2770 1419 2963 1474 bonum
2991 1427 3071 1472 est
3099 1419 3291 1473 habere
3314 1417 3361 1471 id
3384 1433 3486 1483 quo
3506 1432 3601 1470 no-

2026 1514 2105 1569 bis
2126 1514 2318 1568 bonum
2356 1522 2438 1567 est
2456 1528 2655 1569 carere.
2678 1513 2791 1567 Erit
2827 1528 2950 1583 ergo
2989 1512 3173 1566 eadem
3220 1526 3302 1565 res
3329 1519 3380 1563 ct
3405 1510 3598 1563 bonum

2027 1616 2081 1663 et
2106 1605 2334 1660 malum?
2355 1605 2506 1660 Nullo
2520 1606 2705 1672 modo;
2735 1606 2826 1659 sed
2845 1606 3036 1659 malum
3056 1604 3288 1675 estquod
3306 1612 3486 1657 contra
3510 1620 3602 1655 na-

2031 1708 2201 1753 turam
2223 1707 2334 1751 cst:
2362 1702 2458 1751 hoc
2472 1698 2611 1751 enim
2629 1707 2681 1750 et
2698 1697 2879 1751 bestia:
2900 1698 2975 1749 illi
2992 1697 3209 1751 etnobis
3227 1696 3417 1748 malum
3433 1704 3533 1759 est,
3549 1691 3601 1749 id

2030 1797 2112 1843 cst
2129 1789 2237 1856 ipsa
2258 1782 2819 1857 inconvenientia,qu:e
2836 1789 2952 1843 sine
2970 1788 3128 1842 dubio
3144 1803 3245 1841 nun
3266 1797 3347 1843 est
3363 1788 3607 1840 substan-

2033 1882 2122 1942 tia,
2149 1882 2251 1933 imo
2272 1892 2350 1937 est
2376 1881 2581 1935 inimica
2601 1881 2927 1937 substantim.
2948 1880 3099 1935 Unde
3116 1890 3193 1934 est
3216 1881 3369 1949 igitur
3384 1872 3606 1934 lAttcn-

2032 1970 2097 2024 de
2119 1988 2222 2040 quo
2257 1981 2411 2042 cogat
2431 2012 2447 2038 ,
2475 1982 2529 2024 ct
2556 1972 2763 2036 disces;
2794 1972 2836 2025 si
2870 1982 3041 2025 tamen
3072 1971 3122 2024 in
3157 1980 3204 2024 te
3233 1970 3428 2040 aliquid
3469 1972 3605 2026 inle-

2034 2064 2186 2116 riox-is
2219 2064 2434 2117 luminis
2464 2066 2608 2118 vivit.
2636 2064 2752 2118 Non
2779 2079 2898 2120 esse
2941 2063 3080 2118 enim
3112 2064 3249 2133 cogit
3282 2078 3439 2116 omne
3469 2061 3609 2133 quod

2037 2154 2263 2223 perimit.
2299 2154 2436 2208 Deus
2471 2170 2596 2208 vero
2639 2165 2823 2210 auctor
2865 2154 3108 2210 essentia:
3136 2166 3216 2209 est
3250 2171 3263 2207 :
3301 2169 3399 2208 nec
3439 2154 3611 2224 aliqua

2037 2246 2260 2298 essentia
2300 2254 2470 2313 potest
2504 2245 2669 2301 videri
2706 2260 2859 2313 esse,
2899 2247 3037 2316 quod
3070 2246 3122 2321 in
3149 2261 3248 2317 qua
3278 2246 3433 2299 fuerit
3472 2244 3612 2314 cogit

2039 2350 2142 2388 non
2169 2350 2308 2391 esse.
2340 2336 2538 2390 Dicitur
2562 2352 2689 2407 ergo
2713 2337 2909 2407 aliquid
2945 2338 3087 2393 unde
3122 2353 3227 2393 non
3255 2338 3324 2392 sit
3360 2338 3612 2393 inconve-

2042 2428 2267 2490 nientia;
2298 2443 2416 2481 nam
2450 2428 2588 2483 unde
2607 2430 2677 2484 sit
2703 2429 2826 2482 nihil
2856 2429 2958 2485 dici
2986 2438 3176 2500 potest.

2116 2519 2198 2571 12.
2228 2520 2474 2585 Quasdam
2500 2521 2790 2575 lacinorosa
2820 2522 3008 2579 mulier
3033 2521 3389 2587 Atheniensis,
3420 2528 3616 2592 utpro-

2045 2609 2122 2663 dit
2148 2608 2387 2674 historia,
2418 2626 2681 2664 venenum
2705 2611 2843 2681 quod
2866 2622 3011 2666 certo
3058 2612 3269 2667 modulo
3297 2612 3530 2667 damnati
3564 2621 3621 2666 ut

2050 2709 2383 2756 morerentur
2406 2701 2741 2767 hauriebam,
2757 2703 3006 2768 paulatim
3028 2703 3258 2757 bibendo
3282 2704 3397 2757 sine
3412 2704 3516 2757 ullo
3539 2704 3621 2758 vel

2050 2792 2153 2847 levi
2174 2793 2508 2847 incommodo
2532 2794 2848 2848 valetudinis
2882 2795 3057 2851 effecit
3078 2806 3132 2851 ut
3158 2796 3376 2863 biberet.
3421 2798 3618 2866 Itaque,

2050 2902 2167 2941 eum
2191 2895 2331 2941 esset
2367 2887 2646 2957 aliquando
2672 2887 2938 2951 damnata,
2970 2890 3255 2959 legitimam
3288 2890 3431 2944 illam
3458 2908 3623 2960 quau-

2054 2980 2255 3032 titatem
2284 2978 2504 3045 veneni,
2536 2996 2691 3049 quam
2737 2982 3123 3036 consuetudine
3166 2983 3382 3050 vicerat,
3423 2983 3629 3055 accepit

2056 3077 2111 3123 ut
2136 3070 2446 3131 caeteri,nee
2471 3080 2523 3122 ut
2546 3071 2721 3124 caeteri
2752 3071 3007 3126 exstincta
3033 3082 3131 3126 est.
3161 3070 3310 3141 Quod
3336 3087 3455 3127 cum
3484 3084 3624 3126 esset

2056 3174 2248 3228 magno
2262 3160 2533 3223 miraculo,
2554 3160 2711 3213 missa
2738 3169 2818 3216 est
2839 3161 2889 3215 in
2914 3162 3178 3216 exsilium.
3203 3163 3335 3232 Quid
3358 3174 3627 3233 putamus,

2057 3251 2102 3304 si
2135 3266 2392 3304 venenum
2433 3252 2629 3305 malum
2658 3260 2759 3317 est,
2794 3252 2944 3305 istam
2975 3252 3161 3306 fecisse
3192 3262 3247 3306 ut
3291 3253 3388 3306 sibi
3435 3255 3628 3306 malum

2059 3358 2162 3397 non
2184 3343 2357 3397 esset?
2382 3343 2517 3408 Quid
2542 3345 2638 3398 hoc
2661 3344 2969 3399 absurdius?
2992 3344 3094 3399 Sed
3116 3346 3233 3415 quia
3263 3346 3634 3400 inconvenien-

2063 3434 2130 3487 tia
2154 3436 2346 3487 malum
2377 3442 2477 3498 est,
2506 3433 2629 3487 fecit
2649 3435 2820 3505 potius
2849 3443 2905 3487 ut
2935 3450 3027 3502 per
3053 3435 3376 3490 moderaqu
3408 3451 3634 3491 consue-

2064 3526 2294 3580 tudinem
2347 3525 2475 3579 illud
2518 3540 2710 3593 corpus
2749 3539 2845 3580 suo
2885 3526 3093 3594 corpori
3126 3529 3450 3581 conveniret.
3500 3526 3631 3581 Nam

2064 3618 2273 3686 quando
2304 3618 2387 3670 illa
2408 3617 2639 3686 qualibet
2668 3617 2957 3672 calliditate
2981 3624 3162 3688 posset
3183 3619 3414 3685 allicere,
3452 3628 3507 3673 ut
3537 3620 3636 3673 sibi

2064 3710 2485 3765 inconvenientia
2510 3725 2615 3763 non
2644 3710 2887 3765 noceret?
2912 3709 3047 3778 Quid
3070 3710 3175 3763 ita?
3194 3709 3325 3778 Quia
3351 3710 3493 3781 quod
3518 3727 3639 3767 vere

2064 3814 2112 3854 et
2142 3803 2456 3871 generaliter
2481 3803 2675 3855 malum
2694 3812 2795 3867 est,
2817 3809 2872 3856 et
2896 3818 3104 3871 semper
3121 3812 3173 3858 et
3198 3804 3441 3857 omninus
3464 3815 3635 3859 nocet.

2067 3895 2253 3947 Oleum
2280 3895 2475 3949 nostris
2499 3895 2810 3963 corporibus
2833 3894 3169 3949 commodum
3197 3904 3297 3961 est,
3330 3897 3638 3951 animalium

2065 3998 2240 4041 autem
2266 3986 2465 4052 multis,
2497 4003 2611 4057 qua'
2643 4003 2736 4041 sex
2770 3987 2927 4056 pedes
2948 3987 3163 4056 habent,
3188 3987 3531 4043 vehementer
3548 3989 3643 4043 ad-

2066 4095 2296 4133 versum.
2320 4078 2644 4142 Elleborum,
2666 4093 2838 4132 nonne
2855 4078 2958 4132 alio
2975 4078 3133 4132 modo
3145 4078 3292 4133 cibus
3305 4089 3404 4143 est,
3424 4080 3525 4132 alio
3541 4094 3646 4133 me.

2064 4172 2438 4238 dicamentnm,
2458 4172 2561 4226 alio
2586 4172 3060 4227 venenum?Salem
3078 4172 3473 4228 immoderatius
3493 4188 3647 4229 acce-

2066 4265 2356 4333 ptum,tu
2372 4280 2478 4319 non
2491 4278 2747 4317 venemnn
2764 4278 2881 4318 esse
2902 4262 3239 4317 clamaverit?
3255 4272 3382 4337 quot
3398 4273 3572 4319 autem
3592 4272 3646 4319 et

2068 4365 2278 4426 quantm
2300 4358 2536 4425 corporis
2562 4357 2963 4423 commoditates
2990 4373 3056 4413 ex
3081 4372 3144 4412 eo
3168 4358 3293 4424 sint,
3320 4359 3435 4429 quis
3473 4367 3644 4427 potest

2068 4448 2387 4504 numerare?
2415 4448 2561 4517 Aqua
2591 4448 2749 4501 maris
2779 4448 3007 4503 terrenis
3025 4448 3341 4503 animalibus
3364 4465 3481 4503 cum
3509 4449 3647 4504 bibi-

2070 4547 2185 4605 tur,
2209 4537 2363 4591 uoxia
2395 4536 2804 4589 estzmultorum
2830 4546 3009 4591 autem
3038 4538 3374 4605 corporibus,
3406 4538 3527 4592 dum
3560 4538 3648 4593 illa

2072 4633 2461 4696 humectantur,
2481 4627 3025 4685 accommodatissima
3056 4638 3109 4683 ct
3131 4629 3307 4685 utilis:
3343 4631 3396 4683 in
3429 4640 3650 4699 utroque

2073 4731 2247 4793 autem
2278 4720 2506 4789 piscibus
2533 4718 2686 4773 Saluti
2708 4728 2761 4772 et
2784 4719 3035 4792 voluptati
3070 4728 3169 4776 est.
3196 4720 3353 4774 Panis
3380 4720 3648 4774 hominem

2073 4816 2186 4881 alit,
2210 4814 2513 4882 accipitrem
2535 4820 2702 4865 necat.
2719 4808 2941 4865 Caenum
2962 4812 3155 4883 ipsum,
3178 4810 3315 4881 quod
3338 4822 3387 4864 et
3406 4811 3651 4864 haustum

2074 4917 2127 4964 et
2157 4908 2406 4963 olfactum
2427 4906 2656 4976 graviter
2680 4904 2898 4959 ollendit
2919 4913 2973 4960 et
2996 4903 3160 4969 laedit,
3188 4919 3363 4957 nonne
3390 4914 3443 4959 et
3470 4913 3652 4958 aestate

2077 5011 2276 5057 tactum
2316 5000 2614 5070 refrigerat,
2647 5008 2701 5054 et
2724 4996 3031 5052 vulneribus
3055 5012 3171 5069 quae
3205 4996 3269 5051 ab
3300 4996 3418 5067 igne
3444 4996 3652 5050 accido-

2077 5101 2219 5158 runt,
2240 5092 2681 5147 medicamentum
2698 5088 2815 5143 est?
2835 5087 2970 5158 Quid
2987 5095 3217 5142 stercore
3239 5088 3653 5156 aspcrnabilius?

2077 5184 2203 5254 quid
2229 5184 2410 5239 cinere
2440 5181 2731 5251 abjectius?
2762 5180 2829 5234 At
2877 5172 3001 5235 hch
3036 5188 3207 5235 tantas
3236 5179 3376 5250 agris
3404 5178 3655 5232 utilitates

2082 5276 2326 5339 afferunt,
2357 5284 2411 5329 ut
2433 5290 2613 5329 eorum
2642 5271 2924 5340 inventori,
2951 5287 2978 5324 a
3006 5287 3107 5341 quo
3130 5273 3288 5327 etiam
3318 5280 3525 5329 stercus
3554 5286 3654 5325 no-

2080 5382 2200 5420 men
2246 5366 2463 5435 acccpit,
2497 5364 2759 5419 Stcrcutio
2792 5363 2999 5419 divinos
3032 5362 3263 5418 honores
3309 5362 3532 5417 Romani
3562 5360 3656 5416 de-

2088 5456 2335 5512 ferendos
2364 5463 2631 5525 putarent.

2157 5554 2238 5606 15.
2260 5550 2365 5606 Sed
2385 5550 2508 5620 quid
2541 5564 2698 5619 parva
2726 5548 2992 5617 colligam,
3015 5562 3131 5617 quae
3151 5555 3273 5600 sunt
3302 5547 3657 5601 innumerabi-

2082 5644 2184 5700 lia?
2210 5643 2443 5711 Quatuor
2465 5642 2575 5709 ipsa
2603 5656 2717 5710 qum
2736 5640 2786 5693 in
2817 5648 3059 5708 promptu
3085 5648 3205 5692 sunt
3232 5638 3510 5702 elementa,
3538 5639 3656 5706 quis

2082 5738 2287 5793 dubitet
2307 5734 2556 5804 prodesse
2590 5748 2685 5804 per
2725 5732 3142 5803 convenientiam
3164 5769 3180 5796 ,
3224 5729 3655 5785 inconvenienter

2085 5842 2263 5888 autem
2302 5830 2567 5895 adhibita,
2612 5828 2953 5885 vehementer
2995 5827 3217 5883 adversa
3246 5840 3367 5881 esse
3409 5822 3646 5881 naturas?
