4138 6364
556 389 687 447 1551

555 502 666 560 Nos
686 502 773 575 qui
800 517 923 557 acre
940 501 1183 564 vivimus,
1208 508 1261 554 et
1276 507 1417 553 terra
1434 507 1485 553 et
1502 511 1636 567 aqua
1662 496 1879 551 obrutos
1909 501 2127 549 necant:

556 595 962 655 innumerabilia
990 608 1117 649 vero
1144 592 1428 647 animantia
1466 605 1558 660 per
1595 604 1809 644 arenam
1849 588 2132 642 laxiorem-

552 706 657 762 que
682 698 877 743 terram
899 692 1092 755 repunt
1119 682 1347 737 vitaliter
1373 698 1386 734 :
1420 681 1592 750 pisces
1619 689 1794 733 autem
1812 679 1865 733 in
1893 677 2131 735 hocaere

554 781 871 838 moriuntur.
902 776 1043 847 lgnis
1078 788 1304 844 corpora
1336 782 1516 828 nostra
1540 772 1854 841 corrumpit,
1883 770 1975 826 sed
1997 784 2128 825 eon-

553 875 830 929 venienter
869 868 1154 933 adhibitus,
1194 875 1249 920 et
1276 864 1497 919 resumit
1525 880 1553 916 a
1587 863 1801 934 frigore,
1832 871 1885 917 et
1914 862 2129 917 morbos

555 960 965 1019 innumerabiles
1004 957 1170 1029 pellit.
1196 956 1286 1012 Sol
1324 956 1439 1011 iste“
1464 956 1547 1010 cui
1582 970 1719 1025 genu
1748 953 1979 1018 ﬂectitis,
2022 967 2128 1023 quo

554 1072 677 1113 vere
702 1053 831 1109 nihil
853 1053 990 1106 inter
1005 1050 1227 1105 visibilia
1251 1049 1516 1120 pulchrius
1537 1048 1818 1114 invenitur,
1834 1048 2126 1118 aquilarum

552 1150 737 1204 oculos
762 1154 990 1215 vegetat,
1019 1152 1228 1198 nostros
1253 1141 1452 1197 sauciat
1479 1143 1747 1212 inspectus
1768 1150 1822 1197 et
1853 1142 2125 1197 tenebrat:

551 1239 644 1295 scd
666 1239 722 1294 ﬁt
748 1254 841 1309 per
865 1235 1299 1292 consuetudinem
1321 1244 1379 1289 ut
1398 1249 1495 1289 nos
1523 1250 1732 1306 quoque
1753 1235 1804 1288 in
1830 1250 1895 1289 eo
1914 1236 2028 1289 sine
2045 1236 2126 1290 in—

550 1330 832 1388 commodo
858 1330 1023 1384 aciem
1054 1328 1290 1398 ﬁgamus.
1316 1326 1449 1380 Num
1493 1342 1619 1396 ergo
1659 1325 1831 1380 sinitis
1856 1337 1914 1381 ut
1940 1327 2012 1381 illi
2032 1342 2125 1381 ve-

550 1438 691 1478 neno
720 1437 839 1476 eum
863 1434 1249 1489 comparemus,
1270 1416 1412 1487 quod
1443 1417 1652 1472 mulieri
1672 1417 1979 1472 Atheniensi
2006 1432 2128 1472 con-

552 1514 780 1571 suetudo
811 1513 935 1568 fecit
967 1510 1273 1566 innoxium?
1306 1510 1574 1578 Respicite
1598 1525 1724 1579 ergo
1752 1508 2035 1579 aliquando
2072 1518 2128 1565 et

548 1609 830 1674 advertite,
858 1607 901 1661 si
928 1604 1221 1661 substantia
1252 1604 1358 1659 ulla
1389 1602 1584 1656 malum
1611 1610 1711 1666 est,
1736 1601 1853 1656 ideo
1878 1601 2014 1671 quod
2037 1602 2128 1656 lae-

548 1702 624 1758 dit
656 1701 885 1770 aliquem
908 1739 921 1761 ,
954 1698 1123 1751 lucem
1154 1710 1311 1766 quam
1341 1694 1512 1762 colitis
1535 1693 1603 1746 ab
1634 1692 1736 1747 hoc
1772 1693 1993 1747 crimine
2019 1708 2125 1747 non

548 1810 702 1865 posse
744 1791 978 1847 defendi.
1007 1788 1353 1845 Considerate
1379 1786 1553 1856 potius
1579 1784 1715 1840 hanc
1744 1786 2123 1840 inconvenien-

547 1888 671 1942 tiam
719 1883 1017 1940 universale
1038 1881 1243 1953 malum
1283 1894 1421 1943 esse,
1460 1888 1553 1948 per
1581 1893 1737 1948 quam
1776 1878 1904 1933 solis
1946 1877 2126 1935 radius

552 1980 926 2036 tenebrascere
950 1977 1134 2033 oculos
1174 1975 1316 2042 facit,
1358 1990 1477 2030 cum
1506 1974 1586 2029 eis
1613 1973 1745 2027 nihil
1774 1972 1844 2027 sit
1879 1972 2000 2029 luce
2034 1973 2124 2045 ju-

546 2072 788 2130 eundius.

546 2161 773 2220 CAPUT
832 2160 922 2217 IX.
962 2189 1035 2201 -—
1073 2159 1154 2215 Ne
1194 2160 1459 2214 consistere
1496 2157 1695 2230 quidem
1726 2155 2126 2213 Maniclueornm

970 2250 1166 2321 fabulas
1194 2250 1256 2304 de
1281 2249 1420 2303 bonis
1446 2258 1491 2302 et
1515 2247 1679 2302 utalia.

617 2343 705 2399 ﬂ.
734 2342 858 2397 llaec
883 2340 1025 2408 dixi,
1056 2349 1141 2405 ut,
1167 2340 1213 2395 si
1235 2340 1345 2394 ﬁcri
1373 2348 1563 2409 potest,
1593 2337 1803 2392 tandem
1830 2337 2006 2392 dicere
2033 2336 2127 2392 de-

544 2436 730 2491 sinatis
749 2433 945 2488 malum
967 2448 1086 2487 esse
1116 2440 1313 2487 terram
1347 2447 1437 2499 per
1465 2431 1779 2485 immensum
1812 2430 2124 2500 profundam

542 2538 596 2582 et
618 2527 863 2596 longam;
895 2523 1089 2578 malum
1129 2538 1249 2578 esse
1292 2532 1523 2576 mentem
1556 2538 1647 2589 per
1684 2530 1877 2575 terram
1924 2536 2125 2590 vagan-

544 2630 686 2683 tem;
731 2617 926 2670 malum
954 2629 1073 2670 esse
1098 2614 1329 2684 quinque
1354 2622 1503 2666 antra
1534 2612 1916 2666 elementorum
1938 2653 1953 2679 ,
1984 2612 2125 2667 aliud

542 2711 811 2776 tenebris,
844 2708 986 2763 aliud
1016 2707 1200 2776 aquis,
1226 2704 1368 2760 aliud
1400 2704 1602 2771 ventis,
1626 2703 1768 2757 aliud
1807 2703 1942 2773 igni,
1982 2703 2125 2758 aliud

541 2806 688 2861 fumo
721 2805 967 2873 plenum;
998 2800 1196 2854 malum
1224 2813 1342 2853 esse
1381 2797 1626 2850 animalia
1672 2796 1723 2850 in
1763 2796 1865 2850 illis
1907 2795 2125 2867 singulis

542 2908 663 2955 nata
706 2894 1020 2959 elementis,
1069 2892 1334 2961 serpentia
1381 2890 1433 2944 in
1479 2890 1744 2955 tenebris,
1796 2888 2025 2944 natantia
2070 2888 2124 2944 in

540 2990 693 3062 aquis
712 3030 726 3054 ,
759 2985 989 3041 volatilia
1017 2984 1071 3037 in
1097 2983 1267 3037 ventis
1290 3023 1305 3046 ,
1333 2980 1687 3051 quadrupedis
1717 2980 1767 3033 in
1791 2979 1911 3049 igne
1931 3021 1946 3045 ,
1978 2978 2125 3049 bipe-

540 3081 625 3136 dia
652 3081 704 3134 in
733 3077 898 3133 fumo.
940 3074 1063 3131 Haec
1092 3074 1235 3129 enim
1281 3073 1417 3127 sicut
1458 3087 1487 3125 a
1532 3071 1681 3127 vobis
1724 3072 2119 3137 describuntur,

543 3173 689 3229 nullo
718 3170 877 3226 modo
900 3184 1020 3225 esse
1047 3176 1326 3239 poterunt;
1350 3167 1598 3237 quoniam
1623 3165 1873 3236 quidquid
1896 3166 2000 3221 tale
2019 3174 2120 3232 est,

542 3264 594 3319 in
620 3270 870 3333 quantum
897 3269 1017 3327 est,
1046 3275 1078 3314 a
1103 3273 1311 3314 summo
1355 3258 1467 3313 Deo
1492 3257 1561 3312 sit
1592 3270 1811 3312 necesse
1840 3266 1951 3323 est,
1984 3273 2121 3327 quo-

538 3356 679 3411 niam
707 3354 757 3409 in
780 3360 1031 3424 quantum
1053 3358 1161 3415 est,
1189 3351 1372 3421 utique
1388 3350 1584 3405 bonum
1606 3357 1706 3405 est.
1726 3350 1779 3405 Si
1800 3350 1940 3404 enim
1971 3349 2123 3404 dolor

536 3456 593 3503 et
626 3445 961 3501 imbecillitas
985 3442 1180 3497 malum
1208 3450 1318 3505 est,
1351 3449 1501 3496 erant
1520 3440 1591 3494 ibi
1629 3440 1871 3494 animalia
1900 3438 1951 3494 in
1976 3448 2119 3494 tanta

536 3536 773 3607 corporis
800 3535 1068 3599 ﬁrmitate,
1118 3541 1176 3588 ut
1215 3546 1400 3587 eorum
1442 3530 1712 3586 abortivos
1754 3529 1921 3598 fetus,
1969 3541 2117 3601 post-

535 3644 692 3699 quam
715 3628 781 3683 de
810 3628 892 3682 his
920 3624 1211 3681 secundum
1238 3631 1467 3678 vestram
1494 3632 1694 3678 sectam
1725 3622 2009 3678 fabricatus
2038 3632 2121 3678 est

534 3719 781 3784 mundus,
804 3718 873 3773 de
892 3717 1028 3775 coelo
1048 3717 1100 3771 in
1130 3724 1328 3771 terram
1358 3713 1612 3769 cecidisse
1637 3722 1690 3767 et
1712 3714 1844 3767 mori
1878 3729 1979 3768 non
2019 3729 2118 3782 po-

534 3812 696 3867 tuissc
740 3810 946 3866 dicatis.
993 3809 1048 3864 Si
1092 3806 1304 3862 caecitas
1353 3806 1551 3859 malum
1595 3814 1709 3871 est,
1756 3804 2117 3861 videbant:si

534 3903 797 3969 surditas,
828 3901 1132 3957 audiebant.
1163 3897 1218 3954 Si
1245 3900 1613 3953 obmutescere
1648 3906 1741 3951 aut
1770 3908 1970 3951 mutum
1997 3913 2118 3954 esse

426 3988 437 3996 ”
533 3996 729 4051 malum
774 4003 889 4059 est,
932 4007 1101 4063 usque
1131 3990 1264 4045 adeo
1304 3990 1521 4058 signatae.
1550 3999 1706 4059 atque
1747 3989 2006 4044 distincta:
2043 3990 2116 4045 ibi

531 4100 690 4142 voces
717 4093 868 4141 erant
888 4123 903 4147 ,
946 4091 1001 4135 ut
1028 4080 1283 4135 adversus
1322 4080 1490 4134 Deum
1518 4079 1714 4134 bellum
1738 4095 1924 4148 gerere
1942 4121 1957 4147 ,
1981 4080 2117 4137 sicut

530 4176 802 4241 asseritis,
832 4176 911 4229 eis
936 4173 986 4227 in
1028 4171 1286 4226 concione
1323 4186 1430 4226 uno
1458 4170 1809 4240 persuadente
1834 4171 2110 4241 placuerit.

528 4267 586 4324 Si
612 4265 870 4322 sterilitas
900 4262 1093 4318 malum
1114 4270 1197 4317 est
1216 4302 1233 4329 ,
1255 4270 1370 4316 erat
1397 4262 1468 4316 ibi
1496 4260 1631 4316 ﬁlios
1658 4262 1971 4333 procreandi
1998 4278 2113 4317 ma-

527 4371 631 4429 gna
660 4354 970 4411 fecunditas.
1000 4352 1058 4409 Si
1082 4352 1324 4407 exsilium
1353 4352 1547 4406 malum
1574 4361 1688 4419 est,
1738 4353 1791 4407 in
1834 4368 1930 4407 sua
1973 4363 2112 4409 terra

526 4458 713 4515 erant,
740 4463 967 4516 suasque
1007 4445 1250 4518 regiones
1294 4445 1617 4500 incolebant.
1645 4446 1701 4502 Si
1732 4447 1955 4501 servitus
1993 4463 2110 4502 ma-

526 4542 638 4598 lum
662 4548 777 4607 est,
808 4548 961 4595 erant
994 4537 1063 4592 ibi
1090 4536 1249 4593 etiam
1276 4536 1368 4607 qui
1404 4537 1715 4608 regnabant.
1747 4538 1804 4592 Si
1830 4552 1974 4592 mors
1997 4552 2111 4593 ma-

526 4635 636 4692 lum
664 4643 783 4701 est,
811 4632 1077 4698 vivebant,
1108 4639 1163 4685 et
1187 4630 1256 4684 ita
1284 4629 1561 4697 vivebant,
1594 4639 1651 4684 ut
1678 4638 1911 4686 mentem
1939 4631 2109 4701 ipsam

524 4739 741 4796 prorsus
761 4765 777 4791 ,
815 4736 912 4777 nec
940 4730 1059 4791 post
1087 4718 1363 4775 victoriam
1391 4720 1524 4787 Dei,
1552 4720 1661 4775 ullo
1684 4720 1844 4777 modo
1874 4736 2104 4792 unquam

521 4814 659 4873 mori
688 4828 844 4884 posse
869 4811 1184 4882 praedicetis.

597 4905 681 4961 15.
730 4904 853 4968 Cur,
896 4918 1111 4973 qumso,
1160 4902 1215 4957 in
1267 4916 1476 4957 summo
1521 4902 1662 4958 malo
1701 4904 1912 4959 invenio
1959 4912 2105 4959 tanta

519 4999 659 5056 bona
690 4999 754 5052 iis
778 4997 932 5052 malis
950 5038 966 5064 ,
995 5012 1113 5066 qua;
1133 4997 1576 5063 commemoravi,
1605 4998 1909 5053 contraria?
1934 4999 2038 5053 Aut
2058 5000 2103 5054 si

520 5093 638 5148 haec
667 5107 772 5147 non
812 5096 936 5145 sunt
972 5089 1141 5154 mala,
1172 5088 1350 5144 ullane
1388 5088 1604 5143 tandem
1673 5089 1998 5155 substantia,
2047 5091 2100 5147 in

520 5194 775 5255 quantum
803 5179 1095 5237 substantia
1134 5190 1248 5247 est,
1280 5181 1477 5234 malum
1505 5181 1642 5236 erit?
1679 5181 1733 5235 Si
1760 5182 1955 5236 malum
1997 5183 2101 5237 im-

518 5274 780 5331 becillitas
803 5287 907 5328 non
937 5284 1040 5339 est,
1065 5272 1333 5326 malumne
1361 5271 1463 5326 erit
1488 5286 1680 5342 corpus
1705 5272 2012 5329 inﬁrmum?
2042 5275 2097 5330 Si

518 5368 717 5424 malum
744 5368 954 5422 caecitas
983 5380 1087 5420 non
1122 5373 1234 5433 est,
1262 5365 1529 5420 malumne
1558 5376 1712 5421 erunt
1738 5369 2003 5424 tenebrae?
2041 5369 2099 5427 Si

520 5461 718 5516 malum
748 5458 978 5514 surditas
1008 5473 1111 5512 non
1155 5466 1267 5521 est,
1316 5457 1582 5512 malumne.
1625 5459 1728 5513 erit
1768 5459 1997 5515 surdus?
2039 5461 2097 5517 Si

520 5550 717 5605 malum
759 5563 865 5603 non
906 5556 987 5603 est
1038 5557 1240 5603 mutum
1288 5564 1442 5617 esse,
1484 5550 1750 5605 malumne
1776 5552 1875 5605 erit
1904 5553 2098 5621 piscis?

517 5639 573 5695 Si
622 5640 872 5694 sterilitas
903 5640 1100 5695 malum
1148 5656 1255 5695 non
1301 5649 1416 5709 est,
1463 5643 1727 5711 quomodo
1772 5644 1971 5700 malum
2014 5656 2096 5703 est

518 5730 713 5787 animal
744 5731 965 5786 sterile?
989 5731 1045 5786 Si
1073 5733 1316 5786 exsilium
1345 5734 1538 5787 malum
1566 5750 1669 5788 non
1700 5743 1802 5803 est,
1830 5738 2095 5807 quomodo

512 5822 713 5891 malum
757 5832 839 5880 est
883 5824 1078 5879 animal
1123 5825 1400 5892 exsulans,
1432 5827 1514 5881 vel
1546 5827 1737 5884 animal
1767 5828 1821 5884 in
1848 5830 2091 5887 exsilium
2196 5822 2382 5894 ἱ)δῖιῖεέ

1433 382 1520 437 DE
1560 378 1855 437 MORIBUS
1893 373 2433 447 MANICIIEORUM,
2471 377 2530 435 S.
2571 378 2937 439 AUGUSTINI

3679 388 3825 449 ηδε

2235 498 2464 568 aliquem
2510 488 2763 555 mittens?
2791 500 2849 557 Si
2891 502 3122 560 servitus
3160 503 3357 561 malum
3402 521 3507 563 non
3535 514 3638 576 est,
3676 524 3821 581 quo-

2233 590 2393 645 modo
2460 591 2658 645 malum
2717 602 2799 649 est
2861 594 3060 650 animal
3124 597 3360 654 serviens
3386 639 3402 665 ,
3468 600 3555 657 vel
3613 604 3816 660 servire

2233 686 2534 756 quempiam
2599 700 2795 757 cogens
2853 688 2924 743 ⁸2
2978 688 3033 743 Si
3088 704 3233 745 mors
3280 691 3476 746 malum
3532 708 3637 748 non
3696 705 3814 765 est,

2232 776 2498 847 quomodo
2546 778 2740 833 malum
2788 788 2872 835 est
2912 781 3105 836 animal
3152 782 3408 850 mortale,
3452 784 3533 839 vel
3578 784 3817 843 inferens

2233 873 2497 927 mortem?
2524 872 2579 929 Si
2603 889 2728 929 vero
2752 874 2866 931 haec
2894 877 3029 931 mala
3052 886 3205 944 sunt,
3232 878 3500 948 quomodo
3524 894 3629 934 non
3655 893 3817 937 erunt

2232 962 2369 1018 bona
2415 964 2639 1020 ﬁrmitas
2667 968 2902 1036 corporis
2922 1009 2937 1034 ,
2970 968 3148 1037 visus,
3182 969 3388 1026 auditus
3408 1012 3425 1037 ,
3463 971 3661 1026 locutio
3690 968 3843 1042 per-'

2231 1055 2463 1110 suadens
2486 1097 2500 1122 ,
2531 1056 2852 1123 fecunditas,
2884 1060 3054 1113 solum
3085 1060 3346 1130 genitale,
3386 1060 3639 1128 libertas,
3666 1064 3774 1119 vita
3793 1106 3812 1131 ,

2231 1139 2349 1219 quae
2379 1149 2555 1202 omnia
2591 1150 2644 1204 in
2680 1151 2767 1205 illo
2804 1151 2930 1205 mali
2973 1167 3139 1224 regno
3184 1154 3344 1210 fuisse
3386 1153 3711 1226 perhibetis,
3757 1167 3815 1213 et

2231 1258 2497 1298 summum
2525 1244 2718 1299 malum
2744 1244 2949 1301 audetis
2974 1247 3251 1303 asserere?

2302 1332 2387 1387 l6.
2420 1333 2695 1390 Postremo
2716 1336 2761 1389 si
2791 1335 2951 1409 (quod
2978 1338 3195 1393 omnino
3219 1354 3376 1395 nemo
3395 1355 3627 1412 unquam
3652 1358 3814 1413 nega-

2230 1420 2325 1497 vit)
2374 1424 2793 1483 inconvenientia
2838 1428 3032 1483 malum
3074 1437 3186 1495 est,
3226 1430 3358 1501 quid
3409 1433 3812 1490 convenientius

2229 1530 2386 1585 quam
2414 1516 2501 1570 illa
2530 1518 2640 1572 suis
2668 1519 2963 1590 quibusque
2995 1521 3310 1578 animalibus
3336 1523 3631 1592 elementa;
3662 1534 3813 1581 tene-

2229 1606 2337 1661 brae
2366 1609 2731 1678 serpentibus,
2766 1626 2917 1681 aqua:
2943 1613 3273 1680 natantibus,
3305 1615 3449 1669 venti
3473 1615 3771 1672 volantibus
3789 1658 3807 1684 ,

2228 1696 2367 1768 ignis
2390 1698 2753 1769 edacioribus,
2798 1702 2974 1757 fumus
3016 1703 3360 1760 elatioribus?
3405 1706 3571 1761 Tanta
3597 1708 3737 1762 enim
3775 1722 3809 1762 a

2228 1791 2378 1845 vobis
2407 1792 2458 1847 in
2498 1793 2775 1849 discordiae
2798 1804 2955 1865 gente
2982 1797 3263 1852 concordia
3284 1839 3298 1863 ,
3330 1807 3379 1853 et
3407 1807 3581 1853 tantus
3606 1798 3656 1853 in
3682 1814 3808 1869 per-

2226 1883 2490 1939 versitatis
2513 1884 2639 1940 sede
2667 1886 2798 1940 ordo
2826 1887 3159 1943 describitur.
3190 1887 3247 1943 Si
3286 1888 3423 1956 quod
3470 1898 3657 1956 nocet,
3689 1906 3808 1944 ma-

2228 1974 2338 2030 lum
2368 1985 2484 2043 est,
2530 1978 2717 2032 omitto
2749 1979 2876 2034 illud
2907 1980 3323 2036 valentissimum
3350 1981 3490 2052 quod
3518 1996 3675 2053 supra
3720 1982 3808 2037 di-

2226 2077 2369 2124 ctum
2414 2079 2529 2135 est,
2578 2072 2758 2125 noceri
2789 2087 2891 2126 non
2922 2073 3189 2141 potuisse,
3222 2072 3309 2127 ubi
3338 2074 3538 2127 nullum
3567 2083 3683 2129 erat
3706 2074 3807 2129 bo-

2230 2176 2354 2214 num
2389 2177 2402 2214 :
2431 2160 2524 2216 sed
2554 2161 2597 2215 si
2623 2160 2723 2216 hoc
2751 2161 3032 2217 obscurum
3066 2171 3148 2218 est
3168 2204 3180 2225 ,
3210 2163 3338 2217 illud
3373 2174 3519 2219 certe
3559 2165 3809 2221 omnibus

2230 2251 2430 2305 eminet
2459 2260 2507 2307 et
2534 2261 2773 2321 apparet,
2804 2254 2945 2323 quia,
2978 2254 3116 2308 sicut
3139 2254 3269 2321 dixi,
3296 2263 3352 2310 et
3379 2264 3439 2309 ut
3460 2270 3648 2310 omnes
3672 2271 3807 2311 con-

2227 2342 2483 2411 sentiunt,
2512 2344 2650 2414 quod
2680 2352 2835 2399 nocet
2873 2353 2954 2400 est
2981 2346 3175 2401 malum
3208 2364 3220 2398 :
3250 2346 3427 2401 fumus
3451 2348 3505 2401 in
3537 2348 3621 2402 illa
3649 2360 3809 2419 gente

2229 2434 2506 2504 bipedibus
2532 2437 2847 2492 animalibus
2876 2453 2981 2492 non
3006 2439 3263 2506 nocebat;
3287 2441 3470 2510 genuit
3493 2456 3577 2507 ea,
3607 2450 3663 2496 et
3678 2442 3811 2497 aluit

2227 2536 2383 2597 atque
2411 2529 2661 2583 sustinuit
2700 2529 2814 2584 sine
2859 2529 2976 2585 labe
3019 2532 3323 2599 nascentia,
3366 2533 3689 2597 crescentia,
3716 2549 3808 2589 re-

2228 2620 2459 2690 gnantia.
2492 2619 2642 2675 Nunc
2674 2636 2800 2675 vero
2830 2630 3105 2692 postquam
3149 2623 3370 2677 mixtum
3402 2632 3485 2678 est
3526 2624 3666 2679 malo
3706 2624 3805 2680 bo-

2228 2725 2375 2776 num,
2401 2711 2678 2766 nocentior
2703 2712 2876 2767 fumus
2900 2712 3119 2768 eﬁ‘ectus
3144 2723 3259 2779 est;
3294 2714 3363 2768 ita
3392 2723 3449 2769 ut
3476 2731 3505 2767 a
3538 2715 3689 2771 nobis
3713 2716 3806 2787 qui

2227 2811 2373 2857 certe
2399 2801 2617 2873 bipedes
2648 2820 2861 2871 sumus,
2893 2805 3147 2860 sustineri
3174 2820 3277 2861 non
3310 2806 3507 2876 possit,
3537 2818 3766 2864 excaecat
3786 2849 3804 2876 ,

2226 2894 2506 2965 opprimit,
2552 2905 2723 2951 necat.
2769 2895 3006 2952 Tantane
3049 2898 3202 2952 malis
3242 2897 3521 2953 elementis
3544 2898 3806 2954 commix-

2228 2985 2371 3040 tionc
2412 2986 2536 3041 boni
2578 2988 2803 3043 accessit
2846 2987 3183 3044 immanitas?
3210 2997 3352 3043 tanta
3400 2989 3509 3045 Deo
3554 2998 3807 3061 regnante

2226 3076 2581 3147 perversitas?

2297 3170 2384 3223 l7.
2415 3169 2571 3225 Certe
2616 3185 2714 3226 cur
2738 3170 2789 3225 in
2820 3171 3030 3227 caeteris
3054 3172 3293 3228 videmus
3320 3173 3475 3228 istam
3504 3176 3803 3245 congruen-

2228 3260 2351 3315 tiam
2370 3301 2384 3326 ,
2427 3277 2545 3331 qua:
2572 3272 2843 3317 auctorem
2872 3271 3104 3317 vestrum
3134 3262 3342 3333 decepit
3364 3273 3522 3335 atque
3547 3264 3712 3321 illexit
3735 3265 3804 3320 ad

2224 3354 2589 3424 componenda
2629 3354 2940 3411 mendacia?
2983 3355 3109 3424 Cur,
3154 3356 3397 3426 inquam,
3431 3357 3663 3411 tenebrae
3692 3372 3806 3413 scr-

2224 3447 2467 3516 pentibus
2487 3442 2513 3515 ,’
2548 3463 2699 3519 aqua:
2752 3448 3085 3515 natantibus,
3131 3448 3277 3505 venti
3321 3449 3622 3505 volantibus
3677 3465 3806 3506 con-

2221 3550 2453 3608 gruunt;
2505 3541 2900 3611 quadrupedem
2929 3557 3055 3598 vero
3098 3541 3234 3612 ignis
3284 3542 3553 3609 incendit,
3606 3551 3660 3598 et
3706 3558 3804 3599 nos

2222 3629 2399 3684 fumus
2429 3630 2657 3686 otl‘ocat?
2681 3631 2817 3700 Quid
2845 3634 2985 3704 quod
3013 3635 3171 3689 etiam
3198 3644 3473 3705 serpentes
3496 3636 3803 3691 acutissime

2222 3723 2435 3791 vident,
2497 3733 2552 3779 et
2603 3727 2882 3796 przesentia
2931 3727 3059 3782 solis
3111 3728 3402 3795 exsultant,
3450 3727 3627 3797 ibique
3675 3712 3805 3784 sunt

2219 3813 2663 3881 abundantiores,
2713 3816 2798 3871 tibi
2842 3832 2935 3871 aer
2981 3817 3223 3872 serenior
3258 3815 3525 3872 difﬁcilius
3550 3827 3604 3873 et
3628 3819 3803 3873 rarius

2220 3905 2415 3959 nubem
2442 3905 2744 3961 contrahit?
2786 3905 2920 3974 Quid
2948 3906 3226 3963 absurdius
3246 3949 3260 3972 ,
3293 3923 3450 3977 quam
3477 3906 3548 3961 ibi
3574 3923 3692 3963 esse
3712 3922 3801 3963 ac-

2223 3998 2612 4051 commodatius
2640 4006 2693 4052 et
2714 3998 2885 4069 aptius
2911 4000 3111 4054 incolas
3148 4008 3522 4069 amatoresque
3546 3999 3796 4054 tenebra-

2219 4105 2367 4155 rum,
2420 4092 2508 4145 ubi
2557 4090 2689 4146 lucis
2739 4091 3108 4162 perspicuitate
3133 4091 3427 4162 gaudetur?
3453 4090 3603 4159 Quod
3631 4092 3676 4147 si
3707 4107 3798 4146 eos

2219 4182 2397 4238 dicitis
2426 4183 2679 4239 delectari
2713 4184 2886 4255 potius
2924 4184 3099 4239 calore
3145 4199 3301 4254 quam
3349 4183 3585 4250 lumine,
3632 4183 3798 4238 multo

2216 4274 2595 4344 congruentius
2644 4274 2695 4328 in
2744 4275 2863 4345 igne
2905 4286 3177 4345 serpentes
3201 4275 3402 4329 alacres
3428 4282 3610 4340 natos,
3641 4288 3795 4344 quam

2216 4366 2422 4423 tardum
2454 4370 2658 4423 asinum
2685 4367 2932 4424 diceretis
2964 4386 2977 4421 :
3006 4377 3059 4423 et
3086 4378 3260 4424 tamen
3286 4368 3388 4424 luci
3422 4368 3543 4422 huic
3570 4368 3793 4421 amicam

2215 4460 2455 4530 aspidem
2484 4460 2600 4530 quis
2651 4468 2839 4529 neget,
2889 4475 3010 4515 cum
3058 4460 3174 4530 ejus
3222 4459 3360 4515 oculi
3401 4457 3587 4528 aquilae
3624 4458 3795 4541 oculis

2214 4554 2629 4623 comparentur?
2671 4552 2774 4608 Sed
2816 4552 2883 4608 de
2912 4552 3093 4607 bestiis
3121 4552 3325 4607 videro.
3356 4550 3460 4606 Nos
3488 4550 3631 4619 ipsos
3649 4590 3662 4613 ,
3690 4548 3793 4603 ob-

2214 4660 2390 4712 secro,
2418 4645 2814 4701 consideremus
2840 4645 2955 4701 sine
2980 4645 3265 4715 pertinacia
3283 4686 3297 4712 ,
3325 4652 3379 4698 et
3409 4641 3619 4697 tandem
3646 4640 3797 4696 fabu~

2209 4734 2275 4790 lis
2312 4735 2462 4789 vanis
2502 4746 2556 4790 et
2592 4736 2899 4804 perniciosis
2939 4738 3171 4789 animum
3199 4749 3474 4788 exuamus.
3497 4732 3628 4800 Quis
3651 4731 3791 4786 enim

2208 4835 2406 4882 tantam
2432 4828 2832 4897 perversitatem
2864 4828 3019 4894 ferat,
3039 4843 3138 4897 qua
3161 4826 3355 4881 dicitur
3378 4826 3430 4880 in
3456 4825 3793 4880 tenebrarum

2208 4928 2399 4988 gente,
2448 4919 2533 4974 cui
2581 4918 2707 4972 nihil
2758 4919 3052 4973 admixtum
3101 4927 3216 4973 erat
3258 4916 3502 4979 luminis,
3542 4914 3790 4970 animalia

2209 5008 2415 5077 bipedia
2446 5018 2550 5062 tam
2578 5009 2811 5071 ﬁrmam,
2856 5020 2961 5063 tam
2991 5017 3225 5078 vegetam
3249 5049 3263 5071 ,
3310 5015 3413 5061 tam
3456 5006 3684 5075 denique
3712 5005 3792 5058 in-

2205 5102 2511 5158 credibilem
2543 5103 2647 5155 vim
2692 5102 2941 5156 habuisse
2970 5102 3022 5155 in
3068 5100 3341 5155 oculorum
3370 5098 3513 5164 acie,
3562 5105 3619 5151 ut
3659 5097 3787 5151 etin

2206 5194 2440 5249 tenebris
2469 5195 2578 5249 suis
2605 5193 2842 5248 viderent
2868 5192 3203 5262 purissimam
3223 5233 3237 5256 ,
3271 5206 3390 5260 qua:
3414 5205 3443 5243 a
3472 5190 3622 5243 vobis
3647 5204 3782 5243 com-

2205 5284 2505 5347 mendatur,
2529 5300 2815 5353 regnorum
2842 5270 2937 5339 Dei
2959 5284 3129 5337 lucem
3153 5281 3434 5351 (siquidem
3464 5280 3604 5335 illam
3626 5280 3785 5334 etiam

2204 5374 2395 5430 talibus
2420 5375 2680 5430 visibilem
2707 5374 2870 5430 fuisse
2900 5373 3116 5447 vultis),
3146 5382 3199 5428 et
3225 5371 3559 5441 aspicerent,
3586 5377 3641 5425 et
3668 5383 3783 5425 con-

2204 5467 2530 5534 siderarent,
2564 5475 2618 5522 et
2644 5466 3055 5531 delectarentur,
3085 5474 3138 5520 et
3161 5472 3474 5534 appeterent
3515 5480 3529 5517 :
3575 5470 3785 5514 nostros

2200 5568 2375 5615 autem
2398 5548 2578 5612 oculos
2591 5557 2968 5613 commixtione
2994 5557 3155 5625 lucis,
3183 5554 3562 5611 commixtione
3590 5548 3786 5608 summi

2263 5719 2279 5750 ι
2307 5716 2424 5767 Εᾱὶιί
2447 5724 2498 5768 ει
2519 5716 2742 5788 plerique
2754 5723 2862 5767 uss.
2886 5730 2984 5788 non
2999 5715 3205 5788 patiens:
3225 5710 3299 5788 ve!
3319 5707 3787 5788 “ﬁam

2198 5791 2370 5844 cogens
2386 5792 2402 5839 ;
2421 5774 2535 5889 qiuai
2554 5774 2705 5830 verba
2727 5792 2792 5830 ex
2815 5778 2980 5829 codice
2999 5775 3399 5841 Regio-Montani
3419 5781 3470 5825 et
3488 5774 3645 5822 tribus
3679 5778 3787 5821 Sor-

2198 5841 2382 5894 bonicis
2403 5855 2429 5891 a
2458 5842 2684 5907 jecimus.
