4138 6364
390 282 415 337 1
428 279 531 337 555

373 397 532 465 boni,
564 396 939 454 commixtione
965 396 1192 469 denique
1234 397 1329 453 Dei
1376 406 1482 453 tam
1532 396 1804 461 inﬁrmos,
1844 406 1949 451 tam

372 489 663 545 imbecillos
686 504 805 544 esse
831 488 1094 554 redditos,
1124 497 1183 543 ut
1222 502 1394 559 neque
1438 486 1721 557 quidquam
1766 485 1950 540 videa-

371 596 490 636 mus
520 582 569 635 in
602 581 863 645 tenebris,
894 590 947 636 et
975 580 1103 635 solis
1126 591 1394 652 aspectum
1441 579 1586 633 nullo
1631 577 1789 634 modo
1812 579 1950 632 ferre

371 674 669 741 pessimus,
700 683 858 743 atque
906 672 1028 727 inde
1066 673 1337 738 conversi,
1368 671 1528 726 etiam
1557 685 1675 740 qua:
1718 685 1748 725 a
1794 668 1948 724 nobis

369 764 702 831 videbantur,
728 764 1065 834 quaeramus?

440 856 528 911 18.
580 844 706 909 Haec
750 854 854 908 dici
902 862 1150 923 pessum,
1192 854 1352 908 etiam
1381 852 1425 906 si
1454 851 1723 921 corruptio
1748 850 1945 905 malum

358 954 445 997 est
463 983 477 1007 ,
519 943 658 1013 quod
685 960 834 1013 atque
860 958 1016 997 nemo
1044 944 1257 1013 ambigit
1282 961 1295 996 :
1330 958 1433 995 non
1458 943 1599 997 enim
1626 952 1747 995 tunc
1771 939 1945 994 fumus

364 1034 741 1102 corrumpebat
779 1049 949 1097 genus
988 1034 1323 1095 animalium,
1354 1033 1493 1098 quod
1521 1033 1678 1087 modo
1705 1046 1945 1087 corrum-

366 1123 459 1192 pit.
495 1124 561 1178 Et
588 1139 653 1179 ne
682 1140 895 1194 pergam
926 1141 1020 1193 per
1048 1128 1249 1196 singula
1272 1166 1291 1194 ,
1321 1126 1462 1196 quod
1509 1126 1720 1195 longum
1766 1134 1848 1179 est
1889 1134 1944 1180 et

364 1229 469 1270 non
519 1222 912 1281 necessarium,
959 1232 1127 1283 usque
1168 1218 1299 1271 adeo
1343 1219 1517 1271 minus
1563 1224 1715 1270 erant
1753 1231 1940 1270 corru-

363 1306 529 1374 ptioni
558 1306 784 1359 obnoxia
804 1347 818 1369 ,
850 1322 967 1376 qum
996 1308 1067 1361 ibi
1104 1307 1386 1361 animantia
1415 1306 1576 1361 fuisse
1604 1307 1902 1378 conﬁngitis
1922 1349 1937 1375 ,

363 1403 423 1451 ut
446 1397 667 1451 abortivi
695 1404 881 1452 eorum
928 1397 1069 1452 fctus
1109 1398 1339 1452 nendum
1365 1396 1431 1452 ad
1470 1399 1791 1453 nascendum
1822 1399 1939 1456 ido-

362 1490 448 1543 nei
471 1529 487 1549 ,
514 1490 579 1543 de
606 1490 741 1544 cml‘o
769 1491 819 1543 in
844 1500 1037 1545 terram
1068 1484 1407 1559 praecipitati,
1434 1500 1487 1544 et
1512 1490 1687 1545 vivere
1706 1531 1721 1552 ,
1761 1498 1815 1544 et
1854 1490 1937 1559 gi-

362 1587 564 1649 gnere,
595 1589 649 1634 et
690 1595 873 1634 rursus
898 1580 1177 1649 cenjurare
1202 1581 1500 1650 potuerint,
1534 1579 1787 1635 habentes
1831 1581 1937 1634 nti-

361 1685 461 1741 que
485 1671 758 1740 pristinam
791 1670 1090 1725 ﬁrmitatem
1118 1712 1132 1736 ,
1172 1672 1296 1741 quia
1334 1673 1443 1740 jam
1472 1680 1623 1725 erant
1646 1672 1888 1741 concepti
1916 1673 1934 1703 ⁸

359 1769 480 1815 ante
522 1762 951 1817 commixtioncm
996 1763 1118 1818 boni
1160 1773 1214 1817 et
1254 1764 1421 1818 mali:
1463 1779 1587 1819 nam
1624 1774 1743 1833 post
1780 1765 1935 1819 istam

358 1852 749 1905 concretionem
777 1868 893 1921 qum
924 1851 990 1907 de
1039 1853 1102 1907 iis
1144 1864 1266 1907 nata
1312 1862 1462 1920 sunt,
1510 1870 1571 1908 ea
1613 1855 1787 1909 dicitis
1814 1871 1935 1911 esse

355 1940 600 1994 animalia
622 1982 636 2006 ,
666 1957 782 2011 quae
814 1957 953 1997 nunc
975 1943 1331 1998 inﬁrmissima
1353 1954 1406 1998 et
1430 1944 1585 1999 facile
1610 1946 1933 2014 corruptioni

354 2029 597 2085 cedentia
637 2032 875 2086 videmus
904 2051 918 2087 :
951 2034 1068 2102 quis
1116 2033 1256 2089 hunc
1281 2034 1479 2089 diutius
1510 2036 1739 2091 tolerare
1769 2039 1934 2106 possit

354 2135 592 2174 errorem
618 2162 633 2185 ,
662 2122 763 2176 nisi
799 2123 890 2192 qui
916 2134 1005 2177 aut
1032 2124 1132 2178 is:a
1163 2139 1266 2178 non
1298 2124 1468 2191 videt,
1496 2134 1587 2179 aut
1620 2127 1799 2180 nescio
1830 2142 1932 2197 qua

354 2212 654 2268 incredibili
711 2216 1093 2271 consuetudine
1151 2231 1215 2270 ac
1264 2216 1616 2272 familiaritate
1663 2218 1932 2273 vobiscum

347 2314 533 2357 contra
561 2318 749 2359 omnes
775 2305 942 2360 moles
971 2305 1192 2360 rationis
1221 2304 1501 2360 obduruit?

349 2394 576 2451 CAPUT
596 2394 663 2450 Χ.
690 2412 760 2437 -'-
785 2395 905 2449 Tria
929 2397 1190 2467 signacula
1215 2414 1410 2451 morum
1439 2415 1471 2451 a
1499 2397 1793 2455 Manicltwis
1812 2417 1929 2470 per-

877 2504 1047 2556 peram
1075 2489 1372 2556 excogitata.

420 2575 508 2630 19.
540 2575 645 2630 Sed
670 2577 918 2646 quoniam
945 2578 1187 2643 ostendi,
1218 2587 1274 2632 ut
1303 2578 1551 2645 arbitror,
1592 2578 1659 2634 de
1699 2579 1849 2634 bonis
1875 2588 1929 2635 et

346 2666 503 2721 malis
530 2668 863 2737 generalibus
885 2709 899 2734 ,
948 2668 999 2722 in
1046 2670 1254 2739 quantis
1285 2670 1517 2725 tenebris
1545 2680 1598 2725 et
1639 2671 1691 2725 in
1736 2684 1927 2743 quanta

310 2788 311 2791 η
346 2758 573 2813 falsitate
600 2760 881 2814 versemiui
905 2776 919 2825 ;
951 2776 1089 2815 nunc
1110 2761 1379 2817 videamus
1402 2764 1496 2816 tria
1528 2764 1613 2817 illa
1637 2766 1923 2834 signacula,

344 2858 463 2918 qua:
494 2849 542 2901 in
572 2849 759 2904 vestris
788 2851 1020 2905 moribus
1054 2866 1239 2922 magna
1276 2853 1432 2907 laude
1466 2865 1528 2907 ac
1555 2856 1926 2922 praedicatione

343 2940 569 3009 iactatis.
600 2936 727 3007 Qua:
753 2950 875 2995 sunt
905 2941 1113 2996 tandem
1151 2944 1247 2996 ista
1278 2944 1580 3012 signacula?
1604 2945 1721 3000 Oris
1744 2958 1922 3014 certe,

344 3038 401 3084 'et
421 3046 692 3099 manuum,
725 3042 777 3086 et
804 3032 969 3087 sinus.
998 3034 1134 3099 Quid
1165 3043 1245 3087 cst
1271 3033 1407 3090 hoc?
1437 3034 1632 3103 Utore,
1658 3037 1841 3107 inquit,
1873 3048 1925 3094 et

343 3122 588 3177 manibus
611 3165 626 3189 ,
658 3132 712 3177 et
740 3125 857 3178 sinu
883 3136 1064 3179 castus
1087 3134 1139 3180 et
1170 3126 1420 3180 innocens
1445 3128 1513 3181 sit
1543 3128 1719 3183 homo.
1751 3130 1885 3197 Quid
1905 3173 1919 3196 ,

342 3210 389 3265 si
414 3212 583 3266 oculis
604 3254 617 3275 ,
648 3213 866 3269 auribus
885 3256 900 3281 ,
930 3214 1146 3269 naribus
1174 3216 1387 3283 peccet?
1415 3217 1539 3287 quid
1564 3260 1579 3285 ,
1607 3220 1651 3273 si
1692 3222 1923 3276 calcibus

343 3300 613 3356 hominem
653 3301 883 3372 afﬂigat,
929 3304 1010 3359 vel
1056 3306 1212 3359 etiam
1242 3306 1434 3360 necet?
1460 3308 1734 3373 Quomodo
1765 3311 1920 3366 istum

341 3392 638 3445 tenebimus
660 3409 806 3448 reum
828 3436 841 3457 ,
870 3395 956 3464 qui
987 3411 1084 3449 nec
1110 3412 1231 3460 ore,
1263 3414 1359 3452 nec
1381 3400 1622 3453 manibus
1640 3442 1655 3465 ,
1688 3417 1786 3456 nec
1806 3404 1919 3457 sinu

342 3481 619 3549 peccavit?
655 3482 759 3538 Sed
785 3500 904 3538 cum
935 3500 1030 3551 os,
1064 3486 1263 3556 inquit,
1296 3491 1544 3555 nomino;
1588 3506 1773 3547 omnes
1801 3509 1923 3546 sen-

341 3587 433 3627 sus
459 3574 545 3644 qui
568 3583 692 3630 sunt
718 3578 766 3629 in
789 3577 994 3646 capite,
1027 3579 1243 3649 intelligi
1270 3582 1420 3645 volo;
1450 3596 1569 3637 cum
1598 3593 1772 3639 autem
1806 3600 1921 3641 ma-

340 3680 467 3719 num
488 3709 502 3731 ,
534 3680 744 3722 omnem
769 3671 1167 3737 operationem;
1212 3686 1331 3727 cum
1373 3674 1545 3727 sinum
1568 3716 1583 3739 ,
1610 3689 1822 3730 omnem
1854 3677 1920 3731 lis

340 3755 571 3812 bidinem
623 3759 952 3813 seminalem.
999 3760 1115 3827 Quo
1144 3777 1270 3832 ergo
1298 3764 1455 3818 vultis
1495 3766 1761 3834 pertinere
1803 3768 1919 3821 bla-

339 3849 647 3918 Sphemias?
672 3850 736 3902 ad
764 3866 824 3903 os
849 3892 861 3914 ,
890 3866 956 3904 an
996 3854 1061 3905 ad
1093 3856 1341 3907 manum?
1372 3854 1469 3910 Est
1506 3857 1646 3909 enim
1684 3859 1921 3927 operatio

340 3940 440 3995 ista
468 3956 562 4010 per
590 3941 843 4011 linguam.
892 3943 1067 4013 Itaque
1097 3946 1140 3998 si
1186 3959 1289 3997 uno
1325 3962 1523 4016 genere
1557 3950 1917 4017 operationem

340 4048 556 4086 onmem
585 4033 898 4088 concluditis
922 4076 937 4101 ,
966 4050 1064 4089 cur
1087 4037 1447 4105 operationem
1477 4040 1666 4107 pedum
1695 4041 1918 4109 conjun-

337 4123 462 4193 gitis
490 4124 759 4190 manibus,
793 4126 983 4195 linguae
1003 4127 1296 4195 separatis?
1316 4129 1394 4182 An
1417 4169 1432 4192 ,
1464 4130 1585 4199 quia
1606 4131 1780 4201 lingua
1805 4148 1920 4188 ver-

340 4216 424 4269 bis
451 4214 713 4285 signiﬁcat
744 4216 959 4286 aliquid,
984 4232 1100 4271 eam
1125 4218 1280 4273 vultis
1316 4218 1590 4290 sejungere
1618 4220 1684 4275 ab
1710 4236 1772 4275 ea
1794 4237 1922 4291 ope-

337 4306 546 4361 ratione
571 4322 689 4377 qum
720 4322 825 4360 non
850 4306 1175 4377 signiﬁcandi
1206 4309 1371 4378 gratia
1396 4308 1489 4375 ﬁt;
1518 4309 1588 4365 ita
1617 4317 1674 4365 ut
1695 4310 1917 4366 deﬁnia-

338 4405 429 4453 tur
452 4398 778 4470 signaculum
810 4415 1093 4466 manuum,
1137 4401 1203 4455 ab
1241 4403 1547 4471 operatione
1590 4403 1761 4471 mala,
1800 4420 1919 4476 quas

339 4503 445 4542 non
471 4490 797 4560 signiﬁcandi
828 4506 985 4547 causa
1014 4501 1131 4559 est,
1154 4495 1514 4548 continentia?
1550 4494 1653 4551 Sed
1679 4496 1802 4567 quid
1842 4498 1919 4553 fa-

335 4579 471 4631 cturi
500 4580 660 4643 estis,
690 4572 883 4651 siqnis
923 4592 1103 4651 peccet
1128 4584 1468 4653 signiﬁcando
1504 4586 1700 4657 aliquid
1743 4589 1914 4644 mani-

334 4666 434 4721 bus
452 4708 469 4733 ,
499 4676 556 4722 ut
587 4668 645 4722 Iit
668 4685 789 4723 cum
820 4672 1102 4725 scribimus
1121 4714 1135 4737 ,
1166 4675 1247 4727 vel
1275 4683 1424 4743 gestu
1449 4676 1643 4746 aliquid
1660 4679 1801 4748 quod
1828 4677 1913 4732 in-

336 4755 602 4826 telligatur
644 4760 1007 4816 ostendimus?
1057 4761 1157 4815 hoc
1203 4764 1344 4817 etiim
1389 4766 1467 4818 ori
1514 4776 1674 4837 atque
1722 4768 1914 4839 linguae

333 4846 569 4901 tribuere
596 4863 699 4902 non
742 4852 994 4917 potestis,
1029 4853 1148 4919 quia
1196 4854 1437 4907 manibus
1477 4856 1552 4909 lit.
1591 4857 1727 4925 Quid
1770 4860 1912 4914 enim

333 4936 633 5005 absurdius,
660 4954 817 5008 quam
848 4949 904 4994 ut
926 4956 1045 4996 cum
1079 4943 1174 4995 tria
1202 4943 1444 4997 dicantur
1463 4946 1747 5014 signacula,
1778 4950 1908 5014 oris,

333 5042 623 5094 manuum,
653 5040 708 5083 et
735 5032 909 5095 sinus,
951 5032 1189 5101 quendam
1240 5044 1451 5104 peccata
1493 5037 1818 5105 deprehensa
1858 5042 1911 5096 in

332 5116 575 5172 manibus
604 5119 899 5175 tribuantur
919 5124 1041 5177 ori?
1088 5124 1143 5177 Si
1185 5135 1358 5179 autem
1387 5128 1622 5196 operatio
1648 5131 1912 5199 generalis

332 5209 576 5262 manibus
595 5205 769 5277 datur,
802 5228 919 5282 qua:
948 5215 1154 5269 tandem
1181 5218 1315 5271 ratio
1335 5229 1414 5272 est
1440 5220 1627 5288 pedum
1650 5223 1912 5291 operatio-

333 5311 452 5352 nem
485 5297 606 5352 huic
633 5300 828 5356 addere
847 5344 862 5369 ,
895 5304 1084 5373 lingure
1107 5323 1209 5359 non
1233 5308 1465 5364 addere?
1492 5310 1757 5368 Videtisne
1780 5330 1911 5385 quo~

334 5389 493 5443 modo
521 5391 770 5446 novitatis
798 5397 1049 5463 appetitio
1073 5400 1265 5454 comite
1289 5415 1471 5456 errore
1492 5402 1542 5457 in
1574 5420 1787 5474 magnas
1811 5405 1906 5463 de-

332 5479 553 5535 ducatur
594 5484 902 5552 angustias?
935 5485 1125 5544 Tribus
1162 5506 1388 5563 namque
1434 5495 1549 5550 istis
1588 5498 1904 5568 signaculis,

396 5590 576 5673 Ϊηεέἔξίν
589 5592 813 5673 ﬂii?"
833 5603 970 5647 εναηι
991 5600 1219 5665 menti.
1242 5602 1469 5655 undecim
1488 5613 1616 5669 uss,
1652 5619 1765 5673 quia
1805 5617 1910 5661 For-

329 5654 443 5701 tean
462 5663 566 5713 pro,
588 5654 639 5703 in
659 5667 773 5717 qua.

606 5739 831 5803 SANGT.
870 5736 1221 5815 Aususrfl.

1686 280 1887 336 LIBER
1924 280 2301 339 SECUNDUS.

3498 296 3635 347 iﬁt‘ii

2060 411 2181 466 qua:
2200 410 2334 451 nova
2352 400 2575 467 quadam
2591 400 2848 459 divisione
2863 405 3181 473 praedicatis,
3198 405 3463 475 quomodo
3476 406 3615 463 incln

2056 484 2194 539 datis
2212 486 2445 540 omnium
2468 499 2800 558 peccatorum
2837 493 3202 565 purgationem
3229 509 3333 550 non
3364 495 3610 552 invenitis

2053 570 2277 629 CAPUT
2304 573 2394 631 XI.
2412 606 2482 616 —
2496 577 2829 649 Signaculum
2853 582 2955 635 oris
2975 583 3123 648 quale
3140 583 3278 652 apud
3294 584 3627 654 Manicheam,

2173 665 2260 734 qui
2283 665 2605 735 blasphemia:
2655 668 2707 723 in
2733 669 2895 723 Deum
2921 672 2994 725 rei
3017 687 3123 726 esse
3141 672 3519 728 convincuntur.

2120 749 2211 808 20.
2252 752 2358 808 Sed
2387 755 2603 812 dividite
2633 767 2688 812 ut
2723 760 2914 826 vultis,
2958 761 3342 830 praetermittite
3377 763 3627 834 quidquid

2052 843 2209 899 vultis
2237 863 2250 898 :
2282 862 2343 902 ea
2367 863 2485 918 qua:
2514 852 2742 905 maxime
2766 852 2949 907 soletis
2992 854 3400 921 commendare,
3429 863 3629 912 tractem

2052 949 2189 987 mus.
2238 936 2317 991 Ad
2358 939 2468 992 oris
2495 939 2634 993 enim
2676 941 3001 1011 signaculum
3037 943 3213 999 dicitis
3242 946 3536 1014 pertinere,
3561 948 3627 1003 ab

2048 1029 2192 1082 omni
2240 1032 2515 1086 continere
2555 1033 2899 1103 blasphemia.
2928 1036 3020 1089 Est
3048 1046 3220 1092 autem
3263 1038 3625 1107 blasphemia,

2046 1130 2166 1171 cum
2195 1120 2368 1189 aliqua
2398 1122 2536 1175 mala
2563 1121 2811 1178 dicuntur
2836 1124 2903 1180 de
2933 1125 3103 1180 bonis.
3134 1127 3312 1197 Itaque
3335 1129 3444 1198 jam
3470 1130 3625 1200 vulgo

2046 1206 2371 1278 bIaSphemia
2400 1228 2504 1266 non
2532 1214 2808 1284 accipitur,
2837 1216 2934 1270 nisi
2967 1217 3102 1270 mala
3129 1218 3287 1273 verba
3315 1219 3381 1273 de
3412 1220 3520 1274 Deo
3546 1222 3626 1275 di-

2045 1312 2206 1355 cere:
2236 1300 2303 1357 de
2348 1301 2649 1359 hominibus
2689 1320 2915 1376 namque
2958 1307 3187 1363 dubitari
3232 1317 3437 1379 potest;
3485 1312 3625 1367 Deus

2044 1403 2169 1443 vero
2198 1390 2313 1444 sine
2335 1395 2693 1448 controversia
2725 1396 2892 1450 bonus
2912 1406 3015 1451 est.
3046 1396 3099 1451 Si
3131 1413 3257 1467 ergo
3287 1400 3420 1453 ratio
3443 1400 3595 1453 convi

2042 1479 2207 1545 cerit,
2234 1480 2498 1536 neminem
2540 1483 2608 1538 de
2649 1484 2757 1539 Deo
2784 1487 2962 1555 pejora
2990 1502 3147 1556 quam
3179 1502 3271 1541 vos
3296 1488 3508 1556 dicere,
3535 1489 3622 1543 ubi

2041 1569 2143 1622 erit
2166 1572 2508 1626 memorabile
2540 1573 2649 1628 oris
2683 1574 3043 1644 signaculum?
3076 1578 3237 1632 Docet
3277 1579 3416 1633 enim
3448 1580 3618 1646 ratio,

2038 1672 2142 1713 nec
2181 1673 2311 1715 sane
2351 1662 2657 1731 recondita,
2699 1666 2792 1719 sed
2818 1667 2868 1719 in
2897 1678 3139 1736 promptu
3166 1668 3264 1722 sila
3302 1678 3355 1723 et
3383 1671 3619 1738 exposita

2039 1753 2276 1806 omnium
2308 1752 2624 1821 intellectui,
2656 1756 2750 1809 sed
2790 1758 2982 1811 invicta
3008 1768 3062 1812 et
3096 1774 3159 1813 co
3196 1760 3437 1815 invictior
3476 1761 3621 1832 quod

2039 1854 2155 1894 eam
2193 1858 2350 1896 nemo
2376 1844 2619 1913 ignorare
2656 1846 2993 1915 permittitur,
3026 1850 3189 1903 Deunt
3228 1866 3345 1905 esse
3380 1852 3621 1907 incorru-

2037 1930 2309 2000 ptibilcm,
2360 1933 2882 2001 incommutabilem,
2935 1938 3313 2001 inviolabilem,
3363 1942 3415 1995 in
3459 1959 3618 2012 quem

2036 2020 2175 2072 nulla
2230 2021 2551 2092 indigentia,
2603 2026 2743 2079 nulla
2788 2026 3153 2094 imbecillitas,
3208 2030 3349 2084 nulla
3406 2032 3619 2086 miseria

2035 2109 2227 2165 cadere
2266 2114 2450 2180 possit.
2493 2114 2665 2184 Usque
2706 2116 2839 2171 adeo
2874 2127 3047 2171 autem
3087 2119 3186 2174 ista
3229 2122 3400 2175 omnis
3441 2122 3619 2183 anima

2035 2202 2307 2257 rationalis
2338 2207 2689 2262 communiter
2730 2209 2918 2277 sentit,
2952 2219 3007 2264 ut
3042 2212 3200 2265 etiam
3235 2227 3330 2268 vos
3371 2229 3490 2268 cum
3538 2215 3619 2269 di-

2034 2303 2245 2361 ettntur,
2274 2300 2538 2354 annuatis.

2102 2383 2191 2439 21.
2220 2386 2325 2441 Sed
2378 2404 2499 2443 cum
2564 2390 2768 2447 fabulas
2812 2402 3014 2448 vestras
3057 2410 3271 2451 narrare
3323 2396 3611 2466 cmperitis,

2032 2482 2086 2527 et
2110 2479 2531 2546 corruptibilem,
2560 2491 2613 2534 et
2636 2484 3086 2550 commutabilem,
3110 2494 3164 2538 et
3212 2472 3536 2553 violabilem,
3560 2500 3615 2544 ct

2032 2564 2333 2635 indigenti-.0
2383 2570 2704 2639 obnoxium,
2762 2582 2816 2628 ct
2860 2575 3275 2631 imbecillitatem
3326 2577 3614 2634 admitten-

2034 2664 2158 2720 lem,
2185 2668 2238 2711 et
2273 2674 2303 2711 a
2346 2661 2557 2714 miseria
2612 2679 2717 2716 non
2765 2672 2935 2719 tutum
2972 2667 3137 2720 Deum
3190 2668 3323 2721 mira
3376 2671 3613 2725 exeitate

2030 2749 2260 2815 possessi
2290 2750 2557 2819 suadetis,
2595 2762 2650 2807 et
2698 2756 2831 2809 mira
2882 2758 3120 2812 excitate
3150 2762 3413 2826 possessis
3450 2762 3610 2817 etiam

2029 2837 2376 2904 persuadetis.
2412 2843 2583 2911 Atque
2629 2842 2731 2898 boc
2772 2861 2955 2914 parum
2995 2856 3077 2901 est
3114 2864 3126 2899 :
3158 2864 3261 2903 non
3309 2852 3449 2905 enim
3492 2868 3613 2907 cor-

2028 2929 2329 2996 rnptibilem
2377 2939 2581 2986 tantum
2633 2934 2799 2989 Deum
2858 2936 3068 3004 dicitis,
3116 2938 3209 2993 sed
3270 2950 3606 3010 corruptum;

2027 3030 2127 3070 nec
2152 3026 2205 3070 et
2229 3022 2678 3089 commutabilem,
2708 3025 2801 3079 sed
2822 3036 3233 3094 commutatum;
3264 3044 3362 3084 nec
3389 3032 3609 3087 violabi-

2027 3103 2154 3167 Iem,
2184 3106 2275 3160 sed
2300 3108 2588 3175 violatum;
2618 3128 2717 3166 nec
2761 3115 2847 3184 qui
2891 3118 3058 3185 possit
3095 3118 3431 3188 indigentiam
3476 3123 3606 3190 pati,

2026 3196 2118 3249 sed
2146 3196 2494 3267 indigentem;
2522 3217 2620 3255 nec
2655 3202 2707 3257 in
2737 3221 2892 3274 quem
2924 3223 3108 3263 casura
3135 3211 3223 3276 sit,
3252 3213 3344 3265 sed
3372 3213 3422 3266 in
3448 3230 3607 3283 quem

2026 3287 2277 3342 ceciderit
2319 3291 2676 3361 imbecillitas;
2707 3312 2804 3351 nec
2843 3300 2930 3367 qui
2973 3302 3131 3355 miser
3155 3318 3272 3358 csre
3296 3306 3481 3372 possit,
3513 3312 3607 3362 sed

2026 3380 2299 3435 miserum.
2332 3384 2577 3439 Animam
2605 3388 2794 3457 quippe
2836 3391 2995 3443 Deum
3036 3407 3155 3445 esse
3179 3393 3352 3448 dicitis
3380 3397 3461 3451 vel
3484 3412 3607 3466 par-

2027 3478 2129 3523 tem
2164 3472 2271 3526 Dei.
2307 3473 2416 3529 Nec
2440 3476 2594 3530 video
2620 3479 2884 3546 quomodo
2916 3482 3053 3535 Deus
3083 3499 3185 3536 non
3214 3486 3302 3550 sit,
3329 3501 3447 3555 qua:
3483 3503 3604 3555 pars

2026 3559 2117 3612 Dei
2141 3562 2363 3616 dicitur:
2388 3579 2508 3618 nam
2537 3574 2590 3619 et
2612 3568 2723 3619 auri
2755 3584 2874 3637 pars
2901 3586 3104 3635 nurum,
3127 3583 3178 3625 et
3198 3572 3399 3642 argenti
3421 3591 3603 3647 argen-

2028 3657 2219 3718 lum,el
2232 3654 2417 3723 lapidis
2432 3655 2581 3723 lapis;
2598 3667 2669 3722 et,
2686 3668 2738 3710 ut
2753 3662 2815 3710 ad
2833 3658 3153 3729 hwcmajora
3170 3666 3460 3731 veniamus,
3479 3681 3601 3735 pars

2026 3748 2178 3793 teme
2202 3751 2341 3796 terra
2371 3754 2471 3807 est,
2505 3756 2557 3799 et
2583 3764 2732 3816 aqum
2763 3764 2882 3818 pars
2908 3767 3061 3820 aqua,
3093 3761 3144 3807 et
3170 3756 3309 3809 aeris
3334 3772 3444 3821 aer,
3475 3768 3529 3812 et
3554 3761 3601 3816 si

2024 3832 2146 3900 quid
2190 3834 2257 3888 de
2296 3836 2413 3905 igne
2455 3838 2766 3905 detraxeris,
2800 3842 2970 3910 ignem
3001 3859 3121 3899 esse
3158 3862 3260 3900 non
3288 3850 3521 3918 negabis,
3548 3861 3603 3906 et

2024 3924 2271 3992 qua-libet
2312 3941 2435 3995 pars
2466 3930 2596 3983 lucis
2639 3930 2767 3984 nihil
2797 3941 2967 4000 potest
2991 3950 3108 3989 esse
3136 3936 3276 3991 aliud
3302 3954 3459 4007 quam
3485 3941 3596 3995 lux.

2024 4013 2130 4068 Cur
2156 4030 2282 4085 ergo
2325 4033 2448 4087 pars
2493 4019 2585 4073 Dei
2620 4037 2723 4075 non
2764 4023 2865 4075 erit
2896 4024 3064 4077 L‘cus?
3091 4025 3171 4079 An
3198 4028 3475 4083 articulata
3506 4030 3599 4086 Dei

2022 4102 2191 4159 forma
2212 4118 2293 4161 est
2312 4110 2490 4174 ‘,sicut
2515 4109 2766 4180 hominis,
2784 4113 3209 4188 reliquorumque
3225 4110 3598 4178 animantium?

2023 4213 2143 4252 nam
2175 4215 2297 4269 pars
2323 4202 2550 4257 hominis
2575 4219 2678 4259 non
2708 4216 2789 4261 est
2814 4205 2993 4263 homo.

2091 4288 2183 4341 22.
2211 4289 2314 4344 Sed
2339 4291 2403 4345 ad
2430 4295 2717 4362 quamlibet
2739 4297 2958 4353 istarum
2974 4300 3284 4370 opinionum
3306 4303 3596 4374 descendo,

2022 4390 2077 4437 et
2120 4383 2426 4453 singillatim
2456 4395 2730 4457 utramque
2758 4392 3056 4447 considero.
3086 4394 3219 4449 Nam
3256 4398 3299 4451 si
3329 4397 3495 4456 Deum
3524 4401 3598 4457 ita

2020 4485 2140 4526 esse
2170 4473 2327 4527 vultis
2352 4484 2406 4527 ut
2428 4475 2620 4543 lucem,
2649 4492 2892 4535 recusare
2920 4495 3024 4536 non
3054 4485 3274 4553 potestis
3297 4486 3597 4547 Deumesse

2018 4564 2245 4635 aliquam
2268 4574 2468 4634 partem
2487 4567 2596 4624 Dei.
2616 4568 2990 4649 Quamobrem,
3009 4589 3128 4629 cum
3144 4576 3345 4645 partem
3370 4581 3460 4635 Dei
3476 4597 3596 4638 esse

2018 4655 2247 4710 animam
2277 4656 2469 4722 dicitis,
2499 4673 2655 4729 quam
2683 4674 2789 4715 non
2820 4663 3022 4733 negatis
3044 4675 3098 4720 et
3124 4679 3426 4738 corruptam
3453 4686 3594 4739 esse,

2018 4759 2137 4815 qua:
2161 4746 2320 4801 stulta
2348 4757 2462 4813 est;
2492 4755 2546 4805 et
2573 4761 2971 4821 commutatam,
2999 4772 3116 4825 qum
3141 4760 3349 4828 sapiens
3379 4760 3507 4827 fuit;
3539 4774 3592 4820 et

2017 4836 2283 4901 violatam,
2308 4854 2425 4908 quae
2462 4843 2728 4912 propriam
2771 4846 3143 4911 perfectionem
3185 4864 3290 4903 non
3329 4850 3517 4917 habet;
3540 4864 3592 4908 ea

2018 4926 2358 4998 indigentem,
2383 4945 2501 5000 quxe
2528 4934 2696 5001 poscit
2723 4936 3010 4999 auxilium;
3037 4946 3093 4990 et
3117 4938 3455 5009 imbecillam,
3473 4960 3592 5013 qua:

2018 5020 2273 5073 medicina
2293 5032 2429 5091 eget;
2447 5033 2497 5076 et
2524 5024 2795 5090 miseram,
2821 5042 2936 5095 quae
2965 5028 3119 5083 beata
3146 5045 3265 5085 esse
3284 5032 3587 5090 desiderat:

2016 5108 2130 5164 hzec
2155 5113 2329 5166 omnia
2360 5114 2410 5167 in
2448 5100 2611 5169 Deum
2638 5117 2891 5187 sacrilega
2917 5120 3165 5188 opinione
3197 5125 3463 5180 confertis.
3487 5128 3592 5183 Aut

2015 5200 2059 5254 si
2082 5218 2185 5256 non
2206 5204 2497 5259 conceditis
2513 5206 2626 5259 haec
2650 5206 2716 5260 de
2735 5208 2928 5273 anima,
2946 5225 3046 5264 nec
3072 5210 3295 5281 Spiritus
3306 5226 3387 5269 est
3405 5233 3590 5273 neces.

2014 5293 2185 5348 sarius
2205 5296 2225 5326 ¹
2244 5336 2259 5361 ,
2288 5296 2377 5365 qui
2400 5297 2630 5351 animam
2653 5297 2705 5352 in
2728 5301 2998 5357 veritatem
3020 5302 3251 5373 inducat,
3280 5308 3400 5376 quia
3428 5312 3590 5366 stulta

2077 5430 2094 5498 ξ
2120 5437 2204 5481 us.
2226 5432 2402 5493 Regius
2418 5432 2488 5481 sic
2505 5431 2653 5483 habet
2675 5467 2690 5491 ,
2711 5447 2773 5498 art
2812 5433 3049 5498 particula
3070 5437 3160 5487 Dei
3177 5437 3338 5489 mima
3356 5446 3426 5491 est
3445 5442 3584 5494 sicut.

2076 5493 2096 5563 ξ
2116 5500 2223 5563 ntss.
2245 5501 2453 5563 septem,-
2478 5506 2565 5563 nec
2586 5493 2822 5557 apostolus
2839 5502 2907 5547 est
2926 5498 3236 5563 necessarius.
3250 5500 3335 5550 Alii
3357 5493 3488 5561 ωδ..
3503 5493 3589 5555 riet-

2012 5553 2216 5625 spi'itus
2236 5553 2633 5625 “(necessarium
2654 5563 2790 5625 Forte
2808 5567 3067 5625 utrumque
3076 5560 3137 5625 ad
3158 5568 3346 5625 textum
3357 5553 3587 5625 pertinet.

2012 5624 2208 5681 notatur
2226 5618 2360 5681 enim
2382 5618 2691 5681 Manichacus,
2711 5621 2793 5681 qui
2825 5618 3022 5681 apostoli
3045 5623 3137 5671 sibi
3162 5618 3371 5673 titulum'
3386 5627 3570 5679 vindica

2017 5679 2117 5737 bat,
2143 5689 2203 5725 ex
2226 5675 2348 5725 linro
2367 5678 2430 5727 de
2450 5680 2654 5730 moribus
2822 5675 2928 5744 aip.
2952 5683 3035 5744 3'5,
3055 5697 3106 5732 n.
3130 5684 3218 5748 72;
3240 5688 3425 5751 quique
3445 5675 3577 5751 Spir}

2729 5768 3350 5851 (Quarantc—trois.)
