4138 6364
556 281 692 338 i355

552 412 658 452 non
690 402 810 459 est;
841 407 941 450 nec
966 404 1250 451 renovatur
1274 396 1448 448 anima
1476 408 1570 461 per
1592 404 1770 445 veram
1799 388 2131 457 religionem,

550 489 672 557 quia
704 488 991 541 inveterata
1020 500 1127 539 non
1147 492 1261 549 est;
1290 498 1391 539 nec
1408 480 1691 551 signacttlis
1712 478 1900 534 vestris
1924 476 2134 546 perﬁci-

548 590 654 643 tur,
687 579 809 649 quia
855 576 1088 647 perfecta
1132 583 1245 639 est;
1274 589 1373 629 nec
1408 573 1456 628 ei
1502 574 1640 627 Deus
1666 587 1821 643 opem
1861 571 1979 635 fert,
2011 570 2135 640 quia

550 686 657 727 non
690 670 926 740 indiget;
949 682 1048 722 nec
1073 666 1310 721 medicus
1336 674 1419 719 est
1442 662 1707 725 Christus,
1730 663 1849 731 quia
1872 674 1997 714 sana
2016 670 2131 725 est;

549 774 649 814 nec
682 760 835 815 beata
862 759 910 813 ei
938 759 1043 810 vita
1070 763 1215 811 recte
1234 754 1577 825 promittitur.
1605 752 1740 819 Quid
1766 749 1905 820 quod
1935 750 2135 804 libera-

546 858 633 903 tor
665 848 857 903 dicitur
879 846 1053 907 Jesus,
1082 844 1223 914 quod
1252 852 1306 897 et
1333 843 1446 912 ipse
1484 842 1535 895 in
1578 840 1871 910 Evangelia
1904 840 2133 893 clamat:

549 938 612 994 Si
658 953 743 992 vos
770 937 817 990 Ρ
817 938 932 990 ilius
961 932 1257 998 liberaverit,
1288 941 1415 987 tunc
1436 948 1549 986 vere
1566 932 1707 985 liberi
1744 932 1881 984 eritis
1906 931 1928 982 ?
1956 929 2131 1000 (Joan.

550 1044 665 1092 νιιι,
696 1025 809 1099 56.)
853 1026 918 1079 Et
952 1025 1223 1094 apestoltts
1266 1023 1461 1078 Paulus
1506 1023 1616 1075 ait:
1661 1021 1759 1075 Vos
1783 1022 1835 1074 in
1862 1021 2136 1074 libertatm

550 1119 710 1172 vocati
734 1118 850 1172 estis
871 1115 1061 1187 (Galat.
1080 1131 1136 1179 v,
1161 1116 1270 1186 iii).
1295 1114 1466 1169 Servit
1485 1128 1612 1183 ergo
1635 1113 1810 1166 anima
1833 1128 1950 1182 qum
1979 1112 2134 1165 istam

549 1210 843 1264 libertatem
873 1206 1105 1261 nondum
1130 1214 1212 1260 est
1233 1213 1493 1260 assecuta.
1520 1203 1658 1258 Deus
1685 1204 1842 1273 igitur
1870 1201 2017 1256 vobis
2036 1215 2133 1255 aa-

548 1302 809 1367 ctoribus,
842 1300 1099 1370 siquidem
1127 1313 1251 1369 pars
1278 1297 1370 1351 Dei
1400 1306 1481 1351 est
1505 1297 1664 1361 Deus,
1691 1304 1744 1349 et
1767 1295 1985 1349 stultitia
2012 1308 2134 1348 cor-

548 1393 831 1462 rumpitur,
857 1400 911 1445 et
934 1390 1172 1444 cadendo
1214 1394 1446 1441 mutatus
1486 1394 1584 1452 est,
1633 1395 1688 1439 et
1728 1384 1922 1438 amissa
1960 1383 2135 1453 perfe-

549 1484 728 1539 ctione
759 1484 1007 1548 violatus,
1038 1487 1095 1535 et
1120 1479 1236 1549 opis
1264 1478 1482 1548 indiget,
1508 1484 1563 1531 et
1601 1474 1794 1529 debilis
1835 1474 2042 1541 morbo,
2081 1480 2139 1527 et

548 1591 833 1647 oppressus
862 1573 1098 1639 miseria,
1127 1581 1179 1626 et
1204 1570 1458 1625 servitute
1489 1577 1728 1637 turpatus
1753 1574 1855 1621 est.

618 1666 709 1721 25.
736 1663 885 1732 Quod
913 1663 955 1716 si
983 1662 1075 1716 Dei
1098 1676 1219 1731 pars
1241 1661 1382 1714 Deus
1401 1674 1506 1712 non
1534 1667 1650 1722 est;
1680 1671 1777 1710 nec
1804 1656 2136 1722 incorruptus

549 1766 724 1829 potest
748 1772 888 1825 esse,
914 1757 969 1810 in
995 1755 1146 1822 cujus
1191 1761 1338 1823 parte
1368 1748 1639 1818 corruptio
1662 1756 1777 1813 est;
1804 1761 1900 1801 nec
1930 1746 2135 1799 incumo

548 1858 803 1917 mutatus,
833 1848 923 1919 qui
953 1863 1015 1902 ex
1044 1847 1218 1915 aliqua
1258 1851 1406 1914 parte
1441 1850 1670 1895 mutatus
1695 1849 1809 1904 est;
1840 1853 1939 1892 nec
1970 1838 2138 1890 invio-

549 1942 709 2006 latus,
739 1940 829 2011 qui
869 1955 973 1994 non
1017 1953 1083 1992 ex
1136 1937 1279 1990 omni
1327 1945 1475 2005 parte
1505 1932 1803 2003 perfectus;
1832 1944 2003 1998 neque
2030 1943 2136 1983 non

549 2033 815 2103 indigens,
834 2030 921 2101 qui
942 2028 1126 2085 sedulo
1151 2028 1254 2097 agit
1278 2035 1334 2080 ut
1353 2025 1451 2079 si-bi
1474 2024 1712 2078 restituat
1738 2030 1938 2090 partem
1963 2017 2133 2083 suam;

552 2132 655 2180 nec
668 2124 886 2179 omnino
907 2122 1192 2189 sanus,qui
1209 2119 1379 2189 aliqua
1397 2127 1547 2188 parte
1577 2113 1871 2169 imbecillus
1900 2121 2008 2176 est;
2038 2124 2137 2166 nec

547 2216 901 2277 beatissimus,
925 2213 1011 2283 qui
1041 2211 1203 2265 habet
1230 2210 1455 2278 aliquam
1481 2214 1680 2277 partem
1712 2206 2002 2273 subjectam
2031 2203 2136 2256 mi-

546 2310 734 2372 seriae;
764 2321 863 2361 nec
887 2305 1106 2359 omnino
1135 2302 1290 2366 liber,
1321 2300 1472 2370 cujus
1511 2312 1632 2368 pars
1677 2298 1851 2367 aliqua
1881 2297 2139 2366 premitur

548 2399 820 2455 servitute.
850 2397 975 2452 llmc
1012 2395 1190 2449 omnia
1232 2393 1479 2462 cogitnini
1507 2389 1705 2453 dicere,
1731 2406 1850 2443 cum
1881 2389 2133 2454 animam,

546 2505 704 2561 quam
744 2488 903 2543 tantis
947 2488 1190 2541 obrutam
1232 2480 1625 2539 calamitatibus
1668 2480 1904 2544 cernitis,
1932 2478 2135 2548 partem

549 2582 644 2637 Dei
685 2595 804 2636 esse
843 2577 1152 2649 perhibetis.
1198 2576 1325 2631 llzec
1364 2584 1419 2628 et
1462 2574 1625 2627 multa
1665 2570 2026 2641 hujuscemodi
2069 2570 2137 2624 de

547 2680 691 2728 secta
713 2681 887 2726 vestra
915 2670 959 2723 si
990 2669 1215 2740 potestis
1234 2665 1466 2731 auferre,
1502 2674 1625 2718 tunc
1652 2663 1868 2717 demum
1899 2662 2057 2716 dicite
2076 2677 2137 2716 os

545 2772 781 2817 vestrum
828 2774 1013 2814 carere
1056 2757 1419 2826 blasphemis.
1450 2756 1561 2809 lmo
1585 2764 1784 2809 sectam
1816 2753 1957 2806 illam
1984 2752 2138 2807 dese-

547 2854 682 2909 rite:
708 2867 829 2906 nam
855 2852 899 2905 si
932 2850 1033 2903 hoc
1058 2848 1197 2918 quod
1224 2848 1316 2903 ille
1344 2847 1556 2916 scripsit
1581 2845 1893 2901 destiteritis
1915 2844 2137 2902 credere

546 2961 610 3000 ac
639 2945 837 3008 dicere,
870 2941 1148 2997 manicltzei
1175 2941 1355 3010 utique
1379 2954 1483 2993 non
1513 2939 1683 2994 eritis.

618 3035 709 3089 9.4.
736 3033 1012 3089 Summum
1035 3032 1231 3087 bonum
1256 3031 1493 3092 omnino.
1521 3036 1575 3083 et
1602 3044 1707 3098 quo
1736 3040 1856 3084 esse
1880 3036 1971 3083 aut
1992 3028 2137 3099 cogi:

548 3126 649 3181 tari
678 3125 868 3180 melius
899 3121 1028 3177 nihil
1051 3122 1235 3191 possit,
1263 3128 1354 3174 aut
1379 3119 1770 3188 intelligendus,
1799 3126 1887 3171 aut
1906 3118 2134 3172 creden-

548 3216 650 3273 dus
685 3216 825 3270 Deus
853 3223 954 3279 est,
984 3215 1028 3267 si
1061 3212 1407 3282 hiaspbemiis
1431 3226 1613 3266 carere
1639 3210 1951 3280 cogitamus.
1982 3210 2135 3264 Ratio

547 3309 722 3378 aliqua
760 3319 1105 3361 numerorum
1145 3304 1332 3358 violari
1376 3313 1431 3357 et
1466 3301 1782 3357 commutari
1808 3302 1953 3355 nullo
1980 3310 2136 3370 pacto

547 3405 743 3470 potest,
776 3411 875 3451 nec
902 3396 1008 3450 ulla
1047 3403 1233 3448 natura
1276 3392 1513 3463 qualibet
1541 3392 1790 3447 violentia
1815 3390 2052 3448 effetterit
2080 3400 2137 3444 ut

548 3498 670 3560 post
688 3502 849 3542 unum
876 3486 966 3556 qui
994 3485 1232 3553 sequitur
1262 3496 1532 3547 numerus,
1563 3497 1667 3535 non
1693 3481 1852 3550 duplo
1876 3482 1926 3536 ei
1953 3481 2134 3535 conci-

547 3591 658 3638 nat.
684 3580 798 3636 Hoc
827 3576 1141 3634 commutari
1171 3575 1317 3631 nullo
1349 3583 1500 3644 pacto
1520 3578 1710 3643 potest,
1739 3580 1792 3627 et
1822 3572 1960 3626 Deus
1988 3588 2016 3624 a
2043 3586 2136 3626 vo-

551 3673 632 3727 bis
659 3668 1049 3726 cOmmtttabilis
1086 3666 1310 3722 dicitur!
1346 3664 1516 3720 Tenet
1555 3665 1652 3718 ista
1690 3664 1826 3717 ratio
1861 3663 2137 3717 inviolabi-

548 3763 654 3819 lem
683 3760 1031 3830 integritatem
1057 3772 1229 3820 suam,
1254 3764 1307 3812 et
1335 3756 1383 3811 ei
1408 3756 1594 3810 saltem
1621 3770 1803 3827 parem
1826 3756 1991 3809 Deum
2016 3769 2135 3809 esse

550 3870 658 3910 non
694 3854 883 3908 vultis!
916 3851 1095 3906 Faciat
1129 3848 1375 3921 qumlibet
1403 3863 1535 3920 gens
1567 3849 1920 3909 tenebrarum,
1945 3854 2002 3900 ut
2024 3854 2133 3900 tera

550 3946 734 4002 uarius
781 3942 1122 4014 intelligibilis
1167 3956 1441 4007 numerus,
1471 3941 1525 3995 in
1565 3956 1669 4009 quo
1716 3940 1787 3993 ita
1834 3954 1993 3993 unum
2030 3946 2128 4005 est,

547 4036 691 4110 quod
721 4050 884 4091 unum
927 4043 1028 4101 est,
1062 4043 1121 4088 ut
1159 4032 1397 4103 partibus
1429 4039 1639 4095 careat;
1674 4030 1827 4084 faciat
1851 4044 1977 4099 ergo
2004 4044 2132 4098 gens

549 4130 651 4184 ista
695 4127 1055 4189 tenebrarum,
1089 4133 1145 4177 ut
1191 4137 1443 4176 numerus
1483 4121 1583 4175 iste
1622 4120 1883 4174 ternarius
1920 4120 1972 4174 in
2002 4120 2133 4176 duas

547 4227 727 4289 partes
745 4215 974 4289 tequaies
999 4213 1279 4267 dividatur.
1298 4212 1454 4266 Videt
1479 4220 1626 4267 certe
1649 4227 1798 4266 mens
1817 4223 1989 4267 vestra
2016 4213 2133 4267 nul-

549 4308 653 4377 lius
688 4305 739 4360 id
779 4303 1147 4359 malevolentia
1186 4316 1345 4374 posse
1384 4302 1711 4374 contingere.
1741 4301 1868 4371 Quae
1893 4318 2019 4373 ergo
2045 4320 2132 4358 ra-

546 4402 747 4454 tionem
773 4390 979 4449 numeri
1004 4392 1198 4448 violare
1226 4407 1330 4447 non
1362 4400 1585 4461 poterat,
1618 4400 1824 4461 poterat
1852 4391 2016 4447 Deum
2035 4394 2056 4447 ?
2073 4393 2129 4448 Si

546 4496 725 4542 autem
746 4498 851 4541 non
868 4491 1091 4556 poterat,
1110 4497 1245 4554 quas,
1261 4483 1505 4550 obsecro,
1520 4486 1810 4540 necessitas
1824 4485 1922 4540 fuit
1936 4495 1992 4540 ut
2006 4501 2129 4557 pars

547 4578 667 4650 ejus
680 4576 989 4633 misceretur
1000 4576 1161 4643 malo,
1176 4584 1229 4630 et
1244 4576 1296 4630 in
1317 4584 1489 4631 tantas
1506 4577 1748 4632 miserias
1769 4578 2105 4633 truderetur‘i

629 4664 856 4725 CAPUT
879 4664 994 4723 Xll.
1024 4695 1094 4707 —-
1120 4665 1357 4721 Exoledit
1382 4664 1779 4722 Hanichcornm
1803 4667 2041 4740 suﬁ'ngia.

614 4758 707 4815 98.
740 4756 874 4813 illnc
908 4757 1049 4813 enim
1089 4755 1217 4811 illud
1257 4766 1499 4812 exortum
1532 4766 1632 4826 est,
1659 4758 1798 4830 quod
1824 4758 1981 4815 etiam
2007 4775 2128 4817 cum

548 4851 786 4908 studiose
810 4848 1256 4916 vos'audiremus,
1285 4864 1385 4905 nos
1420 4852 1627 4922 magnis
1656 4853 1925 4923 premebat
1964 4868 2127 4924 angu-

549 4946 695 5011 stiis;
721 4958 821 4999 nec
839 4942 1004 4997 ullum
1021 4943 1224 4997 exitum
1247 4943 1663 5012 reperiebamus,
1686 4950 1983 5013 quaerentes
2001 4945 2127 5015 quid

546 5036 748 5092 factura
787 5042 903 5090 erat
936 5034 1045 5089 Deo
1084 5050 1213 5105 gens
1255 5035 1613 5098 tenebrarum,
1640 5036 1684 5088 si
1712 5048 1833 5088 cum
1869 5050 1930 5090 ea
1966 5035 2128 5093 nollet

548 5141 672 5183 cum
699 5134 844 5181 tanta
872 5127 1035 5196 partis
1060 5142 1170 5181 suae
1187 5127 1484 5181 calamitate
1505 5138 1759 5196 pugnare.
1785 5125 1840 5181 Si
1864 5128 2127 5183 enimnon

551 5224 667 5272 erat
700 5216 940 5271 nocitura
979 5214 1289 5283 quiescenti,
1317 5215 1601 5271 crudeliter
1645 5216 1917 5271 nobiscum
1952 5227 2125 5273 actum

548 5307 925 5378 querebamur,
955 5307 1043 5376 qui
1077 5305 1142 5359 ad
1182 5306 1307 5360 istas
1353 5321 1616 5361 {erumnas
1659 5308 1803 5363 missi
1833 5322 2049 5365 sumus:
2082 5312 2127 5365 si

547 5425 654 5467 tum
674 5424 893 5468 sanctum
915 5416 1231 5479 personaliter
1255 5418 1303 5465 in
1325 5430 1381 5467 se
1422 5430 1532 5468 esse
1551 5420 1895 5482 mentiebatur,
1916 5435 1980 5473 ex
2003 5422 2128 5474 lihro

546 5479 974 5528 liuenteasiouum.
993 5490 1102 5528 can.
1120 5479 1171 5528 5.
1192 5492 1243 5527 ιι.
1264 5479 1315 5528 8.
1339 5481 1422 5528 ilic
1442 5487 1607 5528 autem
1631 5480 1774 5528 paulo
1809 5494 1916 5528 rost
1954 5484 2128 5528 lmen.

547 5479 974 5537 δῦοιιῐεεειαιιιω,
993 5490 1102 5540 cap.
1120 5479 1171 5537 5,
1192 5492 1243 5527 n.
1264 5479 1315 5529 8.
1339 5481 1422 5549 ttic
1442 5487 1607 5530 autem
1631 5480 1774 5543 paulo
1809 5479 1916 5545 post
1954 5484 2129 5548 legen.

547 5538 893 5613 Ψῖξαιῖιιιιΐι
909 5545 1270 5613 μείνεηουςιιυῖ
1290 5553 1571 5613 me?"
1590 5548 1793 5613 vestram
1815 5544 2087 5613 religionem
2109 5560 2127 5597 :

552 5597 766 5711 et'bpaulo
780 5597 982 5668 inferius
1002 5600 1183 5653 habent
1206 5602 1427 5665 plerique
1441 5597 1570 5665 Mss,
1595 5602 1709 5667 quia
1728 5597 2016 5659 mutatd’non
2028 5614 2129 5671 est;

658 5661 827 5710 exarsi
840 5666 1114 5713 moderata.
1196 5706 1199 5709 .

1412 281 1498 335 DE
1537 278 1832 335 IiOiilBUS
1867 274 2409 340 MANICHASORUM,
2449 276 2507 330 S.
2549 276 2914 333 AUGUSTI.“

3690 282 3835 339 13:56

2244 397 2417 442 autem
2448 388 2687 443 nocitura
2711 398 2843 451 erat.
2873 405 2976 445 non
3006 406 3127 447 esse
3150 392 3293 447 illam
3322 402 3561 450 naturam
3589 395 3837 453 incorru-

2244 476 2497 545 ptibilem,
2526 479 2698 547 qualis
2716 489 2902 535 natura
2931 481 3025 535 Dei
3053 496 3175 537 esse
3202 482 3445 539 debebat.
3474 484 3530 539 in
3558 485 3656 541 hac
3676 503 3825 557 qure-

2240 566 2413 620 stione
2447 583 2549 623 non
2584 566 2751 625 defuit
2790 569 2883 639 qui
2914 570 3136 635 diceret.
3165 588 3271 627 non
3294 573 3458 643 Deum
3487 576 3627 629 malo
3645 591 3834 634 carere

2240 659 2491 725 voluisse,
2520 668 2610 714 aut
2656 675 2723 715 ne
2756 661 2859 715 sibi
2897 672 3180 717 noceretur
3217 664 3447 729 cavisse,
3477 665 3573 720 sed
3612 678 3833 740 propter

2240 747 2533 803 naturalem
2565 750 2853 806 bonitatem
2877 768 3026 806 suam
3054 754 3302 823 inquieta:
3338 770 3705 828 perversaaque
3732 774 3831 812 na-

2243 850 2394 905 tura‘,
2425 852 2481 895 ut
2517 842 2757 898 ordinata
2800 852 2944 907 esset
2988 845 3247 915 prodesse
3290 847 3540 903 voluisse.
3569 847 3686 904 Non
3724 848 3857 906 hoc

2241 942 2431 987 sonant
2473 933 2590 988 libri
2631 935 2941 999 manichaai;
2968 938 3174 993 cavisse
3199 938 3365 992 Deum
3395 954 3465 995 ne
3490 940 3829 997 invaderetur

2240 1023 2308 1077 ab
2337 1023 2594 1089 hostibus,
2629 1026 2923 1094 saepissime
2960 1028 3031 1083 ibi
3056 1028 3397 1095 signiﬁcatur,
3425 1030 3717 1100 saepissime
3741 1032 3827 1087 di-

2240 1113 2395 1167 citur.
2423 1113 2527 1168 Sed
2569 1115 2923 1172 concedamus
2970 1116 3068 1171 ista
3110 1117 3458 1173 Maniclneum
3487 1120 3737 1186 sensisse,
3769 1131 3831 1178 ut

2242 1206 2329 1261 ille
2353 1206 2581 1269 dicebat,
2614 1208 2701 1276 qui
2743 1224 2849 1263 non
2893 1208 3193 1263 inveniebat
3230 1209 3371 1265 aliud
3412 1211 3551 1279 quod
3590 1210 3827 1277 diceret;

2240 1313 2363 1351 num
2387 1298 2484 1352 ista
2514 1299 2717 1353 ratione
2743 1300 2883 1355 Deus
2905 1316 2934 1354 a
2956 1300 3265 1356 crudelitate
3287 1311 3378 1356 aut
3406 1301 3710 1357 infirmitate
3729 1302 3829 1358 de-

2239 1387 2505 1445 fenditur?
2528 1389 2653 1444 Haec
2676 1390 2817 1446 enim
2844 1391 2960 1460 ejus
2985 1391 3039 1445 in
3064 1391 3340 1445 adversam
3365 1402 3575 1461 gentem
3598 1391 3827 1459 bonitas,

2240 1478 2294 1533 in
2324 1493 2451 1534 suos
2475 1480 2677 1535 exstitit
2702 1495 2891 1551 magna
2922 1481 3203 1549 pernicies.
3240 1481 3352 1534 line
3377 1480 3601 1545 accedit,
3631 1482 3752 1552 quia
3778 1482 3829 1537 si

2241 1580 2425 1626 natura
2454 1572 2594 1626 illius
2621 1573 2891 1642 'corrntnpi
2914 1573 3337 1642 commutariquc
3367 1589 3471 1627 non
3501 1583 3700 1642 posset,
3730 1588 3830 1630 na

2242 1679 2338 1718 nos
2360 1665 2462 1718 ulla
2488 1664 2649 1734 pestis
2673 1672 3023 1719 commutaret
3049 1673 3209 1734 atque
3234 1670 3633 1733 corrumperet;
3659 1672 3713 1719 et
3742 1664 3832 1720 ille

2240 1754 2373 1810 ordo
2401 1756 2491 1825 qui
2526 1766 2729 1811 natura:
2765 1756 2956 1810 aliena?
2992 1754 3325 1825 praestandus
3362 1746 3483 1819 fuit,
3510 1763 3689 1825 posset
3711 1754 3832 1811 sine

2240 1856 2418 1901 nostra
2451 1848 2796 1917 perversitate
2828 1848 3088 1917 prtestari.

2311 1939 2401 1994 26.
2433 1938 2565 1994 Illud
2617 1954 2745 1995 vero
2790 1939 3026 1993 nondum
3066 1936 3263 1992 dictum
3316 1926 3450 2004 erat,
3486 1932 3628 2007 quad
3663 1944 3835 2006 nuper

2242 2031 2381 2101 apud
2432 2029 2809 2100 Carthaginem
2856 2030 3033 2085 audivi
3086 2029 3181 2101 (a).
3210 2030 3352 2084 Cum
3395 2030 3539 2084 enim
3590 2029 3829 2099 quidam,

2241 2140 2398 2193 quem
2423 2123 2653 2178 maxime
2678 2122 2767 2178 illo
2785 2137 2971 2178 errore
2992 2123 3147 2191 cupio
3168 2120 3400 2184 liberari,
3422 2119 3523 2175 bac
3539 2120 3834 2189 qumstiuné

2242 2217 2294 2271 in
2322 2216 2538 2271 easdem
2566 2216 2993 2285 compingerctur
3021 2213 3316 2283 angustias,
3342 2227 3500 2266 ausus
3520 2221 3603 2266 est
3631 2211 3830 2279 dicere,

2240 2308 2443 2363 scilicet
2473 2322 2693 2377 regnum
2720 2307 2971 2363 habuisse
2993 2306 3249 2377 quosdam
3275 2304 3407 2360 ﬁnes
3432 2308 3580 2371 suos,
3600 2306 3685 2375 qui
3711 2320 3835 2375 pos-

2240 2408 2359 2453 sent
2384 2398 2557 2452 invadi
2583 2406 2784 2468 agente
2812 2398 3112 2463 contraria;
3145 2412 3265 2450 nam
3291 2396 3462 2467 ipsum
3490 2396 3658 2451 Deum
3687 2396 3837 2450 nullo

2241 2488 2401 2543 modo
2435 2488 2670 2559 potuisse
2712 2489 2920 2543 violari.
2947 2488 3051 2544 Sed
3088 2488 3221 2544 dixit
3269 2488 3409 2558 quod
3448 2502 3625 2558 neque
3652 2490 3837 2540 auctor

2241 2580 2329 2634 ille
2370 2589 2551 2635 vester
2591 2578 2698 2635 ullo
2731 2579 2891 2636 modo
2919 2580 3098 2636 dicere
3122 2588 3435 2650 cogeretur:
3466 2578 3667 2633 videret
3690 2578 3835 2631 enint

2241 2670 2467 2727 fortasse
2512 2681 2901 2740 consequentes
2945 2672 3128 2726 ruinas
3180 2684 3291 2726 sua:
3342 2678 3505 2725 secta:
3540 2670 3706 2725 multo
3741 2685 3836 2738 per

2242 2760 2378 2816 hanc
2400 2761 2738 2828 sententiam,
2764 2776 2923 2831 quam
2948 2776 3041 2831 per
3061 2761 3221 2815 aliam
3247 2760 3528 2815 faciliores.
3555 2761 3621 2814 lit
3646 2773 3833 2813 revera

2242 2853 2311 2906 ita
2341 2866 2399 2906 se
2419 2851 2521 2906 hoc
2550 2851 2728 2916 habet,
2756 2860 2813 2905 ut
2836 2852 2879 2905 si
2911 2852 3188 2921 quisquam
3218 2850 3504 2905 mediocris
3532 2848 3709 2905 cordis
3734 2863 3835 2903 au-
3868 2842 3871 2843 ⁷

2240 2945 2397 3001 dicrit
2425 2947 2477 3000 in
2505 2953 2691 3000 natura
2719 2945 2806 3000 illa
2845 2943 3009 3000 fuisse
3034 2944 3175 2999 aliud
3200 2943 3471 3009 violabile,
3496 2941 3639 2997 aliud
3667 2942 3836 2995 invio-

2241 3036 2421 3103 labile,
2449 3036 2601 3091 facile
2646 3035 2904 3105 intelligat
2950 3050 3055 3090 non
3092 3034 3202 3103 jam
3240 3034 3393 3101 duas,
3424 3032 3521 3088 sed
3566 3043 3674 3087 tres
3712 3046 3835 3088 esse

2246 3134 2483 3193 naturas,
2514 3142 2669 3180 unam
2699 3125 3075 3191 inviolabtlem,
3101 3123 3328 3179 alteram
3372 3122 3696 3191 violabilem,
3729 3133 3835 3178 tera

2249 3219 2374 3273 tiam
2406 3217 2754 3272 violatricem.
3734 3232 3735 3237 ‘

2238 3307 2465 3363 CAPUT
2496 3306 2634 3364 XIII,
2660 3336 2734 3348 ——
2764 3304 2884 3360 Non
2920 3322 2981 3359 ea:
3008 3295 3153 3359 rebus
3191 3303 3280 3357 sed
3314 3317 3377 3357 ea:
3400 3302 3669 3356 intentione
3696 3304 3836 3374 facta

2309 3398 2621 3452 restituantur
2644 3398 2794 3451 :In'ne
2823 3397 2885 3451 de
2911 3395 2963 3448 Μ
2971 3395 3309 3450 αηὶι·1ιιεοι·ιιηι
3335 3394 3634 3448 abstinentia
3665 3396 3835 3466 {erm-'-

2310 3491 2428 3544 dum
2439 3491 2712 3560 judicium.

2308 3582 2398 3636 27.
2429 3582 2521 3636 lla:
2548 3581 2705 3652 igitur
2731 3580 3095 3649 blasphemiae,
3128 3594 3247 3633 cum
3286 3592 3317 3633 a
3356 3578 3519 3634 corde
3556 3578 3825 3649 profectas,

2239 3675 2475 3746 quotidie
2517 3676 2569 3728 in
2609 3690 2702 3729 ore
2746 3683 2927 3728 vestro
2966 3673 3223 3740 habitent,
3279 3672 3505 3728 desinite
3540 3673 3830 3741 aliquando

2238 3769 2565 3836 signaculum
2604 3768 2713 3822 oris
2756 3766 2939 3833 vestri,
2974 3766 3040 3820 ad
3090 3765 3449 3835 imperitorum
3489 3760 3824 3832 illecebram,

2236 3860 2389 3930 quasi
2415 3875 2660 3928 magnum
2691 3859 2887 3928 aliquid
2917 3858 3222 3927 praedicare.
3254 3857 3362 3911 Nisi
3391 3856 3525 3912 forte
3551 3855 3693 3927 quod
3716 3873 3824 3911 nutt

2239 3953 2509 4008 vescimini
2545 3952 2811 4015 carnibus,
2843 3960 2895 4005 et
2921 3950 3099 4004 vinum
3132 3964 3235 4004 non
3265 3948 3464 4012 bibitis,
3495 3948 3820 4018 signaculum

2236 4045 2346 4099 oris
2374 4044 2671 4099 mirandum
2713 4052 2767 4097 et
2809 4042 3125 4097 laudandum
3162 4042 3379 4113 putatis.
3407 4041 3559 4109 Quod
3584 4056 3764 4111 qurere
3789 4057 3820 4096 a

2236 4137 2389 4192 vobis
2423 4152 2529 4207 quo
2564 4136 2667 4191 ﬁne
2709 4135 2933 4189 faciatis.
2965 4133 3111 4188 Finis
3136 4134 3278 4187 enim
3309 4148 3413 4200 quo
3440 4132 3735 4187 referuntur
3755 4146 3820 4188 ea

2235 4240 2355 4297 qum
2402 4226 2642 4290 facimus,
2671 4224 2721 4279 id
2764 4233 2847 4279 est
2886 4233 3099 4292 propter
3135 4237 3293 4291 quem
3324 4220 3547 4276 facimus
3569 4219 3817 4291 quidquid

2236 4316 2478 4376 facimus.
2504 4316 2550 4369 si
2579 4329 2683 4369 non
2713 4314 2884 4369 solum
2907 4311 3259 4381 inculpabilis,
3285 4311 3380 4366 sed
3401 4311 3557 4365 etiam
3579 4310 3817 4365 laudabi~

2234 4407 2301 4463 iis
2326 4396 2506 4473 fuerit,
2540 4415 2664 4461 ttmc
2703 4405 2914 4459 demum
2964 4403 3123 4458 etiam
3160 4401 3296 4456 facta
3326 4410 3507 4456 nostra
3531 4400 3684 4454 laude
3711 4400 3814 4455 ali-

2233 4513 2337 4569 qua
2387 4497 2545 4567 digna
2598 4504 2764 4550 sunt:
2799 4494 2882 4550 sin
2926 4494 3015 4549 ille
3047 4492 3168 4563 jure
3208 4492 3498 4561 meritoque
3547 4489 3815 4559 culpatur,

2234 4603 2390 4658 quem
2420 4594 2719 4656 spectamus
2746 4593 2799 4640 et
2828 4586 3111 4648 intuemur,
3132 4598 3254 4637 cum
3272 4584 3322 4636 iu
3340 4581 3514 4650 aliquo
3540 4594 3817 4635 versamur

2233 4677 2429 4744 ofﬁcio,
2459 4676 2509 4731 id
2535 4691 2746 4746 quoque
2777 4675 3009 4730 ofﬁcium
3047 4689 3207 4729 nemo
3242 4674 3641 4744 improbandum
3671 4673 3814 4728 vitu-

2232 4768 2625 4838 perandumque
2649 4766 2983 4822 dubitaverit.

2303 4862 2391 4916 28.
2422 4862 2494 4917 De
2522 4860 2743 4915 Catilina
2768 4861 3038 4915 memoria:
3068 4858 3333 4930 proditum
3357 4856 3601 4929 estquod
3626 4857 3789 4929 frigus

2297 5058 2369 5121 (a)
2389 5058 2484 5108 Etsi
2503 5068 2615 5116 vox,
2636 5067 2806 5165 nuper,
2830 5055 2890 5104 ad
2907 5051 3090 5127 aliquot
3115 5066 3268 5104 annos
3294 5056 3568 5127 porrigatur
3593 5065 3816 5103 nonnun-

2297 5133 2402 5165 am:
2422 5119 2512 5165 hoc
2529 5124 2691 5165 tamen
2727 5129 2815 5165 oco
2832 5129 3074 5165 nesctmus
3091 5129 3152 5165 an
3172 5128 3441 5165 erommum
3458 5122 3649 5165 temms
3664 5114 3815 5164 deno-

2231 5114 2402 5182 quam;
2422 5119 2512 5167 hoc
2525 5114 2691 5182 tantm
2705 5114 3074 5182 loconescin'tus
3091 5129 3156 5182 an
3172 5114 3649 5182 prosimum'tentpus
3664 5114 3815 5182 deuo:

2234 5174 2283 5249 t'c
2289 5188 2328 5249 ιτ
2344 5174 2454 5229 Nam
2465 5178 2768 5249 subiudicare
2780 5178 2971 5249 videtur
2988 5174 3326 5249 quaestionijlii
3338 5176 3470 5239 (quae
3482 5174 3675 5249 quidem
3686 5176 3814 5249 apud

2232 5241 2411 5301 italiam
2436 5242 2530 5289 «ab
2546 5252 2701 5301 usque
2718 5235 3057 5301 Carthagine'a
3075 5238 3296 5301 Nebridio
3308 5235 3515 5301 proponi
3552 5235 3768 5301 solebat,
3783 5252 3807 5301 ξ

2232 5305 2303 5364 uti
2322 5296 2532 5364 legimus
2549 5301 2599 5349 iu
2619 5296 2751 5364 [ιιι]
2771 5296 3105 5364 confessam
3127 5297 3183 5357 2,
3214 5312 3263 5347 ιι.
3285 5296 3338 5361 5)
3364 5296 3652 5364 réSponsum
3684 5296 3812 5346 istud

2233 5360 2441 5413 aitet-tim
2460 5375 2547 5424 pro
2566 5360 2835 5424 Manicbteis
2858 5360 3101 5424 redditum
3132 5372 3268 5419 esse,
3289 5373 3387 5410 non
3419 5360 3571 5424 primo
3588 5366 3813 5424 tempore

2232 5420 2489 5486 propositae
2516 5435 2545 5495 ξι
2571 5420 2793 5471 Nebridio
2811 5423 3105 5494 quaestionis,
3125 5430 3287 5493 aut‘eo
3319 5420 3647 5492 quo'studiose
3666 5420 3811 5468 uani-

2232 5486 2394 5535 cbaeos
2426 5484 2653 5546 audiebat
2688 5490 2994 5546 Augustinus,
3031 5484 3121 5533 sed
3157 5483 3398 5546 aliquanto
3432 5489 3726 5546 recentiore,
3756 5492 3811 5531 ac

2233 5492 2394 5535 chaeos
2426 5492 2653 5534 audierat
2688 5492 2994 5545 Augustinus,
3031 5492 3121 5533 seu
3157 5492 3398 5546 auquanto
3432 5492 3726 5539 recenttore,
3756 5492 3814 5531 ac

2233 5546 2358 5618 forte
2374 5544 2566 5618 nonnisi
2586 5551 2694 5605 post
2713 5545 2864 5607 ipsius
2876 5557 3245 5618 regressum.“
3266 5542 3411 5618 italia.
3574 5543 3622 5618 si,
3634 5546 3809 5618 est:

2233 5605 2358 5657 libro
2374 5607 2485 5656 huic
2503 5602 2659 5655 uetita:
2676 5619 2705 5655 a
2721 5602 2778 5656 se
2796 5602 2972 5666 scripto
2991 5604 3147 5657 locum
3163 5606 3291 5657 hunc
3304 5604 3687 5666 seettndamanu,
3697 5602 3810 5651 dum

2235 5669 2342 5729 ejus
2354 5667 2727 5729 publicationem
2742 5666 2930 5717 differt.
