4138 6364
315 285 451 354 155⁵1

313 413 474 476 sitim;
493 411 683 465 famem
710 407 848 463 ferre
878 403 1085 478 poterat
1114 400 1434 473 (Sallustius,
1457 397 1507 451 in
1535 393 1730 468 prolog.
1759 387 1897 443 Cati-

318 509 428 575 lina
461 514 576 574 cap.
603 502 680 577 ὅ).
704 503 828 556 Haec
855 508 1005 555 erant
1029 497 1103 553 illi
1129 511 1318 567 spurco
1356 490 1718 559 sacrilegoque
1743 485 1898 577 etiam

316 614 436 654 cum
461 575 727 667 Apostolis
755 592 950 648 nostris
978 588 1297 644 communia.
1325 583 1475 639 Unde
1495 585 1621 650 ergo
1646 575 1901 667 discerni-

317 702 406 747 tur
442 666 706 760 parricida
746 687 844 741 iste
883 683 950 738 ab
990 681 1258 766 Apostoils
1305 675 1520 737 nostris,
1549 671 1650 726 nisi
1679 671 1783 724 iiue
1811 666 1902 722 illo

318 789 476 855 ‘quem
506 779 922 835 diversissimum
945 761 1299 843 sequebatur?
1325 766 1560 852 Namque
1586 763 1670 817 ille
1697 761 1794 814 ista
1819 768 1904 855 to-

320 851 543 940 lerabat,
575 881 631 927 ut
658 866 1179 926 immoderatissimas
1203 873 1257 917 et
1285 851 1691 915 immanissimas
1720 851 1903 923 exple-

320 975 406 1021 ret
427 964 741 1032 cupiditates
761 977 772 1014 :
793 959 867 1014 illi
897 975 926 1013 e
955 965 1158 1022 centra,
1185 961 1244 1007 ut
1267 959 1358 1007 eas
1378 948 1695 1020 premerent,
1725 952 1779 999 et
1805 941 1904 997 do-

321 1055 546 1111 minanti
588 1053 795 1106 ration?
812 1050 1019 1104 servire
1057 1051 1324 1115 cogerent.
1356 1039 1549 1098 Soletis
1570 1048 1622 1092 et
1644 1052 1755 1095 vos.
1783 1050 1904 1089 cum

322 1144 701 1200 catholicarum
746 1140 893 1194 vobis
945 1135 1204 1207 virginum
1244 1128 1524 1188 multitudo
1570 1126 1902 1197 pracdicatur,

325 1235 729 1294 dicere:Eti'am
779 1232 919 1286 m'ula
961 1231 1111 1299 virgo
1156 1235 1256 1282 est.
1297 1224 1520 1280 Temere
1571 1220 1622 1274 id
1670 1217 1904 1290 quidem,

325 1328 544 1399 propter
581 1315 894 1394 imperitiam
932 1319 1208 1374 catholica:
1249 1313 1571 1385 disciplinae;
1601 1309 1694 1365 sed
1731 1318 1905 1399 tamen

328 1398 684 1490 signiﬁcantes
725 1428 910 1467 vanam
952 1425 1070 1466 esse
1106 1405 1483 1463 continentiam
1511 1404 1682 1464 istam,
1717 1399 1816 1454 nisi
1840 1398 1907 1454 ad

331 1511 559 1581 aliquem
607 1505 955 1563 rectissimum
996 1499 1153 1555 linem
1195 1505 1336 1552 certa
1382 1496 1587 1552 ratibue
1629 1491 1903 1547 referatur.

334 1603 564 1657 Possunt
589 1608 643 1654 et
666 1595 920 1654 Catholici
958 1591 1228 1648 christiani
1255 1597 1486 1645 vestram
1513 1603 1541 1641 a
1567 1585 1689 1640 vino
1715 1593 1769 1640 et
1792 1599 1908 1638 ear-

330 1693 489 1748 nibus
533 1687 926 1751 abstinentiam,
978 1682 1235 1755 jume‘ntis
1275 1686 1329 1736 et
1363 1677 1542 1733 multis
1582 1675 1902 1747 passeribus,

330 1791 599 1852 postremo
638 1779 796 1834 etiam
837 1773 1308 1830 innumerabilibus
1341 1769 1622 1841 generibus
1649 1768 1908 1822 vermium

330 1883 659 1941 Comparare.
691 1869 794 1925 Sed
823 1872 888 1923 ne
917 1868 967 1921 in
1004 1877 1231 1920 vestram
1268 1861 1494 1917 incidam
1535 1859 1904 1924 temeritatem,

328 1979 438 2019 non
465 1963 516 2018 id
543 1975 879 2033 prtcpropere
913 1959 1118 2024 iaciam,
1146 1955 1240 2011 Sed
1278 1954 1558 2009 discutiam
1603 1952 1771 2021 primo
1803 1965 1909 2022 quo

329 2058 429 2112 iSIa
459 2056 563 2111 ﬁne
604 2054 824 2109 faciatis.
848 2051 962 2107 Iam
993 2050 1137 2105 enim
1161 2056 1370 2102 constat
1399 2047 1535 2100 inter
1565 2059 1680 2109 nos,
1708 2051 1769 2098 ut
1790 2042 1910 2111 opi-

331 2167 451 2215 nor,
478 2145 842 2218 hujuscemodi
889 2143 1124 2198 moribus
1168 2139 1297 2196 nihil
1337 2137 1478 2193 aliud
1515 2147 1634 2192 esse
1661 2149 1910 2206 quaeren-

329 2243 476 2298 dum.
505 2240 562 2296 Si
591 2254 716 2310 ergo
745 2236 1083 2308 parcim'onia:
1117 2234 1280 2305 gratia
1307 2240 1361 2286 ct
1393 2227 1699 2284 coercenda:
1730 2225 1908 2281 libidi-

330 2336 432 2399 nis,
455 2349 556 2405 qua
598 2332 734 2388 escis
766 2331 956 2386 talibus
981 2337 1034 2382 et
1059 2337 1180 2397 potu
1210 2325 1532 2380 delectamur
1564 2329 1618 2376 et
1648 2319 1906 2389 capimur,

223 2445 242 2460 α
330 2426 488 2482 audio
511 2434 562 2480 et
589 2423 754 2494 probo
777 2440 791 2476 :
813 2423 905 2476 sed
929 2437 1035 2476 non
1066 2419 1136 2474 ita
1160 2425 1260 2472 est.

403 2517 492 2573 29.
519 2516 651 2572 Nam
676 2531 860 2586 quaero—
879 2530 908 2567 a
934 2513 1103 2576 vobis,
1140 2511 1183 2566 si
1229 2509 1347 2579 quis
1387 2506 1596 2574 existat,
1627 2503 1764 2572 qtiod
1795 2501 1909 2557 fieri

331 2615 524 2679 potest,
557 2609 628 2662 ita
663 2608 822 2662 homo
851 2621 1039 2675 parcus
1061 2611 1114 2658 et
1141 2603 1293 2674 frugi,
1322 2611 1379 2655 ut
1401 2600 1688 2670 appetitum
1713 2597 1908 2652 ventris

331 2708 387 2754 et
437 2702 660 2770 gutturis
713 2697 1012 2762 moderans,
1053 2707 1157 2751 nun
1200 2695 1446 2764 epuletur
1483 2690 1590 2758 bis,
1616 2706 1708 2761 per
1744 2691 1907 2744 unu'm

332 2787 504 2854 ‘diem;
533 2796 585 2843 et
612 2787 733 2842 huic
759 2788 988 2844 cmnanti
1015 2779 1249 2842 oluscula
1277 2800 1396 2838 cum
1421 2784 1610 2852 exiguo
1639 2781 1784 2835 lardo
1810 2796 1907 2848 ap-

331 2889 613 2950 ponantur,
642 2878 829 2934 eodem
856 2877 1003 2932 lardo
1032 2885 1186 2931 uncta
1211 2884 1370 2944 atque
1391 2874 1621 2938 condita,
1653 2879 1906 2942 quantum

332 2970 742 3041 Comprimenda:
778 2969 901 3024 fami
943 2977 1026 3023 sat
1070 2977 1178 3033 est;
1207 2968 1452 3037 sitimque
1488 2967 1668 3036 irriget
1697 2973 1910 3034 promer

332 3059 652 3130 diligentiam
684 3059 1020 3125 valetudinis,
1051 3058 1257 3112 duabus
1284 3063 1376 3110 aut
1401 3051 1566 3110 tribus
1597 3055 1702 3109 vini
1729 3070 1900 3111 mera-

331 3151 409 3206 cis
428 3151 762 3221 potionibus‘
781 3191 797 3218 ,
827 3150 974 3219 isque
994 3149 1066 3204 illi
1091 3133 1260 3202 victus
1293 3148 1361 3204 sit
1379 3146 1713 3217 quotidianus
1738 3164 1750 3200 :
1773 3147 1908 3201 alius

331 3258 460 3298 vero
492 3259 557 3298 ex
596 3243 695 3296 alia
733 3250 880 3312 parte
908 3241 1037 3296 nihil
1078 3249 1294 3311 gustans
1329 3239 1588 3304 carnium,
1616 3239 1748 3294 nihil
1776 3239 1903 3305 vini,

332 3333 620 3404 exquisitas
644 3343 697 3387 et
719 3333 1023 3403 peregrinas
1053 3331 1225 3401 irug'es
1254 3331 1430 3385 multis
1451 3329 1662 3385 ferculis
1682 3330 1906 3384 variatas

330 3433 384 3478 et
415 3425 560 3493 largo
589 3423 769 3492 pipere
793 3437 1034 3490 aspersas
1064 3437 1202 3476 nona
1237 3410 1367 3475 hora
1397 3421 1622 3476 libenter
1649 3430 1903 3488 assumat,

331 3515 503 3569 noctis
539 3516 695 3568 etiam
735 3513 995 3585 principio
1033 3513 1153 3567 talia
1197 3523 1529 3578 ctnnaturus;
1560 3512 1703 3567 bibat
1729 3521 1906 3568 autem

332 3606 583 3670 mulsum,
606 3619 876 3658 carmnum
901 3619 1132 3673 passum,
1156 3613 1208 3656 et
1232 3604 1604 3660 nunnullurnm
1631 3618 1904 3673 pomorum

331 3711 612 3768 expressos
650 3711 862 3761 succos,
893 3696 996 3750 viui
1024 3697 1254 3765 speciem
1281 3695 1408 3750 satis
1438 3695 1722 3756 imitantes,
1750 3703 1907 3764 atque

332 3789 386 3844 id
407 3789 561 3844 etiam
589 3789 844 3843 suavitate
867 3789 1168 3854 vincentes;
1192 3798 1244 3844 et
1270 3788 1413 3842 bibat
1435 3803 1540 3842 non
1565 3796 1814 3859 quantum
1836 3787 1910 3842 si-

332 3881 414 3945 tit,
442 3880 535 3934 sed
560 3887 809 3949 quantum
835 3877 990 3942 libet;
1029 3879 1186 3949 idque
1228 3879 1330 3934 sibi
1371 3879 1726 3933 exhibendum
1758 3885 1908 3933 curet

329 3971 580 4043 quOtidie,
610 3971 804 4039 talique
824 3968 963 4024 victu
990 3969 1292 4038 deliciiSque
1311 3969 1628 4042 perfruatur,
1657 3969 1795 4023 nulla
1813 3985 1882 4025 ne

329 4063 594 4126 Cessitatc,
618 4076 804 4131 magna
824 4060 1089 4130 voluptate
1110 4065 1124 4114 ξ
1148 4068 1305 4130 Quem
1331 4060 1540 4116 tandem
1568 4060 1754 4115 horum
1771 4061 1904 4115 duo-

329 4169 470 4219 rum,
495 4152 632 4223 quod
667 4152 733 4206 ad
764 4151 1046 4207 cibandum
1085 4151 1476 4221 potandumque
1508 4152 1716 4218 attinet,
1741 4151 1906 4206 absti-

333 4245 545 4299 nentius
587 4246 748 4298 vitam
794 4244 990 4300 ducere
1026 4245 1310 4314 judicatis?
1350 4243 1466 4298 Non
1507 4245 1696 4314 Opinor
1739 4246 1922 4314 usque

331 4338 467 4393 adeo
508 4353 604 4393 vos
640 4352 758 4394 esse
798 4353 985 4402 carcos,
1013 4337 1139 4408 quin
1179 4338 1328 4393 illum
1372 4337 1442 4393 de
1486 4352 1642 4408 parco
1680 4337 1828 4392 lardo
1853 4343 1909 4392 et

330 4430 475 4496 vino,
506 4429 628 4484 huic
653 4429 842 4500 gurgiti
871 4429 1179 4500 prmferalis.

405 4521 492 4576 30.
521 4520 595 4576 Ita
625 4521 837 4591 quidem
859 4522 1053 4576 veritas
1073 4521 1244 4592 cogit;
1271 4520 1366 4576 sed
1383 4527 1558 4576 vester
1575 4525 1724 4575 (ξι-τοι·
1750 4521 1906 4588 longe

334 4613 490 4667 aliter
533 4613 697 4667 canit.
746 4611 961 4668 Electus
1000 4614 1141 4667 enim
1183 4623 1358 4668 veSter
1413 4613 1583 4669 tribus
1626 4612 1906 4683 signaculis

336 4701 670 4772 praedicatus,
710 4702 754 4756 si
786 4703 1017 4779 quotidie
1046 4703 1116 4757 ita
1143 4703 1302 4768 vivat,
1337 4704 1394 4757 ut
1421 4703 1506 4758 hic
1534 4719 1688 4774 quem
1722 4716 1902 4775 posle~

336 4793 449 4847 rius
474 4791 869 4860 descripsimus,
902 4793 968 4847 ab
997 4807 1121 4859 uno,
1144 4799 1198 4846 et
1226 4792 1447 4848 fortasse
1472 4793 1674 4849 duobus
1696 4795 1906 4866 gravio-

335 4883 483 4939 ribus
521 4881 838 4952 reprehendi
883 4889 1092 4951 potest,
1144 4881 1383 4938 damnari
1434 4887 1609 4939 autem
1658 4894 1903 4957 tanquam

337 4975 588 5044 signaculi
613 4973 934 5044 dissignator
961 4977 982 5006 ³
1012 4975 1226 5030 omnino
1255 4981 1357 5029 non
1403 4974 1596 5047 potest.
1635 4978 1688 5034 Si
1728 4984 1903 5036 autem

334 5063 500 5119 semel
551 5078 672 5118 cum
721 5063 816 5118 illo
862 5065 1037 5134 priore
1079 5065 1384 5132 ccenaverit,
1416 5064 1686 5137 frustoque
1728 5072 1904 5138 perna:

335 5153 417 5208 vel
453 5153 669 5207 rancide
711 5153 855 5208 labra
885 5157 1112 5221 unx‘erit,
1142 5165 1195 5210 et
1221 5171 1384 5226 vappa
1415 5156 1670 5225 udaverit,
1703 5159 1904 5218 solutor

335 5244 586 5314 signaculi
612 5252 666 5299 et
688 5244 945 5315 gehennae
976 5247 1112 5303 illico
1137 5248 1448 5316 destinatus,
1490 5253 1648 5308 vestri
1676 5256 1903 5311 auctoris

335 5335 634 5402 sententia,
682 5335 998 5391 mirantibus
1026 5337 1205 5403 vobis,
1237 5339 1329 5394 sed
1364 5352 1535 5397 tamen
1565 5345 1902 5400 consentien-

370 5483 841 5564 ante
856 5494 1008 5564 991e,.
1025 5494 1113 5564 sui.
1126 5487 1277 5564 mea
1296 5489 1489 5564 nam
1520 5504 1725 5550 meracas
1756 5501 1905 5564 potio-

330 5543 487 5614 nibus.
507 5543 834 5614 Alii_tres,_aut
854 5543 1004 5599 tribus
1135 5543 1413 5614 potionibus.

393 5607 527 5684 {Et},
546 5606 826 5684 qissbatar.
846 5617 978 5684 ιτογη
1320 5622 1376 5666 At
1403 5624 1510 5668 Mss.
1532 5626 1738 5682 set’tem,
1765 5621 1905 5678 dmi-

331 5671 514 5726 qnator.
535 5667 620 5716 Alii
638 5667 842 5732 quatuor
862 5667 1059 5734 habent,
1083 5667 1367 5739 dasignator.

1688 273 1888 332 LIBER
1926 269 2302 329 SECUNDUS.

3439 273 3579 347 tas!

2011 383 2172 452 tibus,
2196 381 2531 456 judicabitur.
2552 389 2762 459 Quaeso,
2783 391 3063 465 relinquite
3091 393 3349 466 ert-(irem;
3379 413 3585 472 quanio,

2008 475 2266 532 advertite
2295 479 2585 547 rationem;
2617 498 2827 554 quaeso,
2869 486 3248 558 aliquantulum
3296 501 3586 547 consuetu-

2009 567 2116 621 dini
2148 560 2406 626 obsistite.
2425 572 2558 639 Quid
2581 576 2722 628 enim
2744 585 2822 631 est
2847 577 2946 632 ista
2976 579 3232 650 pravitate
3249 566 3590 650 perversius?

2010 656 2133 732 quid
2162 663 2328 732 magis
2356 662 2623 720 delirum?
2651 667 2784 736 Quid
2814 685 2974 740 porro
2999 670 3234 727 insanius
3252 671 3357 729 dici
3380 686 3471 731 aut
3497 692 3589 732 eoo

2011 753 2162 822 gitari
2194 763 2386 825 potest,
2429 755 2696 814 hominem
2725 760 2960 829 boletos,
2991 763 3211 833 orizam,
3239 766 3445 836 tubera,
3473 769 3589 839 pla-

2010 852 2213 907 centas,
2237 861 2531 915 carmnum,
2565 848 2732 920 piper,
2773 850 2929 921 laser,
2977 853 3210 910 distento
3251 866 3437 915 ventre
3467 874 3589 915 cum

2009 935 2361 1003 gratulatione
2386 946 2701 1006 ructantem,
2721 949 2775 996 et
2793 942 3027 1012 quotidie
3056 931 3178 1000 talia
3206 947 3587 1019 requirentem,

2012 1040 2116 1077 non
2149 1028 2374 1082 inveniri
2402 1029 2847 1100 quemadmodum
2887 1050 2916 1087 a
2949 1035 3120 1092 tribus
3169 1038 3454 1108 signaculis
3474 1083 3489 1107 ,
3534 1040 3587 1098 id

2013 1123 2095 1169 est
2123 1131 2151 1168 a
2180 1119 2359 1188 regula
2386 1122 2678 1177 sanctitatis
2702 1124 2962 1182 excidisse
2982 1127 3254 1195 videatur;
3275 1131 3434 1187 alium
3460 1148 3588 1188 vero

2013 1203 2188 1275 fruges
2215 1207 2500 1266 vilissimas
2528 1213 2732 1270 fumoso
2747 1214 2968 1270 obsonio
2988 1218 3346 1286 condienlem,
3361 1219 3565 1278 tantum

2013 1310 2115 1364 que
2145 1295 2268 1351 hinc
2308 1310 2690 1371 assumentem,
2732 1316 2985 1375 quantum
3031 1308 3306 1364 refectioni
3350 1314 3591 1384 corporis

2013 1385 2225 1454 Sufficit,
2258 1398 2312 1442 et
2341 1399 2449 1447 tres
2477 1396 2696 1464 cyathos
2737 1396 2846 1451 vini
2891 1400 3250 1456 sustentanda:
3277 1403 3590 1460 valetudinis

2012 1477 2178 1545 gratia
2222 1479 2546 1548 sorbentem,
2581 1493 2633 1539 et
2658 1485 2725 1538 ab
2751 1487 2841 1541 illo
2869 1490 3008 1543 victu
3034 1489 3098 1544 ad
3124 1492 3282 1547 isttun
3309 1503 3601 1552 transeun-'

2015 1577 2140 1630 tem,
2164 1572 2310 1624 certo
2331 1575 2583 1642 supplicio
2613 1575 2933 1647 prmparari?

2013 1657 2239 1716 CAPUT
2266 1659 2405 1718 XIV.
2435 1695 2507 1705 —
2531 1664 2711 1722 Tribus
2736 1672 2900 1724 causis
2919 1671 3194 1729 abstinetur
3222 1672 3541 1733 laudabiliter
3559 1697 3592 1734 α

2454 1760 2600 1813 certis
2620 1761 2840 1816 ciborum
2862 1767 3141 1836 generibus.

2085 1840 2145 1902 Si
2163 1889 2175 1901 .
2200 1849 2268 1902 At
2290 1849 2430 1904 enim
2467 1851 2542 1905 ait
2581 1852 2887 1923 Apostolus,
2915 1856 3114 1913 Bonum
3142 1868 3234 1928 est,
3263 1861 3461 1930 fratres,
3489 1879 3592 1922 non

2015 1939 2320 1994 titanducare
2344 1951 2543 1996 carnem
2567 1967 2583 2010 ,
2605 1956 2762 2014 neque
2783 1944 2945 2000 bibere
2967 1948 3136 2002 uinum
3161 1948 3332 2022 (Rom.
3353 1951 3589 2026 ttv,2i).

2015 2026 2173 2095 Quasi
2200 2031 2606 2102 veroquisqu'am
2635 2043 2873 2104 nostrum
2896 2037 2945 2091 id
2968 2037 3164 2092 bonum
3185 2047 3338 2110 neget
3359 2060 3371 2096 :
3391 2042 3483 2098 sed
3503 2053 3594 2098 aut

2013 2133 2078 2172 eo
2102 2119 2205 2172 fine
2220 2134 2377 2189 quem
2395 2123 2638 2192 superius
2661 2125 3092 2196 commemoravi,
3121 2130 3410 2186 secundum
3432 2143 3608 2204 quem-

2014 2209 2229 2276 dicithr,
2249 2210 2312 2264 Et
2323 2213 2492 2268 carnis
2500 2231 2672 2269 curam
2687 2234 2750 2272 ne
2760 2219 2971 2288 feceritis
2983 2216 3034 2274 in
3046 2223 3509 2294 concupiscentiis“
3517 2227 3564 2280 ὁ.
3573 2266 3592 2292 ,

2014 2316 2127 2366 xm,
2147 2295 2233 2372 14)
2255 2308 2379 2357 :aut
2399 2303 2480 2359 eis
2506 2319 2638 2376 quos
2658 2323 2842 2364 rursus
2865 2309 3001 2365 idem
3034 2311 3224 2367 Paulus
3252 2313 3510 2382 ostendit;
3538 2315 3593 2372 id

2014 2390 2116 2458 est,
2130 2387 2219 2448 aut
2239 2394 2564 2452 refrenanda:
2588 2400 2725 2469 gulae
2744 2405 2924 2469 causa,
2939 2404 3056 2474 q'uze
3077 2405 3154 2458 his
3171 2404 3330 2462 rebus
3353 2409 3487 2464 solet
3507 2425 3594 2464 ra-

2012 2481 2187 2538 bidius
2212 2485 2719 2560 immoderatiusque
2743 2490 2974 2562 raptari;
3007 2503 3188 2552 autne
3215 2496 3375 2554 frater
3416 2500 3592 2557 oii'en-

2013 2573 2188 2642 datur,
2218 2587 2309 2632 aut
2344 2579 2412 2634 ab
2442 2579 2663 2636 infirmis
2690 2576 2849 2639 idolio
2877 2589 3316 2646 communicetur.
3343 2592 3424 2648 Eo
3447 2594 3598 2651 enim

2019 2675 2276 2734 tempore,
2297 2685 2400 2738 quo
2421 2669 2534 2725 hrec
2556 2672 2822 2729 scribebat
2836 2676 3140 2744 Apostolus,
3165 2662 3327 2737 multa
3344 2683 3592 2741 immola-

2017 2755 2129 2811 titia
2157 2768 2282 2813 caro
2310 2760 2359 2813 in
2391 2759 2612 2817 macello
2637 2764 2979 2820 vendebatur.
3021 2769 3087 2823 Et
3120 2770 3240 2840 quia
3280 2772 3404 2827 vino
3428 2778 3592 2831 etiam

2016 2847 2278 2904 libabatur
2302 2850 2403 2905 dlis
2427 2852 2695 2921 Gentium,
2726 2856 2875 2912 multi
2906 2855 3093 2913 fratres
3120 2859 3470 2928 inﬁrmiores,
3500 2866 3591 2936 qui

2015 2940 2173 2992 etiam
2190 2940 2349 2995 rebus
2364 2937 2447 2996 his
2459 2945 2733 3000 venalibus
2756 2946 3055 3016 utebantur,
3071 2949 3276 3018 penitus
3294 2965 3322 3004 a
3345 2954 3601 3012 carnibus‘

2015 3044 2075 3083 se
2094 3040 2148 3085 et
2163 3031 2287 3085 vino
2307 3033 2555 3089 cohibere
2575 3037 2895 3102 maluerunt,
2910 3054 3067 3109 quam
3081 3041 3167 3097 vel
3189 3043 3484 3102 neScientes
3509 3047 3593 3104 in.

2011 3119 2192 3176 cid‘ere
2219 3122 2270 3174 in
2302 3137 2419 3177 eam
2447 3138 2604 3193 quam
2626 3125 3013 3194 putabant‘cum’
3038 3130 3197 3188 idblis
3235 3132 3594 3193 Comintini'cao

2013 3218 2230 3272 tionem.
2247 3219 2472 3290 Propter
2487 3220 2586 3276 hos
2601 3231 2775 3278 autem
2797 3223 2954 3278 etiam
2975 3225 3010 3278 ii
3029 3227 3119 3295 qui
3142 3227 3404 3285 firmiores
3415 3232 3588 3300 erant,

2009 3321 2064 3366 et
2104 3311 2218 3367 haec
2258 3313 2444 3382 majori
2473 3311 2576 3369 iide
2600 3309 2982 3370 contemnenda
3013 3302 3326 3387 judicarant,
3357 3322 3590 3379 scientes

2011 3402 2143 3456 nihil
2167 3402 2492 3456 immundum
2509 3417 2626 3459 esse
2647 3403 2746 3458 nisi
2767 3419 2862 3474 per
2879 3406 3069 3461 malam
3091 3411 3488 3477 conscientiam,
3511 3419 3591 3468 te-

2011 3503 2304 3562 nentesque
2325 3491 2468 3546 illam
2491 3491 3046 3559 Dominlsententiam,
3064 3493 3183 3550 Non
3203 3497 3340 3567 quod
3351 3499 3510 3555 intrat
3530 3501 3586 3555 in

2011 3597 2067 3634 os
2093 3592 2329 3648 uestrum,
2357 3597 2444 3636 vos
2470 3582 2777 3654 coinquinat,
2818 3584 2908 3637 sed
2943 3585 3081 3651 quod
3117 3586 3216 3640 exit
3253 3587 3464 3658 (Multa.
3491 3605 3594 3658 xv,-

2014 3672 2133 3740 il);
2167 3679 2344 3726 tamen
2388 3679 2604 3741 propter
2631 3672 2730 3727 hos
2759 3673 3111 3740 inﬁrmiores,
3154 3691 3220 3732 ne
3248 3673 3584 3737 bifenderen-

2010 3770 2123 3825 tur,
2164 3761 2232 3816 ab
2284 3760 2367 3818 his
2407 3762 2567 3816 rebus
2609 3761 2878 3819 abstinere
2924 3761 3206 3823 debebant.
3259 3767 3448 3840 Neq'ue'
3483 3774 3585 3829 hoc

2011 3853 2313 3923 suspicione
2359 3852 2640 3922 colligitur,
2685 3854 2777 3909 sed
2825 3855 2876 3909 in
2907 3855 3035 3925 ipsis
3062 3858 3302 3927 Apostoli
3334 3860 3585 3931 Epistolis

2011 3939 2292 4026 manifeste
2318 3944 2598 4001 invenitur.
2622 3945 2727 4000 Vos
2744 3947 2884 4001 enim
2905 3937 3006 4002 hoc
3032 3947 3204 4004 solum
3224 3945 3378 4008 nobis
3405 3951 3594 4010 dicere
3693 4025 3696 4028 1

2013 4035 2217 4100 soletis,
2245 4027 2444 4090 Bonum
2484 4046 2574 4102 est,
2621 4040 2820 4109 fratres,
2865 4054 2966 4092 non
3008 4038 3314 4098 manducare
3347 4049 3546 4098 carnem
3567 4085 3582 4106 .

2011 4134 2168 4199 neque
2191 4127 2356 4184 bitere
2377 4128 2582 4195 vinum;
2610 4139 2714 4184 nun
2745 4137 2920 4186 autem
2945 4131 3266 4202 subjungere
3291 4121 3424 4192 illud
3443 4139 3594 4208 quod-

2011 4221 2269 4290 sequitnr,
2303 4233 2460 4290 neque
2484 4220 2537 4274 in
2565 4228 2663 4289 qua
2688 4219 2845 4289 frater
2872 4229 2986 4275 tuus
3010 4220 3304 4291 oﬂ'cnditur,
3328 4233 3416 4279 aut
3433 4239 3594 4280 scan-

2012 4309 2298 4377 dalizatttr,
2342 4319 2432 4364 aut
2473 4310 2779 4380 inﬁrittatur.
2811 4311 2946 4368 Hinc
2972 4312 3116 4369 enim
3145 4315 3318 4374 elucet
3344 4327 3450 4388 quo
3479 4317 3594 4374 Ιίηο

2010 4401 2297 4472 Apostolus
2319 4403 2432 4457 haec
2457 4403 2810 4472 praecipiebat.
3033 4431 3036 4433 >
3589 4437 3596 4446 -

2083 4491 2174 4548 32.
2202 4490 2418 4547 Planius
2463 4490 2564 4546 hoc
2600 4490 2836 4547 indicant
2867 4492 3142 4563 superiora
3179 4494 3238 4551 et
3267 4494 3544 4568 sequentia
3567 4522 3592 4568 ,-

2013 4597 2132 4653 quae
2159 4585 2583 4637 Commemorare
2611 4581 2826 4652 longum
2849 4593 2934 4639 est
2959 4585 3192 4655 Quidum,
3233 4587 3326 4642 sed
3372 4595 3588 4658 propter

2013 4680 2128 4740 eos,
2157 4673 2246 4743 qui
2274 4672 2340 4728 ad
2367 4671 2572 4727 divinas
2591 4670 2893 4742 Scripturas
2911 4673 3160 4746 legendas
3181 4671 3238 4730 et
3257 4684 3586 4746 pertractan-

2011 4764 2109 4821 das
2145 4763 2278 4834 pigri
2301 4771 2444 4826 sunt,
2481 4769 2649 4818 totum
2674 4763 2832 4818 istum
2856 4764 3030 4819 locum
3057 4774 3300 4822 relatura
3319 4768 3582 4836 cogimur.

2010 4855 2286 4925 Inﬁrmum
2312 4863 2480 4909 autem
2506 4855 2560 4908 in
2584 4854 2686 4924 [ide
2711 4856 2965 4922 assumite,
2996 4855 3183 4926 inquit,
3211 4871 3313 4911 m
3333 4857 3388 4910 in
3405 4839 3585 4912 disce»

2011 4947 2315 5019 ptatiunibus
2337 4947 2713 5018 cogitationum;
2753 4945 2897 5000 Alius
2928 4947 3058 4999 enim
3094 4945 3254 5000 credit
3278 4946 3592 5006 malum“

2009 5041 2182 5094 omnia
2212 5053 2232 5094 :
2257 5038 2340 5108 qui
2371 5047 2536 5092 autem
2562 5037 2796 5105 inﬁmus
2833 5044 2923 5100 est,
2963 5036 3077 5090 olus
3103 5035 3386 5092 manducet.
3411 5034 3478 5090 1s.
3496 5037 3588 5106 qui

2009 5129 2310 5192 manducet,
2341 5143 2440 5182 non
2469 5126 2850 5180 manducantem
2883 5132 2983 5179 non
3019 5134 3224 5196 φαμι
3248 5140 3272 5181 :
3295 5135 3346 5181 ct
3367 5125 3454 5196 qui
3480 5141 3588 5182 non

2011 5221 2300 5283 manducat,
2323 5217 2714 5291 manducantem.
2738 5230 2838 5269 non
2859 5216 3090 5286 judicat;
3117 5214 3257 5270 Dm
3279 5215 3413 5270 «an
3432 5215 3590 5272 ιιιωα.

2010 5309 2300 5379 assumpsit.
2317 5306 2398 5362 Tu
2413 5307 2521 5377 quis
2549 5318 2620 5374 es,
2646 5307 2730 5378 qui
2746 5306 2955 5377 judicas
2971 5307 3445 5370 «ἤσκησαι».αέ
3466 5304 3588 5363 Sun

2011 5401 2230 5455 Domino
2271 5409 2389 5465 stat,
2431 5407 2518 5452 aut
2541 5399 2676 5453 cadit
2703 5415 2721 5452 :
2745 5399 2898 5454 stabit
2920 5408 3118 5463 autem;
3147 5407 3318 5468 palm
3343 5406 3418 5452 est
3443 5397 3580 5462 enim

2010 5491 2148 5548 Deus
2167 5501 2386 5545 statuere
2403 5491 2569 5544 illum.
2591 5489 2730 5543 Nam
2752 5491 2884 5544 alius
2902 5491 3103 5560 judicat
3127 5491 3258 5545 diem
3274 5489 3406 5544 inter
3419 5488 3577 5557 diem,

2008 5588 2140 5642 alius
2174 5575 2374 5658 judicat
2413 5600 2608 5638 omnem
2649 5584 2782 5639 diem
2809 5601 2828 5640 :
2855 5587 3193 5659 unusquisque
3214 5586 3266 5639 in
3292 5601 3385 5640 suo
3425 5575 3576 5640 sensu

2011 5677 2246 5731 abundet.
2267 5675 2365 5741 Qui
2381 5676 2511 5733 sapit
2531 5675 2682 5742 diem,
2701 5673 2916 5730 Domino
2930 5676 3062 5736 sapit
3085 5691 3103 5730 :
3121 5685 3167 5730 ct
3179 5676 3264 5746 qui
3280 5669 3572 5741 manducauit
