4138 6364
573 246 655 299 ιῦζ
675 243 708 298 9
1421 243 1509 291 DE
1547 243 1840 290 MUHIBUS
1877 243 1920 285 Μ

566 356 786 411 Domino
817 355 1119 417 manducat;
1147 353 1338 423 gratias
1369 351 1500 406 enim
1523 350 1630 420 agit
1661 347 1784 400 Deo.
1819 344 1890 398 Et
1918 346 2004 410 qui
2032 359 2132 395 non

564 449 855 512 manducat,
886 445 1100 498 Domino
1131 459 1232 496 non
1257 439 1550 501 mandarat,
1579 447 1625 490 et
1648 437 1838 504 gratias
1863 435 1966 502 agit
2001 432 2148 486 Deo.-

570 538 733 592 Nemo
748 537 881 591 enim
901 545 1130 589 nostrum
1147 532 1240 586 sibi
1260 530 1394 594 vivit,
1416 540 1461 581 et
1483 545 1628 582 nemo
1649 527 1743 580 sibi
1759 541 1856 578 moi
1871 525 1991 578 itur.
2013 523 2131 578 Sive

568 632 699 686 enim
720 630 951 692 vivimus,
979 626 1199 680 Domino
1223 623 1467 685 vivimus;
1496 622 1600 675 sive
1625 619 1894 684 morimur,
1917 616 2136 669 Domino

567 722 834 776 morimur.
860 720 978 776 Sive
997 721 1126 772 enim
1144 717 1374 780 vivimus,
1395 713 1498 768 sive
1520 713 1785 776 morimur,
1819 708 2025 764 Domini
2050 725 2132 761 su-

568 827 702 866 mus.
722 809 786 865 In
802 810 894 864 hoc
910 809 1043 864 enim
1065 805 1296 862 Christus
1313 813 1359 860 et
1382 805 1504 858 vixit
1525 804 1564 870 ‘,
1582 813 1630 856 et
1649 812 1878 855 mortuus
1897 810 1990 864 est,
2007 806 2052 852 et
2068 813 2120 850 re

569 903 810 967 surrexit,
823 912 876 954 ut
889 909 936 954 et
951 901 1170 953 vivorum
1178 907 1226 952 et
1239 903 1554 951 mortuorum
1567 891 1955 949 dominetur.Tu
1967 900 2137 944 autem

571 993 691 1063 quid
696 993 904 1066 judicas
920 997 1129 1062 fratrem
1143 988 1326 1043 tuum.’
1348 997 1434 1042 aut
1455 997 1510 1039 tu
1530 1001 1687 1056 quare
1708 983 1906 1050 spernis
1925 987 2137 1052 fratrem

573 1083 750 1138 tuum?
771 1083 955 1136 Omnes
972 1081 1358 1136 enimstabimus
1379 1089 1495 1132 ante
1513 1076 1732 1130 tribunal
1750 1076 1862 1128 Dei.
1884 1072 2144 1135 Scriptum

575 1184 647 1228 est
675 1173 807 1228 enim
834 1165 968 1245 (lsa.
998 1187 1116 1234 ην,
1147 1168 1236 1228 23.
1265 1167 1356 1236 24)
1389 1185 1401 1219 :
1445 1167 1571 1221 Vivo
1595 1182 1708 1236 ego,
1733 1167 1854 1219 dicit
1875 1161 2146 1226 Dominus,

559 1268 796 1341 quoniam
826 1264 948 1318 mihi
967 1263 1198 1333 ﬂectetur
1231 1272 1374 1311 onme
1386 1270 1544 1327 genu,
1571 1261 1616 1306 et
1641 1251 1955 1318 conﬁtebitur
1982 1248 2144 1347 omnis

558 1363 734 1434 lingua
763 1359 890 1412 Deo.
936 1355 1117 1423 Itaque
1145 1349 1480 1419 unusquisque
1517 1352 1745 1398 nostrum
1774 1358 1865 1410 pro
1988 1349 2145 1392 ratio-

561 1432 675 1507 nem
696 1451 865 1506 reddet
887 1447 1016 1501 Deo.
1038 1443 1160 1498 Non
1175 1458 1291 1512 ergo
1309 1437 1529 1508 amplius
1553 1435 1764 1489 invicem
1786 1432 2140 1502 dijudicemus,

560 1542 649 1597 sed
684 1541 778 1594 hoc
803 1538 1034 1611 judicate
1058 1534 1250 1603 magis,
1281 1545 1343 1583 ne
1370 1526 1568 1599 ponatis
1611 1520 1970 1590 oll'endiculum
1991 1520 2143 1611 fratri

515 1641 518 1643 ’
560 1633 638 1688 vel
652 1607 969 1687 scandalum.
992 1626 1114 1683 Scio
1131 1634 1179 1678 et
1201 1623 1402 1690 confido
1420 1619 1471 1671 in
1489 1616 1706 1669 Domino
1724 1612 1754 1666 J
1762 1630 1869 1678 esu,
1885 1613 2000 1682 quia
2017 1607 2146 1662 nihil

561 1735 821 1775 commune
838 1734 925 1787 per
955 1718 1142 1786 ipsum,
1160 1712 1256 1765 nisi
1287 1712 1328 1764 ei
1345 1708 1430 1779 qui
1456 1706 1705 1760 existimat
1732 1702 1853 1772 quid
1888 1715 2146 1754 commune

561 1831 684 1880 esse,
710 1811 783 1865 illi
803 1823 1064 1864 commune
1086 1814 1178 1858 est.
1207 1803 1268 1857 Si
1289 1802 1421 1854 enim
1445 1808 1650 1868 propter
1669 1795 1835 1848 cibum
1854 1796 2011 1892 frater
2030 1800 2150 1892 tuus.

563 1878 910 1967 contristatur,
932 1915 1028 1952 non
1037 1898 1148 1970 jam
1164 1894 1435 1948 secundum
1449 1887 1740 1942 charitatem
1757 1883 2004 1936 ambulas.
2021 1878 2147 1935 Noli

563 1999 670 2052 cibo
697 2007 780 2050 tuo
810 1995 1015 2066 perdere
1040 1989 1206 2056 illum,
1249 2002 1340 2056 pro
1382 2001 1479 2055 quo
1523 1979 1748 2034 Christus
1787 1986 2013 2029 mortuus
2049 1984 2143 2026 est.

483 2100 486 2104 ’
565 2090 689 2144 Non
709 2105 827 2160 ergo
846 2086 1216 2154 blasphemetur
1233 2080 1414 2131 bonum
1432 2083 1676 2126 nostrum.
1698 2068 1818 2122 Non
1840 2077 1912 2120 est
1937 2079 2147 2164 regnum

564 2182 660 2236 Dei
701 2157 816 2233 esea
855 2189 899 2230 et
936 2183 1104 2247 potus,
1135 2169 1222 2224 sed
1255 2167 1454 2240 justitia
1497 2173 1539 2217 et
1580 2177 1682 2233 pax
1723 2169 1770 2212 et
1805 2157 2052 2229 gaudium
2091 2157 2146 2207 in

564 2275 765 2345 Spiritu
807 2280 1000 2324 sancto.
1047 2264 1146 2331 Qui
1174 2263 1306 2316 enim
1334 2261 1385 2312 in
1427 2259 1519 2310 hoc
1552 2255 1700 2309 servit
1740 2249 2147 2320 Christo,placet

549 2371 697 2434 'Deo,
727 2377 771 2420 et
802 2367 1039 2437 probatus
1070 2368 1140 2414 est
1175 2353 1476 2410 hominibus.
1520 2354 1700 2446 Itaque
1724 2362 1842 2446 quat
1859 2347 2002 2415 pacis

564 2433 828 2524 sectemur,
862 2467 907 2509 et
933 2468 1047 2526 qua:
1087 2446 1436 2518 redi/icationis
1479 2451 1594 2497 sunt
1639 2441 1690 2492 in
1743 2439 1973 2492 invicem.
2021 2433 2148 2526 Noli

564 2563 771 2622 propter
787 2525 956 2603 escam
978 2547 1232 2598 destruere
1257 2555 1383 2610 opus
1400 2535 1516 2588 Dei.
1540 2531 1725 2587 Omnia
1738 2529 1939 2602 quidem
1960 2525 2148 2622 munda

566 2619 705 2712 sunt,
725 2643 814 2696 sed
843 2640 1034 2694 malum
1054 2646 1126 2691 est
1153 2633 1341 2688 homni
1364 2630 1446 2701 qui
1467 2643 1556 2698 per
1577 2624 1903 2692 o/Iensionem
1928 2619 2145 2718 triaridu-

567 2743 668 2788 cat.
690 2710 901 2786 Bonum
935 2737 1006 2782 est
1053 2742 1154 2779 non
1195 2724 1498 2776 manducare
1523 2729 1746 2780 carnem,
1775 2722 1820 2765 et
1854 2726 1953 2763 non
1986 2710 2148 2761 bibere

565 2829 758 2889 vinum,
785 2838 941 2892 neque
967 2821 1022 2873 in
1049 2835 1147 2888 quo
1176 2822 1333 2887 [rater
1362 2822 1476 2865 tuus
1499 2807 1793 2876 offenditur,
1823 2814 1908 2856 aut
1928 2800 2146 2856 scanda-

566 2920 771 2980 lizatur,
810 2923 899 2968 aut
939 2911 1248 2978 inﬁrmatur.
1291 2902 1368 2957 Tu
1406 2901 1559 2971 [idem
1590 2897 1739 2950 habes
1777 2911 1927 2967 penes
1971 2902 2145 2945 tentet-

567 3010 756 3080 ipsum,
800 3003 925 3057 habe
966 3015 1139 3055 coram
1181 2996 1310 3050 Deo.
1355 2993 1540 3048 Beatus
1582 2991 1665 3060 qui
1703 3005 1803 3041 non
1829 2987 2036 3088 judicat.
2069 3000 2149 3088 se:

572 3100 847 3170 metipsum
895 3096 946 3150 in
979 3110 1038 3149 eo
1069 3090 1203 3164 quod
1229 3089 1427 3160 probat.
1475 3084 1574 3150 Qui
1617 3092 1783 3136 autem
1824 3083 2079 3144 discernit,
2104 3083 2149 3130 si

567 3187 942 3246 ntenducaverit
991 3185 1258 3238 damnatus
1305 3188 1400 3244 cst,
1435 3178 1556 3250 quia
1592 3191 1692 3228 non
1727 3188 1789 3227 ea:
1822 3173 1944 3241 ﬁde.
1989 3170 2150 3222 Omne

569 3293 739 3338 autem
766 3279 900 3351 quod
925 3294 1025 3332 non
1050 3286 1122 3330 est
1145 3290 1208 3328 ea:
1237 3273 1358 3344 fide,
1381 3279 1640 3342 peccatum
1668 3275 1761 3320 est.
1788 3264 2032 3317 Debemus
2052 3277 2142 3313 au-

568 3387 668 3430 tent
695 3389 786 3427 nos
812 3369 1060 3440 ﬁrmiores
1085 3363 1448 3419 imbecillitates
1472 3359 1791 3436 inﬁrmorum
1821 3354 2078 3417 sustinere,
2103 3360 2150 3404 et

569 3442 672 3524 non
711 3464 851 3521 nobis
887 3463 1106 3536 placere.
1153 3456 1501 3525 Unusquisque
1533 3461 1760 3504 nostrum
1794 3462 2024 3516 promito
2057 3459 2150 3498 suo

571 3563 767 3632 piaceat
791 3559 843 3611 in
861 3555 1070 3618 bonum,
1097 3551 1162 3604 ad
1197 3547 1582 3616 aidijicationem
1614 3544 1656 3594 ².
1687 3539 1892 3594 Etenim
1921 3537 2150 3593 Christus

576 3671 679 3710 non
703 3651 797 3706 sibi
818 3647 1008 3721 placuit
1037 3644 1213 3714 (ltum.
1238 3655 1346 3704 xw,
1378 3646 1422 3692 et
1451 3651 1542 3733 sv,
1567 3635 1700 3733 1-5).
1947 3723 1956 3733 .

645 3746 734 3801 ὦ.
782 3743 993 3798 Satisne
1031 3744 1251 3806 apparet
1279 3729 1592 3800 Apestoluni
1622 3727 1700 3781 eis
1730 3727 2049 3795 prmccpisse
2095 3729 2151 3775 ut

569 3852 762 3894 carnes
784 3849 892 3888 non
921 3807 1323 3889 manducarent,
1355 3835 1528 3890 neque
1559 3819 1738 3872 vinum
1766 3816 2006 3870 biberent
2035 3813 2153 3882 qui-

572 3941 800 3997 cumque
844 3922 1106 3977 ﬁrmiores
1147 3923 1347 3982 essent,
1377 3914 1498 3983 quia
1528 3909 1766 3965 inﬁrmos
1815 3904 2152 4008 olleiidcbtint

506 4057 512 4064 ε
573 4037 685 4078 non
720 4019 800 4074 eis
839 4010 1204 4084 congruentia,
1229 4018 1284 4064 et
1306 4005 1569 4062 faciebant
1597 4011 1653 4056 ut
1675 4008 1922 4071 putarent
1944 4013 2036 4054 eos
2060 4005 2151 4068 qui

571 4117 678 4172 lide
702 4111 880 4169 omnia
905 4106 1098 4162 munda
1121 4102 1448 4174 judicabant,
1477 4100 1529 4151 in
1549 4096 1862 4164 obsequium
1890 4093 2149 4146 idolorum

572 4223 604 4262 a
627 4206 820 4261 talibus
838 4199 1011 4270 epulis
1032 4205 1088 4251 et
1109 4203 1238 4265 potu
1264 4192 1405 4246 nolle
1431 4189 1728 4242 abstinere?
1754 4185 1867 4238 lloc
1893 4184 2152 4252 signitieut

573 4309 629 4354 et
656 4295 724 4350 ad
752 4288 1058 4348 Corinthios
1095 4285 1200 4339 hoc
1227 4282 1386 4337 modo
1418 4278 1658 4334 scribens
1688 4294 1702 4330 ;
1735 4274 1810 4327 De
1837 4274 1960 4327 escis
1984 4283 2151 4326 auum

573 4385 939 4454 sacriﬁciorum
964 4393 1079 4450 qua:
1111 4375 1261 4429 idolis
1291 4372 1638 4434 immolantur,
1667 4367 1852 4421 scimus
1881 4364 1998 4435 quia
2025 4361 2151 4415 nihil

578 4489 650 4534 est
687 4477 882 4530 idolum
911 4469 1199 4530 inmundo,
1229 4464 1432 4535 etquod
1474 4461 1643 4514 nullus
1686 4457 1826 4512 Deus
1866 4456 1964 4508 nisi
2001 4471 2146 4508 unus.

578 4569 720 4625 Nam
749 4568 840 4622 etsi
873 4572 986 4618 sunt
1014 4562 1097 4631 qui
1129 4561 1360 4613 dicantur
1393 4555 1486 4620 dii,
1528 4554 1629 4605 sive
1670 4552 1723 4604 in
1765 4548 1910 4614 cwlo,
1950 4548 2051 4601 sive
2098 4548 2150 4600 in

577 4679 748 4726 terra;
779 4659 920 4714 nobis
949 4667 1116 4710 tamen
1151 4668 1280 4704 unus
1304 4648 1442 4702 Deus
1472 4645 1646 4708 Pater,
1669 4659 1730 4696 ex
1755 4658 1853 4713 quo
1887 4639 2076 4705 omnia,
2105 4649 2152 4694 et

574 4774 664 4812 nos
691 4758 747 4808 in
772 4754 883 4819 illo,
925 4759 972 4804 et
1009 4763 1138 4801 unus
1180 4743 1427 4798 Dominus
1447 4737 1477 4792 J
1485 4754 1596 4792 esus
1623 4735 1868 4798 Christus,
1893 4750 1982 4804 per
2004 4750 2152 4804 quem

581 4849 772 4912 omnia,
795 4857 840 4900 et
865 4858 958 4898 nos
984 4857 1070 4912 per
1094 4841 1281 4909 ipsum.
1325 4833 1430 4888 Sed
1454 4829 1631 4884 nonin
1649 4825 1878 4883 omnibus
1902 4836 1974 4881 est
1993 4829 2152 4880 scien-

576 4954 668 4996 tia.
697 4939 921 5004 Quidam
961 4943 1127 4986 autem
1165 4931 1218 4982 in
1254 4923 1553 4980 conscientia
1587 4937 1680 4974 sua
1707 4935 1866 4989 usque
1897 4918 2065 4970 adhuc
2100 4923 2153 4970 tu

575 5035 738 5090 idolio
761 5031 906 5106 quasi
930 5025 1275 5096 idolothytum'
1293 5018 1619 5082 manducant,
1660 5024 1707 5068 et
1735 5012 2037 5074 conscientia
2063 5027 2151 5065 eo-

578 5140 692 5182 rum
721 5139 838 5177 cum
863 5122 928 5176 sit
953 5120 1186 5187 inﬁrma,
1217 5111 1527 5183 inquinatur.
1573 5106 1706 5160 Esca
1732 5114 1897 5157 autem
1924 5121 2016 5158 nos
2052 5119 2154 5157 non

573 5215 888 5272 commendat
915 5211 1042 5266 Deo.
1073 5207 1252 5277 Neque
1268 5203 1401 5258 enim
1421 5202 1466 5254 si
1491 5198 1973 5263 manducaverimus,
1995 5197 2154 5251 abun-

575 5309 843 5372 dabimus;
891 5315 1048 5371 neque
1088 5299 1132 5353 si
1175 5311 1277 5350 non
1318 5289 1805 5355 manducaverimus,
1841 5287 2152 5356 deﬁciemus.

588 5405 762 5460 Videte
783 5412 966 5455 autem
993 5413 1056 5452 ne
1083 5400 1212 5467 forte
1241 5391 1347 5446 haec
1379 5388 1575 5444 licentia
1612 5396 1770 5440 vestra
1797 5381 2154 5452 olfeudiculum

641 5561 658 5592 ι
681 5559 819 5616 mliti,
839 5563 886 5621 et
905 5555 1031 5607 vim.
1054 5561 1182 5621 uss.,
1205 5553 1249 5600 ct
1271 5546 1390 5600 vixit
1413 5559 1430 5597 :
1453 5559 1595 5610 porro
1629 5550 1856 5592 neutrum
1879 5542 1955 5591 hic
1992 5542 2081 5591 loci
2106 5543 2153 5592 in

576 5620 986 5672 m-isuxlicibus
1004 5621 1319 5681 reperitur.__
1556 5671 1620 5681 Μ
1686 5670 1716 5681 Α,
1823 5680 1829 5681 γ
1881 5663 1884 5666 .

641 5686 662 5716 ³
677 5687 786 5731 Atil.
803 5691 996 5738 novem,
1016 5671 1200 5738 placeat
1219 5674 1290 5724 ad
1303 5675 1468 5726 bonum
1487 5671 1866 5736 wrii/icatiornm.
1955 5709 1958 5712 ί

1419 235 1509 291 DE
1547 232 1840 290 MORIBUS
1877 226 2419 293 MANICIUEORUM,
2459 225 2517 284 S.
2559 226 2926 285 AUGUSTINI

3695 239 3717 294 1
3730 239 3836 296 561)

2247 341 2337 408 ﬁat
2371 339 2608 408 inﬁrmis.
2642 341 2702 394 Si
2725 343 2857 394 enim
2883 345 2996 412 quis
3031 343 3210 399 viderit
3249 363 3361 400 eum
3386 355 3476 420 qui
3497 347 3642 403 habet
3666 354 3835 408 scien—

2248 433 2390 498 tiam,
2415 433 2466 486 in
2495 433 2652 486 idolio
2677 435 3065 506 recunibentem,
3089 454 3254 493 nonne
3275 442 3578 495 conscientia
3592 444 3704 514 ejus
3717 461 3832 501 cuni

2247 525 2312 577 sit
2345 525 2570 595 inﬁrma,
2601 527 2935 596 cedi/imbitur
2962 531 3030 583 ad
3066 531 3477 587 manducandum
3518 535 3830 610 idolothyta,

2247 626 2293 690 et
2316 618 2494 688 peribit
2519 620 2752 687 inﬁrmus
2771 621 2823 673 in
2847 630 2933 674 tua
2954 624 3256 677 conscientia
3273 625 3451 697 frater,
3476 638 3680 698 propter
3689 646 3833 700 quem

2248 708 2477 762 Christus
2503 721 2728 764 mortuus
2747 713 2856 765 est?
2882 713 2971 765 Sic
2997 726 3456 786 autem-peccantes
3482 719 3532 772 in
3558 725 3761 790 fratra,
3783 733 3833 775 et

2247 802 2576 868 percutientes
2591 802 2944 856 conscientiam
2968 805 3188 874 ipsorum
3213 809 3490 877 infirmant,
3508 813 3560 864 in
3579 811 3831 868 Christum

2247 892 2484 960 peccatis.
2511 892 2829 964 Qttapt'oplt't'
2852 897 2894 948 si
2923 913 3034 948 esca
3059 899 3369 952 scamlalizat
3395 904 3604 973 fratrem
3641 918 3827 969 meum,

2247 997 2348 1034 non
2377 982 2688 1055 manducabo
2714 999 2915 1038 σανιιεηι
2942 993 2991 1040 llt
3020 999 3259 1042 (L’lCl'llulll
3295 1008 3356 1044 ne
3376 996 3594 1074 (mtrem
3618 997 3835 1049 scanda-

2251 1070 2395 1132 lizent
2425 1071 2474 1141 ti
2501 1074 2618 1127 Cor.
2645 1091 2757 1142 vni,
2781 1077 2814 1130 4
2839 1085 2989 1148 etc).

2320 1163 2408 1216 54.
2440 1165 2568 1218 item
2597 1167 2702 1220 alio
2727 1167 2846 1222 loco
2877 1186 2890 1221 :
2919 1171 3054 1235 Quid
3080 1174 3234 1242 ergo?
3256 1173 3367 1226 dico
3393 1174 3531 1244 quod
3553 1173 3703 1232 idolis
3732 1174 3832 1234 im-

2248 1255 2492 1308 molatum
2509 1257 2572 1308 sit
2596 1258 2788 1328 aliquid
2808 1260 2836 1314 .7
2859 1271 2945 1313 aut
2973 1264 3108 1331 quod
3137 1266 3150 1294 ‘
3177 1265 3366 1318 idolum
3387 1269 3447 1319 sit
3464 1269 3660 1345 aliguid
3675 1271 3700 1324 ?
3729 1272 3835 1325 Sed

2248 1359 2362 1412 quae
2387 1345 2651 1401 immolant
2684 1347 2888 1416 Gentes,
2915 1354 3179 1408 dwmoniis
3201 1357 3481 1424 immolant,
3508 1370 3674 1414 etnon
3699 1361 3827 1416 Deo.

2251 1433 2389 1489 Nolo
2417 1447 2582 1491 autent
2616 1455 2702 1494 vos
2729 1442 2891 1495 socios
2917 1445 3029 1512 [ieri
3066 1446 3448 1503 dirutonioium.
3481 1448 3602 1504 Non
3627 1455 3832 1522 potestis

2249 1529 2453 1582 calicem
2496 1530 2704 1586 Domini
2733 1533 2927 1602 bibere,
2957 1547 3002 1589 et
3027 1537 3230 1591 calicem
3265 1543 3623 1597 dwnwnioram
3665 1561 3685 1598 .°
3726 1561 3830 1600 non

2249 1620 2453 1687 potestis
2480 1637 2665 1676 menste
2682 1622 2891 1678 Domini
2926 1627 3196 1698 participes
3222 1645 3347 1696 esse,
3376 1643 3419 1683 et
3442 1649 3619 1687 mensa:
3639 1636 3831 1689 dieme-

2250 1710 2466 1763 niorum.
2493 1715 2572 1766 An
2592 1715 2892 1768 tetnulamur
2921 1717 3227 1774 Dominum?
3249 1720 3513 1793 Numquid
3532 1726 3619 1777 illo
3648 1727 3830 1794 [ortio-

2249 1818 2328 1854 rcs
2351 1821 2521 1856 sumus
2536 1807 2562 1857 ?
2589 1805 2772 1858 Omnia
2788 1808 2912 1860 mihi
2939 1810 3072 1861 licita
3090 1822 3226 1874 sunt,
3251 1815 3338 1865 sed
3359 1830 3459 1866 non
3483 1816 3654 1866 omnia
3677 1833 3833 1886 expe-

2250 1894 2393 1946 diunt
2425 1910 2445 1948 .'
2472 1897 2640 1948 omnia
2661 1898 2784 1950 mihi
2805 1901 2940 1952 licita
2963 1911 3098 1966 sunt,
3120 1905 3207 1955 sed
3228 1920 3328 1957 non
3359 1907 3528 1958 omnia
3553 1905 3829 1976 wdiﬁcant.

2251 1984 2416 2038 Nemo
2453 1989 2588 2056 quod
2607 2007 2753 2043 suum
2786 2002 2856 2044 est
2889 2004 3102 2063 quwrat,
3139 1995 3225 2048 sed
3249 1999 3383 2066 quati
3417 1999 3644 2052 alterius.
3673 1995 3834 2054 Omne

2249 2078 2382 2144 quod
2425 2079 2477 2130 in
2518 2081 2730 2134 macello
2752 2083 2891 2135 venit
2913 2125 2926 2148 ,
2955 2087 3283 2153 manducate;
3317 2088 3447 2140 nihil
3471 2091 3833 2160 interrogantes

2252 2178 2454 2238 propter
2477 2173 2852 2227 conscientiam.
2879 2175 2939 2230 Si
2961 2179 3072 2247 quis
3092 2189 3258 2230 autem
3275 2181 3479 2247 dixerit,
3506 2181 3621 2236 Hoc
3650 2188 3833 2238 immo-

2251 2262 2408 2311 latam
2429 2271 2500 2313 est
2527 2262 2714 2330 idolis;
2753 2267 2907 2318 nolite
2949 2269 3289 2338 manducare,
3342 2283 3547 2342 propter
3585 2274 3836 2344 illumqus’

2251 2351 2460 2417 indicat,
2505 2363 2568 2421 et,
2593 2366 2800 2426 propter
2838 2360 3192 2414 conscientiam
3222 2377 3241 2414 :
3280 2365 3632 2417 conscientiam
3662 2377 3834 2420 autem

2251 2443 2392 2509 dico,
2425 2462 2524 2499 non
2553 2456 2713 2514 luant,
2741 2450 2829 2502 sed
2854 2449 3081 2506 alterius.
3118 2451 3307 2522 thuid
3341 2457 3473 2507 enim
3500 2458 3701 2510 libertas
3715 2474 3835 2512 «mea

2240 2533 2508 2603 judicatur
2539 2537 2600 2590 ab
2627 2541 2732 2593 alta
2769 2543 3116 2597 conscientia?
3137 2546 3196 2598 Si
3223 2544 3314 2615 ego
3347 2563 3460 2598 cum
3484 2550 3649 2616 gratia
3667 2551 3836 2620 par-ti-

2251 2625 2364 2695 cipo
2383 2665 2398 2693 ,
2421 2628 2541 2697 quid
2563 2628 2884 2701 blasphemor
2921 2650 3016 2702 pro
3046 2650 3144 2705 quo
3181 2638 3371 2704 gratias
3408 2640 3541 2708 ago?
3571 2639 3690 2692 Sive
3711 2652 3835 2712 erga

2255 2716 2588 2783 mandacatis,
2616 2722 2719 2773 sive
2744 2721 2927 2788 bibitis,
2957 2725 3034 2777 vel
3057 2726 3198 2777 aliud
3217 2728 3339 2795 quid
3362 2731 3547 2798 facitis,
3586 2731 3754 2782 omnia
3778 2731 3837 2786 in

2251 2809 2466 2878 gloriam
2485 2810 2580 2864 Dei
2591 2813 2760 2880 facite.
2781 2815 2904 2868 Sine
2917 2814 3190 2882 aﬂensione
3204 2827 3354 2871 estote
3373 2819 3571 2874 Judwis
3584 2831 3629 2874 et
3647 2819 3836 2876 Grtccis

2253 2910 2297 2952 et
2323 2901 2560 2956 Ecclesia:
2582 2902 2698 2970 Dei,
2729 2904 2856 2957 sicut
2876 2915 2921 2958 et
2949 2923 3039 2977 ego
3067 2908 3296 2962 omnibus
3317 2926 3407 2980 per
3432 2912 3602 2964 omnia
3627 2914 3833 2982 placeo,

2253 3003 2354 3046 non
2383 3010 2611 3064 quan-ens
2651 2998 2786 3066 quod
2832 3000 2953 3050 mihi
3004 2999 3126 3053 utile
3165 3010 3255 3067 cst,
3295 3003 3382 3054 sed
3415 3005 3547 3072 quod
3571 3005 3839 3072 multis,“

2254 3085 2378 3136 salvi
2423 3088 2568 3154 ﬁant.
2612 3086 2902 3142 lmitatores
2926 3091 3022 3142 mei
3055 3100 3242 3158 istote,
3289 3095 3417 3146 sicut
3454 3104 3499 3148 et
3528 3112 3618 3166 ego
3650 3094 3839 3151 Christi

2254 3175 2449 3245 (lCor.
2480 3193 2532 3244 Χ,
2568 3179 2746 3246 19-55,
2779 3190 2823 3233 et
2845 3197 2918 3247 ut,
2949 3181 3018 3252 Ι).

2326 3269 2412 3322 53.
2443 3272 2676 3338 Apparet
2705 3273 2891 3342 igitur,
2935 3283 2991 3326 ut
3028 3275 3238 3344 opinor,
3265 3292 3372 3346 quo
3400 3277 3503 3333 line
3526 3293 3557 3332 a
3585 3279 3840 3334 carnibus

2253 3371 2304 3414 et
2329 3377 2358 3414 ti
2387 3363 2506 3415 \‘itto
2532 3365 2600 3416 sit
2623 3365 3016 3421 abstinendum.
3044 3368 3092 3423 ls
3115 3371 3235 3424 linis
3259 3382 3341 3425 est
3364 3374 3664 3442 triplex.Ad
3689 3390 3835 3430 coni-

2255 3454 2583 3521 primendam
2625 3456 3063 3527 delectationem,
3103 3477 3222 3530 qua:
3261 3463 3313 3516 in
3348 3463 3431 3517 bis
3454 3465 3682 3520 maxime
3702 3467 3839 3520 cibis

2256 3544 2438 3598 haberi
2480 3547 2637 3612 solet,
2666 3559 2820 3618 atque
2859 3551 2911 3604 in
2942 3551 3030 3604 tali
3066 3562 3192 3621 potu
3239 3569 3404 3624 usque
3427 3556 3493 3610 ad
3521 3557 3840 3613 ebrietatem

2255 3638 2552 3706 pervenire.
2581 3640 2660 3693 Ad
2690 3641 2937 3696 tuendam
2963 3644 3340 3712 inﬁrmitatem,
3369 3659 3583 3716 prepter
3601 3650 3688 3702 illa
3709 3665 3840 3719 qua:

2255 3729 2617 3784 saerilicantur
2661 3743 2820 3803 atque
2861 3735 3112 3790 libantur.
3152 3737 3214 3789 Et
3243 3738 3380 3806 quod
3422 3740 3650 3792 maxime
3684 3753 3841 3792 com-

2257 3822 2615 3876 mendandum
2651 3834 2733 3879 est
2755 3866 2768 3891 ,
2809 3836 3025 3896 propter
3051 3828 3357 3883 eharitatem
3380 3871 3394 3896 ,
3427 3845 3493 3884 ne
3512 3832 3837 3886 imbecillio-

2257 3931 2374 3968 l‘Ulll
2410 3916 2478 3969 ab
2519 3917 2600 3970 liis
2629 3919 3011 3974 continentium
3052 3907 3348 3976 otl'endatur
3388 3924 3684 3977 inﬁrmitas.
3729 3923 3838 3981 Vos

2260 4014 2436 4060 autem
2485 4007 2753 4063 immunda
2799 4024 2919 4065 08:8
2971 4011 3192 4065 obsOnia
3251 4013 3427 4068 dicitis
3458 4053 3475 4079 ,
3529 4030 3650 4067 cum
3691 4013 3837 4070 dicat

2256 4100 2544 4167 Apostolus
2568 4101 2744 4155 omnia
2771 4101 2964 4156 munda
3003 4117 3141 4168 esse.
3177 4103 3272 4158 sed
3311 4105 3360 4157 ei
3387 4104 3578 4158 malum
3603 4119 3720 4159 esse
3743 4104 3838 4174 qui

2253 4207 2352 4260 per
2403 4193 2750 4247 olfensioncm
2797 4193 3096 4251 manducet.
3145 4194 3214 4248 Et
3265 4211 3481 4265 prorsus
3528 4199 3686 4252 credo
3739 4213 3836 4254 vos

2257 4283 2372 4335 istis
2393 4284 2562 4352 epulis
2591 4285 2872 4354 inquinari,
2897 4302 2961 4340 eo
2982 4287 3098 4355 ipso
3121 4303 3226 4357 quo
3249 4287 3518 4342 immunda
3544 4304 3661 4344 csse
3685 4289 3834 4343 arbi-

2261 4373 2490 4431 tramini.
2523 4374 2611 4427 Ait
2635 4376 2774 4428 enim
2810 4395 2821 4428 :
2855 4373 3014 4430 Credo
3043 4388 3089 4430 et
3120 4378 3319 4446 con/ida
3356 4379 3410 4431 in
3447 4378 3662 4432 Domino
3680 4378 3833 4447 Jesu,

2257 4464 2374 4534 quia
2401 4465 2528 4516 nihil
2549 4480 2811 4518 commune
2832 4483 2923 4537 per
2950 4468 3153 4539 ipsum;
3182 4468 3270 4524 sed
3294 4470 3339 4523 ei
3363 4471 3450 4540 qui
3467 4471 3712 4524 eristimat
3731 4473 3838 4527 ali-

2255 4555 2376 4626 quid
2402 4571 2662 4609 commune
2686 4573 2820 4622 esse,
2853 4558 2930 4610 illi
2951 4575 3214 4613 commune
3245 4571 3338 4614 est.
3379 4561 3473 4616 Cui
3505 4573 3682 4616 autem
3728 4563 3838 4618 du-

2256 4647 2403 4702 bium
2425 4659 2526 4713 est,
2559 4665 2841 4705 commune
2879 4651 3026 4704 ἱιιιιιιι
3072 4652 3401 4706 immundum
3423 4665 3478 4708 et
3503 4655 3838 4724 inquinatum

2261 4741 2512 4794 νοοειεευῖ
2541 4742 2645 4795 Sed
2673 4743 2890 4795 stultum
2921 4752 3002 4797 est
3028 4743 3296 4799 vobiscum
3326 4761 3483 4816 agere
3506 4747 3574 4803 de
3593 4749 3838 4820 Scriptu-

2260 4834 2354 4897 ris,
2391 4850 2511 4887 eum
2560 4843 2614 4887 et
2658 4836 2916 4890 rationem
2955 4837 3252 4906 pollicendo
3302 4840 3598 4910 decipiatis,
3637 4851 3690 4896 et
3739 4859 3838 4899 eos

2259 4925 2481 4993 Libros,
2527 4927 2582 4980 in
2625 4927 2816 4997 quibus
2857 4944 3045 4998 magna
3085 4939 3168 4984 est
3201 4933 3472 5002 religionis
3511 4934 3837 5003 auctoritas,

2259 5017 2406 5071 falsis
2431 5019 2691 5089 capitibus
2715 5020 2966 5075 immissis
3005 5033 3280 5095 corruptos
3323 5040 3440 5078 esse
3482 5027 3688 5082 dicatis.
3731 5027 3841 5081 lla-

2261 5110 2402 5163 tionc
2423 5110 2578 5179 igitur
2598 5111 2724 5164 milii
2747 5112 3060 5180 persuadete
3083 5113 3349 5183 quomodo
3377 5126 3675 5171 vescentem
3714 5132 3840 5172 car-

2260 5218 2356 5256 nes
2393 5203 2755 5273 eoinquincnt,
2783 5204 2826 5257 si
2854 5204 2969 5259 sine
2995 5205 3098 5258 ulla
3128 5205 3420 5263 oﬂ'cnsione
3441 5249 3456 5272 ,
3487 5209 3603 5264 sine
3629 5210 3731 5264 ulla
3749 5210 3842 5264 in-

2261 5294 2412 5347 tirma
2435 5296 2700 5362 opinione,
2735 5297 2851 5351 sine
2871 5296 2972 5351 ulla
2995 5297 3211 5353 libidine
3239 5301 3552 5354 sumuntur?

2381 5386 2604 5442 CAPUT
2641 5387 2752 5442 XV.
2775 5419 2846 5428 -—
2868 5388 3028 5443 Esum
3055 5392 3281 5444 carnium
3307 5409 3398 5446 cur
3423 5393 3721 5448 interdicunt

2903 5478 3194 5535 Hanichtvi.

2331 5569 2417 5624 56.
2466 5568 2652 5640 Operae
2685 5569 2912 5638 pretium
2952 5582 3033 5627 est
3061 5582 3243 5649 totam
3266 5573 3647 5645 superstitiosa:
3674 5575 3843 5645 hujus

2326 5670 2341 5702 ί
2363 5676 2468 5717 Mss.
2494 5681 2685 5725 novem,
2705 5680 2798 5718 non
2814 5666 2956 5723 quod.
