4138 6364
318 430 457 486 1561.

315 542 649 602 abstinentia:
676 539 944 598 rationem
971 551 1292 606 cognoscere
1311 578 1325 602 ,
1357 551 1474 607 quae
1502 543 1572 590 ita
1612 533 1850 589 redditur
1877 549 1892 586 :

317 637 575 704 Quoniam
597 675 611 697 ,
653 632 850 702 inquit,
897 632 1191 686 membrum
1225 630 1316 684 Dei
1345 614 1604 683 malorum
1648 627 1894 681 substan-

318 733 405 785 tia:
421 726 764 781 commixtum
781 732 959 783 cst.,ut
980 739 1096 776 eam
1121 721 1432 782 refl-enaret,
1456 728 1612 790 alque
1635 734 1666 773 a
1687 735 1896 774 summo

318 820 496 876 furore
537 817 912 888 comprimeret
948 814 1060 882 (sic
1087 813 1227 868 enim
1255 810 1479 882 dicitis),
1521 811 1587 864 de
1611 811 1896 864 commixta

316 921 540 987 utraque
567 918 749 962 natura
769 948 782 971 ,
813 905 864 959 id
890 915 971 960 est
1001 903 1121 957 boni
1144 913 1197 958 et
1224 904 1384 966 mali,
1432 901 1659 988 mundus
1695 910 1776 954 est
1821 899 1898 954 fas

316 1001 570 1056 bricatns.
596 998 724 1052 Pars
744 1005 920 1050 autem
953 995 1039 1052 illa
1067 993 1239 1048 divina
1266 1009 1329 1047 ex
1363 994 1506 1046 omni
1538 1000 1686 1061 parte
1717 991 1898 1048 mundi

317 1091 553 1164 quotidie
603 1099 854 1160 purgatur
879 1130 892 1152 ,
923 1095 978 1142 et
1023 1087 1074 1140 in
1121 1100 1213 1139 sua
1265 1102 1422 1153 regna
1453 1084 1737 1138 rcsumitur
1763 1101 1776 1136 :
1806 1083 1899 1138 sed

319 1184 435 1238 haec
460 1196 554 1254 per
578 1189 770 1235 terram
801 1177 1082 1242 exhalans,
1110 1185 1164 1231 et
1202 1175 1266 1228 ad
1294 1175 1487 1233 cadum
1520 1173 1739 1228 tendens
1762 1213 1778 1238 ,
1824 1173 1904 1242 in-_

317 1275 485 1331 currit
513 1273 564 1328 in
596 1273 810 1340 s:irpes,
840 1270 1087 1342 queniam
1120 1268 1384 1323 radicibus
1414 1276 1566 1321 terra:
1594 1266 1900 1335 alfiguutur,

324 1376 484 1436 atque
511 1363 580 1418 ita
613 1343 813 1420 .omnes
853 1360 1078 1426 herbas,
1113 1367 1165 1412 et
1201 1358 1414 1414 arbusta
1453 1358 1626 1411 onmia
1660 1348 1904 1411 fecundat

316 1466 372 1514 et
389 1464 620 1529 vegetat.
655 1454 792 1515 [line
819 1452 1064 1508 animalia
1091 1451 1264 1507 cibum
1292 1451 1536 1520 capiunt,
1566 1466 1683 1520 qua:
1711 1451 1755 1507 si
1785 1466 1904 1506 con-

317 1548 604 1614 cumbunt,
634 1547 800 1616 ligant
827 1545 878 1599 in
902 1560 1061 1599 carne
1084 1543 1318 1598 divinmn
1343 1543 1467 1598 illud
1496 1543 1788 1598 membrum
1810 1585 1824 1608 ,
1852 1550 1906 1596 et

316 1654 349 1695 ι
377 1647 523 1695 certo
547 1652 645 1694 suo
668 1637 858 1695 itinere
884 1650 1128 1690 aversum
1157 1643 1312 1704 alque
1341 1634 1646 1704 impeditum
1664 1675 1677 1698 ,
1705 1633 1902 1694 errori-

317 1730 417 1786 bus
433 1729 792 1799 :nrumnisque
814 1727 1108 1797 implicant.
1140 1727 1319 1796 Itaque
1345 1728 1448 1782 cibi
1466 1727 1553 1797 qui
1575 1727 1641 1781 de
1667 1727 1905 1794 frugibus

318 1830 374 1877 et
397 1815 571 1894 pomis
597 1829 866 1890 parantur,
893 1818 937 1872 si
955 1817 1019 1871 ad
1048 1827 1279 1881 sanctos,
1312 1817 1364 1871 id
1389 1827 1471 1872 est
1497 1817 1561 1869 ad
1589 1816 1906 1870 Manichteos

319 1911 566 1976 veniant,
596 1925 690 1979 per
710 1925 894 1963 eorum
926 1910 1257 1975 castitatem,
1285 1917 1340 1962 et
1362 1906 1628 1962 orationes
1649 1949 1663 1973 ,
1694 1916 1747 1960 ct
1769 1907 1908 1976 psal-

320 2017 436 2056 mos
459 2042 476 2068 ,
505 2000 762 2071 quidquid
794 2001 845 2054 in
867 2001 945 2055 eis
971 2009 1051 2053 est
1078 1999 1396 2053 luculentum
1429 2007 1480 2053 et
1511 1998 1743 2053 divinum
1776 2014 1906 2067 pur-

317 2101 471 2162 gatur
499 2093 538 2157 ²,
570 2091 621 2145 id
651 2098 735 2145 est
772 2105 834 2144 ex
869 2091 1013 2144 omni
1049 2100 1196 2158 parte
1230 2090 1530 2158 perficitur,
1560 2100 1617 2143 ut
1643 2090 1708 2143 ad
1746 2106 1906 2158 regna

318 2181 529 2253 propria
557 2181 673 2236 sine
703 2182 811 2236 ulla
853 2181 1089 2236 sordium
1129 2180 1434 2236 difficultate
1458 2180 1734 2239 referatur.
1777 2182 1909 2235 llinc

319 2283 398 2328 est
422 2272 560 2343 quod
593 2272 912 2327 mendicanti
939 2271 1172 2337 homini,
1208 2271 1294 2342 qui
1318 2271 1641 2326 manichmus
1671 2287 1772 2331 non
1799 2273 1866 2324 sit
1890 2313 1905 2336 ,

319 2377 510 2432 panem
542 2361 623 2416 vel
666 2362 867 2431 aliquid
918 2361 1156 2432 frugum,
1211 2361 1296 2417 vel
1323 2377 1513 2430 aquam
1560 2361 1758 2430 ipsam,
1789 2378 1908 2430 qua:

320 2455 568 2510 omnibus
594 2455 711 2509 vilis
734 2464 845 2521 est,
873 2454 988 2509 dari
1022 2453 1342 2524 prohibetis;
1376 2469 1442 2508 ne
1463 2453 1762 2514 membrum
1794 2454 1906 2523 Dei,

322 2546 462 2616 quod
488 2545 570 2601 his
592 2546 752 2600 rebus
791 2545 1084 2606 admixtum
1112 2554 1229 2611 est,
1271 2545 1383 2603 suis
1409 2545 1640 2614 peccatis
1666 2545 1910 2600 sordida.-

323 2647 434 2691 tum
460 2652 490 2690 a
521 2637 692 2693 reditu
719 2635 1009 2706 impediat”

393 2727 482 2783 57.
509 2725 708 2800 Carnes
731 2739 906 2780 autem
928 2726 1040 2796 jam
1069 2726 1136 2782 de
1161 2726 1289 2795 ipsis
1317 2727 1562 2781 sordibus
1591 2726 1763 2783 dicitis
1793 2741 1912 2782 esse

320 2803 616 2877 concretas.
660 2819 814 2893 Fugit
850 2818 1213 2888 enimaliquid
1251 2819 1413 2888 partis
1443 2819 1584 2873 illius
1603 2819 1824 2885 divinae,
1856 2829 1912 2872 ut

322 2911 610 2982 perhibetis
632 2954 646 2978 ,
671 2911 795 2969 dum
827 2910 1003 2982 fruges
1031 2919 1082 2966 et
1115 2925 1272 2980 poma
1293 2918 1613 2980 carpuntur;
1643 2909 1909 2980 fugitcum

319 3001 624 3074 affliguntur
647 3003 728 3057 vel
759 3002 977 3058 terendo
996 3001 1082 3056 vel
1104 3001 1350 3056 molendo
1379 3001 1462 3055 vel
1491 3001 1790 3071 coquendo,
1825 3003 1908 3056 vel

322 3093 480 3148 etiam
520 3092 813 3149 mordendo
855 3101 1015 3164 atque
1061 3091 1382 3147 mandendo.
1436 3090 1593 3161 Fugit
1639 3091 1798 3146 etiam
1855 3092 1906 3146 in

321 3185 567 3240 omnibus
602 3185 836 3239 motibus
863 3183 1171 3238 animalium
1191 3225 1206 3250 ,
1250 3182 1333 3238 vel
1362 3197 1482 3237 cum
1513 3183 1782 3252 gestiunt,
1827 3183 1914 3238 vel

319 3291 442 3331 cum
463 3285 810 3342 exerceantur,
839 3274 921 3330 vel
951 3290 1072 3329 cum
1098 3273 1385 3340 laborant,
1417 3274 1498 3329 vel
1530 3289 1650 3328 cum
1692 3275 1912 3328 omnino

320 3367 518 3438 aliquid
544 3376 848 3436 operantur.
884 3366 1042 3436 Fugit
1067 3365 1230 3420 etiam
1260 3364 1310 3419 in
1329 3365 1441 3434 ipsa
1469 3367 1646 3435 quiete
1691 3374 1868 3420 nostra
1891 3407 1908 3435 ,

320 3460 447 3515 dum
475 3460 791 3530 incorpore,
820 3459 904 3514 illa
926 3475 1046 3531 qua:
1065 3459 1362 3529 appellatur
1385 3458 1632 3528 digestio,
1658 3458 1914 3516 interiore

322 3551 502 3606 calore
526 3552 825 3606 conficitur.
869 3552 1045 3621 Atque
1088 3551 1160 3606 ita
1204 3557 1283 3606 tot
1323 3549 1691 3606 occasionibus
1737 3551 1920 3610 divina

323 3642 563 3714 fugiente
607 3653 830 3708 natura,
885 3642 1133 3714 quiddam
1172 3642 1600 3703 sordidissimum.
1635 3651 1912 3710 remanet,

322 3735 468 3792 unde
502 3751 598 3806 per
621 3735 957 3792 concubitum
1001 3749 1126 3790 caro
1154 3734 1451 3802 formetur;
1480 3751 1600 3791 cum
1630 3736 1805 3794 anima
1834 3742 1914 3790 ta-

322 3841 446 3881 men
500 3825 624 3880 boni
679 3825 952 3896 generis',
1004 3825 1254 3898 quoniam
1302 3827 1544 3895 quamvis
1590 3826 1910 3896 plurimum,

325 3931 431 3972 non
454 3926 629 3972 tamen
654 3926 819 3972 totum
842 3918 1060 3982 bonum,
1085 3919 1394 3977 memoratis
1418 3920 1522 3976 illis
1543 3920 1774 3974 motibus
1790 3934 1915 3974 evo-

323 4007 419 4064 .‘at.
447 4007 704 4076 Quocirca
726 4050 741 4073 ,
773 4023 895 4068 cum
941 4009 1118 4062 anima
1147 4007 1308 4064 etiam
1338 4024 1553 4065 carnem
1581 4010 1912 4077 deseruerit,

325 4099 518 4155 nimias
559 4099 1002 4170 sordesreliquas
1028 4099 1142 4155 fieri
1166 4139 1191 4166 ,_
1227 4108 1282 4154 et
1319 4099 1440 4155 ideo
1477 4115 1661 4156 eorum
1703 4102 1793 4174 qui
1819 4117 1914 4158 γο-

326 4199 548 4245 scuntur
571 4190 818 4247 carnibus
837 4232 858 4258 ,
877 4190 1107 4244 animam
1137 4190 1489 4260 coinquinari.

395 4279 625 4338 CAPUT
653 4279 791 4338 XVI.
811 4311 883 4320 —
909 4280 1082 4350 Aperit
1109 4291 1398 4351 portentosa
1426 4279 1826 4340 Manichaeorum

988 4373 1249 4444 mysteria.

397 4463 485 4520 38.
523 4462 568 4519 Ο
595 4480 770 4519 rerum
799 4475 1004 4520 natura:
1041 4465 1337 4520 obscuritas
1359 4506 1372 4530 ,
1404 4475 1659 4536 quantum
1704 4474 1913 4537 trgnten

325 4565 410 4612 est
428 4555 713 4611 falsitatis?
741 4556 870 4626 Quis
891 4555 1162 4624 nominare
1191 4557 1564 4626 audiens,__qui
1592 4574 1766 4611 rerum
1794 4573 1918 4612 cau-

326 4662 414 4702 sas
441 4663 548 4701 non
579 4647 800 4714 didicit,
839 4648 929 4719 qui
970 4649 1204 4704 nondum
1238 4648 1479 4711 veritatis
1507 4651 1916 4719 quantulocnm-

327 4753 430 4808 quc
459 4737 657 4793 lumine
683 4753 928 4808 aspersus
961 4741 1235 4810 corporeis
1261 4741 1576 4813 imaginibus
1598 4740 1817 4804 fallitur,
1849 4757 1931 4799 co-

327 4830 442 4899 ipso
470 4845 576 4900 quo
598 4828 712 4884 hcce
745 4829 960 4884 minime
980 4840 1268 4899 apparent,
1290 4840 1344 4886 et
1370 4847 1464 4901 per
1485 4831 1724 4902 qtuedam
1747 4833 1915 4886 simu-

327 4923 468 4977 lacra
494 4939 674 4979 rerum
694 4921 978 4977 visibilimn
1009 4925 1333 4991 cogitantur,
1366 4935 1421 4979 et
1445 4926 1642 4980 diserte
1670 4926 1773 4980 dici
1797 4941 1918 4994 pos-

326 5022 484 5081 sunt,
525 5029 645 5067 vera
676 5030 795 5070 esse
820 5014 1142 5070 arbitretur?
1185 5014 1391 5071 Talium
1418 5027 1593 5072 autem
1635 5017 1916 5074 hominum

328 5119 538 5174 magum
565 5105 730 5158 turba:
755 5115 912 5176 atque
940 5121 1126 5176 greges
1153 5118 1407 5161 vocantur
1425 5150 1440 5174 ,
1468 5124 1601 5177 quos
1639 5110 1918 5180 religiosus

326 5195 486 5250 timor
519 5196 586 5249 ab
623 5197 704 5250 bis
744 5197 963 5252 fallaciis
1004 5198 1177 5267 potius
1204 5214 1363 5268 quam
1412 5199 1548 5253 ratio
1587 5209 1726 5254 tutos
1769 5201 1914 5256 facit.

327 5285 683 5353 Quamobrem
716 5288 784 5341 ita
817 5303 916 5358 ego
943 5287 1039 5342 ista
1071 5288 1305 5344 conabor
1340 5289 1581 5344 refellere
1602 5331 1617 5354 ,
1661 5299 1916 5358 quantum

333 5391 420 5432 me
450 5377 589 5431 Deus
617 5377 868 5447 adjuvare
899 5378 1198 5452 dignabitur
1217 5421 1231 5446 ,
1265 5387 1450 5434 utnon
1484 5382 1652 5435 solum
1682 5382 1916 5457 pruden-

391 5531 571 5598 ‘_t-:dit.i,
597 5529 879 5598 lutulentum
913 5540 1165 5598 purgatur.
1194 5541 1246 5584 At.
1280 5541 1389 5598 Mss.
1412 5543 1534 5595 octo,
1563 5533 1854 5598 luculentum
1872 5545 1920 5590 et

331 5589 574 5663 digitum,-
595 5596 667 5642 uti
689 5593 789 5659 legi
829 5589 1074 5657 postulant
1111 5597 1368 5659 sequentia
1407 5589 1577 5656 verba,
1601 5597 1848 5663 perﬁcitur
1868 5606 1937 5651 ut.

336 5651 403 5702 ad
425 5651 590 5703 reuna.
616 5663 713 5703 etc.

392 5663 478 5702 tre
510 5667 572 5702 na
649 5663 665 5703 t
699 5689 713 5703 .

392 5716 412 5745 ³
437 5666 511 5762 Erg.
536 5691 590 5782 et:
607 5668 717 5765 Eos.
740 5719 913 5782 omissa
937 5719 1296 5782 pramositione,
1313 5732 1441 5782 cum,
1464 5722 1536 5782 sic
1555 5727 1745 5772 textum
1765 5725 1916 5773 inter-

329 5781 583 5849 pungunt:
608 5778 1000 5849 cqrofomzettir.
1029 5778 1192 5849 {nine
1230 5787 1386 5849 oniten
1426 5778 1534 5849 cogi
1550 5819 1563 5840 ,
1590 5789 1689 5843 etc.
1722 5785 1812 5836 Sed
1833 5786 1920 5837 aii-

328 5843 506 5899 quanto
526 5843 924 5891 concinnior-uss.
947 5843 1092 5893 lectio
1113 5858 1255 5906 quam
1281 5844 1355 5893 hic
1376 5843 1638 5896 reddimus.

1655 418 1854 475 LIBER
1897 417 2272 474 SECUNDUS.

3441 389 3582 473 me

2003 532 2130 586 tium
2158 532 2376 600 judicio,
2408 550 2513 604 quo
2540 534 2693 588 simul
2725 550 2786 589 ac
2811 534 2949 588 dicta
2982 533 3173 588 fuerint
3194 534 3600 603 improbentur,

2001 624 2096 680 sed
2126 625 2224 691 ipsi
2252 626 2412 680 etiam
2453 626 2651 695 vulgari
2681 625 3069 696 intelligentiae,
3111 639 3270 695 quant
3301 625 3407 678 sint
3448 625 3576 680 falsa

2003 726 2057 772 et
2079 717 2306 771 absurda
2329 719 2458 772 satis
2478 717 2699 773 eluceat.

2075 809 2163 865 39.
2194 810 2372 864 Primo
2391 809 2530 864 enim
2556 826 2758 880 qumro,
2782 809 2921 865 unde
2937 809 3172 865 doceatis
3199 811 3252 864 in
3279 807 3582 870 frumentis.

2004 915 2068 954 ac
2094 900 2356 970 legumine
2374 941 2390 967 ,
2417 909 2470 954 et
2494 900 2746 964 oleribus,
2777 909 2831 955 et
2855 899 3074 955 floribus
3095 941 3112 966 ,
3139 909 3194 956 et
3217 900 3388 971 pomis
3407 898 3604 958 inesse.

2005 991 2160 1047 istam
2181 994 2362 1049 nescio
2377 1009 2534 1064 quam
2561 1002 2761 1069 partem
2791 995 2906 1049 Dei.
2939 993 3018 1048 Ex
3044 994 3160 1063 ipso
3174 992 3370 1048 coloris
3387 992 3586 1055 nitore.

2007 1083 2279 1153 inquiunt,
2325 1093 2380 1140 et
2415 1084 2594 1140 odoris
2616 1085 2982 1153 jucunditate,
3011 1093 3066 1139 ct
3092 1083 3296 1154 saporis
3327 1084 3585 1139 suavitate

2009 1175 2342 1231 manifestum
2368 1185 2449 1233 est
2479 1195 2493 1231 :
2522 1191 2639 1246 qua:
2660 1175 2786 1230 dum
2809 1191 2914 1229 non
2942 1174 3136 1229 habent
3162 1173 3330 1244 putria
3354 1215 3370 1240 ,
3398 1173 3588 1230 eodem

2007 1266 2148 1321 bono
2185 1281 2304 1321 sese
2336 1267 2545 1322 deserta
2589 1282 2707 1321 esse
2735 1265 3052 1337 significant.
3084 1264 3198 1320 Non
3224 1263 3384 1334 pudet
3413 1263 3587 1324 Deum

2010 1372 2139 1411 naso
2159 1365 2213 1411 et
2239 1358 2413 1427 palato
2443 1358 2710 1412 inventum
2743 1356 2965 1427 putare?
2989 1355 3082 1410 sed
3109 1356 3221 1410 haec
3241 1356 3448 1408 omitto.
3488 1352 3592 1408 La-

2012 1449 2117 1504 tine
2144 1450 2283 1504 enim
2306 1451 2454 1505 vobis
2475 1450 2645 1504 dicam
2664 1492 2678 1518 ,
2701 1459 2774 1516 et,
2799 1459 2856 1504 ut
2874 1449 2977 1504 dici
3006 1448 3238 1514 assolet,
3265 1447 3488 1500 multum
3508 1456 3592 1500 est.

2009 1541 2075 1595 ad
2094 1555 2207 1596 vos.
2240 1541 2370 1595 Illud
2403 1542 2576 1611 potius
2601 1542 2970 1611 qualicumque
2991 1549 3166 1594 mente
3191 1539 3590 1608 intelligendum

2011 1635 2105 1688 fuit
2123 1634 2219 1702 ,.si
2246 1635 2426 1688 colore
2454 1642 2672 1704 apparet
2697 1635 2747 1687 in
2777 1633 3090 1703 corporibus
3125 1634 3247 1687 boni
3276 1631 3550 1700 praesentia
3571 1671 3588 1696 ,

2012 1727 2194 1781 fimum
2217 1727 2522 1782 animalium
2549 1769 2562 1792 ,
2587 1727 2725 1796 quod
2750 1727 2980 1796 ipsarum
3003 1726 3159 1780 etiam
3202 1723 3595 1798 caruiumvpur-

2009 1829 2314 1890 gamcnlum
2343 1829 2454 1885 cst,
2483 1819 2707 1874 diversis
2758 1819 2928 1874 nitere
2953 1817 3218 1872 coloribus
3239 1805 3278 1880 ,⁸
3303 1816 3434 1870 alias
3467 1802 3610 1869 can:

2009 1913 2134 1967 dido
2151 1953 2175 1978 ,_
2206 1913 2521 1982 plerumque
2545 1913 2792 1978 aureolo,
2842 1919 2898 1965 et
2925 1910 3042 1964 aliis
3091 1909 3389 1977 huiusmodi
3415 1949 3430 1972 ,
3459 1924 3594 1977 quos

2012 2004 2062 2056 in
2107 2004 2272 2072 pomis
2300 2012 2354 2058 et
2394 2003 2611 2058 floribus
2638 2003 2781 2056 velut
2811 2011 2974 2056 testes
2999 2000 3093 2054 Dei
3133 1999 3409 2068 prarsentis
3438 2007 3596 2068 atque

2014 2093 2320 2148 inluerentis
2368 2093 2624 2160 acci;.itis.
2668 2092 2805 2158 Quid
2838 2091 3047 2144 tandem
3077 2104 3249 2143 causa:
3296 2096 3404 2150 cst,
3453 2087 3596 2156 quod

2013 2187 2256 2240 ruborem
2289 2188 2341 2240 in
2370 2202 2489 2241 rosa
2519 2186 2744 2240 indicem
2775 2182 3092 2237 abundantis
3121 2181 3240 2234 boui
3269 2194 3388 2234 esse
3415 2178 3597 2250 perhia

2012 2277 2168 2343 betis,
2196 2286 2251 2333 ct
2276 2277 2522 2332 eumdem
2551 2276 2814 2332 damnatis
2842 2277 2891 2328 in
2921 2271 3216 2342 sanguine?
3247 2271 3351 2326 Cur
3376 2270 3428 2324 iu
3457 2271 3598 2336 viola

2013 2371 2257 2426 eumdem
2286 2372 2520 2426 colorem
2539 2369 2940 2440 amplectimini,
2963 2383 3118 2437 quem
3141 2366 3192 2419 in
3220 2365 3524 2421 choleribus
3548 2368 3588 2429 ¹,

2014 2463 2066 2516 in
2095 2463 2282 2521 morbo
2303 2463 2640 2520 iclcricorum
2664 2503 2677 2524 ,
2708 2462 2758 2515 iu
2790 2461 3001 2514 infantis
3023 2459 3246 2528 denique
3269 2457 3390 2511 fimo
3410 2472 3598 2526 asper-

2014 2555 2253 2608 namini?
2298 2554 2406 2608 Cur
2447 2553 2676 2611 nitorem
2717 2560 2873 2620 atque
2913 2549 3168 2618 fulgorem
3196 2547 3326 2612 olei,
3367 2546 3600 2602 claritate

2014 2648 2219 2716 copiam
2247 2647 2530 2704 coadvati
2562 2646 2680 2699 boui
2715 2643 3044 2711 arbitran'tini
3065 2684 3080 2709 ,
3111 2649 3165 2696 et
3193 2640 3258 2695 ad
3284 2641 3334 2695 id
3366 2654 3601 2710 purgan-

2015 2737 2138 2791 dmn
2159 2737 2334 2792 fauces
2355 2745 2408 2794 et
2432 2746 2667 2792 ventrem
2697 2735 2920 2802 paratis;
2948 2733 3015 2787 de
3040 2733 3216 2802 pingui
3239 2741 3415 2804 autem
3433 2743 3599 2786 carne

2014 2828 2267 2884 simillimi
2315 2826 2531 2896 fulgoris
2573 2824 2965 2880 destinantibus
3005 2823 3166 2893 guttis
3209 2823 3355 2878 labra
3396 2821 3605 2876 contiu-

2016 2935 2140 2988 gere
2172 2919 2498 2974 formidatis?
2543 2918 2650 2972 Cur
2678 2917 2746 2971 de
2792 2915 3050 2970 thesauris
3083 2915 3173 2969 Dei
3208 2914 3472 2970 melonem
3501 2927 3604 2982 pu-

2019 3012 2139 3064 tatis
2163 3025 2384 3066 anreum
2427 3024 2582 3072 esse;
2637 3017 2689 3061 et
2718 3024 2893 3076 perna:
2923 3005 3132 3076 adipem
3179 3004 3481 3068 rancidam,
3518 3003 3604 3058 vel

2017 3105 2101 3159 cvi
2131 3103 2359 3156 medium
2385 3117 2489 3156 non
2515 3101 2743 3170 putatis?
2770 3099 2877 3153 Cur
2902 3098 3053 3152 vobis
3077 3097 3276 3152 candor
3298 3097 3349 3151 in
3382 3095 3601 3150 lactucis

2019 3196 2276 3266 prwdicat
2308 3195 2472 3247 Deum
2493 3175 2588 3260 ,lin
2619 3193 2752 3245 lacte
2785 3207 2888 3244 non
2921 3188 3210 3259 pradicet?
3240 3187 3315 3241 De
3335 3185 3605 3240 colet'ibus

2016 3287 2158 3342 enim
2185 3285 2359 3340 adhuc
2387 3285 2603 3354 loquor,
2647 3282 2916 3352 inquibus
2954 3279 3036 3349 (ut
3080 3278 3318 3333 omittam
3359 3272 3599 3345 ca-tcra),

2018 3375 2174 3430 unius
2204 3375 2420 3445 pavonis
2439 3373 2629 3446 pennis
2653 3382 2706 3428 et
2736 3371 2930 3442 plumis
2947 3413 2960 3435 ,
2991 3385 3110 3440 qua:
3135 3378 3280 3424 certe
3302 3367 3372 3422 de
3397 3381 3598 3420 concu-

2018 3466 2130 3524 bitu
2169 3476 2223 3522 et
2267 3482 2428 3521 carne
2455 3473 2774 3532 nascuntur,
2815 3463 2954 3518 nulla
2991 3461 3210 3532 potestis
3244 3459 3429 3516 vestita
3459 3457 3608 3512 flori.

2018 3559 2115 3614 bus
2144 3568 2292 3629 prata
2320 3557 2584 3616 conferre.

2088 3651 2178 3705 40.
2212 3650 2343 3704 Nam
2381 3649 2425 3704 si
2457 3658 2511 3704 et
2540 3647 2705 3703 odore
2753 3647 3020 3702 invenitur
3064 3646 3162 3698 hoc
3189 3640 3386 3698 bonum
3408 3685 3422 3704 ,
3469 3657 3605 3697 non~

2017 3744 2280 3798 nullorum
2303 3741 2608 3796 animalium
2639 3740 2890 3795 carnibus
2917 3738 3035 3792 miri
3057 3735 3235 3790 odoris
3253 3734 3604 3790 conficiuntur

2018 3843 2304 3904 unguenta.
2348 3833 2462 3887 (libi
2491 3832 2728 3900 denique
2753 3829 2888 3900 ipsi,
2933 3829 3020 3898 qui
3049 3843 3168 3881 cum
3197 3824 3448 3880 carnibus
3489 3839 3605 3878 mc-

2020 3926 2539 3994 liusculisconcoqui
2566 3922 2759 3984 solent,
2785 3918 3248 3988 multojucuudius
3275 3917 3428 3971 olent.
3447 3931 3608 3984 quam

2018 4017 2062 4072 si
2086 4017 2162 4072 eis
2189 4032 2314 4070 caro
2342 4015 2615 4072 defuisset.
2641 4014 2918 4068 Postremo
2944 4012 2988 4066 si
3015 4011 3228 4065 suavius
3241 4009 3438 4064 olentia
3455 4025 3610 4068 mnu-

2022 4107 2178 4168 diora
2213 4107 2508 4178 judicatis,
2548 4104 2776 4175 quodam
2826 4104 2935 4156 luto
2979 4101 3118 4156 vesci
3165 4100 3403 4162 avidius,
3447 4116 3606 4170 quam

2016 4199 2356 4255 cisterninam
2377 4212 2567 4266 aquam
2584 4195 2764 4249 bibere
2777 4191 3060 4256 debuistis;
3079 4191 3200 4261 quia
3217 4190 3428 4260 perfusa
3448 4189 3610 4244 imbri

2018 4298 2158 4342 terra
2189 4288 2589 4353 siccior,_narcs
2621 4285 2755 4338 miro
2777 4283 2941 4339 odore
2971 4282 3279 4352 permulcet,
3309 4281 3609 4350 meliusque

2017 4379 2125 4433 olet
2150 4379 2254 4435 tale
2296 4378 2466 4433 lutum
2491 4419 2506 4442 ,
2549 4393 2707 4446 quam
2738 4376 2781 4430 si
2829 4376 3165 4446 exciperetur
3192 4375 3369 4445 pluvia
3407 4374 3606 4443 purior.

2018 4470 2169 4539 Quod
2205 4471 2248 4526 si
2274 4485 2517 4540 saporem
2545 4484 2678 4539 opus
2711 4478 2796 4522 est
2830 4467 3108 4534 attestari,
3141 4475 3197 4520 ut
3221 4481 3609 4536 cognoscamus

2020 4563 2263 4620 habitare
2311 4562 2362 4616 in
2410 4573 2635 4631 corpore
2677 4557 2874 4630 aliquid
2918 4558 3048 4624 Dei,
3102 4557 3270 4628 magis
3306 4557 3510 4611 habitat
3551 4558 3606 4612 in

2019 4652 2243 4723 dactylis
2271 4661 2324 4706 et
2365 4651 2521 4706 melle
2559 4665 2717 4720 quam
2757 4649 2808 4702 in
2839 4663 2999 4704 carne
3024 4647 3239 4719 porcina
3259 4688 3275 4712 ,
3307 4647 3400 4702 sed
3439 4647 3608 4716 magis

2021 4743 2072 4802 in
2099 4726 2258 4796 carne
2286 4741 2498 4810 porcina
2528 4755 2685 4814 quam
2709 4739 2761 4796 in
2784 4737 2936 4804 faba;
2964 4739 3134 4808 magis
3163 4737 3227 4792 in.
3249 4737 3348 4792 fico
3370 4751 3526 4808 quam
3553 4737 3608 4792 iu

2022 4833 2208 4898 ficato,
2236 4848 2362 4889 erce
2389 4832 2658 4898 concedo;
2687 4831 2780 4887 sed
2820 4842 2872 4886 et
2896 4845 2992 4886 vos
3018 4829 3322 4894 concedite,
3352 4829 3519 4899 magis
3552 4829 3615 4884 iu.

2021 4925 2178 4979 ficato
2201 4939 2355 4994 quam
2398 4924 2449 4978 in
2487 4923 2628 4978 beta.
2669 4922 2809 4989 Quid
2835 4921 2974 4993 quod
3001 4921 3100 4976 ista
3127 4919 3336 4976 ratione
3353 4920 3623 4989 cogimini

2020 5015 2296 5078 confiteri,
2340 5013 2594 5084 quasdam
2629 5015 2854 5081 stirpes,
2893 5026 3024 5082 quas
3047 5018 3191 5067 certe
3219 5024 3408 5066 omnes
3449 5025 3605 5063 mun-

2020 5103 2196 5159 diorcs
2222 5104 2379 5158 vultis
2423 5119 2582 5177 quam
2625 5117 2838 5159 carnem
2864 5141 2880 5164 .
2917 5117 2981 5156 ex
3019 5101 3132 5172 ipsa
3163 5115 3324 5156 carne
3365 5100 3611 5168 accipere

2023 5193 2226 5260 Deum,
2271 5195 2314 5248 si
2345 5209 2536 5264 sapore
2567 5193 2708 5248 Deus
2735 5193 3005 5248 immixtus
3025 5190 3367 5262 agnoscitur?
3393 5190 3527 5248 Nam
3553 5201 3610 5247 ct

2021 5287 2163 5340 olera
2190 5285 2454 5354 sapidiora
2493 5285 2626 5340 fiunt
2649 5293 2799 5339 cocta
2833 5300 2953 5339 cum
2994 5284 3248 5340 carnibus
3280 5301 3297 5339 :
3325 5292 3379 5362 et
3414 5281 3610 5352 herbas

2021 5378 2215 5448 quibus
2273 5392 2463 5447 pecora
2514 5385 2830 5446 pascuntur,
2872 5385 3108 5447 gustare
3137 5391 3244 5438 non
3290 5391 3610 5447 possumus;

2022 5487 2307 5526 conversas
2321 5480 2497 5528 autem
2524 5470 2576 5525 in
2605 5484 2822 5525 succum
2843 5470 2996 5526 lactis
3016 5512 3031 5538 ,
3061 5478 3116 5526 et
3135 5469 3316 5526 colore
3344 5476 3610 5540 prtestan-

2085 5665 2100 5696 ί
2129 5670 2179 5711 tn
2201 5663 2396 5713 excusis
2434 5662 2670 5723 habetur,
2691 5661 2929 5714 coloribus
2953 5675 2972 5714 .'
2997 5663 3250 5718 manifesto
3272 5677 3462 5716 errore.
3483 5673 3606 5722 eua-

2000 5733 2218 5788 prot-ter
2244 5736 2335 5788 ex?
2365 5729 2474 5773 Mss.
2497 5725 2848 5785 substituimus,
2882 5724 3184 5788 choleribus;
3224 5739 3393 5777 vocem
3433 5727 3606 5788 latinia

2054 5789 2218 5852 uident
2239 5787 2510 5852 barbaram,
2530 5788 2631 5852 sed
2657 5789 2810 5852 Atris__
2827 5795 2953 5838 torte
2988 5785 3235 5852 receptam
3255 5788 3315 5839 ad
3338 5785 3606 5852 significan-

2055 5863 2133 5898 tun
2158 5847 2402 5900 choleram
2423 5855 2506 5899 aut
2525 5848 2722 5899 cholera
2739 5849 2952 5900 affectos.
