4138 6364
565 360 705 436 quas

567 475 731 530 tiores
751 515 766 537 ,
790 480 844 528 et
871 485 1060 544 sapore
1085 468 1544 528 commodissimos
1560 467 1875 539 iudicamus.

579 591 586 597 -
644 567 735 620 Η.
763 566 844 620 An
874 563 1011 619 bona
1033 564 1131 618 tria
1153 560 1308 618 simul
1335 561 1424 616 ubi
1446 561 1642 616 fuerint
1661 602 1674 624 ,
1699 559 1751 614 id
1778 569 1855 615 est
1885 559 2033 614 color
2058 557 2152 612 bo-

569 669 678 712 nus
701 663 754 712 et
787 655 921 710 odor
945 663 1000 710 et
1041 668 1231 724 sapor,
1263 652 1333 708 ibi
1362 667 1482 708 esse
1510 651 1765 721 majorem
1793 650 1915 705 boni
1947 659 2151 721 portent

571 747 810 818 putatis?
830 747 1003 802 Nolite
1021 760 1149 816 ergo
1172 743 1331 799 liores
1361 752 1637 814 tantopere
1657 743 1837 797 mirari
1864 751 2022 812 atque
2045 742 2154 794 lau-

571 838 722 906 dare,
739 852 872 909 quos
882 835 1197 908 iudicandos
1213 834 1277 889 ad
1291 833 1520 890 tribunal
1538 833 1698 906 palati
1716 847 1820 888 non
1835 831 2055 902 potestis
2067 830 2154 886 ad-

573 929 806 995 mittere.
817 927 990 999 Nolite
1006 926 1329 999 portulacam
1343 926 1528 985 saltem
1541 925 1790 981 carnibus
1805 932 2150 1001 anteponere,

570 1037 692 1091 quae
709 1020 778 1076 ab
793 1019 876 1076 liis
889 1018 1056 1074 coctis
1075 1027 1129 1074 et
1141 1017 1322 1081 colore
1336 1027 1390 1074 et
1405 1031 1594 1087 sapore
1607 1025 1661 1072 et
1674 1017 2150 1087 odoresuperatur.

570 1113 846 1169 Porcellus
879 1126 1033 1168 assus
1073 1111 1198 1186 (hoc
1223 1111 1365 1168 enim
1393 1111 1581 1181 cogitis
1604 1153 1618 1176 ,
1649 1120 1708 1167 ut
1735 1110 1802 1165 de
1827 1109 1971 1164 bono
2009 1116 2064 1169 et
2087 1108 2154 1164 de

573 1204 736 1272 maio,
763 1218 871 1258 non
890 1202 1236 1274 scriptoribus
1256 1211 1311 1258 et
1338 1201 1570 1257 librariis
1593 1243 1607 1263 .
1632 1199 1729 1256 sed
1751 1199 1937 1268 coquis
1966 1209 2018 1255 et
2037 1198 2156 1253 dul-

569 1295 748 1351 ciariis
773 1293 1030 1357 ministris
1053 1295 1324 1362 vobiscum
1343 1292 1520 1364 potius
1534 1290 1880 1359 disseramus)
1903 1308 1918 1345 :
1948 1289 2156 1359 porcel-

571 1387 654 1453 lus
674 1399 802 1457 ergo
818 1399 968 1446 assus
993 1384 1239 1450 etcolore
1268 1383 1469 1440 nitidus
1491 1425 1506 1450 ,
1537 1391 1590 1438 et
1609 1381 1774 1440 odore
1803 1381 2028 1438 blandus
2052 1423 2068 1449 ,
2099 1389 2154 1436 et

567 1493 762 1549 sapore
781 1476 1044 1550 iucundus
1089 1489 1210 1534 est:
1239 1476 1448 1533 habetis
1489 1476 1780 1548 perfectum
1808 1475 2000 1529 divinae
2027 1473 2156 1529 sub-

569 1569 778 1625 stantiae
827 1567 1168 1624 inhabitantis
1206 1567 1495 1634 indicium;
1547 1566 1687 1622 trino
1724 1565 2030 1622 testimonio
2058 1581 2155 1620 vos

569 1661 792 1728 invitat,
832 1672 887 1718 et
916 1664 1126 1732 purgari
1168 1671 1346 1718 vestra
1381 1661 1662 1731 sanctitate
1685 1659 1975 1719 desiderat.
2001 1660 2154 1714 inva-

572 1755 682 1816 dite
703 1795 721 1824 ,
769 1754 914 1837 quid.
936 1753 1300 1813 cunctamini?
1348 1752 1476 1825 quid
1504 1753 1872 1809 contradicere
1915 1753 2110 1824 paratis
2129 1753 2155 1807 ἲ

568 1843 760 1904 Colore
787 1846 902 1901 solo
949 1845 1248 1901 lenticulam
1299 1844 1455 1900 limus
1494 1844 1657 1907 vineit
1689 1841 1939 1909 infantis,
1989 1841 2155 1902 odoro

568 1941 689 2011 solo
712 1955 832 1996 assa
855 1939 1029 1996 ol'l‘ella
1056 1949 1270 2010 superat
1294 1939 1475 1994 mitem
1501 1953 1566 1994 ac
1587 1937 1807 1993 viridem
1850 1936 2008 1992 licunt
2027 1977 2042 2004 ,
2067 1950 2153 1992 sa~

573 2047 705 2106 pore
723 2033 843 2088 solo
859 2031 1042 2095 haedus
1063 2033 1272 2102 occisus
1287 2031 1524 2096 herbam,
1548 2045 1706 2101 quam
1727 2029 1879 2083 vivus
1899 2029 2151 2099 pascitur,

566 2123 734 2178 vincit
766 2141 780 2179 :
809 2124 1022 2179 inventa
1049 2132 1132 2178 est
1155 2123 1312 2178 etiam
1335 2137 1493 2187 caro,
1523 2121 1673 2190 cujus
1697 2135 1855 2175 causa
1885 2119 1967 2174 his
1997 2117 2154 2175 simul

572 2215 747 2274 tribus
769 2216 990 2271 testibus
1021 2215 1318 2284 adjuvetur.
1345 2213 1480 2281 Quid
1511 2213 1746 2283 qumritis
1771 2212 2038 2282 amplius?
2065 2221 2156 2268 aut

568 2305 696 2378 quid
720 2305 910 2368 dicturi
946 2307 1117 2370 estis?
1153 2305 1262 2362 Cur
1285 2321 1380 2360 vos
1419 2304 1695 2374 epulantes
1741 2302 2042 2367 immundos
2071 2302 2155 2358 fa-

571 2399 714 2457 ciant
772 2398 1108 2470 pulpamenta
1131 2441 1144 2464 ,
1187 2409 1242 2454 et
1291 2397 1624 2468 diSputantcs
1651 2397 1762 2451 lucc
1784 2405 2026 2466 portenta
2048 2410 2155 2452 non

570 2486 800 2548 faciant:
830 2472 1121 2558 pmsertim
1149 2504 1268 2543 cum
1308 2487 1437 2542 solis
1467 2486 1618 2542 istius
1639 2485 1844 2551 radius,
1873 2500 2030 2554 quem
2060 2501 2155 2542 vos

567 2589 718 2649 eerte
747 2590 802 2635 et
843 2579 1094 2642 carnibus
1132 2579 1378 2634 omnibus
1420 2588 1474 2633 et
1518 2577 1754 2648 frugibus
1797 2578 2151 2649 anteponitis,

568 2681 670 2726 nec
691 2669 862 2740 oleat,
890 2684 990 2731 nec
1013 2669 1215 2739 sapiat,
1245 2668 1338 2723 sed
1379 2667 1747 2723 tantummodo
1783 2668 1922 2723 inter
1960 2678 2155 2726 caetera

567 2776 790 2833 corpora
810 2803 827 2831 ,
875 2762 1180 2832 praestantia
1212 2761 1579 2832 iulgentissimi
1613 2761 1809 2816 coloris
1829 2804 1843 2828 ,
1888 2761 2150 2833 emineat;

567 2853 656 2923 qui
683 2865 782 2918 vos
807 2837 1129 2922 magnOpere
1151 2851 1416 2916 hortatur,
1437 2861 1595 2922 atque
1623 2852 1756 2917 adeo
1776 2853 1916 2921 cogit
1937 2853 2150 2919 invitos,

569 2950 627 3014 ut
667 2943 807 3007 inter
832 2942 1150 2997 documenta
1179 2943 1450 3022 commixti
1493 2943 1619 3018 boni
1635 2985 1651 3010 ,
1682 2942 1812 2999 nihil
1843 2944 2038 3012 coloris
2066 2944 2153 3000 ni-

567 3035 668 3098 tori
700 3033 1036 3105 praetermisi

634 3127 726 3182 ΔΞ.
758 3126 839 3182 Ad
871 3127 986 3181 illas
1015 3141 1142 3198 ergo
1186 3123 1498 3187 redticimini
1542 3129 1810 3198 angustias
1832 3171 1847 3196 ,
1894 3137 1952 3184 ut
1984 3131 2152 3202 magis

565 3217 618 3286 in
643 3219 928 3290 sanguine,
977 3226 1033 3274 et
1056 3219 1109 3274 in
1135 3219 1199 3274 iis
1222 3233 1340 3291 quas
1375 3218 1686 3278 animalium
1727 3223 1974 3278 carnibus
2005 3221 2152 3280 loeti-

563 3308 782 3378 dissima
801 3350 818 3376 ,
850 3308 944 3378 sed
970 3308 1130 3364 nitide
1153 3310 1387 3376 colorata
1411 3308 1462 3364 in
1489 3310 1620 3366 vicis
1638 3323 1956 3382 egeruntnr,
1989 3329 2149 3385 quam

565 3401 620 3459 in
646 3399 803 3455 oliva:
848 3399 987 3456 foliis
1014 3401 1330 3471 pallentibus
1356 3411 1558 3472 partem
1588 3402 1681 3458 Dei
1712 3402 1951 3459 habitare
1981 3405 2148 3460 latea-

563 3493 715 3548 mini.
757 3493 908 3560 ρυοά
939 3492 982 3547 si
1027 3493 1228 3563 dicitis,
1270 3508 1391 3548 nam
1419 3494 1578 3554 etlam
1615 3493 1717 3549 hoc
1739 3495 1912 3550 dicitis
1935 3537 1950 3562 ,
1996 3497 2150 3562 oliva:

561 3581 687 3658 folia
708 3624 722 3649 ,
748 3599 868 3640 cum
892 3583 1273 3653 incenduntur,
1303 3585 1476 3654 ignem
1504 3585 1747 3641 emittere
1768 3625 1786 3653 ,
1810 3585 1863 3641 in
1888 3603 1992 3658 quo
2015 3604 2149 3658 pra:-

563 3673 734 3739 sentia
763 3673 896 3729 lueis
919 3685 1176 3744 apparet;
1199 3688 1389 3730 carnes
1408 3683 1604 3738 autem,
1627 3691 1748 3730 cum
1772 3675 2144 3743 incenduntur,

566 3780 672 3820 non
719 3764 858 3819 idem
889 3764 1064 3827 facere
1095 3782 1109 3819 :
1139 3765 1264 3837 quid
1292 3765 1360 3820 de
1388 3765 1541 3836 adipe
1588 3768 1976 3836 respondebitis
1995 3812 2010 3836 ,
2057 3771 2147 3841 qui

565 3869 730 3927 prope
767 3871 954 3911 omnes
979 3856 1138 3924 Italas
1161 3857 1405 3920 lucernas
1430 3843 1730 3914 illuminat?
1753 3860 1887 3926 Quid
1928 3861 1995 3916 de
2025 3863 2147 3917 limo

564 3946 793 4014 bubulo,
827 3948 914 4018 qui
941 3956 1021 4002 est
1041 3957 1186 4002 certe
1209 3947 1360 4002 bovis
1385 3963 1546 4004 carne
1566 3949 1834 4012 sordidior
1851 3991 1866 4016 ,
1907 3967 2014 4021 quo
2039 3953 2147 4007 sic-

561 4048 686 4113 cato
701 4040 883 4095 rustici
913 4040 992 4110 sic
1010 4047 1228 4117 utuntur
1245 4039 1310 4109 ad
1344 4039 1517 4098 loeum
1537 4081 1553 4106 ,
1574 4047 1633 4094 ut
1657 4041 1773 4110 ejus
1798 4042 1917 4112 igne
1943 4042 2147 4102 facilius

561 4131 696 4186 nihil
721 4132 788 4193 sit
815 4132 1062 4207 fumoque
1093 4131 1402 4201 purgatins?
1447 4131 1584 4196 Quid
1628 4131 1804 4202 quod,
1850 4133 1894 4188 si
1926 4135 2066 4191 nitor
2093 4145 2147 4192 et

563 4222 736 4294 fulgor
763 4223 1021 4292 majorem
1061 4223 1396 4293 prmsemiam
1447 4223 1638 4284 divina:
1668 4225 1834 4296 partis
1875 4230 2142 4298 ostendit,

564 4300 682 4368 eam
706 4327 799 4366 vos
825 4327 930 4367 non
959 4313 1210 4382 purgatis.
1241 4328 1348 4380 non
1367 4313 1709 4385 consignatis,
1738 4332 1842 4372 non
1869 4318 2147 4378 liberatis?

562 4401 838 4474 Siquidem
864 4409 948 4463 est
973 4402 1202 4470 maxime
1223 4403 1276 4462 in
1306 4403 1524 4468 tioribus
1545 4447 1558 4467 ,
1585 4413 1643 4460 ut
1669 4407 1906 4462 omittam
1931 4412 2144 4481 sangui-

564 4508 687 4558 nem
707 4533 722 4560 ,
750 4504 805 4548 et
833 4493 1234 4558 innumerabilia
1258 4495 1310 4549 in
1335 4511 1524 4561 carne,
1554 4495 1642 4552 vel
1682 4513 1745 4552 ex
1790 4514 1950 4556 carne
1973 4502 2144 4556 simil-

560 4587 686 4652 lima
711 4627 724 4650 ,
750 4599 885 4656 quos
908 4595 1052 4653 certe
1076 4585 1232 4649 liores
1263 4586 1457 4650 habere
1483 4587 1535 4642 in
1560 4589 1730 4660 epulis
1756 4607 1858 4651 non
1882 4593 2103 4663 potestis
2127 4612 2141 4651 :

560 4679 650 4750 qui
677 4679 722 4734 si
745 4678 906 4733 etiam
933 4677 1181 4756 carnibus
1203 4679 1548 4755 vescerentini
1566 4722 1580 4745 ,
1611 4697 1857 4752 squamas
1883 4695 2030 4742 certe
2057 4688 2143 4757 pi-

560 4771 762 4836 scium,
806 4780 861 4844 et
901 4769 1155 4840 quosdam
1198 4771 1514 4827 vermiculos
1558 4781 1715 4842 atque
1755 4789 1993 4842 muscas,
2024 4794 2143 4847 qua:

561 4861 740 4928 omnia
767 4860 928 4936 etiam
967 4861 1019 4916 in
1049 4861 1282 4916 tenebris
1305 4861 1421 4916 luce
1452 4863 1663 4932 propria
1684 4877 1967 4934 coruscant
1987 4909 1999 4931 ,
2023 4869 2141 4938 ραι-

559 4953 760 5023 eritis
776 4951 966 5018 vestris
995 4965 1098 5006 nun
1128 4951 1473 5030 adhibet-etis.

631 5043 722 5100 ιδ.
745 5041 888 5116 Quid
911 5043 1070 5114 igitur
1093 5049 1295 5108 restat,
1324 5043 1500 5098 nisiut
1527 5043 1706 5102 dicere
1732 5046 1987 5104 desinatis
2006 5092 2019 5114 ,
2043 5047 2141 5120 ha-

559 5135 690 5192 bere
732 5148 827 5190 vos
867 5133 1090 5202 idoneos
1129 5131 1336 5203 judices
1363 5136 1578 5203 oculos,
1627 5153 1819 5208 nares,
1870 5141 2098 5212 palatum
2123 5187 2139 5214 ,

558 5225 751 5297 quibus
773 5222 963 5281 divina:
984 5221 1147 5295 partis
1170 5226 1506 5297 praesentiam
1537 5227 1588 5283 in
1610 5226 1923 5301 corporibus
1947 5249 2141 5305 appro-

558 5315 738 5372 betis?
765 5311 858 5375 llis
883 5307 1058 5371 autem
1091 5310 1346 5379 remotis.
1380 5318 1520 5376 unde
1556 5319 1813 5378 docebitis
1839 5339 1943 5379 non
1983 5329 2142 5383 modo

560 5407 817 5479 majorem
845 5412 1050 5477 partem
1073 5405 1164 5462 Dei
1192 5406 1244 5461 in
1271 5409 1522 5482 stirpibus
1547 5427 1670 5478 esse
1699 5430 1855 5485 quam
1882 5416 1934 5471 in
1970 5421 2143 5473 carni-

558 5498 692 5563 bus,
723 5499 820 5555 sed
861 5500 1078 5556 omnino
1109 5513 1232 5563 esse
1257 5501 1453 5573 aliquid
1481 5503 1597 5572 ejus
1639 5504 1691 5559 in
1735 5507 2024 5578 stirpibus?
2059 5511 2141 5568 An

559 5590 900 5662 pulchritudo
921 5608 1017 5648 vos
1044 5602 1252 5659 movet,
1290 5610 1394 5649 non
1420 5612 1537 5666 qum
1567 5597 1616 5652 in
1653 5601 1912 5656 suavitate
1948 5603 2142 5659 coloris

556 5691 675 5748 est,
701 5680 933 5754 sedqum
961 5684 1018 5738 in
1036 5685 1262 5756 partium
1283 5686 1661 5756 congruentia?
1679 5685 1891 5746 Utinam
1921 5693 2021 5749 hoc
2053 5711 2141 5749 es-

558 5784 641 5844 eet
681 5773 905 5859 Quando
926 5776 1066 5842 enim
1095 5777 1406 5863 corporibus
1428 5780 1774 5856 animantium
1793 5825 1808 5850 ,
1839 5787 1889 5840 in
1915 5802 2139 5859 quorum

1361 375 1364 377 -
1412 351 1500 406 os
1541 346 1836 405 uontous
1874 343 2415 412 namcrgonun,
2457 347 2515 429 s.
2557 348 2924 408 AUGUSTI-Nl

3705 362 3730 416 l
3739 361 3845 421 ὅθι

2263 460 2426 516 forma
2457 463 2672 532 paribus
2703 468 2845 535 paria
2875 467 3116 524 membra
3145 473 3529 546 respondeant,
3575 479 3844 540 auderetis

2260 553 2482 609 distorta
2511 555 2648 626 ligna
2672 560 2957 616 caulerre?
2993 561 3099 618 Sed
3125 564 3167 617 si
3207 569 3561 635 corporalium
3587 587 3842 632 sensuum

2260 646 2578 701 testimoniis
2601 647 2966 719 delectamini,
3014 653 3154 723 quod
3182 670 3398 712 necesse
3425 667 3507 713 est
3533 661 3596 714 iis
3621 663 3708 732 qui
3735 667 3844 721 vim

2258 739 2504 795 essentia:
2519 751 2697 796 mente
2718 742 2897 798 videre
2921 760 3024 800 non
3047 759 3285 816 possunt,
3317 754 3584 820 quomodo
3610 756 3844 825 probatis

2259 843 2356 899 per
2379 845 2582 886 moram
2611 836 2884 904 temporis,
2915 846 2967 892 et
2994 854 3086 907 per
3113 839 3425 898 obtritiones
3445 846 3730 915 quasdam,
3759 849 3843 904 fu-

2257 935 2384 992 gere
2426 922 2493 977 de
2518 926 2830 993 corporibus
2859 928 3204 986 substantiam
3244 932 3399 1009 boni,
3441 936 3541 990 nisi
3569 938 3689 1006 quia
3720 940 3845 997 inde

2258 1014 2481 1072 discedit
2507 1016 2681 1081 Deus,
2713 1026 2769 1072 ut
2805 1021 3076 1087 asseritis,
3108 1031 3161 1078 et
3188 1023 3254 1079 de
3281 1024 3400 1087 loco
3437 1026 3488 1081 in
3525 1029 3698 1085 locum
3738 1033 3842 1087 mi-

2258 1109 2416 1179 grat?
2445 1111 2666 1166 Plenum
2694 1121 2775 1167 est
2812 1111 3114 1170 dementim.
3164 1117 3538 1175 Verumtamen
3565 1125 3714 1193 signa
3750 1142 3846 1182 ves

2260 1198 2326 1252 ad
2355 1199 2505 1254 istam
2537 1204 2857 1279 sententiam
2883 1213 2935 1259 et
2966 1205 3157 1261 indicia
3178 1249 3192 1274 ,
3237 1220 3490 1280 quantum
3541 1215 3846 1272 existimare

2260 1303 2474 1359 possum
2495 1333 2510 1358 ,
2543 1293 2683 1348 nulla
2714 1294 2998 1350 duxerunt.
3028 1296 3187 1370 Multa
3223 1301 3364 1354 enim
3397 1313 3576 1373 carpta
3599 1303 3667 1360 de
3691 1308 3853 1362 arbo—

2259 1382 2409 1442 ribus
2449 1385 2529 1438 vel
2562 1385 2740 1440 evulsa
2771 1387 2837 1442 de
2883 1395 3055 1456 terra,
3101 1400 3382 1462 antequam
3425 1394 3492 1450 ad
3530 1397 3704 1451 cibum
3752 1415 3848 1455 no-

2260 1483 2428 1530 strum
2457 1475 2693 1541 veniant,
2723 1477 3125 1548 interpositione
3146 1482 3319 1553 aliqua
3346 1488 3597 1556 temporis
3627 1491 3846 1548 meliora
3896 1515 3903 1519 ·

2261 1566 2596 1629 redduntur:
2625 1578 2679 1622 ut
2712 1571 2853 1639 porri
2880 1581 2932 1631 et
2959 1572 3118 1626 intiba
3145 1615 3161 1640 ,
3203 1575 3451 1644 lactucm,
3479 1595 3595 1634 uvae
3615 1622 3631 1646 ,
3674 1583 3844 1650 mala,

2262 1659 2391 1713 licus
2411 1703 2425 1723 ,
2458 1666 2512 1714 et
2535 1660 2774 1730 qnmdam
2803 1663 2910 1731 pira
2947 1680 2960 1717 :
2990 1674 3043 1718 et
3071 1665 3232 1736 multa
3261 1675 3514 1737 prmterca
3543 1687 3661 1741 qua:
3681 1683 3731 1727 et
3755 1689 3848 1729 co-

2261 1752 2501 1808 lorantur
2528 1755 2750 1818 melius,
2775 1755 2898 1810 dum
2931 1771 3033 1812 non
3065 1759 3244 1814 statim
3275 1757 3598 1839 utdccerpta
3627 1763 3845 1833 iuerint,

2259 1845 2643 1914 absumuntur,
2688 1857 2742 1903 et
2768 1864 2991 1920 corpore
3017 1853 3298 1922 capiuntur
3321 1855 3619 1925 salubrius,
3659 1867 3716 1914 et
3755 1875 3847 1914 sa-

2261 1939 2412 2009 piunt
2442 1939 2492 1993 in
2525 1955 2616 1995 ore
2633 1940 2928 1996 conditius:
2958 1959 3076 2014 qua:
3104 1952 3244 1998 tanta
3263 1947 3611 2004 commoditas
3641 1960 3692 2004 et
3720 1965 3846 2006 sna-

2261 2033 2395 2087 vitas
2435 2033 2610 2088 inesse
2640 2033 2724 2089 his
2751 2035 2910 2090 rebus
2944 2037 3163 2106 minime
3203 2037 3454 2108 deberet,
3485 2041 3528 2095 si
3555 2043 3846 2101 secundum

2259 2135 2492 2180 vestram
2539 2129 2852 2182 sententiam
2878 2168 2893 2194 ,
2943 2136 3090 2192 tanto
3119 2129 3408 2185 desertiora
3454 2132 3592 2187 bono
3625 2134 3846 2201 tierent,

2260 2227 2458 2288 quanto
2478 2217 2779 2274 diuturnius
2808 2231 3154 2288 reponuntur,
3178 2231 3456 2292 postquam
3484 2239 3514 2278 a
3539 2233 3673 2279 terra
3697 2226 3848 2296 quasi

2261 2317 2291 2358 a
2322 2312 2490 2358 matre
2528 2313 2769 2374 separata
2812 2315 2954 2360 sunt.
3000 2304 3137 2361 Caro
3179 2307 3290 2376 ipsa
3338 2308 3508 2378 pridie
3549 2312 3849 2368 occisorum

2260 2393 2568 2450 animalium
2600 2395 2839 2467 profecto
2867 2406 2947 2452 est
2971 2399 3254 2466 jucundior
3293 2409 3452 2469 atque
3478 2403 3804 2459 commodior
3829 2424 3846 2463 :

2265 2493 2371 2532 non
2413 2489 2588 2534 autem
2611 2477 2690 2534 ita
2722 2495 2840 2535 esse
2871 2483 3182 2551 oportebat,
3211 2484 3286 2548 si,
3336 2493 3393 2538 ut
3421 2487 3656 2540 asseritis
3679 2529 3694 2554 ,
3728 2489 3847 2558 plus

2264 2568 2486 2626 haberet
2515 2571 2676 2639 boni,
2705 2588 2771 2628 eo
2815 2571 2902 2627 die
2939 2589 3127 2629 recens
3173 2575 3444 2631 animante
3493 2577 3843 2648 interempto,

2263 2678 2420 2733 quam
2447 2663 2704 2734 postridie
2747 2679 2869 2723 cum
2907 2663 3101 2725 divina:
3147 2667 3456 2742 substantiae
3506 2671 3677 2740 major
3723 2670 3845 2743 fuga

2259 2751 2393 2821 facta
2423 2763 2586 2808 esset.
3546 2782 3552 2787 .
3709 2791 3757 2839 .

2329 2843 2419 2898 44.
2448 2843 2638 2899 Vinum
2682 2859 2814 2901 vero
2860 2853 3120 2902 vetustate
3164 2848 3345 2918 purius
3386 2849 3679 2921 meliusque
3728 2853 3845 2908 lieri

2259 2934 2377 3004 quis
2425 2936 2665 3005 ignoret?
2709 2951 2808 2991 nec
2853 2936 2917 2990 ad
2947 2939 3330 3008 pervertendos
3357 2955 3547 2995 sensus
3594 2942 3844 2999 redolen-

2260 3025 2364 3092 tius
2395 3027 2432 3092 ι,
2466 3034 2524 3081 ut
2548 3027 2780 3102 putatis,
2801 3027 2894 3082 sed
2921 3028 2987 3083 ad
3023 3031 3371 3100 vegetandum
3399 3047 3592 3101 corpus
3616 3034 3792 3090 utilius
3827 3055 3842 3090 :

2259 3127 2464 3171 tantum
2496 3118 2635 3172 adsit
2666 3117 2886 3186 modus,
2915 3135 3071 3189 quem
3101 3120 3150 3173 in
3182 3122 3324 3182 omni
3368 3138 3428 3178 re
3458 3123 3715 3178 dominari
3745 3124 3843 3180 de-

2258 3219 2361 3264 cet.
2389 3210 2521 3265 Nam
2549 3219 2726 3284 musto
2750 3214 3045 3266 recentiore
3071 3215 3388 3282 perversitas
3409 3229 3660 3270 sensuum
3687 3217 3844 3272 citius

2257 3301 2395 3357 solet
2421 3300 2693 3358 accidere:
2720 3303 2791 3356 ita
2822 3311 2878 3356 ut
2904 3303 2950 3358 si
2976 3304 3261 3374 aliquando
3283 3306 3334 3379 in
3357 3306 3472 3360 lacu
3504 3310 3841 3377 remanserit,

2255 3395 2688 3465 aliquantumqne
2723 3395 3006 3463 ferbuerit,
3038 3396 3306 3451 intuentes
3340 3397 3569 3468 desuper
3591 3415 3843 3468 percusso

2255 3484 2477 3545 eercbro
2508 3486 2803 3555 praecipites
2841 3494 2993 3556 agat,
3047 3495 3101 3540 et
3127 3486 3225 3540 nisi
3255 3487 3432 3557 aliquo
3460 3489 3616 3542 modo
3646 3491 3840 3546 subve-

2254 3580 2466 3645 niatur,
2495 3579 2810 3649 exstinguat.
2839 3577 2958 3653 Jam
2981 3579 3120 3650 quod
3147 3580 3213 3634 ad
3239 3580 3591 3637 valetudinem
3614 3585 3799 3639 attinet
3822 3625 3842 3652 ,

2255 3671 2426 3727 inﬂari
2459 3687 2524 3727 eo
2572 3686 2793 3741 corpora
2839 3674 3241 3744 pernicioseqne
3286 3674 3540 3739 distendi,
3587 3676 3702 3745 quis
3737 3676 3841 3730 ab-

2255 3765 2418 3818 nuat?
2460 3764 2594 3818 Num
2622 3763 2741 3818 ideo
2764 3774 2906 3818 tanta
2945 3765 3276 3819 incommoda
3320 3764 3534 3834 insunt,
3564 3767 3686 3837 quia
3715 3766 3841 3836 plus

2254 3855 2413 3920 habet
2441 3854 2563 3910 boni
2589 3873 2602 3921 ;
2637 3866 2913 3926 propterea
2939 3856 3037 3910 ista
3068 3856 3118 3910 in
3151 3857 3255 3909 vini
3280 3864 3538 3910 vetustate
3564 3872 3667 3911 non
3693 3869 3838 3922 sunt,

2252 3948 2373 4018 quia
2401 3946 2590 4006 divinm
2613 3946 2919 4002 substantia:
2946 3962 3067 4017 pars
3088 3962 3276 4020 magna
3312 3947 3592 4002 discessit?
3633 3949 3837 4002 Absur-

2253 4039 2376 4093 dum
2401 4050 2480 4094 est
2500 4039 2707 4103 dicere;
2726 4038 2874 4092 vobis
2894 4039 3186 4108 prmsertim
3212 4039 3298 4110 qui
3319 4041 3652 4109 pnesentiam
3675 4041 3838 4109 partis

2254 4129 2378 4194 Dei,
2429 4131 2626 4195 oculis,
2674 4130 2923 4196 naribus,
2967 4131 3178 4201 palato,
3225 4147 3344 4185 cum
3377 4131 3427 4185 lii
3475 4146 3660 4186 sensus
3699 4131 3841 4187 bene

2252 4221 2584 4287 alliciuntur,
2631 4221 2900 4292 judicatis.
2941 4221 3059 4276 Jam
3084 4237 3212 4276 vero
3238 4237 3355 4292 qua:
3385 4232 3526 4277 tanta
3568 4223 3838 4292 perversio

2252 4321 2362 4379 est,
2386 4313 2563 4366 viuum
2595 4321 2781 4382 putare
2810 4312 2877 4368 fel
2917 4313 3213 4384 principum
3243 4314 3577 4370 tenebrarum
3599 4357 3611 4377 ,
3640 4323 3692 4368 et
3719 4315 3836 4373 uvis

2251 4405 2589 4461 comedendis
2615 4421 2719 4460 non
2749 4405 3007 4475 parcere?
3029 4405 3260 4476 Magisne
3287 4406 3442 4460 inerit
3464 4406 3587 4459 illud
3612 4405 3679 4459 fel
3709 4421 3844 4463 cum.

2251 4500 2302 4554 in
2345 4515 2476 4568 cupa
2499 4543 2513 4566 ,
2544 4515 2701 4570 quam
2751 4514 2870 4553 cum
2900 4501 2950 4553 in
2980 4499 3144 4554 acinis
3189 4498 3384 4553 fuerit?
3425 4497 3572 4566 Quod
3616 4499 3662 4551 si
3691 4498 3840 4552 bono

2250 4591 2560 4647 discedente
2607 4591 2757 4661 quasi
2808 4590 3072 4645 meracius
3119 4583 3363 4644 remanet
3410 4591 3601 4642 malum
3629 4631 3644 4654 ,
3687 4599 3741 4643 et
3781 4589 3838 4644 id

2249 4685 2505 4753 temporis
2534 4699 2680 4741 mora
2709 4683 3003 4754 contingit;
3034 4699 3138 4737 non
3165 4684 3442 4754 Oportebat
3470 4681 3682 4736 easdem
3705 4697 3856 4737 uvas-

2248 4789 2536 4844 suspensas
2580 4783 2741 4845 atque
2785 4785 3027 4831 servatas
3058 4774 3170 4830 ﬁeri
3216 4774 3487 4839 mitiores,
3535 4771 3835 4839 dulciores,

2246 4866 2571 4928 salubriores
2599 4884 2614 4919 :
2645 4881 2815 4936 neque
2845 4869 3016 4938 ipsum
3052 4867 3233 4922 vinum
3279 4865 3418 4936 quod
3450 4879 3608 4933 supra
3633 4862 3837 4917 dictum

2245 4968 2363 5025 est,
2415 4965 2468 5013 et
2509 4945 2702 5012 amissa
2744 4961 2860 5016 luce
2901 4958 3145 5030 liquidius
3181 4965 3338 5028 atque
3384 4955 3734 5022 luculentius,
3778 4969 3837 5014 et

2246 5047 2516 5116 salutifera
2545 5049 2834 5104 substantia
2863 5049 3170 5104 discedente
3192 5049 3474 5103 salubrius.

2318 5141 2410 5197 45.
2437 5139 2575 5209 Quid
2616 5141 2787 5196 dicam
2833 5140 2901 5206 de
2930 5141 3085 5210 lignis
3110 5150 3162 5195 et
3192 5137 3464 5195 frondibus
3484 5183 3498 5208 ,
3543 5158 3661 5213 quae
3692 5152 3833 5198 tem-

2248 5247 2378 5302 pore
2404 5239 2682 5296 arescunt,
2714 5246 2812 5287 nec
2847 5247 2915 5287 ex
2957 5247 3022 5288 eo
3063 5247 3092 5285 a
3128 5231 3278 5286 vobis
3305 5232 3408 5286 dici
3432 5241 3653 5302 possunt
3677 5232 3833 5287 dete-

2247 5323 2386 5378 riora
2427 5321 2583 5378 lieri?
2617 5321 2672 5390 id
2700 5323 2839 5378 enim
2868 5323 3118 5378 amittunt
3155 5338 3260 5394 quo
3286 5323 3460 5377 l'umus
3482 5323 3742 5395 gignitur,
3778 5323 3838 5379 id

2247 5424 2428 5470 autem
2479 5415 2712 5478 retinent
2738 5415 2878 5470 unde
2910 5411 3084 5470 lucida
3112 5414 3321 5470 ﬂamma
3348 5417 3646 5486 consurgit,
3690 5425 3743 5469 et
3768 5430 3835 5469 ea

2247 5505 2491 5562 claritate
2515 5522 2672 5578 quam
2700 5506 2921 5562 multum
2950 5506 3167 5578 diligitis
3183 5547 3199 5572 ,
3223 5508 3406 5577 purius
3429 5506 3627 5563 bonum
3657 5507 3709 5562 in
3733 5507 3836 5561 ari-

2247 5597 2484 5654 dioribus
2503 5641 2520 5668 ,
2549 5613 2706 5668 quam
2732 5600 2786 5656 in
2815 5597 3156 5655 viridioribus
3183 5614 3302 5656 esse
3341 5608 3584 5657 testatur.
3613 5599 3690 5655 Ex
3719 5614 3854 5674 quo.

2311 5801 2324 5832 ¹
2350 5806 2458 5866 Mss.
2481 5799 2667 5864 plures,
2687 5799 2936 5854 dolentius.
