4138 6364
352 387 491 446 1565

354 519 411 571 ﬁt
438 524 495 571 ut
539 518 632 567 aut
679 505 883 577 negetis
911 501 1003 557 Det
1032 505 1233 569 partem
1277 509 1329 547 tn
1380 505 1495 544 lucc
1536 499 1663 556 pura
1696 494 1851 550 quam
1881 477 1943 529 in'

351 604 556 665 fumosa
578 604 701 662 esse
727 599 980 669 majorem
1000 635 1014 658 ,
1042 601 1095 647 et
1123 593 1191 646 ita
1215 588 1390 643 omnia
1415 583 1730 637 documenta
1760 580 1934 627 vestra

356 700 613 760 turbelis;
638 702 728 750 aut
754 668 1024 747 fateamini
1046 684 1337 755 ﬁeriposse
1365 685 1422 733 ut
1451 674 1517 730 de
1540 668 1795 740 stirpibus
1822 679 1935 719 am-

352 793 548 863 putatis
562 788 645 843 vel
668 783 885 846 evulsis,
907 779 955 837 si
973 774 1299 833 diulurniore
1322 779 1561 863 tempore
1587 766 1932 831 reponantur,

352 858 622 955 copiosius
642 878 803 950 fugiat
821 874 943 931 mali
972 878 1155 926 natura
1175 882 1330 937 quam
1353 861 1494 919 boni.
1527 858 1643 955 Quo
1657 866 1931 952 concesso,

354 950 652 1031 tenebimus
694 970 760 1023 de
803 965 1037 1035 frugibus
1080 959 1276 1030 carptis
1325 954 1500 1023 majus,
1542 950 1736 1006 malum
1776 950 1935 1016 poSse

350 1068 528 1131 abire,
575 1073 733 1133 alque
771 1061 841 1114 ita
869 1059 920 1112 in
952 1054 1198 1111 carnibus
1228 1050 1398 1117 majus
1427 1048 1625 1101 bunum
1667 1056 1820 1113 posse
1847 1052 1934 1092 re-

350 1172 588 1215 manere.
622 1156 688 1213 Et
712 1152 813 1210 hoc
834 1149 1045 1221 quidem
1074 1147 1145 1200 de.
1169 1154 1408 1211 tempore
1446 1140 1642 1193 dictum
1668 1133 1755 1187 sit.

420 1249 510 1305 46.
541 1247 669 1302 Nam
700 1245 744 1299 si
779 1240 1135 1299 commotione
1160 1244 1215 1291 et
1251 1231 1558 1287 subaetiune
1588 1238 1639 1282 et
1669 1222 1937 1278 attritione

353 1343 541 1398 harum
588 1334 799 1400 r’erum,
847 1333 980 1403 fugae
1008 1327 1340 1383 occasionem
1385 1320 1585 1383 invenit
1629 1318 1800 1371 divina
1848 1314 1936 1369 illa

356 1443 547 1492 natura
568 1474 583 1498 ,
610 1429 776 1486 multa
802 1440 897 1481 vos
925 1422 1122 1482 similia.
1149 1419 1491 1487 redarguunt,
1519 1430 1634 1483 qua:
1665 1410 1797 1465 ﬁunt
1825 1424 1939 1461 mo-

351 1526 527 1583 vendo
555 1523 795 1580 meliora.
841 1516 1036 1574 Hordei
1063 1513 1275 1585 quidam
1307 1526 1466 1565 succo
1508 1507 1688 1561 vinum
1728 1505 1941 1559 imitan~

352 1628 473 1684 tur,
502 1614 643 1685 quod
678 1610 940 1668 movendo
970 1606 1026 1662 ﬁt
1052 1605 1331 1676 optimum.
1365 1604 1525 1667 Sane,
1548 1598 1687 1671 quod
1720 1597 1937 1651 minime

350 1707 777 1781 prmtereundum
806 1712 907 1770 est,
929 1700 1032 1757 hoc
1058 1713 1225 1771 genus
1246 1700 1398 1766 putus
1410 1693 1665 1749 citissime
1686 1690 1955 1761 inebriat;

350 1818 452 1859 nec
485 1812 659 1858 tamen
707 1811 937 1867 unquam
984 1808 1200 1849 succum
1254 1789 1476 1855 hordei,
1526 1786 1595 1841 fel
1638 1785 1936 1855 principum

347 1909 467 1951 esse
492 1891 718 1947 dixistis.
749 1887 940 1947 Farina
968 1884 1206 1954 parciore
1257 1897 1390 1951 aqua
1418 1878 1585 1949 perite
1610 1876 1940 1933 contrahitur

350 1987 506 2057 paulo
531 1984 713 2038 durius
733 1990 830 2055 ,ut
878 1976 1173 2047 subigendo
1219 1974 1311 2028 ﬁat
1354 1972 1575 2037 melior,
1610 1978 1805 2041 etquo
1834 1968 1939 2023 dici

348 2076 652 2150 perversius
686 2073 813 2128 nihil
846 2079 1064 2142 potest,
1098 2069 1213 2137 luce
1248 2066 1479 2137 fugiente
1506 2064 1798 2119 candidior.
1839 2062 1939 2116 Pa-

351 2170 609 2229 stillarius
628 2166 788 2225 mella
812 2165 905 2221 diu
927 2161 1157 2231 subigit,
1181 2168 1236 2213 ut
1260 2158 1324 2213 ad
1349 2158 1492 2222 illum
1514 2156 1799 2211 candorem
1826 2170 1941 2224 per-

356 2263 602 2328 veniant,
643 2269 698 2315 et
724 2258 897 2318 minus
924 2254 1137 2313 noxiam
1167 2250 1536 2331 mitioremque
1561 2245 1892 2302 dulcedinem
1920 2262 1933 2297 :

357 2357 460 2412 hoc
502 2350 781 2424 quomodo,
820 2348 1029 2405 eveniat
1083 2345 1233 2413 bono
1277 2342 1613 2406 discedente,
1667 2338 1929 2394 disserite.

357 2446 509 2516 Quod
551 2446 595 2503 si
640 2459 745 2511 non
777 2442 892 2501 visu
939 2450 993 2495 et
1032 2439 1256 2493 odoratu
1301 2444 1355 2490 et
1403 2442 1591 2505 gustu,
1632 2431 1725 2487 sed
1753 2430 1935 2493 auditu

352 2539 512 2600 etiam
537 2535 801 2591 delectato
828 2530 1163 2603 praesentiam
1193 2526 1285 2582 Dei
1317 2526 1488 2595 placet
1511 2523 1737 2594 probare
1755 2564 1772 2589 ,
1811 2536 1938 2576 caro

355 2627 575 2689 citharis
614 2639 843 2693 nervos,
888 2629 945 2677 et
973 2620 1113 2675 tibiis
1139 2633 1258 2677 ossa
1296 2616 1544 2685 largitur;
1585 2629 1705 2685 qua:
1743 2612 1941 2679 siccata

354 2730 409 2775 et
436 2719 622 2774 attrita
645 2724 702 2772 et
726 2722 862 2771 torta
889 2726 1083 2779 sonora
1113 2708 1424 2765 redduntur.
1459 2705 1536 2760 ita
1561 2703 1788 2760 dulcedo
1816 2720 1947 2763 mu-,

355 2812 465 2871 sica
485 2854 502 2881 ,
529 2825 687 2882 quam
713 2808 781 2864 de
803 2805 995 2862 divinis
1024 2804 1203 2874 regnis
1224 2801 1435 2855 venisse
1460 2796 1778 2853 contenditis
1797 2836 1813 2863 ,
1844 2809 1939 2850 no-

359 2903 443 2961 bis
470 2914 797 2959 mortuarum
835 2898 1074 2967 carnium
1104 2893 1354 2949 sordibus
1372 2889 1649 2945 exhibetur
1672 2931 1686 2954 ,
1717 2898 1770 2943 et
1799 2896 1939 2955 tem-

359 3013 489 3071 pore
532 2994 815 3060 arefactis,
865 3000 919 3047 et
967 2989 1241 3046 attritione
1287 2983 1553 3047 tenuatis,
1606 2988 1661 3035 et
1713 2981 1940 3035 tortione

355 3086 601 3147 distentis
624 3104 639 3143 :
658 3083 852 3157 quibus
870 3078 1301 3145 amiclationibus
1320 3075 1480 3131 etiam
1496 3072 1563 3128 de
1580 3071 1943 3135 rebusviven-

359 3180 500 3235 tibus
526 3178 761 3235 divinam
803 3171 1153 3229 substantiam
1199 3167 1383 3237 fugere
1424 3162 1763 3236 praedicatis;
1798 3161 1940 3232 quod

361 3272 520 3328 etiam
565 3267 877 3331 decoctione
925 3278 1109 3319 earum
1154 3259 1398 3315 accidere
1433 3257 1632 3313 dicitis.
1679 3255 1788 3311 Cur
1815 3270 1949 3325 ergo.

358 3360 538 3419 elixati
568 3357 750 3415 eardui
776 3355 992 3411 minime
1010 3353 1204 3409 obsunt
1230 3348 1555 3406 valetudini?
1574 3346 1764 3403 Utrum
1783 3345 1849 3400 ab
1863 3345 1943 3400 eis

362 3453 489 3509 dum
515 3451 587 3505 ita
624 3455 957 3518 coquuntur,
987 3444 1157 3507 Deum
1185 3457 1255 3497 an
1297 3448 1503 3512 partem
1547 3438 1641 3493 Dei
1669 3435 1944 3493 discedere

358 3540 766 3602 existimandum
794 3535 947 3594 est‘?

430 3636 521 3690 47.
553 3631 691 3701 Quid
716 3637 909 3686 cmtera
940 3640 1228 3698 persequar
1251 3664 1265 3687 ,
1309 3639 1429 3694 qua:
1475 3621 1650 3689 omnia
1696 3619 1800 3674 dici
1846 3633 1955 3677 nee.

363 3728 515 3784 facile
542 3733 664 3791 est,
704 3738 804 3778 nec
827 3717 1223 3777 necessarium?
1249 3715 1343 3770 Cui
1372 3715 1514 3770 enim
1544 3728 1651 3767 nun
1679 3709 1941 3774 occurrit,

364 3834 523 3890 quam
550 3816 717 3872 multa
753 3822 906 3873 cocta
943 3811 1185 3868 suaviora
1211 3818 1267 3864 et
1290 3807 1585 3862 salubriora
1613 3803 1754 3859 sint?
1788 3801 1943 3872 Quod

365 3926 471 3967 non
498 3908 789 3972 deberent,
829 3904 911 3970 si,
937 3912 997 3958 ut
1030 3899 1316 3973 opinamini
1337 3940 1352 3965 ,
1393 3895 1755 3966 hujuscemodi
1792 3909 1944 3949 com-

369 4000 699 4057 motionibus
721 3997 1038 4052 deseruntur
1060 3994 1220 4047 bono.
1257 3988 1397 4046 Nihil
1421 4004 1516 4042 vos
1549 4002 1768 4057 prorsus
1796 3985 1946 4039 inve-

366 4095 483 4151 nire
505 4092 766 4158 arbitror,
789 4087 929 4149 unde
949 4086 1066 4140 istis
1080 4084 1321 4154 corporis
1347 4081 1593 4137 sensibus
1617 4078 1939 4149 approbclis,

365 4186 489 4243 ideo
513 4198 704 4240 carnes
729 4179 1029 4236 immundas
1060 4191 1213 4242 esse,
1242 4184 1401 4244 atque
1435 4173 1639 4228 animas
1670 4172 1946 4240 inquinare

364 4274 687 4332 vescentium
709 4314 724 4338 ,
752 4271 893 4342 quod
917 4276 1114 4339 carpta:
1142 4265 1319 4335 fruges
1346 4272 1467 4335 post
1494 4263 1684 4316 multas
1709 4276 1946 4317 commo-

366 4369 537 4423 tiones
562 4372 838 4422 vertantur
870 4362 922 4417 in
956 4374 1201 4423 carnem;
1233 4354 1528 4426 praesertim
1557 4368 1677 4406 cum
1706 4361 1759 4407 et
1791 4361 1944 4407 vetu-

367 4470 558 4517 statem
585 4457 1088 4526 corruptionemque
1105 4450 1262 4514 aceti,
1288 4446 1480 4517 putetis
1500 4445 1625 4499 vino
1650 4459 1767 4499 esse
1794 4459 1946 4497 mun-

366 4552 571 4607 diorem
594 4590 612 4618 ,
637 4557 692 4606 et
719 4560 992 4603 carmnum
1013 4541 1156 4614 quod
1202 4539 1411 4605 bibitis,
1443 4535 1575 4593 nihil
1620 4533 1762 4591 aliud
1787 4548 1945 4603 quam

370 4648 580 4694 coctum
599 4638 780 4693 vinum
809 4650 929 4692 esse
952 4634 1250 4695 videamus,
1279 4628 1419 4700 quod
1449 4627 1572 4681 vino
1592 4624 1809 4681 deberet
1827 4639 1948 4679 esse

367 4728 654 4793 sordidius,
675 4726 721 4783 si
742 4726 971 4781 motibus
984 4733 1039 4780 et
1057 4721 1389 4779 coetionibus
1408 4719 1475 4775 de
1490 4718 1651 4774 rebus
1675 4716 1948 4787 corporeis

369 4820 610 4877 membra
632 4817 811 4873 divina
852 4815 1147 4871 discedunt.
1176 4812 1232 4869 Si
1259 4820 1433 4867 autem
1459 4826 1564 4866 non
1590 4811 1660 4865 ita
1688 4818 1799 4875 est,
1841 4824 1947 4863 non

371 4921 453 4970 est
468 4926 566 4968 cur
590 4907 919 4965 arbitremini
944 4906 1119 4976 fruges
1134 4946 1147 4969 ,
1172 4919 1291 4959 cum
1323 4913 1612 4973 carpuntur
1633 4944 1648 4969 ,
1678 4916 1947 4971 reponun-

372 5016 477 5074 tur,
500 5010 820 5067 tractantur,
841 5008 1139 5069 coquuntur
1152 5040 1168 5065 ,
1196 4998 1502 5068 digeruntur
1518 5036 1534 5061 ,
1557 4995 1786 5065 fugiente
1806 4995 1948 5050 bono

372 5098 546 5154 deseri
570 5136 586 5164 ,
611 5105 664 5151 et
696 5102 978 5166 propterea
998 5090 1419 5147 sordidissimam
1442 5088 1687 5144 creandis
1710 5087 1949 5159 corpori-

368 5191 468 5246 bus
489 5188 725 5258 praebere
740 5184 1034 5241 materiam.
1675 5236 1681 5243 ,

443 5282 533 5338 ιε.
558 5279 713 5350 Quod
738 5280 782 5333 si
813 5294 917 5333 non
945 5276 1127 5333 colore
1154 5283 1206 5329 et
1232 5273 1398 5329 forma
1418 5281 1472 5328 et
1491 5271 1654 5326 odore
1682 5282 1735 5327 et
1759 5286 1950 5340 sapore

372 5374 657 5443 ducimini,
694 5383 754 5430 ut
790 5373 991 5428 bonum
1029 5372 1112 5426 his
1133 5371 1290 5426 rebus
1316 5369 1489 5424 inesse
1512 5367 1792 5437 iudicetis,
1823 5365 1950 5437 quid

373 5467 516 5525 aliud
538 5467 761 5539 potestis
777 5464 998 5520 aﬁ‘erre?
1026 5466 1105 5517 An
1130 5468 1442 5532 argumento
1463 5458 1611 5514 vobis
1628 5466 1708 5512 est
1730 5459 1951 5512 ﬁrmitas

438 5673 450 5703 ¹
478 5677 552 5721 διο
570 5678 667 5731 En,
689 5672 765 5721 cui
802 5667 1269 5733 sum-agnoturum.
1291 5663 1533 5733 Sophonici
1555 5669 1660 5715 tres
1674 5698 1688 5723 ,
1708 5661 1949 5733 et‘neglio-

374 5723 666 5849 praetermisi
682 5740 734 5784 Αῑ
751 5732 875 5795 apud
894 5723 981 5787 Loi
998 5765 1001 5779 ς
1028 5736 1078 5781 et
1100 5729 1219 5784 alios
1237 5734 1342 5778 Mss.
1355 5726 1653 5787 habetur,an
1667 5730 1841 5789 pestem
1853 5723 1952 5774 dis-

400 5808 427 5844 ρ
463 5808 561 5846 ere.

1666 354 1864 414 LIBER
1901 350 2278 410 SECUNDUS.

3490 362 3625 421 1366

2044 470 2285 542 quaedam
2307 477 2465 541 atque
2492 470 2715 527 valentia
2734 515 2748 538 ,
2775 485 2895 542 qua:
2926 471 3038 528 istis
3058 473 3216 529 rebus
3240 474 3445 530 detrahi
3480 474 3624 531 vide-

2042 572 2128 618 tur
2146 607 2164 629 ,
2195 562 2320 618 dum
2341 578 2371 617 a
2401 571 2539 617 terra
2567 572 2883 633 separantur
2918 572 3077 635 atque
3100 567 3424 621 tractantur?
3444 567 3551 623 Sed
3580 568 3626 622 si

2044 655 2147 711 hoc
2167 671 2263 711 vus
2302 664 2537 712 moveret
2562 659 2888 728 (quanquam
2920 653 3110 712 falsum
3137 656 3190 713 id
3219 673 3344 714 esse
3375 660 3481 715 cito
3509 660 3627 716 ani-

2040 747 2303 802 madverti
2337 755 2545 818 potest,
2577 758 2795 818 propter
2820 746 3196 805 nonnullorum
3229 759 3439 806 auctam
3475 761 3627 822 post-

2040 853 2197 908 quam
2229 846 2387 894 terra:
2416 838 2651 897 detracta
2678 848 2823 907 sunt,
2856 840 3181 907 ﬁrmitatem,
3206 851 3262 896 ut
3282 842 3392 913 jam
3418 844 3486 898 de
3502 844 3626 899 vino

2040 941 2517 991 commemoratum
2560 940 2679 999 est,
2719 930 2863 1002 quod
2906 930 2966 987 ﬁt
3004 932 3271 989 robustius
3298 937 3624 1006 vetuState):

2041 1028 2217 1076 tamen
2243 1020 2426 1087 sihtce
2448 1021 2669 1077 firmitas
2693 1037 2790 1077 vos
2819 1022 3089 1092 moveret,
3130 1031 3190 1078 ut
3226 1024 3335 1079 diti
3358 1068 3371 1087 .
3406 1024 3458 1080 in
3480 1022 3629 1081 nullo

2041 1112 2209 1182 magis
2235 1112 2357 1172 cibo
2394 1129 2552 1183 quam
2593 1114 2649 1177 in
2693 1113 2984 1178 carnibus,
3026 1115 3377 1185 cepiosiorem
3423 1126 3627 1186 partem

2041 1201 2135 1257 Dei
2165 1202 2460 1272 probaretis
2487 1217 2627 1260 esse.
2674 1203 2791 1260 Non
2818 1205 2962 1261 enim
2990 1205 3205 1262 athleta:
3231 1247 3246 1273 ,
3279 1207 3471 1277 quibus
3500 1207 3627 1262 illud

2041 1294 2205 1350 robur
2228 1303 2282 1350 et
2308 1296 2535 1350 valentia
2582 1296 2814 1353 maxime
2860 1297 3159 1353 necessaria
3205 1306 3330 1363 est,
3375 1298 3523 1354 olere
3565 1312 3630 1353 ac.

2043 1389 2214 1457 pomis
2232 1428 2247 1455 ,
2275 1396 2329 1442 et
2358 1404 2465 1443 non
2490 1403 2654 1447 carne
2680 1399 2984 1444 vescuntur.

2112 1477 2203 1539 49.
2231 1477 2314 1533 An
2341 1478 2463 1548 quia
2502 1494 2691 1535 carnes
2715 1480 2930 1535 aluntur
2958 1479 3265 1545 arboribus,
3293 1479 3512 1534 arbores
3536 1494 3630 1533 au-

2044 1578 2150 1624 tem
2174 1569 2427 1627 carnibus.
2445 1585 2547 1624 non
2565 1571 2779 1625 aluntur
2799 1613 2813 1637 ,
2844 1571 3040 1626 ideirco
3067 1571 3398 1625 arbitramini
3418 1571 3628 1625 illarum

2042 1679 2200 1734 quam
2230 1674 2407 1720 nostra
2448 1679 2671 1735 corpora
2702 1680 2821 1721 esse
2857 1667 3113 1722 meliora?
3139 1666 3255 1723 Non
3280 1660 3631 1722 Consideratis

2044 1771 2156 1810 rem
2183 1764 2289 1810 tam
2318 1754 2368 1809 in
2396 1764 2641 1825 promptu
2667 1757 2821 1810 sitam
2843 1800 2858 1824 ,
2889 1759 3104 1812 arbusta
3131 1757 3333 1816 ltctiora
3360 1765 3417 1813 et
3443 1755 3630 1813 fecun-

2043 1845 2210 1912 diora,
2245 1855 2555 1916 segetesque
2572 1847 2873 1917 pinguiorcs
2904 1847 3155 1901 alimento
3170 1855 3465 1903 stereorum
3492 1846 3629 1911 ﬁeri,

2043 1951 2163 1991 cum
2194 1950 2290 1989 vos
2317 1936 2369 1990 in
2412 1937 2748 1992 accusatione
2774 1936 2950 1992 carnis
2980 1936 3109 1992 nihil
3135 1939 3348 2007 gravius
3369 1937 3520 1993 vobis
3546 1938 3631 1992 di-

2042 2043 2166 2085 cere
2194 2028 2515 2094 videamini,
2542 2044 2699 2099 quam
2720 2044 2839 2084 cum
2867 2028 3041 2085 dicitis
3069 2044 3188 2086 esse
3207 2036 3503 2086 stercorum
3538 2030 3633 2084 do-

2041 2134 2208 2186 mum,
2253 2119 2386 2175 ilinc
2414 2134 2543 2190 ergo
2582 2121 2797 2173 aluntur
2819 2135 2880 2173 ea
2927 2135 3045 2189 qua:
3069 2119 3220 2175 vobis
3248 2118 3443 2175 munda
3471 2131 3629 2187 sunt,

2040 2210 2181 2279 quod
2212 2210 2265 2266 in
2306 2226 2369 2266 ea
2399 2226 2455 2267 re
2491 2226 2610 2278 qua:
2648 2210 2807 2268 vobis.
2841 2210 3111 2271 immunda
3148 2219 3266 2277 est,
3315 2212 3481 2265 multo
3508 2222 3632 2267 esse

2041 2301 2365 2357 immundius
2391 2301 2716 2372 prrcdicatis.
2745 2302 2896 2369 Quod
2925 2303 2968 2357 si
2997 2317 3215 2360 carnem
3241 2302 3309 2358 ob
3333 2302 3434 2359 huc
3457 2319 3638 2373 asper.

2040 2394 2272 2459 namini,
2312 2392 2457 2464 quod
2497 2405 2617 2464 post
2666 2395 3003 2450 concubitum
3051 2396 3326 2462 nascitur,
3370 2394 3631 2451 vermium

2041 2500 2136 2541 vos
2163 2499 2290 2540 caro
2317 2484 2575 2553 delectet,
2610 2486 2774 2556 quiin
2800 2487 2977 2556 pom‘is
2995 2530 3010 2553 ,
3036 2486 3194 2557 lignis
3217 2527 3234 2555 ,
3264 2488 3317 2543 in
3344 2496 3487 2542 terra
3518 2488 3633 2557 ipsa

2041 2576 2269 2648 denique
2295 2578 2411 2633 sine
2435 2578 2546 2633 ullo
2565 2578 2850 2635 concubitu
2880 2588 2985 2634 tam
3014 2579 3166 2633 mulli
3209 2572 3508 2649 magnique
3534 2596 3631 2633 na-

2041 2678 2283 2725 scuntur.
2310 2668 2417 2725 Sed
2465 2670 2644 2724 nescio
2672 2685 2791 2739 quae
2829 2670 2928 2725 ista
2965 2672 3233 2726 simulatio
3275 2681 3375 2727 est.
3416 2671 3548 2727 Nam
3586 2687 3633 2726 ει

2041 2756 2193 2815 vobis
2238 2760 3055 2830 propterea,displiceretcaro,
3086 2761 3227 2830 quod
3270 2762 3436 2832 patris
3477 2770 3635 2832 atque

2044 2851 2226 2906 matris
2254 2851 2632 2907 commixtione
2655 2852 2911 2907 formatur
2928 2895 2945 2920 ,
2970 2866 3078 2909 non
3109 2852 3239 2908 illos
3259 2854 3527 2923 principes
3551 2863 3635 2909 te-

2045 2944 2326 2997 nebrarum
2351 2941 2419 2997 de
2470 2941 2730 2997 fructibus
2758 2942 3011 2998 arborum
3051 2958 3266 2999 suarum
3294 2955 3445 2999 natos
3475 2943 3637 2999 fuisse

2044 3032 2296 3089 diceretis
2318 3074 2333 3100 ,
2365 3047 2498 3103 quos
2525 3043 2670 3087 certe
2694 3034 2933 3105 amplius.
2949 3032 3308 3105 aspernamini
3332 3050 3491 3105 quam
3518 3049 3639 3088 car-

2043 3138 2141 3179 nes
2156 3164 2173 3191 ,
2212 3138 2345 3194 quas
2368 3132 2579 3194 gustare
2600 3138 2708 3179 non
2730 3124 2910 3179 vultis.

2116 3216 2205 3271 50.
2239 3215 2371 3271 Nam
2413 3214 2553 3285 quod
2594 3215 2888 3285 opinamini
2933 3230 3122 3270 omnes
3174 3215 3391 3286 quidem
3429 3216 3637 3271 animas

2046 3307 2348 3373 animalium
2378 3305 2446 3361 de
2472 3314 2748 3376 parentum
2770 3304 2904 3361 cibis
2923 3307 3107 3361 venire
3125 3347 3141 3372 ,
3178 3322 3206 3360 a
3234 3307 3424 3377 quibus
3449 3321 3629 3363 carceo

2048 3398 2196 3453 ribus
2228 3412 2324 3453 vos
2370 3397 2599 3453 liberare
2623 3397 2943 3468 gloriamini.
2970 3398 3206 3453 divinam
3245 3399 3631 3465 sub3tantiam,

2046 3505 2164 3560 qua:
2202 3490 2254 3545 in
2284 3490 2474 3546 vestris
2497 3500 2702 3549 tenetur
2720 3489 2987 3548 alimentis
3005 3531 3020 3556 ,
3065 3490 3281 3545 nimium
3308 3498 3491 3546 contra
3518 3506 3634 3554 vos.

2046 3590 2100 3635 et
2125 3583 2190 3635 ad
2217 3596 2407 3637 carnes
2444 3581 2681 3637 edendas
2722 3594 2813 3636 vos
2839 3582 3229 3638 instantissime
3257 3581 3498 3653 impellit.
3529 3580 3638 3639 Cur

2046 3672 2186 3727 enim
2210 3672 2446 3737 animas,
2485 3686 2616 3743 quas
2646 3672 2893 3743 illigaturi
2929 3682 3053 3729 sunt
3085 3674 3298 3745 corpori
3337 3675 3424 3743 qui
3456 3674 3636 3729 carni-

2047 3763 2144 3818 bus
2187 3763 2500 3834 epulantur,
2534 3778 2638 3819 non
2680 3764 3101 3835 pmoccumndo
3126 3774 3183 3820 et
3207 3764 3471 3820 vescendo
3501 3766 3637 3822 libe-

2048 3851 2216 3909 ratis?
2257 3852 2399 3919 Sed,
2434 3854 2633 3922 inquit»,
2681 3854 2880 3910 nonde
2927 3855 3177 3911 carnibus
3221 3854 3420 3926 aliquid
3463 3857 3530 3912 ab
3557 3857 3637 3913 eis

2048 3943 2203 3999 home
2239 3943 2405 4015 partis
2434 3944 2667 4013 illigatur
2690 3987 2704 4010 ,
2732 3945 2827 3999 sed
2853 3944 2918 3999 de
2948 3943 3185 4016 frugibus
3216 3956 3346 4015 quas
3372 3961 3492 4000 cum
3513 3960 3637 4001 car-

2048 4036 2204 4091 nibus
2247 4042 2484 4097 sumnnt,
2513 4036 2645 4102 Quid
2673 4050 2800 4107 ergo
2823 4036 2890 4091 de
2917 4037 3110 4093 animis
3133 4037 3380 4102 leonum,
3408 4052 3635 4107 quorum

2049 4126 2199 4182 cibus
2227 4126 2340 4181 sola
2363 4142 2488 4181 caro
2526 4133 2609 4182 est
2628 4168 2641 4190 ,
2674 4127 3103 4197 respondendum
3131 4128 3375 4185 videtur?
3402 4128 3596 4185 Bibunt
3618 4171 3634 4195 ,

2049 4216 2247 4289 inquit,
2278 4226 2332 4273 et
2358 4217 2481 4273 ideo
2500 4217 2677 4273 anima
2704 4217 2793 4273 illa
2821 4218 2888 4274 de
2916 4234 3053 4289 aqua
3074 4228 3243 4274 tracta
3263 4220 3516 4291 earnique
3546 4220 3639 4275 im-

2054 4307 2244 4375 plicata
2271 4316 2372 4362 est.
2396 4308 2536 4376 Quid
2570 4306 2640 4365 de
2669 4308 3143 4365 innumerabilibus
3168 4308 3394 4365 avibus?
3423 4311 3546 4381 quid
3570 4310 3640 4367 de
3686 4314 3699 4321 "

2050 4396 2179 4468 ipsis
2202 4400 2393 4469 aquilis
2417 4400 2519 4455 dici
2561 4410 2767 4469 potest,
2799 4417 2917 4471 qum
2956 4419 3060 4456 non
3088 4403 3189 4457 nisi
3217 4414 3378 4458 carne
3404 4418 3638 4474 pascuus

2050 4495 2170 4554 tur,
2210 4504 2311 4545 nec
2353 4491 2459 4545 ullo
2496 4499 2626 4562 potu
2668 4492 2941 4563 indigent?
2968 4491 3127 4549 Certe
3168 4494 3254 4549 hic
3278 4495 3551 4564 deﬁcitur,
3583 4505 3639 4551 et

2049 4582 2176 4652 quid
2202 4582 2513 4652 responderi
2554 4583 2723 4653 possit
2748 4601 2853 4639 non
2886 4584 3174 4641 invenitur.
3202 4586 3259 4643 Si
3287 4588 3429 4643 enim
3460 4589 3636 4643 anima

2050 4673 2117 4735 dc
2137 4675 2269 4731 cibis
2291 4673 2455 4740 venit,
2486 4684 2539 4730 et
2566 4683 2689 4730 sunt
2709 4676 2959 4731 animalia
2985 4676 3148 4733 fctum
3175 4679 3442 4750 gignentia
3461 4721 3476 4747 ,
3508 4697 3641 4750 qun-

2050 4784 2170 4822 rum
2206 4778 2260 4824 ct
2298 4767 2475 4824 nullus
2506 4778 2697 4839 potus,
2726 4779 2779 4825 ct
2804 4771 2957 4826 cibus
3001 4773 3113 4827 Sola
3157 4774 3227 4827 sit
3266 4788 3425 4837 caro,
3466 4783 3548 4828 est
3586 4773 3639 4829 in

2052 4875 2214 4916 carne
2258 4859 2435 4917 anima
2458 4903 2473 4928 ,
2518 4861 2601 4917 cui
2633 4863 2919 4933 purganda:
2945 4880 3093 4920 more
3141 4874 3317 4920 vestro
3356 4866 3643 4922 subvenire

2051 4948 2319 5007 deberetis
2344 4951 2613 5006 vescendo
2644 4967 2879 5007 carnem.
2907 4952 3017 5008 Nisi
3044 4953 3185 5008 forte
3222 4970 3467 5025 porcum,
3498 4956 3641 5025 quod

2052 5052 2107 5099 et
2134 5042 2369 5113 frugibus
2399 5044 2593 5108 alitur,
2625 5052 2679 5099 et
2712 5058 2903 5114 aquam
2930 5044 3090 5109 bibit,
3126 5046 3359 5101 animam
3385 5046 3519 5103 lucis
3548 5052 3641 5103 lia-

2055 5133 2183 5189 bere
2204 5135 2568 5203 arbitramini;
2611 5135 2801 5207 aquila:
2826 5152 2955 5192 vero
2972 5177 2989 5204 ,
3017 5139 3102 5193 cui
3129 5139 3211 5195 sol
3245 5141 3480 5197 maxime
3505 5156 3640 5197 eon-

2053 5225 2228 5296 gruit,
2279 5226 2616 5282 tenebrarum
2668 5227 2933 5298 animam,
2975 5230 3098 5301 quia
3149 5232 3261 5288 sola
3290 5248 3453 5289 carne
3478 5234 3640 5304 vivit,

2056 5315 2232 5373 inesse
2254 5312 2561 5373 defenditis.

2127 5408 2214 5463 5i.
2243 5406 2289 5465 υ
2317 5422 2496 5463 rerum
2518 5408 2810 5480 angustias,
2839 5425 2873 5465 ο
2893 5409 3232 5469 incredibiles
3253 5413 3641 5473 abSurditatest

2058 5500 2109 5556 in
2138 5516 2269 5572 quas
2300 5500 2540 5571 profecto
2570 5486 2675 5557 non
2706 5503 3027 5560 incidissetis
3046 5546 3060 5573 ,
3092 5505 3138 5562 si
3177 5520 3205 5560 a
3244 5507 3545 5564 vanissimis
3571 5512 3645 5564 fa-

2059 5593 2197 5649 bulis
2222 5593 2379 5648 alieni
2402 5636 2417 5659 ,
2470 5592 2572 5649 hoc
2597 5594 2662 5649 ad
2705 5596 3089 5655 continentiam
3124 5597 3645 5674 ciborum’sequet'e-

2062 5684 2189 5738 mini
2236 5684 2375 5754 quod
2403 5685 2597 5740 veritus
2642 5687 2864 5755 probat;
2910 5697 2967 5745 ut
3009 5689 3454 5761 conCupiscentiaa
3495 5709 3646 5748 corr-

2062 5777 2245 5833 cenda:
2289 5776 2455 5849 gratia
2482 5820 2496 5846 ,
2543 5793 2651 5835 non
2689 5779 2919 5836 vitanda:
2959 5782 3305 5840 immunditia:
3334 5801 3451 5856 qua:
3500 5786 3646 5841 nulla
