4138 6364
570 318 699 375 13.7

548 896 810 963 amentia,
853 895 919 950 de
961 912 1183 952 numero
1226 899 1517 955 electorum
1567 900 1833 955 hominem
1885 900 2120 968 pellere,

548 990 639 1060 qui
678 987 813 1044 forte
850 1004 1060 1048 carnem
1092 991 1410 1049 valetudinis
1436 1008 1620 1059 causa,
1666 994 1805 1047 nulla
1834 993 2121 1061 cupiditate

543 1081 829 1149 gustaverit
862 1098 875 1133 :
909 1081 952 1135 si
987 1090 1164 1139 autem
1200 1083 1433 1151 piperata
1459 1083 1643 1137 tubera
1675 1084 1934 1137 voraciter
1961 1083 2120 1137 edere

543 1170 905 1239 concupierit,
940 1170 1287 1226 immodestia:
1313 1182 1511 1227 tantum
1542 1174 1674 1228 forte
1700 1174 2118 1242 possitis‘repre-

538 1261 779 1316 hendere
799 1303 813 1326 ,
842 1275 946 1316 non
974 1271 1147 1316 autem
1179 1271 1233 1316 ut
1257 1276 1624 1329 corruptorem
1659 1263 1911 1319 damnare
1942 1265 2118 1334 signa-

544 1351 683 1406 culi?
728 1351 804 1405 lta
836 1352 894 1406 fit
920 1362 974 1406 ut
1001 1352 1050 1406 in
1080 1354 1265 1409 electis
1290 1355 1480 1419 vestris
1499 1371 1619 1413 esse
1653 1372 1757 1410 non
1794 1357 1990 1423 possit,
2025 1357 2114 1426 qui

543 1443 785 1513 proditus
811 1442 995 1508 fuerit,
1049 1461 1155 1499 non
1182 1448 1634 1515 concupiscendo,
1664 1448 1759 1505 sed
1805 1449 2065 1504 medendo
2094 1450 2109 1481 ¹

540 1542 747 1607 partem
784 1533 1011 1602 aliquam
1040 1549 1280 1591 coenasse
1307 1536 1517 1605 gallina:
1541 1554 1553 1589 :
1579 1552 1697 1593 esse
1739 1548 1911 1591 autem
1953 1539 2001 1591 in
2048 1539 2111 1593 iis

534 1624 706 1696 possit
751 1626 837 1693 qui
876 1626 1222 1692 vehementer
1265 1627 1575 1697 cmuiphas,
1626 1639 1677 1683 et
1720 1629 1818 1683 alia
1872 1629 2109 1699 placenta

535 1733 699 1783 carne
723 1719 952 1773 carentia
974 1718 1302 1777 desiderasse
1329 1736 1385 1775 se
1416 1720 1529 1790 ipse
1557 1721 1866 1791 prodiderit.
1894 1720 2108 1775 Tenetis

534 1824 663 1877 ergo
700 1824 820 1863 eum
860 1824 1015 1879 quem
1063 1811 1320 1879 cupiditas
1372 1811 1618 1875 sordibus
1670 1811 1899 1879 mergit,
1948 1826 2105 1881 quem

532 1913 661 1961 vero
687 1899 797 1966 ipse
817 1899 985 1964 cibus,
1016 1908 1074 1954 ut
1096 1901 1444 1969 arbitramini,
1476 1902 1731 1965 maculat,
1765 1918 1867 1957 non
1893 1904 2102 1973 tenetis,

534 2003 653 2042 cum
682 1988 1095 2059 inquinationem
1124 1992 1189 2045 de
1219 1994 1641 2062 concupiscentia
1669 2010 1825 2064 quam
1849 1994 1912 2049 de
1942 1995 2103 2049 obso-

530 2078 619 2131 nio
648 2078 800 2148 longe
833 2079 1084 2149 majorem
1113 2081 1224 2136 fieri
1262 2081 1556 2145 fateamini,
1587 2099 1650 2138 co
1676 2084 2000 2153 uplectentes
2024 2094 2102 2139 ta-

528 2183 651 2222 men
693 2186 817 2234 eunt
851 2172 937 2239 qui
975 2170 1201 2233 conditis
1227 2173 1538 2229 suavissime
1583 2175 1815 2245 frugibus
1866 2177 2103 2240 imminet

527 2258 772 2321 inhians,
819 2276 1042 2331 seseque
1085 2278 1187 2319 non
1231 2272 1415 2323 tenet:
1457 2265 1796 2321 excludentes
1841 2283 1965 2322 eum
2012 2270 2103 2337 qui

527 2351 789 2420 quaslibet
816 2352 999 2421 epulas
1026 2352 1297 2409 hominum
1324 2357 1736 2426 comprimenda:
1761 2358 1917 2413 famis
1940 2375 2103 2417 causa

523 2441 641 2509 sine
671 2442 773 2505 ulla
806 2444 1093 2513 cupiditate
1116 2455 1328 2515 paratus
1357 2462 1593 2513 sumere,
1627 2460 1681 2503 et
1708 2459 1920 2519 paratus
1942 2453 2099 2516 amit-

522 2539 668 2599 tere,
700 2532 1063 2601 indifferenter
1081 2538 1240 2605 capit.
1273 2538 1351 2593 En
1399 2537 1519 2601 miri
1552 2555 1758 2612 mores,
1788 2558 1853 2597 cn
1887 2546 2097 2615 egregia

521 2622 799 2693 disciplina
822 2666 836 2688 ,
868 2640 935 2680 en
967 2628 1327 2693 memorabilis
1348 2632 1728 2701 temperantia!

596 2715 682 2787 52.
724 2714 838 2771 1am
866 2717 1005 2787 quod
1026 2734 1085 2775 ea
1117 2735 1235 2788 qua:
1271 2720 1419 2774 vobis
1458 2722 1609 2790 quasi
1650 2724 1917 2793 purganda
1957 2724 2094 2782 offe-

521 2815 710 2875 runtur
748 2806 813 2874 ad
848 2808 1032 2878 epulas
1056 2850 1070 2873 ,
1117 2810 1265 2875 nefas
1307 2813 1504 2882 putatis
1524 2814 1565 2867 si
1597 2816 1713 2884 quis
1739 2817 1874 2872 alius
1901 2827 2096 2887 praeter

518 2898 723 2963 electos
746 2899 817 2965 ad
842 2900 1119 2955 cibandum
1149 2904 1405 2974 tetigerit,
1445 2916 1655 2975 quantm
1680 2910 2015 2979 turpitudinis
2041 2922 2096 2968 et

517 2988 802 3058 aliquando
840 2989 1057 3055 sceleris
1095 2992 1308 3062 plenum
1339 2996 1458 3049 est?
1498 2996 1767 3067 Siquidem
1808 3016 1950 3069 saepe
1988 3010 2092 3059 tam

521 3078 681 3131 multa
709 3077 922 3145 dantur,
951 3088 1008 3134 ut
1026 3083 1267 3137 consumi
1292 3082 1441 3139 facile
1468 3100 1494 3137 a
1528 3088 1707 3156 paucis
1733 3103 1840 3143 non
1868 3092 2090 3159 possint.

518 3165 585 3235 Et
623 3168 870 3236 quoniam
916 3170 1248 3241 sacrilegium
1290 3182 1517 3242 putatur,
1546 3175 1631 3230 vel
1658 3176 1777 3232 aliis
1799 3177 1926 3234 dare
1953 3180 2090 3250 quod

517 3256 806 3325 redundat,
835 3260 918 3314 vel
944 3269 1087 3329 certe
1113 3262 1377 3331 abjicere,
1407 3264 1459 3319 in
1483 3282 1701 3337 magnas
1718 3269 2094 3325 contrudimini

517 3347 828 3415 cruditates,
861 3358 1028 3422 t0tum
1050 3351 1186 3421 quod
1218 3352 1397 3419 datum
1436 3363 1522 3420 est
1563 3357 1714 3427 quasi
1751 3374 1975 3430 purgare
1998 3377 2093 3417 cu-

514 3437 739 3507 pientes.
785 3439 901 3495 Jam
931 3457 1058 3496 vero
1086 3443 1334 3511 distenti,
1374 3453 1429 3501 et
1466 3461 1632 3517 prope
1668 3458 1973 3521 crepantes,
1998 3467 2093 3508 eos

514 3520 605 3614 qui
644 3530 741 3595 sub
780 3539 953 3585 vestra
991 3532 1266 3603 disciplina
1305 3545 1450 3604 sunt,
1480 3520 2091 3608 puerosadidevoranda

516 3619 714 3688 reliqua
736 3621 934 3677 crudeli
956 3623 1313 3681 dominatione
1334 3628 1646 3697 compellitis
1671 3647 1685 3683 :
1707 3630 1777 3685 ita
1800 3633 1857 3690 dt
1882 3633 2090 3689 cuidam

514 3709 585 3764 sit
624 3711 807 3766 Roma:
837 3714 1127 3784 objectum,
1157 3717 1297 3787 quod
1328 3719 1552 3785 miseros
1584 3722 1828 3791 parvulos
1852 3726 2092 3795 cogendo

498 3784 577 3856 ad
610 3805 928 3875 vescendum
958 3808 1045 3875 tali
1080 3810 1451 3878 superstitione
1489 3815 1777 3877 necaverit.
1806 3814 1957 3882 Quod
1986 3834 2089 3873 non

512 3897 823 3967 crederem,
871 3901 970 3967 nisi
1013 3902 1203 3963 scirem
1243 3916 1495 3975 quantum
1523 3905 1674 3967 nefas
1708 3924 1830 3969 esse
1862 3911 2089 3971 arbitre-

510 3988 661 4056 mini,
692 3990 774 4045 vel
803 3992 919 4054 aliis
947 3994 1059 4049 lucc
1084 3993 1211 4061 dare
1240 3997 1328 4065 qui
1357 3997 1512 4052 electi
1539 4014 1643 4053 non
1670 4010 1811 4065 sunt,
1845 4003 1923 4063 vel
1947 4013 2090 4059 certe

511 4080 835 4149 projicieuda
889 4098 1097 4149 curare.
1164 4085 1311 4153 Unde
1364 4088 1453 4147 illa
1502 4090 1748 4144 vescendi
1801 4094 2089 4151 necessitas

511 4180 697 4237 restat,
717 4187 833 4241 qute
854 4173 917 4227 ad
956 4176 1313 4245 turpissimam
1358 4180 1677 4244 cruditatem
1709 4185 1729 4215 ¹
1751 4198 1885 4254 pene
1912 4188 2088 4256 quoti-

513 4260 634 4327 die,
663 4262 947 4332 aliquando
978 4273 1151 4321 tamen
1181 4278 1354 4338 potest
1379 4280 1431 4325 et
1459 4288 1626 4344 usque
1656 4275 1721 4329 ad
1744 4276 2090 4347 homicidium

510 4356 807 4422 pervenire.

582 4443 671 4499 53.
704 4443 832 4511 Qua:
871 4461 989 4502 cum
1034 4448 1102 4503 ita
1141 4451 1280 4519 sint,
1327 4452 1485 4508 etiam
1533 4470 1723 4525 panem
1767 4460 2087 4516 mendicauti

510 4533 640 4589 dare
685 4535 1011 4606 prohibetis:
1041 4543 1268 4596 censetis
1316 4552 1488 4599 tamen
1532 4556 1747 4616 pmpter
1784 4549 2085 4605 misericor-

510 4624 651 4693 diam
681 4668 697 4693 ,
754 4628 837 4687 vel
888 4630 1058 4699 potius
1100 4642 1317 4702 propter
1367 4635 1615 4690 invidiam
1659 4654 1907 4695 nummos
1946 4642 2081 4696 dari.

506 4718 643 4784 Quid
670 4718 751 4774 hic
775 4721 921 4796 prius
940 4736 1187 4791 arguam,
1219 4725 1584 4781 crudelitatem
1605 4770 1618 4794 ,
1650 4744 1717 4785 an
1743 4733 2086 4789 vecordiam?

507 4808 645 4877 Quid
666 4811 805 4881 enim
836 4813 879 4866 si
907 4828 972 4879 eo
1000 4814 1117 4877 loco
1146 4831 1231 4882 res
1256 4828 1461 4886 agatur,
1491 4819 1578 4873 ubi
1605 4822 1804 4877 venalis
1828 4825 1981 4881 cibus
2006 4828 2086 4881 in-

508 4900 680 4967 veniri
721 4917 825 4972 non
869 4904 1081 4973 potest?
1123 4905 1292 4977 llomo
1331 4923 1495 4977 egens
1520 4910 1606 4965 ille
1638 4911 1775 4980 fame
1799 4916 2084 4973 moriturus

506 5000 590 5047 est
606 5034 620 5054 ,
652 4992 774 5049 dum
800 5004 852 5063 tu
875 4996 952 5049 vir
976 4997 1258 5065 sapienset
1281 4998 1538 5069 benignus
1559 5004 1726 5073 magis
1745 5019 2083 5063 cucumerem

506 5098 665 5152 quam
716 5084 982 5157 hominem
1034 5088 1321 5144 miseraris.
1379 5090 1501 5146 llaec
1522 5103 1603 5147 est
1655 5095 1893 5164 profecto
1937 5097 2082 5171 (quid

503 5175 652 5231 enim
674 5174 843 5248 dicam
872 5180 1248 5249 congruentius
1272 5192 1323 5235 et
1341 5182 1545 5257 planius
1562 5183 1608 5257 ἲ)
1623 5185 1751 5257 falsa
1778 5189 2082 5253 miscricor-

504 5265 588 5319 dia
633 5279 685 5322 et
732 5285 854 5323 vera
904 5269 1209 5325 crudelitas.
1255 5271 1404 5329 Nunc
1444 5277 1748 5332 vecordiam
1789 5280 2080 5345 videamus.

511 5355 646 5422 Quid
676 5360 813 5412 enim
846 5359 889 5413 si
922 5362 1149 5416 nummis
1172 5362 1306 5429 illis,
1334 5378 1467 5434 quos
1496 5365 1740 5434 dederis,
1768 5369 1867 5433 sibi
1894 5386 2081 5439 panem

511 5450 691 5503 rmat?
719 5450 903 5506 Nonne
942 5452 1042 5508 hoc
1078 5454 1128 5508 in
1161 5454 1251 5529 illg
1276 5470 1398 5525 pars
1426 5457 1513 5512 illa
1537 5469 1710 5516 vestra
1752 5461 1967 5531 divina,
1992 5466 2084 5536 qui

566 5578 579 5645 ξ
610 5583 675 5645 tta
695 5584 803 5630 Mss.
828 5589 882 5632 At
904 5582 1020 5645 editi
1046 5583 1245 5645 habent,
1266 5585 1471 5639 edendo.

497 5639 596 5747 te;
626 5644 790 5707 tixcusi
808 5677 822 5703 ,
848 5643 1210 5709 crudelitatem;
1231 5639 1495 5713 cujuslooo
1519 5658 1624 5704 Mss.
1648 5652 1855 5719 habent,
1871 5656 2081 5716 crudita-

1483 326 1563 381 Μ]
1603 329 1899 387 ΜυῐὶῑΒυε
1936 329 2480 408 ΜΑΝιειιάςυιιωι,
2520 340 2575 394 S.
2610 344 2976 403 AUGUSTI.“

546 444 676 501 cst,
710 432 988 491 deliciosas
1027 452 1178 491 escas
1219 441 1541 509 respuendas
1562 442 1890 512 judicaretis.
1918 444 2052 501 Nam
2088 443 2133 498 si

560 524 677 592 quis
712 523 867 577 etiam
894 542 1067 579 rerum
1098 537 1337 582 naturam
1369 533 1584 602 vimque
1607 533 1795 587 anima:
1814 543 1865 589 et
1893 535 2130 604 corporis

555 618 732 677 minus
778 620 1019 686 intuens,
1061 620 1209 676 vobis
1234 624 1491 685 concedat
1533 626 1762 681 animam
1800 628 2128 697 coinquinari

556 708 623 767 de
651 711 893 775 obsonio,
927 713 1089 766 multo
1117 715 1281 785 magis
1306 731 1422 770 eam
1456 726 1629 771 tamen
1661 718 1981 773 immundam
2011 720 2124 773 fieri

550 801 836 871 cupiditate
864 804 1169 859 conceditis.
1201 805 1328 871 Quae
1360 822 1486 876 ergo
1516 808 1648 861 ratio
1687 817 1799 875 est,
1832 810 1911 862 vel
1949 808 2125 877 potius

3684 365 3818 421 1568

2239 446 2374 512 hanc
2410 452 2572 510 sumit
2595 468 2626 510 a
2656 456 2962 525 venditare,
3014 475 3231 530 passura
3276 476 3390 534 est,
3431 471 3570 540 quod
3602 491 3817 543 passura

2234 548 2376 599 erat.
2408 543 2453 597 si
2484 552 2535 599 te
2564 547 2725 602 dante
2753 553 3100 620 sumpsisset?
3142 556 3356 622 Involvit
3385 561 3542 630 igitur
3569 567 3816 623 sordibds

2233 641 2482 695 pecmtor
2520 635 2608 690 ille
2648 640 2919 703 mendicus
2959 654 3159 711 partem
3194 648 3285 701 Dei
3317 654 3553 719 revolare
3591 659 3814 728 cupien-

2232 726 2335 772 tem
2361 762 2374 785 ,
2431 725 2534 777 tuis
2565 728 2793 781 nummis
2820 730 2883 784 ad
2916 740 3116 788 tantum
3155 739 3327 803 scelus
3364 742 3605 810 :zdjulttS:
3636 725 3687 801 et
3733 760 3813 803 ta-

2231 823 2351 862 men
2402 827 2496 868 vos
2542 814 2782 873 homines
2847 824 3237 895 prudentissimi
3285 815 3537 894 interesse
3585 839 3815 894 arbitra-

2229 901 2378 967 mini,
2406 904 2449 956 si
2477 904 2814 964 homicidium
2843 913 3044 968 facturo
3069 933 3172 971 non
3201 919 3335 974 detis
3361 922 3623 980 hominem
3651 947 3807 997 quem

2225 994 2449 1060 occidat,
2474 999 2565 1051 sed
2589 1003 2815 1056 scientes
2844 1009 3117 1072 pecuniam
3143 1012 3281 1066 unde
3302 1016 3643 1071 occidendum
3667 1037 3805 1075 com-

2227 1094 2403 1151 paret,
2445 1087 2600 1142 detis.
2633 1091 2764 1156 Quid
2795 1096 2857 1147 ad
2889 1095 3022 1150 hanc
3054 1100 3309 1155 insaniant
3340 1104 3458 1157 addi
3490 1111 3700 1176 potest?
3726 1110 3802 1167 Ita

2224 1176 2363 1229 enim
2399 1178 2453 1230 fit
2482 1190 2533 1233 nt
2564 1194 2653 1235 aut
2683 1183 2840 1237 homo
2876 1189 3147 1254 moriatur,
3178 1194 3219 1244 si
3252 1196 3485 1249 venalem
3516 1215 3618 1251 non
3650 1202 3801 1261 iuve-

2219 1266 2358 1318 nerit
2386 1268 2560 1323 cibum
2579 1312 2592 1334 ,
2616 1282 2705 1325 aut
2730 1276 2875 1329 cibus
2899 1278 3010 1345 ipse
3029 1320 3043 1344 ,
3075 1280 3117 1333 si
3137 1282 3407 1338 invenerit
3434 1305 3445 1338 :
3479 1303 3702 1356 quorum
3724 1293 3800 1348 ala

2221 1365 2389 1411 terum
2417 1372 2499 1419 εει
2524 1378 2705 1419 verum
2738 1366 3109 1435 homicidium;
3144 1374 3369 1429 alterum
3402 1389 3663 1445 vestrum,
3699 1398 3796 1436 vo-

2217 1445 2299 1500 bis
2338 1460 2512 1519 tamen
2564 1453 2631 1507 ita
2683 1457 3050 1524 tribuendum,
3104 1474 3350 1533 tanquam
3400 1478 3679 1541 utrumque
3729 1458 3801 1529 sit

2216 1554 2418 1604 verum.
2464 1542 2593 1597 Nam
2638 1549 2781 1625 quod
2824 1552 3096 1612 auditores
3132 1569 3336 1611 veStros
3367 1576 3471 1614 non
3505 1546 3804 1627 prohibetis

2213 1632 2465 1693 carnibus
2484 1638 2642 1700 vesci,
2663 1639 2754 1693 sed
2786 1641 3025 1696 occidere
3049 1645 3295 1712 animalia
3322 1650 3634 1717 prohibetis,
3661 1655 3785 1723 qui-.l

2213 1720 2425 1785 stultius
2454 1733 2507 1777 et
2537 1731 2834 1793 perversius
2864 1730 2973 1785 fieri
3004 1736 3215 1801 potest?
3255 1737 3385 1791 Nam
3431 1740 3476 1793 si
3524 1742 3641 1795 talis
3678 1720 3787 1797 non

2210 1813 2535 1875 contaminat
2562 1816 2710 1869 cibus
2729 1859 2743 1881 ,
2772 1834 2867 1872 vos
2889 1835 3098 1890 quoque
3123 1827 3313 1880 sumite
3340 1846 3351 1879 :
3376 1829 3420 1896 si
3443 1832 3785 1897 contaminat,

2208 1914 2327 1969 qurc
2369 1904 2580 1959 tandem
2626 1906 2890 1973 dementia
2922 1923 3002 1977 est
3032 1915 3199 1984 majus
3228 1919 3374 1974 nefas
3415 1932 3627 1989 putare,
3675 1928 3789 1989 anl-

2207 2006 2348 2057 mam
2393 1996 2666 2062 porcinam
2690 1998 2757 2053 de
2780 2014 3003 2070 corpore
3032 2005 3272 2076 solvere,
3314 2025 3469 2079 quam
3502 2013 3788 2070 humanam

2206 2083 2424 2148 porcino
2448 2099 2668 2154 corpore
2691 2091 2955 2147 maculare
2981 2092 3005 2147 ?

2204 2167 2429 2227 CAPUT
2467 2173 2628 2231 XVII.
2672 2208 2741 2219 —-
2769 2178 3017 2236 Mannum
3062 2184 3377 2255 signaculum
3418 2193 3559 2261 apud
3607 2192 3783 2247 Mani-

2647 2270 2814 2325 chwos
2836 2274 2984 2341 quale
3006 2275 3072 2328 sit
3098 2279 3340 2346 aperitur.

2272 2353 2360 2407 54.
2392 2353 2493 2409 Sed
2530 2356 2639 2425 jam
2679 2360 2745 2414 ad
2784 2377 3034 2418 manuum
3064 2368 3393 2434 signaculum
3431 2374 3777 2432 considerans

2200 2442 2325 2497 dum
2369 2448 2804 2521 tractandumque
2850 2456 3142 2511 veniamus.
3190 2460 3266 2513 Ac
3306 2463 3533 2532 primum
3566 2467 3779 2537 quidem

2200 2536 2339 2603 quod
2359 2537 2427 2591 ab
2455 2538 2761 2596 animalium
2793 2559 2950 2611 nece,
2997 2557 3051 2601 et
3083 2550 3151 2603 ab
3189 2552 3431 2621 stirpium
3461 2556 3778 2615 laceratione

2198 2638 2295 2679 vos
2329 2630 2669 2696 temperatis,
2711 2635 3284 2703 superstitiosissimum
3322 2642 3562 2699 Christus
3599 2658 3777 2703 osten-

2198 2716 2311 2769 dit:
2340 2720 2430 2788 qui
2460 2720 2657 2775 nulhm
2685 2715 2838 2778 nobis
2863 2741 2981 2780 cum
3013 2728 3203 2785 belluis
3229 2741 3281 2786 et
3301 2735 3577 2790 arboribus
3603 2740 3774 2795 socie-

2200 2817 2359 2865 tatem
2385 2811 2517 2880 juris
2546 2828 2665 2868 esse
2680 2814 2942 2895 judicans,
2971 2829 3024 2874 ct
3050 2822 3099 2874 in
3125 2839 3334 2894 gregem
3366 2841 3644 2896 porcorum
3667 2832 3776 2886 dte-

2196 2913 2382 2954 mones
2426 2902 2568 2957 misit
2612 2889 2822 2976 (Matth.
2862 2924 2985 2976 vnt,
3031 2889 3145 2981 5‘3),
3190 2889 3245 2969 et
3288 2889 3533 2972 arborem
3575 2920 3625 2974 in
3670 2937 3771 2989 qua

2198 2989 2424 3046 fructum
2469 3009 2573 3049 non
2622 2996 2911 3061 invenerat,
2960 3002 3241 3058 maledicto
3282 3006 3484 3061 aridam
3517 3011 3637 3065 fecit
3662 3011 3773 3072 (Μ.

2196 3096 2305 3145 nt,
2350 3084 2461 3153 l9).
2492 3084 2639 3141 Nihil
2664 3096 2811 3143 certe
2849 3092 2995 3159 porci
3017 3134 3030 3151 .
3064 3093 3189 3147 nihil
3214 3096 3376 3151 arbor
3401 3098 3487 3153 illa
3518 3116 3773 3170 peccave-

2196 3180 2299 3225 rat.
2329 3171 2514 3244 Neque
2543 3176 2686 3231 cnim
2726 3193 2895 3249 usque
2922 3197 2987 3235 eo
3015 3181 3293 3239 dementes
3317 3203 3521 3256 sumus,
3550 3202 3603 3244 ut
3632 3193 3773 3247 arbi-

2195 3269 2401 3318 tremur
2420 3281 2511 3320 sua
2540 3277 2728 3337 sponte
2771 3270 3016 3325 arborem
3057 3275 3137 3328 vel
3187 3277 3488 3345 frugiferam
3529 3296 3647 3337 esse
3686 3284 3773 3338 vel

2194 3355 2451 3410 sterilem.
2501 3357 2683 3427 Neque
2730 3360 2860 3416 illud
2907 3362 2992 3417 hic
3032 3367 3183 3421 vobis
3224 3368 3504 3425 dicendum
3534 3384 3647 3437 est,
3688 3373 3773 3429 his

2194 3441 2345 3498 factis
2376 3445 2655 3501 Dominum
2685 3460 2923 3506 nostrum
2949 3453 3051 3507 alia
3082 3457 3324 3523 qmedam
3355 3458 3651 3529 significare
3678 3478 3774 3517 vo-

2192 3532 2396 3588 luisse:
2426 3536 2542 3605 quis
2589 3538 2731 3593 enim
2779 3543 3017 3597 neseiat?
3058 3542 3163 3601 Sed
3191 3557 3338 3603 certe
3380 3550 3514 3605 Filio
3544 3551 3635 3606 Dei
3663 3568 3772 3609 non

2194 3637 2289 3692 per
2314 3623 2654 3681 homicidium
2685 3629 2890 3699 signum
2916 3632 3148 3689 dandum
3175 3635 3304 3703 fuit,
3335 3640 3379 3694 si
3398 3640 3640 3695 arborem
3670 3659 3766 3698 ne<

2193 3728 2316 3770 care
2335 3756 2349 3781 ,
2385 3725 2439 3769 ut
2468 3732 2561 3771 vos
2589 3717 2784 3784 dicitis,
2817 3722 3158 3779 homicidium
3188 3736 3286 3791 est,
3315 3738 3404 3783 aut
3429 3746 3619 3787 amre
3644 3736 3768 3789 anis

2193 3805 2367 3858 malia.
2394 3804 2527 3859 Nam
2556 3817 2609 3860 et
2636 3808 2703 3863 de
2732 3808 3039 3870 hominibus
3058 3855 3071 3879 ,
3100 3832 3222 3871 cum
3250 3820 3442 3888 quibus
3465 3823 3647 3892 utique
3672 3843 3767 3879 su-

2190 3908 2310 3947 mus
2347 3895 2481 3963 juris
2523 3898 2776 3953 societate
2813 3902 3115 3971 conjuncti,
3145 3906 3292 3977 signa
3317 3912 3558 3978 quamam
3583 3913 3765 3981 dedit;

2192 3982 2286 4037 sed
2315 3985 2550 4038 sanando
2576 3985 2850 4056 homines,
2884 4008 2987 4046 non
3018 3998 3274 4050 necando.
3303 3998 3451 4065 Quod
3477 4012 3531 4055 et
3556 4002 3625 4058 de
3653 4005 3767 4059 bel-

2193 4074 2295 4128 luis
2318 4076 2463 4129 etde
2487 4078 2767 4134 arboribus
2792 4079 3029 4151 faceret,
3068 4086 3112 4140 si
3149 4089 3337 4143 eadem
3382 4107 3479 4145 nos
3516 4109 3633 4148 ctnn
3663 4097 3767 4152 illis

2192 4166 2478 4232 societate,
2527 4183 2631 4237 qua
2676 4185 2771 4226 vos
2819 4174 3107 4243 Opinamiui
3132 4219 3148 4245 ,
3190 4178 3504 4250 conjunctos
3536 4201 3651 4239 esse
3674 4186 3766 4256 ju—

2190 4256 2408 4312 dicaret.

2259 4350 2350 4404 55.
2390 4351 2506 4416 Quo
2553 4352 2670 4408 loco
2717 4356 2842 4411 mihi
2890 4362 3179 4417 auctoritas
3226 4364 3600 4438 interponenda
3651 4372 3762 4428 visa

2190 4454 2305 4510 est,
2354 4456 2626 4515 propterea
2670 4452 2790 4519 quia
2829 4453 2899 4508 de
2936 4470 3189 4524 pecorum
3222 4462 3424 4527 anima,
3455 4471 3506 4517 et
3531 4464 3597 4517 de
3623 4480 3761 4534 qua-

2189 4534 2309 4588 dam
2340 4537 2443 4589 vita
2467 4553 2566 4607 qua
2594 4539 2839 4595 dicuntur
2862 4545 3078 4600 arbores
3102 4548 3282 4604 vivere
3301 4592 3315 4612 ,
3342 4567 3444 4605 non
3468 4562 3760 4622 potestvo—

2190 4626 2393 4679 hiscum
2437 4629 2697 4684 subtiliter
2730 4631 3006 4702 disputari.
3053 4637 3157 4692 Sed
3201 4643 3449 4708 quoniam
3490 4645 3766 4715 privilegio

2188 4715 2419 4784 quodam
2450 4733 2543 4772 vos
2571 4721 2830 4787 tuemini,
2880 4733 2937 4778 ut
2977 4725 3049 4781 de
3093 4727 3381 4798 Scripturis
3411 4735 3636 4802 Opprimi
3665 4753 3768 4791 nee

2189 4807 2393 4874 queatis
2409 4846 2424 4871 ,
2452 4806 2678 4864 dicendo
2700 4825 2791 4865 eas
2815 4828 2937 4869 esse
2956 4813 3208 4882 falsatas;
3238 4836 3538 4892 quanquam
3560 4841 3620 4880 ea
3642 4842 3765 4896 qua:

2188 4900 2599 4954 commemoravi
2647 4900 2714 4956 de
2755 4904 2981 4969 arbore,
3029 4915 3086 4961 et
3130 4908 3199 4965 de
3240 4926 3399 4981 grege
3443 4928 3760 4983 porcorum,

2192 5000 2456 5055 tutoquam
2485 5001 2516 5041 a
2542 4993 2944 5059 corruptoribus
2988 4995 3225 5054 immissa
3250 5016 3378 5056 esse
3397 5001 3603 5059 dixistis
3632 5023 3645 5057 τ
3677 5016 3762 5060 ta-

2189 5094 2311 5133 men
2330 5120 2347 5142 ,
2380 5094 2446 5133 ne
2474 5081 2876 5136 considerantes
2902 5095 3160 5152 quantum
3189 5090 3345 5149 vobis
3382 5095 3763 5163 adversentur,

2190 5171 2290 5226 hoc
2317 5171 2467 5240 idem,
2488 5177 2648 5228 etiam
2677 5174 2744 5229 de
2777 5177 2857 5231 bis
2895 5177 3183 5247 aliquando
3223 5183 3403 5239 dicere
3450 5190 3657 5256 velitis;
3692 5205 3768 5247 te-

2188 5278 2339 5316 neam
2372 5264 2702 5333 propositum
2730 5282 2928 5337 meum,
2961 5278 3019 5322 ut
3048 5285 3074 5321 a
3106 5272 3276 5339 vobis,
3312 5278 3517 5345 magnis
3541 5285 3762 5335 omnino

2188 5352 2624 5420 pollicitatoribus
2656 5358 2874 5411 rationis
2907 5371 3067 5429 atque
3089 5366 3348 5427 veritat‘s.
3384 5386 3616 5433 uiuet-am
3650 5390 3680 5439 p
3716 5376 3761 5426 i-

2186 5458 2329 5498 mum
2353 5444 2479 5514 quid
2512 5446 2649 5504 obsit
2670 5448 2845 5508 arbori
2870 5491 2882 5509 ,
2912 5466 3015 5505 non
3040 5452 3159 5512 dico
3188 5456 3230 5508 si
3262 5471 3475 5524 pontum
3510 5462 3633 5514 inde
3671 5466 3757 5512 ιἠ-

2185 5532 2378 5587 liumve
2403 5533 2658 5605 decerpas
2676 5576 2689 5599 ,
2721 5537 2860 5607 quod
2886 5541 3096 5609 quidem
3121 5544 3259 5612 apud
3288 5560 3381 5601 vos
3399 5585 3414 5609 ,
3443 5547 3487 5599 si
3510 5548 3627 5616 quis
3653 5564 3763 5604 non

2186 5625 2533 5696 imprudentia
2556 5668 2572 5692 ,
2620 5629 2713 5684 sed
2759 5630 2934 5686 sciens
2963 5632 3176 5693 fecerit.
3204 5635 3455 5703 signaculi
3483 5650 3764 5709 corruptor

2185 5718 2302 5770 sine
2334 5718 2433 5772 ulla
2466 5717 2789 5775 dubitatione
2820 5724 3171 5788 damnabitur,
3203 5728 3293 5781 scd
3323 5731 3542 5785 omnino
3570 5731 3611 5784 si
3639 5747 3761 5787 eam
