4138 6364
360 345 494 403 I369

361 459 615 517 radicitus
643 475 819 516 eruas.
852 447 1039 517 Anima
1069 475 1298 532 namque
1319 460 1406 520 illa
1433 475 1589 531 quam
1619 461 1930 516 rationalem

360 551 536 606 inesse
583 551 861 610 arboribus
896 552 1258 620 arbitramini,
1303 552 1494 607 arbore
1521 552 1698 609 excisa
1725 551 1934 606 vinculo

358 643 601 706 solvitur.
630 659 726 704 vos
752 643 891 698 enim
933 643 1032 700 hoc
1059 642 1258 706 dicitis,
1305 653 1358 697 et
1381 657 1448 697 eo
1482 643 1696 713 quidem
1724 642 1936 697 vinculo

359 733 412 789 in
445 750 551 804 quo
580 750 766 805 magna
794 735 1001 795 miseria
1023 777 1037 799 ,
1061 734 1205 788 nulla
1232 735 1452 788 utilitate
1479 733 1772 788 tenebatur.
1802 732 1934 787 Nam

358 835 412 880 et
441 826 824 880 revolutionem
849 824 1076 882 hominis
1101 827 1150 878 in
1175 825 1418 878 arborem
1439 865 1455 890 ,
1485 833 1666 878 notum
1695 832 1778 878 est
1804 839 1897 879 vos
1915 865 1932 890 ,

361 917 412 971 id
440 927 522 972 est
550 927 824 976 auctorem
869 917 1038 984 ipsum
1073 925 1308 970 vestrum
1333 958 1348 980 ,
1391 931 1489 985 pro
1519 915 1712 985 ingenti
1743 930 1896 984 parua
1916 957 1931 982 ,

359 1022 466 1060 non
497 1015 675 1060 tamen
709 1021 801 1073 pro
827 1021 1033 1058 summa
1055 1047 1069 1070 ,
1101 1006 1274 1062 solere
1305 1005 1533 1059 minitari
1561 1021 1575 1058 :
1608 1015 1659 1059 et
1687 1021 1811 1062 num
1843 1020 1937 1073 po-

361 1106 466 1152 test
496 1097 546 1150 in
578 1097 768 1158 arbore
793 1095 966 1155 anima
1010 1096 1141 1158 fieri.
1178 1107 1235 1151 ut
1265 1096 1314 1149 in
1346 1095 1580 1158 homine,
1608 1095 1933 1160 sapientior?

361 1192 476 1247 Non
509 1190 732 1250 necandi
761 1189 990 1246 hominis
1018 1190 1210 1257 quippe
1236 1188 1527 1242 certissima
1559 1187 1695 1240 ratio
1723 1195 1805 1240 est
1825 1227 1839 1249 ,
1869 1203 1936 1242 ne

359 1293 449 1339 aut
491 1299 609 1340 eum
654 1296 813 1336 neces
856 1281 1004 1350 cujus
1046 1281 1301 1350 sapientia
1340 1287 1393 1332 et
1432 1279 1601 1332 virtus
1625 1277 1743 1332 aliis
1773 1277 1937 1347 pluri-

366 1391 508 1431 mum
543 1371 790 1444 prodest,
829 1381 921 1426 aut
957 1387 1076 1425 eum
1104 1370 1194 1440 qui
1221 1370 1354 1422 forte
1384 1378 1590 1440 poterat
1619 1369 1686 1423 ad
1724 1371 1939 1438 sapien-

363 1467 489 1522 tiam
539 1464 812 1534 pervenire
833 1505 848 1528 ,
898 1461 1010 1517 sive
1047 1461 1376 1516 extrinsecus
1402 1463 1468 1514 ab
1493 1460 1668 1530 aliquo
1692 1460 1936 1514 admoni-

361 1569 448 1616 tus
466 1601 482 1624 ,
512 1559 624 1614 sive
647 1556 984 1612 interioribus
1007 1553 1416 1624 cogitationibus
1440 1553 1693 1607 divinitus
1713 1553 1941 1608 illustra-

361 1660 471 1722 tus.
531 1651 781 1704 Animam
845 1657 1023 1703 autem
1078 1647 1350 1712 hominis,
1406 1656 1602 1718 quanto
1651 1648 1941 1716 sapientior

359 1727 587 1812 corpore
638 1740 957 1804 excesserit,
1005 1748 1153 1794 tanto
1204 1740 1384 1794 utilius
1435 1739 1694 1795 excedere
1744 1740 1940 1794 veritas

360 1831 538 1896 docet,
569 1839 624 1893 et
654 1830 856 1884 ratione
877 1830 1216 1886 subtilissima
1233 1870 1248 1896 ,
1273 1841 1326 1885 et
1349 1830 1661 1890 auctoritate
1682 1830 1934 1886 latissime

358 1931 662 1995 pervagata.
689 1922 1042 1990 Quamobrem
1070 1921 1159 1989 qui
1185 1920 1430 1979 arborem
1459 1920 1637 1989 dejicit
1655 1962 1669 1984 ,
1701 1921 1930 1978 animam

359 2015 489 2070 nihil
517 2015 572 2072 in
599 2015 856 2084 sapientia
885 2014 1244 2084 proficientem
1277 2014 1342 2068 de
1372 2013 1460 2068 illo
1480 2029 1701 2083 corpore
1727 2014 1934 2068 liberat.

358 2106 543 2175 Itaque
564 2121 658 2160 vos
686 2105 922 2159 homines
949 2104 1116 2158 sancti
1140 2145 1156 2170 ,
1183 2119 1298 2170 vos,
1330 2103 1540 2174 inquam
1559 2143 1575 2169 ,
1605 2104 1936 2172 potissimum

357 2196 605 2260 excidere
633 2195 849 2250 arbores
871 2195 1134 2249 deberetis
1158 2235 1174 2261 ,
1214 2204 1268 2249 et
1308 2209 1488 2248 earum
1528 2195 1732 2253 animas
1756 2194 1823 2246 ab
1848 2194 1938 2249 illo

355 2289 574 2349 vinculo,
593 2296 779 2352 exutas
804 2287 1132 2350 orationibus
1153 2293 1209 2340 et
1237 2286 1453 2360 psalmis
1479 2284 1544 2341 ad
1575 2285 1792 2339 meliora
1816 2300 1938 2355 pcr-

357 2380 572 2435 ducerc.
604 2381 682 2432 An
710 2380 776 2432 de
807 2377 889 2431 bis
915 2377 1104 2430 animis
1133 2376 1233 2430 hoc
1262 2376 1376 2430 fieri
1422 2383 1631 2444 potest,
1673 2391 1778 2429 non
1806 2389 1938 2446 quas

359 2477 542 2541 mente
562 2468 891 2538 adjuveritis,
921 2467 1012 2521 sed
1039 2481 1170 2537 quas
1197 2474 1379 2520 ventre
1404 2465 1743 2534 receperitis?

429 2561 519 2616 56.
558 2558 808 2628 Quamvis
848 2559 1072 2627 idipsmn
1114 2557 1318 2610 animas
1359 2557 1647 2621 arborum,
1686 2555 1937 2625 quamdiu

358 2658 482 2714 sunt
506 2650 556 2703 in
585 2649 859 2703 arboribus
882 2688 898 2716 ,
925 2649 991 2701 ad
1022 2647 1334 2716 sapientiam
1362 2661 1467 2710 non
1490 2646 1766 2716 proficere,
1791 2661 1936 2700 sum-

357 2756 460 2796 m:e
485 2740 738 2810 angustia:
759 2779 774 2806 ,
805 2747 1061 2807 quantum
1092 2737 1346 2800 arbitror,
1381 2751 1476 2790 vos
1501 2735 1825 2806 compellunt
1853 2736 1933 2791 fa-

358 2833 456 2888 teri
476 2873 492 2900 ,
518 2847 636 2886 cum
663 2847 692 2884 a
721 2831 868 2886 vobis
897 2830 1150 2900 quarritur
1175 2844 1270 2882 cur
1297 2837 1350 2883 et
1375 2827 1654 2881 arboribus
1685 2842 1787 2880 nou
1811 2827 1937 2881 Init-

356 2931 498 2978 tatur
520 2932 813 2992 prteeeptor
837 2922 1107 2990 apostolus
1127 2962 1141 2986 ,
1173 2927 1265 2973 aut
1288 2935 1382 2974 cur
1407 2920 1495 2974 ille
1520 2920 1607 2989 qui
1632 2920 1936 2974 hominibus

359 3023 602 3080 mittitur,
632 3028 735 3066 non
764 3022 816 3066 et
835 3011 1112 3065 arboribus
1141 3009 1390 3078 pnedieet
1410 3009 1706 3063 veritatem.
1731 3008 1828 3062 Hic
1848 3024 1939 3063 co-

356 3106 542 3178 gimini
587 3103 926 3174 respondere,
973 3102 1089 3155 illas
1123 3103 1327 3154 animas
1357 3100 1631 3170 percipere
1662 3100 1713 3153 in
1747 3099 1936 3154 talibus

358 3195 670 3268 corporibus
699 3201 958 3263 pra'ccpta
985 3191 1159 3245 divina
1191 3205 1294 3243 non
1323 3203 1496 3258 posse.
1521 3187 1624 3244 Sed
1652 3190 1938 3243 vehemen-

357 3297 464 3344 tius
483 3295 550 3342 ab
577 3287 683 3340 alio
709 3286 872 3341 latere
901 3282 1158 3352 urgemini
1183 3297 1198 3345 ;
1227 3280 1650 3350 quandoquidem
1677 3281 1792 3334 illas
1819 3295 1938 3349 pcr-

359 3378 554 3434 hibetis
579 3386 633 3432 et
665 3375 848 3429 audire
877 3387 1034 3428 voces
1065 3381 1275 3425 uestras
1296 3413 1311 3438 ,
1342 3381 1396 3425 et
1417 3372 1577 3426 verba
1603 3371 1900 3441 intelligere
1918 3411 1934 3436 ,

358 3482 414 3524 et
445 3482 669 3537 corpora
696 3475 974 3533 motusque
1001 3478 1283 3532 corporum
1333 3462 1524 3520 intueri
1546 3504 1560 3528 ,
1593 3463 1938 3532 cogitationes

359 3562 588 3631 denique
616 3545 758 3640 ipsas
787 3556 1106 3628 perspicere.
1136 3554 1265 3620 Qum
1301 3554 1346 3614 si
1373 3569 1498 3608 vera
1521 3563 1664 3619 sunt,
1691 3568 1787 3607 cur
1806 3553 1936 3616 nihil

361 3663 585 3725 possunt
606 3669 637 3707 a
670 3652 802 3717 lucis
825 3648 1064 3720 apostolo
1093 3647 1335 3701 discere?
1361 3645 1444 3707 vel
1473 3663 1568 3704 cur
1591 3647 1748 3701 etiam
1772 3645 1938 3700 multo

360 3746 568 3816 facilius
597 3759 702 3801 non
740 3749 957 3813 possunt
983 3754 1138 3808 quam
1169 3753 1294 3802 nos,
1336 3752 1457 3791 cum
1501 3737 1749 3791 interiora
1779 3735 1936 3790 etiam

361 3837 556 3892 mentis
593 3834 887 3905 aspiciant?
930 3832 1000 3885 lla
1027 3830 1167 3884 enim
1197 3828 1444 3898 magister
1467 3827 1586 3893 ille,
1617 3826 1706 3896 qui
1734 3841 1827 3880 vos
1859 3827 1936 3878 lo-

360 3929 570 4000 quendo
596 3930 680 3981 vix
709 3927 880 3989 docet,
908 3934 963 3978 ut
981 3923 1174 3983 dicitis,
1202 3919 1480 3990 cogitando
1501 3935 1590 3973 eas
1611 3927 1791 3988 posset
1817 3935 1939 3972 eru-

361 4022 506 4090 dire,
533 4035 650 4089 qua:
688 4018 979 4073 sententias
1019 4015 1135 4083 ejus
1183 4023 1306 4067 ante
1346 4027 1645 4065 sermonem
1678 4013 1728 4064 in
1759 4012 1938 4065 animo

362 4119 659 4167 cernerent.
687 4109 742 4162 Si
767 4123 891 4162 vero
936 4107 1048 4160 Iure
1090 4105 1221 4159 falsa
1260 4111 1405 4169 sunt,
1436 4103 1611 4158 videte
1636 4103 1850 4156 tandem
1881 4103 1933 4156 in

361 4218 466 4273 quo
491 4215 671 4256 errore
694 4198 932 4268 jacentis.

432 4294 520 4348 57.
557 4291 670 4347 Jam
707 4289 845 4360 quod
859 4302 1026 4374 poma
1054 4286 1151 4356 ipsi
1193 4302 1296 4339 non
1339 4283 1658 4352 decerpitis,
1689 4283 1937 4338 herbam-

364 4398 468 4454 que
496 4396 600 4436 non
621 4380 833 4448 vellilis,
866 4373 959 4431 Sed
990 4385 1160 4429 tamen
1193 4375 1258 4427 ab
1285 4374 1609 4426 auditoribus
1629 4374 1817 4427 vestris
1846 4373 1940 4426 de-

365 4473 510 4544 cerpi
542 4481 595 4526 et
619 4469 769 4527 evelli
798 4477 955 4550 atque
981 4467 1155 4521 alli-rri
1200 4465 1350 4518 vobis
1384 4464 1607 4533 jubetis,
1655 4481 1759 4517 non
1793 4474 1846 4516 ut
1874 4464 1938 4517 iis

361 4568 451 4634 qui
477 4563 700 4627 afferunt
729 4569 929 4627 tantum
999 4556 1092 4612 sed
1121 4563 1177 4609 ut
1203 4555 1267 4622 lis
1295 4556 1452 4609 etiam
1482 4569 1598 4623 quae
1623 4553 1935 4621 afferuntur,

366 4655 620 4725 prodesse
666 4641 907 4735 possitis,
950 4650 1064 4720 quis
1105 4649 1237 4702 bene
1275 4645 1617 4711 considerans
1645 4645 1750 4700 ullo
1779 4643 1939 4699 modo

367 4732 714 4798 toleraverit?
757 4732 984 4802 Primo,
1022 4739 1142 4806 quia
1185 4735 1315 4789 nihil
1355 4735 1574 4788 interest
1609 4743 1782 4788 utrum
1826 4734 1939 4802 ipse

365 4836 541 4895 sceltis
569 4832 844 4894 admittas,
876 4845 941 4882 an
973 4839 1186 4897 propter
1223 4835 1272 4880 te
1310 4826 1376 4878 ab
1414 4826 1516 4878 alio
1553 4825 1756 4878 admitti
1784 4825 1934 4879 velis.

367 4927 519 4983 Nolle
547 4935 600 4981 te
624 4922 777 4978 dicis.
823 4917 1100 4987 Quomodo
1141 4933 1265 4986 ergo
1294 4916 1602 4970 subvenitur
1637 4917 1708 4970 illi
1747 4916 1937 4970 divina:

368 5017 538 5088 parti,
569 5029 684 5085 qum
713 5013 762 5066 in
792 5009 1008 5065 lactucis
1032 5017 1085 5062 et
1109 5007 1162 5061 in
1192 5008 1360 5075 porris
1381 5005 1549 5074 jacet,
1582 5006 1623 5058 si
1647 5021 1802 5059 nemo
1825 5005 1938 5068 lucc

369 5109 561 5175 evellat
580 5147 598 5179 ,
641 5114 694 5163 et
729 5102 795 5157 ad
821 5108 1033 5167 sanctos
1057 5097 1322 5168 purganda
1349 5097 1592 5151 deferat?
1621 5097 1816 5151 Deinde
1838 5139 1852 5163 ,
1885 5107 1938 5151 tu

369 5202 485 5276 ipse
512 5197 770 5267 transiens
796 5209 891 5269 per
916 5208 1034 5248 eum
1073 5205 1254 5262 agrum
1273 5230 1288 5254 ,
1329 5188 1379 5242 in
1408 5202 1512 5258 quo
1540 5188 1632 5242 tibi
1655 5187 1774 5265 jure
1803 5188 1939 5240 ami-

367 5291 506 5347 citia:
535 5285 851 5355 deccrpendi
894 5281 1031 5352 quod
1075 5281 1200 5334 libet
1249 5287 1479 5349 potestas
1526 5277 1716 5344 datur,
1753 5278 1798 5332 si
1841 5277 1940 5340 tlco

369 5382 564 5437 videris
599 5392 817 5433 corvum
858 5359 1220 5428 imminentem
1244 5411 1258 5436 ,
1290 5370 1413 5441 quid
1443 5367 1642 5424 facies?
1665 5368 1850 5422 Nonne
1876 5383 1942 5422 ex

370 5475 619 5545 Opinione
665 5480 787 5532 tua,
821 5468 948 5521 licus
996 5465 1108 5535 ipsa
1165 5473 1337 5519 tecum
1391 5463 1532 5533 loqui
1570 5471 1624 5516 et
1666 5460 1941 5530 deprecari

372 5563 742 5621 miserabiliter
761 5558 985 5621 videtur,
1016 5565 1072 5610 ut
1097 5570 1213 5611 eam
1239 5555 1353 5625 ipse
1378 5554 1650 5623 decerpas,
1681 5562 1731 5606 et
1758 5564 1943 5607 sancto

373 5666 558 5712 ventre
601 5649 978 5725 purificandam
1021 5647 1544 5717 resuscitandamque
1583 5646 1807 5716 scpelias
1843 5660 1940 5716 pa-

374 5751 508 5818 tius,
553 5763 710 5820 quam
757 5759 949 5802 corvus
996 5743 1079 5810 ille
1120 5742 1421 5806 devoratam
1476 5738 1682 5794 funesto
1732 5739 1939 5809 corpori

1683 348 1885 404 LIBER
1919 344 2289 406 SECUNDUS.

2039 468 2280 537 misceat,
2325 481 2481 543 atque
2518 476 2570 531 in
2616 477 2747 532 alias
2791 476 2990 536 formas
3026 479 3328 550 illigandam
3367 484 3613 540 crucian-

2039 557 2266 630 damque
2290 565 2651 654 transmittat?
2673 569 2806 635 Quid
2832 579 2880 622 te
2900 569 3164 624 crudelius
3182 614 3196 634 ,
3225 573 3269 626 si
3294 586 3474 628 verum
3500 577 3614 632 est?

2039 654 2163 721 quid
2192 654 2453 724 ineptius,
2485 658 2530 712 si
2561 657 2751 714 falsum
2783 661 2898 716 est?
2926 661 3050 729 quid
3082 663 3249 733 magis
3289 667 3612 722 contrarium

2040 741 2331 812 disciplinae
2367 756 2593 814 vestrm,
2640 749 2685 803 si
2730 750 3058 820 signaculum
3101 755 3358 808 solveris?
3401 756 3524 824 quid
3564 765 3615 812 te

2040 833 2302 892 inimicius
2327 838 2421 893 Dei
2450 841 2712 906 membro,
2742 842 2785 896 si
2814 843 3166 900 custodieris?

2111 925 2200 981 58.
2241 926 2343 981 Sed
2370 927 2472 983 hoc
2496 945 2558 983 ex
2592 939 2765 986 vestra
2793 933 3040 1000 opinione
3067 934 3192 988 falsa
3223 943 3275 988 et
3303 935 3575 1003 nugatoria
3595 951 3630 988 :-

2039 1031 2162 1070 nam
2197 1028 2341 1073 certa
2367 1029 2420 1074 et
2449 1021 2727 1076 manifesta
2761 1023 3048 1078 crudelitas
3082 1025 3134 1078 in
3164 1025 3312 1080 vobis
3339 1040 3459 1080 esse
3483 1041 3615 1080 con-

2038 1108 2284 1172 vincitur,
2313 1125 2377 1164 ex
2407 1110 2594 1165 eodem
2625 1112 2741 1180 ipso
2766 1128 2948 1168 errore
2973 1129 3215 1169 manans.
3243 1115 3300 1170 Si
3325 1115 3442 1184 quis
3470 1116 3611 1170 enim

2041 1212 2137 1266 per
2160 1196 2400 1253 morbum
2437 1215 2663 1270 corpore
2688 1202 2947 1257 dissoluto
2966 1245 2982 1268 ,
3013 1203 3182 1259 fessus
3212 1206 3278 1259 ab
3307 1206 3526 1270 itinere,
3553 1221 3616 1261 ac

2041 1299 2190 1358 peste
2229 1292 2555 1362 semianimis
2580 1293 2632 1348 in
2661 1295 2742 1348 via
2780 1295 2988 1365 jaceat,
3021 1296 3152 1352 nihil
3179 1297 3362 1351 valens
3389 1297 3617 1366 amplius

2041 1396 2198 1451 quam
2226 1390 2511 1454 utcumque
2536 1386 2696 1440 verba
2722 1386 2963 1458 proferre
2983 1429 2998 1453 ,
3035 1388 3124 1442 cui
3158 1389 3324 1456 prosit
3357 1383 3423 1443 ad
3453 1389 3632 1444 strin--

2041 1471 2268 1541 gendum
2291 1487 2481 1541 corpus
2502 1475 2672 1544 pirum
2693 1475 2828 1540 dari,
2853 1485 3008 1546 teque
3031 1485 3389 1532 transeuntem
3416 1487 3474 1532 ut
3493 1478 3618 1534 sub-

2043 1549 2223 1616 nias
2251 1571 2396 1627 oret,
2424 1573 2582 1634 atque
2610 1566 2854 1621 obsecret
2883 1575 2940 1621 ut
2963 1567 3031 1624 de
3058 1568 3247 1623 arbore
3275 1568 3511 1637 proxima
3539 1609 3552 1632 ,
3583 1583 3618 1624 a

2041 1669 2142 1724 qua
2164 1655 2309 1708 nullo
2340 1655 2606 1724 humano,
2641 1658 2783 1718 nullo
2808 1657 3036 1729 denique
3074 1660 3342 1728 verojure
3370 1658 3619 1728 prohibe-

2040 1745 2115 1799 ris
2134 1786 2148 1811 ,
2177 1761 2390 1815 pomum
2427 1747 2618 1802 aderas
2642 1749 2875 1812 homini,
2905 1759 3026 1818 post
3053 1750 3316 1821 paululum
3348 1749 3448 1803 nisi
3479 1751 3619 1804 fece-

2043 1836 2117 1891 ris
2144 1837 2428 1903 morituro;
2457 1845 2512 1892 tu
2539 1838 2624 1895 vir
2668 1839 2992 1892 christianos
3033 1849 3088 1896 et
3120 1849 3334 1896 sanctus
3370 1839 3618 1894 transibis

2040 1926 2236 1997 potius,
2263 1935 2317 1981 ct
2353 1927 2617 1982 hominem
2653 1929 2729 1982 sic
2753 1927 2998 1983 atlectum
3027 1938 3432 1998 precantemque
3455 1928 3617 1983 dese-

2040 2033 2129 2072 res
2151 2059 2166 2084 ,
2197 2033 2264 2075 ne
2283 2018 2441 2073 arbor
2459 2019 2627 2088 ploret
2651 2019 2774 2072 dum
2797 2019 2996 2074 fructus
3019 2020 3266 2084 demitur,
3291 2028 3344 2073 et
3365 2027 3420 2072 tu
3441 2019 3628 2088 signa-

2041 2108 2144 2161 culi
2192 2107 2477 2162 dissolutor
2524 2107 2589 2162 ad
2643 2123 2826 2177 poenas
2880 2109 3226 2164 manicbmias
3253 2107 3560 2164 destineris.

2112 2213 2287 2252 mores
2312 2207 2364 2252 et
2385 2198 2740 2260 innocentiam
2767 2199 3121 2269 singularem!

2110 2290 2197 2344 59.
2229 2290 2331 2347 Sed
2354 2291 2463 2360 jam
2485 2291 2550 2345 de
2571 2305 2700 2346 nece
2724 2290 3028 2344 animalium
3055 2288 3318 2359 requiram
3339 2287 3477 2357 quod
3504 2300 3620 2343 m0

2040 2390 2144 2444 vet,
2180 2391 2232 2436 ct
2259 2383 2422 2436 multa
2451 2383 2663 2451 quidem
2691 2381 2992 2451 bujusmodi
3028 2381 3186 2435 etiam
3215 2380 3265 2433 in
3292 2379 3392 2432 hoc
3422 2393 3616 2448 genere

2039 2472 2143 2528 dici
2173 2482 2413 2542 possunt.
2438 2473 2571 2528 Nam
2597 2472 2723 2543 quid
2747 2473 2920 2527 oberit
2943 2471 3132 2525 animae
3159 2469 3284 2539 lupi,
3317 2469 3406 2538 qui
3436 2470 3618 2538 lupum

2040 2565 2370 2620 interfecerit
2401 2583 2414 2619 :
2443 2581 2563 2620 eum
2592 2574 2646 2619 et
2674 2565 2828 2634 lupus
2855 2563 2945 2618 ille
2965 2605 2980 2627 ,
3009 2553 3256 2632 quamdiu
3284 2563 3430 2627 vivit,
3460 2561 3616 2630 lupus

2041 2655 2248 2710 futurus
2285 2657 2388 2721 sit,
2418 2671 2516 2710 nec
2541 2657 2634 2710 ulli
2676 2656 3006 2724 obtemperet
3043 2652 3406 2724 prmdicatori,
3439 2660 3498 2706 ut
3522 2651 3620 2710 ali-

2041 2759 2294 2818 quantum
2320 2749 2388 2802 ab
2407 2749 2583 2803 ovium
2614 2749 2870 2818 sanguine
2899 2753 3183 2815 temperet:
3215 2757 3268 2799 et
3290 2760 3356 2801 ex
3384 2745 3472 2800 illo
3498 2744 3618 2800 vin-

2039 2838 2160 2893 culo
2184 2838 2446 2905 corporis,
2476 2838 2650 2891 anima
2676 2835 2964 2892 secundum
2995 2849 3088 2887 vos
3121 2834 3422 2897 rationalis,
3450 2834 3619 2887 inter-

2039 2927 2174 2984 fecta
2192 2929 2366 2986 bellua
2388 2929 2668 2985 liberetur?
2685 2928 2751 2988 Et
2773 2928 2838 2980 ab
2855 2928 2952 2980 hac
2969 2926 3178 2995 quidem
3195 2926 3338 2988 caede
3355 2925 3622 2983 auditores

2040 3017 2200 3072 etiam
2237 3026 2445 3076 vestros
2483 3017 2774 3087 prohibetis
2803 3033 2816 3070 :
2852 3015 3022 3085 major
3049 3013 3189 3075 enim
3226 3013 3435 3069 videtur
3460 3028 3618 3086 quam

2041 3108 2095 3162 iu
2121 3108 2420 3168 arboribus.
2445 3108 2542 3162 llic
2560 3115 2766 3161 vestros
2792 3121 2983 3161 sensus
3001 3146 3016 3172 ,
3042 3119 3332 3174 corporeos
3352 3103 3619 3168 videlicet,

2040 3215 2148 3253 non
2167 3199 2390 3252 multum
2420 3197 2683 3266 improbo.
2710 3197 2959 3250 Videmus
2991 3195 3132 3249 enim
3162 3201 3217 3248 et
3245 3195 3462 3249 vocibus
3501 3194 3624 3248 sen-

2043 3292 2219 3356 timus,
2240 3305 2359 3345 cum
2377 3289 2563 3345 dolore
2586 3287 2720 3343 mori
2737 3287 3048 3350 animantia,
3071 3285 3210 3354 quod
3231 3285 3442 3354 quidem
3462 3285 3622 3338 homo

2042 3382 2333 3436 contemnit
2360 3381 2413 3434 in
2440 3379 2628 3444 bestia,
2657 3393 2776 3432 cum
2807 3393 2910 3447 qua
2938 3377 3139 3431 scilicet
3165 3375 3477 3429 rationalem
3500 3373 3618 3428 ani-

2042 3488 2182 3529 mam
2222 3487 2325 3534 non
2369 3470 2622 3533 habente,
2666 3469 2808 3531 nulla
2854 3466 2987 3539 legis
3026 3466 3277 3524 societate
3320 3463 3618 3534 copulatur.

2043 3562 2148 3616 Sed
2189 3561 2402 3616 eosdem
2452 3568 2657 3614 vestros
2703 3572 2890 3612 sensus
2933 3557 2985 3611 in
3035 3556 3300 3610 intuendis
3343 3553 3622 3610 arboribus

2043 3669 2224 3723 quaero
2243 3693 2258 3719 ,
2287 3661 2340 3706 et
2363 3667 2458 3705 vos
2483 3665 2651 3704 caecos
2679 3663 2896 3716 prorsus
2931 3647 3160 3700 invenio.
3193 3645 3259 3704 Ut
3287 3645 3428 3698 enim
3464 3643 3622 3698 omit-

2045 3753 2149 3797 tam
2169 3742 2306 3813 quod
2332 3741 2489 3795 nullis
2514 3739 2741 3792 motibus
2768 3739 2817 3791 in
2849 3737 2988 3808 ligno
3017 3749 3205 3790 sensus
3228 3733 3426 3788 doloris
3454 3747 3618 3800 appa-

2044 3844 2158 3898 ret,
2196 3834 2319 3901 quid
2363 3829 2694 3884 manifestius
2732 3843 2887 3897 quam
2920 3837 3044 3880 tunc
3086 3840 3144 3878 se
3189 3824 3385 3893 optime
3424 3822 3620 3876 habere

2043 3925 2288 3980 arborem
2317 3938 2435 3976 eum
2467 3921 2624 3990 viget,
2651 3935 2768 3974 cum
2808 3917 3048 3984 frondet,
3077 3931 3195 3969 eum
3233 3915 3450 3968 oribus
3613 3947 3628 3973 ,

2044 4015 2296 4070 fructibus
2314 4012 2558 4082 opulenta
2577 4019 2658 4065 est
2673 4011 2695 4062 ?
2713 4009 2778 4063 At
2799 4009 2896 4061 hoc.
2916 4009 2962 4062 ei
2984 4008 3288 4076 plerumque
3305 4020 3366 4057 ac
3387 4004 3622 4058 maxime

2044 4109 2314 4176 putatione
2341 4112 2640 4174 pra-statur.
2665 4100 2814 4166 Quod
2860 4100 2904 4152 si
2943 4097 3140 4151 ferrum
3185 4098 3259 4150 sic
3285 4096 3534 4156 sentiret,
3564 4101 3622 4147 ut

2044 4201 2220 4264 vultis,
2257 4196 2658 4252 contabesceret
2686 4193 2858 4262 potius
2894 4199 2973 4245 tot
3002 4190 3263 4257 tantisque
3291 4185 3474 4240 affecta
3501 4185 3619 4237 vul-

2042 4289 2278 4350 neribus,
2299 4302 2454 4357 quam
2477 4302 2537 4340 ex
2563 4285 2664 4338 illis
2686 4283 2950 4353 pullulans
2977 4279 3126 4344 locis,
3151 4287 3258 4339 tam
3281 4285 3422 4332 certa
3445 4274 3626 4330 exsul-

2043 4382 2238 4434 tatione
2268 4378 2630 4432 revirescet-et.

2114 4471 2202 4524 60.
2234 4469 2608 4522 Verumtamen
2645 4479 2740 4517 cur
2768 4461 2941 4529 majus
2969 4460 3114 4515 nefas
3141 4457 3336 4536 putatis
3374 4454 3620 4510 animalia

2042 4579 2197 4634 quam
2223 4564 2413 4634 stirpes
2429 4557 2654 4620 exedere,
2677 4569 2795 4608 cum
2819 4553 2921 4606 illa:
2942 4552 3090 4605 vobis
3109 4551 3372 4620 puriorem
3389 4546 3621 4604 animam

2041 4633 2199 4724 quam
2225 4633 2417 4704 carnes
2438 4647 2635 4700 habere
2665 4643 2976 4704 videantur?
3009 4642 3112 4710 Fit,
3141 4641 3329 4710 inquit,
3361 4652 3617 4707 compen-

2042 4746 2177 4801 satio
2206 4739 2468 4811 quadam,
2493 4753 2612 4790 cum
2639 4752 2821 4790 eorum
2843 4777 2858 4802 ,
2891 4752 3006 4815 qua:
3033 4735 3099 4789 de
3125 4734 3264 4803 agris
3285 4732 3612 4812 auferuntur,

2044 4853 2164 4906 pars
2206 4833 2385 4904 aliqua
2427 4829 2582 4883 datur
2624 4827 2804 4882 electis
2842 4827 3142 4894 sanctisque
3179 4824 3468 4893 purganda.
3499 4821 3617 4876 .lam

2040 4929 2284 4998 superius
2310 4906 2420 4990 ista
2451 4924 2700 4986 frustrata
2739 4927 2890 4980 sunt,
2933 4918 3164 4985 satisque
3200 4915 3618 4970 demonstratum

1985 5081 1990 5086 ,
2042 5032 2142 5086 est,
2175 5028 2428 5090 quantum
2458 5016 2725 5078 existimo,
2753 5011 2893 5065 nulla
2924 5009 3124 5067 ratione
3148 5006 3250 5067 dici
3280 5006 3394 5074 plus
3421 5017 3540 5059 esse
3566 5003 3618 5057 in

2042 5111 2278 5182 frugibus
2317 5108 2482 5178 partis
2508 5107 2646 5161 illius
2688 5106 2836 5158 bona:
2864 5116 3024 5171 quam
3065 5101 3114 5153 in
3142 5099 3410 5153 carnibus.
3444 5096 3545 5153 Sed
3573 5095 3619 5150 si

2042 5199 2334 5256 vendendis
2373 5197 2620 5253 carnibus
2655 5193 2851 5248 victum
2883 5192 3102 5264 quiSque
3141 5196 3432 5254 sustentet,
3463 5196 3622 5256 atque

2043 5306 2203 5347 omne
2231 5291 2348 5351 talis
2383 5288 2577 5358 negotii
2616 5287 2820 5347 lucrum
2851 5284 2902 5338 in
2944 5283 3183 5337 emendis
3207 5283 3499 5336 electorum
3526 5294 3619 5335 ve-

2046 5393 2274 5438 strorum
2302 5381 2435 5435 cibis
2457 5387 2750 5440 consumat,
2776 5377 3055 5446 pluresque
3083 5375 3198 5429 istis
3219 5373 3404 5428 atterat
3423 5371 3623 5427 sanctis

2047 5487 2200 5530 escas
2232 5486 2388 5542 quam
2413 5468 2642 5540 agricola
2667 5475 2723 5522 et
2759 5466 2985 5521 rusticus
3009 5481 3024 5531 ;
3051 5479 3228 5519 nonne
3255 5462 3444 5518 eadem
3469 5477 3619 5518 eom-

2152 5628 2283 5678 ,,
2303 5619 2368 5668 ad
3133 5619 3259 5673 MSS

2049 5685 2096 5735 id
2119 5690 2212 5741 est,
2235 5675 2355 5744 quas
2376 5675 2680 5729 minuebatur
2701 5680 2982 5730 Manichaeus
3041 5689 3202 5742 supra,
3225 5688 3275 5725 .
3295 5675 3374 5726 55.
3478 5675 3623 5732 ani-

2050 5745 2212 5807 cha'is,
2233 5744 2369 5806 juxta
2389 5749 2461 5790 Er.
2485 5749 2534 5791 et
2559 5749 2675 5789 ven.
2738 5747 2795 5789 at.
