4138 6364
520 358 650 417 ,571

515 469 830 545 pensatione
854 467 954 525 sibi
984 465 1267 521 animantia
1295 464 1456 520 licere
1482 462 1743 532 perimere
1768 457 2053 517 clamitabit
2069 461 2095 513 ἲ

518 565 636 631 Est,
660 564 848 634 inquit,
871 561 972 617 alia
1001 560 1240 630 quaedam
1262 556 1615 636 secretissima
1636 555 1791 609 ratio.
1815 555 1929 608 Non
1953 554 2095 608 enim

516 660 670 715 deest
715 656 918 713 homini
962 653 1154 711 callido
1196 651 1449 707 adversus
1500 652 1742 707 indoctos
1784 652 1837 706 in
1891 662 2095 711 natura:

516 750 841 808 obscuritate
865 745 1180 817 perfugium.
1207 742 1466 798 leestes
1485 743 1647 806 enim,
1680 743 1772 809 ait,
1808 743 2092 811 principes,

514 841 604 910 qui
625 840 693 894 de
720 848 875 908 gente
906 838 1240 892 tenebrarum
1268 835 1405 903 capti
1432 843 1588 903 atque
1612 834 1771 888 vincti
1791 875 1805 899 ,
1835 848 1867 891 a
1894 833 2092 888 Condi-

513 942 632 987 tore
678 929 857 985 mundi
888 928 938 982 in
984 927 1086 981 illis
1123 926 1348 980 ordinati
1383 934 1505 978 sunt
1547 925 1704 993 locis,
1748 939 1843 978 sua
1873 925 2094 994 quisque

513 1021 749 1093 possidet
778 1023 827 1073 in
864 1027 1004 1073 terra
1029 1016 1275 1071 animalia
1298 1058 1311 1081 ,
1340 1016 1407 1069 de
1443 1032 1549 1077 suo,
1565 1016 1769 1073 scilicet
1805 1031 1999 1085 genere
2031 1029 2093 1070 ae

510 1114 675 1182 stirpe
702 1111 962 1165 venientia
990 1110 1115 1181 :qni
1140 1118 1505 1179 peremptores
1531 1122 1714 1163 eorum
1742 1123 1863 1188 reos
1890 1114 2087 1174 tenent,

511 1222 613 1262 nec
639 1205 705 1260 de
732 1205 832 1258 hoc
871 1204 1067 1259 mundo
1094 1208 1240 1261 exire
1277 1203 1619 1272 permittunt,
1660 1203 1937 1272 prrnisque
1975 1203 2092 1257 illos

509 1296 700 1367 quibus
726 1303 966 1373 possunt,
995 1303 1049 1350 et
1083 1295 1405 1350 cruciatibus
1436 1302 1687 1349 atterunt.
1719 1294 1847 1361 Quis
1872 1295 2091 1362 imperi-

510 1395 686 1441 torum
726 1385 840 1440 bare
870 1401 975 1442 non
1016 1385 1280 1448 formidet,
1310 1394 1363 1440 et
1387 1384 1478 1455 qui
1504 1386 1554 1439 in
1591 1393 1731 1439 tanta
1771 1387 2092 1443 obscuritate

512 1475 644 1533 nihil
665 1475 827 1543 videt,
856 1476 958 1543 hoc
983 1476 1055 1530 ita
1080 1484 1139 1539 ut
1158 1476 1349 1530 dicitur
1366 1491 1484 1531 esse
1511 1491 1613 1531 non
1640 1478 1964 1532 arbitretur?
1986 1478 2091 1565 Sed

509 1582 610 1637 ego
640 1566 934 1621 institutum
961 1582 1068 1621 non
1098 1566 1392 1647 relinquam
1417 1582 1593 1622 meum
1614 1608 1629 1633 ,
1660 1568 1746 1622 cui
1786 1568 1922 1623 Deus
1960 1568 2083 1623 adc-

507 1660 612 1726 rit,
643 1667 699 1714 ut
727 1660 1059 1730 apertissima
1097 1661 1319 1716 veritate
1359 1660 1584 1716 obscura
1626 1661 1899 1716 mendacia
1930 1661 2090 1717 refel-

505 1750 701 1805 lantur.

576 1843 664 1897 6l.
692 1842 884 1910 Quaero
913 1844 1079 1910 enim,
1121 1843 1165 1899 si
1191 1842 1437 1899 animalia
1464 1859 1580 1914 quae
1620 1845 1669 1897 in
1700 1844 1856 1899 terris
1890 1852 2014 1899 sunt
2034 1853 2088 1899 et

505 1933 559 1988 in
589 1934 762 2004 aquis,
792 1934 859 1989 de
888 1934 977 1987 illo
1007 1949 1202 2004 genere
1236 1934 1533 2005 principum
1564 1950 1660 2004 per
1697 1936 2086 1990 successionem

503 2025 671 2094 prolis
690 2032 743 2078 ct
762 2024 1123 2094 operationem
1142 2024 1452 2079 concubitus
1473 2026 1709 2089 veniunt,
1733 2040 1851 2079 cum
1876 2025 1940 2079 ad
1968 2026 2087 2081 illos

502 2115 777 2189 abortivos
816 2117 952 2173 fetus
977 2125 1252 2171 revocatur
1280 2117 1429 2186 origo
1470 2120 1797 2172 nascentium
1822 2136 1835 2183 ;
1862 2134 2043 2188 quaero
2068 2161 2084 2187 ,

503 2208 738 2277 inquam,
761 2208 805 2261 si
834 2208 903 2261 ita
923 2216 1021 2271 est,
1047 2216 1220 2262 utrum
1244 2223 1392 2277 apes,
1417 2216 1469 2261 et
1489 2222 1666 2270 ranas,
1697 2216 1749 2263 et
1773 2209 1872 2265 alia
1897 2210 2082 2275 multa,

502 2314 622 2369 qua:
640 2296 756 2357 sine
775 2297 1058 2353 concubitu
1085 2298 1387 2369 gignuntur,
1416 2316 1521 2355 non
1548 2301 1614 2355 sit
1634 2300 1785 2361 nefas
1805 2296 2086 2357 occidere?

499 2390 656 2446 Nefas
673 2406 791 2446 esse
811 2391 1003 2446 dicitis.
1026 2391 1141 2447 Non
1164 2408 1289 2462 ergo
1308 2402 1528 2464 propter
1551 2395 1919 2463 cognationem
1944 2396 2087 2464 prin-

433 2477 443 2487 ’
501 2481 677 2553 cipum
704 2484 882 2538 nescio
910 2499 1156 2553 quorum,
1186 2486 1253 2540 ab
1279 2485 1624 2540 animantium
1657 2500 1786 2541 nece
1812 2486 2081 2545 auditores

499 2583 705 2629 vestros
750 2573 1062 2644 prohibetis.
1114 2575 1221 2631 Aut
1260 2577 1303 2630 si
1354 2577 1660 2645 generalem
1712 2579 2079 2647 cognationem

500 2665 739 2719 omnium
778 2679 897 2721 esse
939 2681 1224 2736 corporum
1253 2667 1457 2733 dicitis,
1506 2669 1723 2723 arbores
1766 2684 1976 2740 quoque
2012 2670 2105 2737 ad.

499 2756 742 2812 eamdem
769 2757 1063 2826 principum
1086 2757 1430 2812 offensionem
1459 2758 1639 2827 procul
1662 2758 1823 2813 dubio
1851 2761 2083 2839 pertine-

497 2844 650 2908 bunt,
673 2846 865 2915 quibus
883 2862 1104 2917 parcere
1134 2862 1237 2899 nou
1260 2856 1339 2901 est
1362 2847 1667 2905 mandatum
1692 2848 2077 2903 auditoribus’.

498 2934 725 2997 Reditur
749 2951 874 3005 ergo
904 2936 969 2991 ad
1002 2936 1127 2991 illud
1159 2938 1443 2992 invalidum
1466 2981 1479 3005 ,
1507 2955 1568 2994 ea
1596 2955 1715 3010 quae
1750 2940 1801 2994 in
1829 2942 2080 3012 stirpibus

496 3024 769 3082 auditores
796 3025 1025 3091 laedunt,
1052 3029 1255 3096 expiari
1282 3042 1379 3098 per
1411 3027 1614 3083 fructus
1645 3045 1779 3099 quos
1817 3031 2082 3091 adtcccle-

497 3115 631 3169 siam
661 3125 888 3170 vestram
920 3117 1108 3172 ferunt.
1136 3120 1337 3172 Dictum
1367 3130 1447 3176 est
1472 3122 1611 3175 enim
1642 3122 1744 3177 hoc
1769 3124 1948 3191 modo,
1986 3141 2080 3179 eos

496 3204 588 3274 qui
618 3205 669 3259 in
705 3207 930 3261 macello
960 3208 1159 3262 laniant
1186 3210 1431 3269 animalia
1464 3227 1755 3282 carnesque
1782 3216 2074 3282 venditant,

497 3294 543 3350 si
565 3296 727 3351 vestri
752 3296 1021 3352 auditores
1046 3300 1150 3353 sint
1169 3340 1185 3366 ,
1215 3316 1413 3370 suaque
1442 3303 1585 3356 lucra
1616 3308 1935 3372 comparatis
1968 3306 2079 3360 fru-

495 3384 651 3455 gibus
673 3385 824 3442 vobis
851 3387 1145 3454 conferant,
1177 3380 1375 3445 cmdem
1408 3393 1549 3447 illam
1588 3396 1947 3463 quotidianam
1978 3397 2080 3454 sibi

495 3477 660 3534 licere
701 3488 1073 3549 contemnere,
1124 3492 1187 3543 et
1215 3484 1466 3555 quidquid
1511 3486 1563 3541 in
1603 3502 1664 3541 ea
1712 3490 1912 3557 peccati
1960 3498 2095 3573 est,

496 3572 693 3637 vestris,
715 3573 881 3642 epulis
909 3575 1127 3629 aboleri.

569 3662 659 3718 62.
687 3663 839 3732 Quod
868 3666 911 3720 si
938 3666 1143 3734 dicatis,
1167 3668 1611 3737 quemadmodum
1643 3673 1709 3727 de
1736 3676 1908 3744 pomis
1934 3685 1987 3732 et
2012 3676 2081 3732 de

496 3754 750 3823 oleribus,
769 3758 1146 3814 conferendum
1171 3759 1333 3816 fuisse
1354 3771 1409 3815 ut
1440 3763 1525 3816 illa
1550 3764 1844 3821 interfectio
1866 3769 2077 3823 veniam

497 3858 829 3916 mereretur;
859 3850 1001 3921 quod
1030 3852 1153 3920 quia
1194 3852 1305 3906 ﬁeri
1351 3869 1454 3906 non
1504 3864 1676 3923 potest
1708 3856 1892 3926 (electi
1934 3858 2077 3912 enim

496 3950 602 4013 non
624 3939 787 4007 edunt
815 3956 1028 3996 carnem
1051 3942 1093 4014 ),
1120 3945 1522 4013 temperandum
1546 3962 1665 4002 esse
1689 3948 2018 4004 auditoribus
2047 3966 2078 4008 a

495 4044 627 4097 nece
666 4030 1157 4103 animalium:quid
1207 4036 1596 4104 respondebitis
1642 4039 1707 4093 de
1752 4028 1917 4110 spinis
1952 4041 2076 4096 her-

493 4119 683 4191 bisque
712 4122 985 4178 inutilibus
1004 4166 1019 4190 ,
1060 4141 1193 4194 quas
1222 4127 1500 4182 evellendo
1531 4131 1584 4184 in
1624 4131 1766 4201 agris
1793 4135 2077 4204 purgandis

494 4211 738 4282 agricola:
768 4224 987 4275 necant,
1017 4231 1116 4269 nec
1150 4232 1216 4271 ex
1246 4216 1330 4273 bis
1363 4220 1512 4273 vobis
1542 4232 1766 4290 possunt
1803 4226 1950 4279 cibos
1976 4228 2077 4281 ali-

498 4317 632 4370 quos
659 4302 947 4358 exhibere?
973 4304 1248 4374 Quomodo
1274 4309 1341 4363 ad
1366 4312 1572 4365 veniam
1612 4315 1895 4382 pertinebit
1933 4329 2073 4373 tanta

494 4393 756 4462 vastatio,
801 4395 941 4451 unde
979 4398 1119 4453 nulla
1163 4408 1245 4454 est
1283 4416 1404 4457 esca
1445 4408 1899 4464 sanctorumiAn
1936 4408 2074 4468 forte

490 4484 744 4555 quidqhid
766 4498 1039 4556 peccatum
1062 4489 1216 4547 fuerit
1240 4502 1295 4548 ut
1319 4493 1493 4565 fruges
1518 4503 1573 4552 et
1599 4513 1751 4568 poma
1774 4502 2070 4572 proficiant,

490 4585 545 4630 et
572 4576 639 4633 de
666 4578 794 4649 ipsis
822 4579 1055 4650 frugibus
1080 4593 1136 4639 et
1176 4586 1349 4654 pomis
1374 4589 1569 4658 aliquid
1605 4593 1932 4649 comedendo
1959 4596 2071 4651 dis-

489 4666 733 4723 solvitis?
752 4669 889 4737 Quid
922 4672 965 4725 si
991 4687 1117 4743 ergo
1142 4688 1297 4743 agros
1337 4677 1551 4732 locustae
1578 4690 1668 4734 aut
1695 4698 1873 4739 mures
1903 4693 1956 4739 et
1980 4701 2070 4740 so-

490 4758 625 4813 rices
653 4769 881 4830 vastant,
926 4763 1068 4832 quod
1110 4780 1253 4835 smpe
1295 4768 1535 4823 accidere
1570 4772 1905 4827 manifestum
1945 4776 2070 4831 est?

494 4860 702 4924 lopune
731 4855 796 4909 ab
828 4856 1057 4927 agricola
1087 4868 1267 4913 vestro
1292 4860 1535 4916 auditore
1563 4864 1919 4933 necabnntur,
1945 4866 2066 4938 quia

488 4942 605 4998 ideo
635 4954 817 5013 peccat
856 4955 912 5000 ut
943 4946 1145 5003 fructus
1182 4951 1492 5018 proficiant?
1521 4952 1617 5008 llic
1646 4964 1790 5011 certe
1830 4971 2068 5012 coarcta-

485 5033 634 5090 miut.
667 5038 770 5089 Aut
794 5039 935 5090 enim
967 5032 1260 5094 conceditis
1289 5042 1615 5099 auditoribus
1647 5045 2065 5104 interfectionem

484 5125 816 5195 animalium,
845 5145 1000 5199 quam
1028 5140 1204 5186 vester
1226 5143 1411 5189 auctor
1438 5138 1733 5193 concedere
1764 5140 1949 5207 noluit,
1978 5151 2069 5198 aut

481 5231 577 5271 eos
606 5217 675 5271 ab
705 5218 1022 5289 agricultura
1049 5225 1207 5277 etiam
1236 5225 1584 5295 prohibebitis
1603 5270 1619 5295 ,
1651 5247 1807 5299 qnam
1832 5233 1918 5288 ille
1939 5250 2069 5289 con-

480 5306 663 5362 cessit.
687 5307 995 5382 Quanquam
1023 5330 1165 5384 sa'pe
1189 5316 1348 5369 etiam
1379 5316 1556 5373 dicere
1587 5319 1825 5377 audeatis
1856 5323 2064 5379 fenera-

483 5409 653 5454 torem
672 5400 1087 5461 innocentiorem
1117 5424 1406 5479 essequam
1433 5412 1717 5479 rusticum;
1742 5432 1912 5487 usque
1933 5418 2066 5474 adeo

482 5490 781 5549 melonibus
803 5510 960 5568 quam
984 5498 1286 5557 hominibus
1306 5502 1435 5556 estis
1457 5505 1753 5560 amiciores.
1777 5507 1830 5563 Si
1853 5510 2064 5579 quidem

531 5627 1659 5719 adimitis;
1879 5650 2065 5719 verior.

468 5688 667 5765 tametsi
690 5690 769 5765 ad.
784 5697 897 5765 Lov:
920 5695 967 5763 in
991 5697 1260 5765 marginem
1282 5688 1484 5762 reject—av.
1509 5688 1577 5754 De

468 5750 706 5805 (litoribus
724 5752 862 5818 plura
884 5755 962 5805 hic
983 5750 1177 5819 passim.

1422 348 1511 404 DF.
1548 344 1846 400 MORIBUS
1884 337 2430 412 ΜᾹΝΙΟΙΙᾸΞΟΒΠΜ,
2471 347 2525 402 S.
2569 347 2942 406 AUGUSTINI

3656 355 3798 411 1372

2207 455 2279 508 illi
2323 475 2388 512 ne
2436 460 2733 530 Lcdantur,
2784 466 2974 521 melius
2999 464 3251 537 iudicatis
3289 467 3559 525 hominem
3605 471 3796 528 fenore

2208 549 2475 604 trucidari.
2500 552 2744 611 Hmccine
2766 567 2848 611 est
2867 559 3182 627 appetenda,
3206 568 3259 615 et
3282 559 3615 632 praedicanda
3638 565 3795 633 justi-

2206 640 2296 703 tia,
2329 656 2395 695 an
2423 645 2597 712 potius
2616 650 2937 705 exsecranda
2965 660 3019 705 et
3043 651 3339 709 damnanda
3362 652 3570 709 fallacia
3587 655 3614 709 ἲ
3639 656 3793 711 lime-

2202 731 2321 786 cine
2369 743 2451 787 est
2502 736 2866 793 misericordia
2911 743 3303 811 memorabilis,
3349 760 3415 799 an
3461 747 3788 802 exsecranda

2200 823 2376 891 potius
2402 824 2744 883 immanitas?

2271 913 2359 969 65.
2386 916 2521 982 Quid
2550 918 2738 987 quoda
2760 935 2894 977 nece
2917 923 3224 979 animalium
3248 940 3346 980 nee
3372 941 3468 982 vos
3489 928 3586 997 ipsi
3615 928 3667 983 in
3697 943 3790 998 pe-

2198 1003 2392 1059 diculis
2418 1016 2473 1061 et
2492 1009 2751 1079 pulicibus
2771 1021 2823 1065 et
2846 1012 3122 1069 cimicibus
3148 1018 3493 1085 temperatis?
3515 1018 3789 1088 Magnam-

2198 1112 2301 1167 que
2327 1097 2484 1168 hujus
2510 1088 2587 1155 rei
2612 1100 2979 1159 defensionem
3003 1108 3213 1174 putatis,
3237 1108 3381 1177 quod
3408 1110 3501 1164 has
3526 1124 3646 1165 esse
3670 1125 3789 1165 sor-

2198 1187 2293 1241 des
2318 1199 2621 1245 nostrorum
2666 1208 2947 1263 corporum
2985 1196 3177 1251 dicitis.
3219 1197 3370 1266 Quod
3397 1200 3569 1268 primo
3601 1208 3787 1270 aperte

2199 1280 2385 1334 falsum
2414 1282 2479 1337 de
2500 1284 2673 1353 pulice
2703 1294 2756 1340 et
2780 1288 2969 1341 cimice
2998 1289 3208 1344 dicitur.
3239 1290 3335 1345 Cui
3360 1292 3504 1346 enim
3533 1308 3639 1347 non
3670 1309 3785 1348 ma-

2197 1368 2448 1425 nifestum
2490 1384 2572 1428 est
2618 1374 2733 1433 lucc
2775 1377 3025 1435 animalia
3068 1395 3173 1433 non
3216 1379 3285 1435 de
3332 1391 3516 1437 nostro
3559 1398 3787 1453 corpore

2196 1461 2425 1529 existere
2445 1464 2469 1518 ?
2492 1466 2690 1521 Deinde
2720 1470 2763 1521 si
2785 1472 3122 1524 concubitum
3148 1472 3517 1530 vehementius
3536 1490 3785 1531 exsecra-

2195 1553 2346 1618 mini,
2378 1555 2518 1623 quod
2548 1557 2766 1612 nimium
2790 1560 2952 1615 videri
2985 1563 3165 1630 vultis,
3197 1579 3293 1618 cur
3318 1581 3427 1623 non
3456 1566 3609 1623 vobis
3630 1584 3787 1623 mun-v

2196 1644 2342 1700 diora
2370 1648 2615 1703 videntur
2635 1653 2907 1721 animalia,
2932 1670 3049 1725 qua:
3070 1657 3185 1711 sine
3200 1658 3483 1713 concubitu
3505 1660 3571 1714 de
3600 1671 3781 1717 nostra

2194 1751 2356 1794 carne
2403 1744 2728 1796 nascuntur?
2772 1759 3074 1816 quanquam
3119 1732 3283 1803 enim.
3310 1761 3494 1819 postea
3542 1754 3781 1809 coeundo

2196 1829 2424 1898 pariant.
2453 1848 2560 1887 non
2596 1842 2770 1893 tamen
2813 1836 2965 1891 nobis
2990 1840 3304 1895 coeuntibus
3341 1840 3409 1896 de
3451 1852 3635 1898 nostro
3663 1859 3781 1898 cor-

2193 1934 2325 1991 pore
2366 1924 2538 1993 primo
2576 1936 2885 1995 nascuntur.
2923 1928 3039 1985 Jam
3074 1946 3217 1999 vero,
3237 1932 3281 1986 si
3327 1948 3673 2004 quaecumque
3713 1932 3782 1990 de

2194 2013 2491 2071 viventibus
2536 2018 2828 2089 gignuntur.
2871 2023 3217 2092 corporibus,
3249 2024 3614 2081 sordidissima
3658 2035 3782 2084 sunt

2193 2106 2445 2179 putanda,
2478 2110 2645 2164 multo
2676 2112 2842 2182 magis
2861 2128 3210 2186 quaecumque
3236 2115 3303 2173 de
3329 2119 3570 2175 mortuis.
3600 2118 3781 2189 Impu-

2193 2194 2311 2248 nius
2336 2210 2465 2265 ergo
2493 2199 2753 2254 occiditur
2780 2203 2862 2255 vel
2892 2217 3047 2257 sorex
3063 2246 3076 2267 ,
3101 2206 3182 2261 vel
3207 2208 3414 2277 anguis,
3438 2208 3521 2264 vel
3546 2202 3776 2279 Scorpio,

2190 2300 2325 2353 quos
2354 2286 2419 2341 de
2448 2289 2691 2344 humanis
2722 2293 3068 2351 cadaveribus
3104 2298 3282 2365 nasci,
3310 2313 3339 2351 a
3383 2299 3535 2353 vobis
3559 2301 3777 2375 potissi~

2190 2389 2336 2429 mum
2368 2377 2604 2433 solemus
2642 2381 2844 2436 audire.
2870 2382 2976 2439 Sed
3004 2386 3229 2441 obscura
3255 2390 3443 2447 omitto
3470 2398 3523 2444 et
3550 2392 3775 2446 incerta.

2190 2464 2265 2529 De
2284 2466 2471 2538 apibus
2499 2477 2644 2524 certe
2671 2470 2807 2526 fama
2833 2482 2916 2529 est
2935 2474 3212 2543 celebrior,
3241 2478 3382 2548 quod
3403 2481 3469 2533 de
3500 2481 3660 2535 boum
3686 2496 3779 2536 ea-

2190 2558 2476 2619 davcribus
2528 2569 2785 2628 oriantur.
2817 2568 2960 2641 Ergo
2998 2572 3307 2647 occiduntur
3348 2575 3582 2644 impune.
3623 2578 3693 2631 At
3733 2577 3777 2631 si

2190 2651 2292 2708 hoc
2315 2670 2525 2727 quoque
2546 2658 2763 2718 dubium
2795 2669 2896 2727 est,
2925 2677 3081 2718 nemo
3113 2664 3223 2719 fere
3250 2665 3316 2719 de
3337 2668 3606 2731 scarabeis
3628 2669 3776 2724 dubi-

2194 2753 2297 2813 tat,
2333 2748 2458 2817 quin
2498 2749 2566 2804 de
2605 2749 2729 2805 flmo
2771 2752 2823 2807 in
2864 2755 3022 2822 pilam
3057 2756 3341 2811 rotundato
3379 2759 3445 2813 ab
3491 2758 3575 2813 his
3618 2771 3779 2831 atque

2189 2838 2378 2893 obruto
2406 2842 2635 2896 exiStant
2663 2843 2759 2915 (a).
2785 2845 2907 2899 llzec
2934 2846 3091 2917 igitur
3129 2848 3417 2921 animantia
3448 2860 3503 2905 et
3526 2851 3631 2905 alia
3656 2868 3775 2922 qua:

2190 2931 2435 3000 persequi
2457 2932 2670 3002 longum
2699 2943 2799 3002 est,
2824 2936 3118 2992 sordidiora
3143 2949 3287 2993 certe
3310 2939 3514 2995 debetis
3542 2943 3771 3012 opinari,

2188 3034 2344 3089 quam
2376 3021 2646 3090 pediculos
2675 3036 2910 3092 vestros;
2940 3039 2993 3081 et
3021 3037 3194 3082 tamen
3226 3029 3315 3084 illa
3352 3030 3596 3086 occidere
3625 3031 3777 3088 nefas

2188 3109 2339 3165 vobis
2366 3111 2605 3177 videtur,
2639 3114 2721 3169 his
2765 3126 2941 3170 autem
2974 3133 3194 3187 parcere
3218 3120 3436 3175 stultum
3468 3124 3606 3178 :nisi
3640 3123 3777 3181 forte

2186 3200 2328 3271 quod
2354 3212 2476 3256 sunt
2506 3203 2617 3259 haec
2637 3206 2883 3281 animalia
2908 3224 3064 3277 parva
3093 3214 3450 3269 contemnitis.
3472 3214 3612 3271 Sane
3638 3216 3681 3270 si
3704 3219 3773 3271 ita

2188 3304 2269 3349 est
2288 3338 2305 3362 ,
2338 3304 2393 3351 ut
2419 3298 2612 3353 animal
2642 3316 2745 3371 quo
2774 3301 2984 3358 brevius
3024 3313 3139 3372 est,
3180 3321 3244 3360 eo
3271 3310 3626 3380 contemptius
3656 3326 3775 3366 esse

2187 3385 2400 3454 debeat,
2432 3404 2649 3445 necesse
2678 3401 2760 3449 est
2785 3395 3046 3449 camelum
3076 3396 3274 3451 homini
3298 3399 3612 3468 prmferatis.

2263 3478 2351 3533 64.
2394 3480 2506 3535 lluc
2535 3482 2738 3537 accedit
2778 3484 2866 3555 illa
2896 3486 3132 3556 gradatio
3152 3531 3168 3553 ,
3197 3505 3315 3559 quae
3345 3506 3490 3545 cum.
3503 3508 3597 3548 vos
3625 3494 3775 3557 audi—

2187 3586 2339 3638 rem,
2390 3587 2486 3627 nos
2522 3588 2664 3643 scepe
2713 3577 2959 3633 turbavit.
3000 3580 3154 3639 Nulla
3182 3582 3322 3636 enim
3363 3598 3521 3638 causa
3568 3594 3647 3639 est
3675 3601 3775 3643 cur

2188 3668 2401 3730 propter
2431 3677 2647 3730 parvum
2678 3669 2916 3737 corporis
2961 3670 3261 3735 modulum,
3302 3674 3457 3742 pulex
3498 3675 3772 3732 necandus

2186 3753 2272 3817 sit,
2303 3769 2407 3809 non
2434 3757 2592 3810 etiam
2624 3773 2805 3814 musca
2833 3776 2951 3831 quae
2972 3762 3023 3815 in
3054 3763 3167 3818 faba
3191 3765 3436 3834 gignitur.
3468 3765 3601 3821 Etsi
3627 3767 3766 3833 haec,

2185 3857 2280 3896 cur
2309 3859 2413 3898 non
2453 3846 2610 3901 etiam
2652 3848 2751 3903 ista
2790 3851 2945 3920 paulo
2982 3855 3226 3923 amplior,
3258 3857 3411 3925 cujus
3448 3867 3593 3913 certe
3632 3858 3773 3915 fetus

2184 3934 2363 3990 minor
2384 3944 2466 3991 est
2493 3954 2649 4008 quam
2668 3941 2789 4022 ’illa.
2814 3942 2925 3997 Hoc
2952 3946 3110 4000 etiam
3137 3948 3396 4017 sequitur,
3426 3957 3483 4001 ut
3506 3950 3620 4020 apis
3641 3967 3767 4020 quo-

2184 4044 2286 4098 que
2315 4030 2429 4085 sine
2459 4033 2608 4103 culpa
2654 4036 2970 4103 perimatur,
2998 4039 3149 4109 cujus
3190 4040 3365 4110 pullus
3405 4040 3530 4096 huic
3573 4059 3771 4098 musca}

2184 4130 2507 4191 cozequatur.
2544 4124 2667 4178 inde
2696 4126 2761 4179 ad
2784 4127 3000 4183 locusta:
3028 4130 3223 4199 pullum
3256 4141 3309 4184 et
3335 4131 3614 4197 loeustam,
3647 4133 3771 4187 inde

2182 4210 2249 4267 ad
2299 4214 2497 4281 pullum
2541 4216 2706 4269 muris
2744 4224 2798 4271 et
2832 4234 3060 4273 murem.
3089 4220 3157 4273 Et
3198 4236 3266 4275 ne
3304 4221 3519 4293 longum
3557 4222 3765 4291 faciam,

2185 4316 2362 4357 nonne
2389 4302 2580 4358 videtis
2617 4304 2699 4358 his
2735 4307 2984 4375 gradibus
3009 4308 3075 4363 ad
3105 4309 3446 4380 elephantum
3477 4313 3760 4383 perveniri,

2182 4401 2239 4454 ut
2266 4392 2482 4446 omnino
2508 4396 2738 4449 recusari
2767 4412 2869 4451 non
2894 4400 3057 4467 possit
3078 4400 3343 4471 ingentem
3371 4402 3510 4457 illam
3533 4403 3761 4458 belluam

2180 4483 2296 4537 sine
2335 4485 2491 4555 culpa
2533 4500 2591 4541 se
2639 4488 2909 4555 occidere,
2941 4492 3181 4563 quisquis
3229 4503 3440 4565 propter
3484 4496 3763 4565 parvulum

2179 4591 2373 4645 corpus
2408 4577 2828 4640 interfectionem
2857 4582 3046 4651 pulieis
3075 4595 3346 4653 peccatum
3376 4602 3492 4645 esse
3522 4602 3629 4641 non
3661 4604 3761 4657 pu-

2178 4669 2293 4722 tat?
2320 4668 2424 4725 Sed
2447 4670 2554 4740 jam
2584 4673 2743 4727 etiam
2771 4672 2836 4729 de
2880 4675 3180 4746 hujusmodi
3218 4680 3371 4750 nugis
3402 4681 3532 4736 satis
3561 4680 3760 4739 dictum

2176 4759 2426 4816 arbitror.

2173 4852 2397 4909 CAPUT
2418 4853 2598 4911 XVIII.
2618 4888 2688 4896 —
2711 4855 2785 4912 De
2801 4860 3060 4930 signaculo
3086 4862 3225 4917 simis
3252 4873 3297 4918 et
3323 4864 3555 4936 nefandis
3579 4876 3762 4937 myste-

2700 4951 2790 5005 riis
2818 4951 2873 5004 Μ
2876 4953 3236 5011 artic/imorum.

2245 5036 2330 5092 65.
2368 5038 2551 5094 Restat
2595 5041 2921 5110 signaculum
2964 5042 3146 5110 sinus,
3198 5045 3247 5097 in
3279 5060 3383 5116 quo
3421 5046 3643 5102 multum
3681 5047 3757 5102 in-

2173 5138 2315 5183 certa
2344 5138 2428 5185 est
2456 5131 2670 5185 castitas
2699 5142 2893 5186 vestra.
2925 5132 3039 5187 Non
3077 5135 3220 5189 enim
3261 5136 3597 5191 concubitum
3617 5179 3631 5203 ,
3664 5136 3757 5192 sed

2174 5229 2231 5275 ut
2272 5221 2424 5290 longe
2457 5232 2580 5277 ante
2613 5223 2682 5279 ab
2721 5222 2979 5293 Apostolo
3011 5224 3209 5280 dictum
3252 5235 3353 5292 est,
3385 5243 3509 5283 vere
3550 5230 3757 5297 nuptias

2173 5313 2471 5381 prohibetis
2509 5313 2559 5389 (Ι
2589 5313 2720 5367 Tim.
2768 5332 2851 5384 tv,
2879 5316 2973 5387 5),
3017 5334 3137 5387 qua:
3178 5317 3295 5373 talis
3315 5322 3492 5389 Operis
3534 5336 3639 5374 una
3676 5310 3783 5376 est

2175 5407 2395 5462 honesta
2417 5407 2675 5464 defensio.
2700 5408 2794 5464 llic
2824 5426 2931 5468 non
2950 5410 3133 5466 dubito
3153 5427 3249 5467 vos
3267 5427 3388 5470 esse
3415 5412 3754 5481 clamaturos,

2176 5500 2530 5570 invidiamque
2554 5498 2808 5569 facturos,
2841 5502 3098 5571 dicendo,
3128 5506 3425 5561 castitatem
3468 5506 3756 5576 perfectam

2174 5609 2267 5648 vos
2297 5593 2640 5649 vehementer
2680 5595 3054 5651 commendare
3090 5607 3247 5669 atque
3271 5597 3511 5668 laudare,
3540 5614 3647 5654 non
3678 5608 3756 5655 ta-

2233 5776 2305 5839 (τι)
2326 5776 2425 5826 \‘id.
2449 5783 2651 5827 Rctract.
2676 5776 2759 5827 lib.
2787 5776 2830 5838 l,
2853 5791 2956 5841 cap.
2978 5779 3027 5840 7,
3048 5792 3096 5829 ιι.
3119 5778 3165 5827 6,
