4138 6364
393 372 530 432 i573

392 502 518 544 men
571 481 781 553 nuptias
844 478 1158 550 pro‘iberc;
1217 473 1641 547 quandoquidem
1701 470 1971 526 auditores

389 575 574 639 vestri,
601 588 824 645 quorum
854 571 991 642 apud
1023 587 1114 624 vos
1140 567 1405 624 secundus
1426 573 1507 621 est
1529 563 1743 636 gradus,
1775 562 1972 618 ducere

391 680 552 739 atque
599 667 793 722 habere
840 678 943 717 non
996 661 1372 735 prohibeamur
1415 672 1626 710 uxores.
1677 646 1806 720 Qum
1851 666 1971 706 cum

390 777 581 834 magna
606 775 736 814 voce
776 767 830 814 et
871 772 1056 827 magna
1085 753 1440 824 indignatione
1468 747 1722 811 dixeritis,
1751 760 1850 814 ego
1881 756 1973 798 vos

395 855 570 911 lenius
605 849 940 917 interrogabo
963 848 1028 902 ad
1057 849 1197 902 hunc
1235 844 1449 898 modum
1479 859 1490 894 :
1523 854 1699 894 nonne
1727 851 1821 890 vos
1847 835 1972 889 estis

393 947 484 1017 qui
515 945 648 999 filios
672 945 909 1013 gignere,
947 956 1012 996 eo
1039 939 1178 1010 quod
1216 937 1404 991 animae
1443 935 1672 1005 ligentur
1708 931 1758 984 in
1788 943 1969 992 carne,

392 1037 607 1109 gravius
638 1036 832 1105 putatis
862 1048 980 1088 esse
1009 1040 1302 1101 peccatum,
1335 1042 1490 1097 quam
1521 1027 1690 1094 ipsum
1718 1018 1973 1076 concubi-

392 1129 548 1184 tum?
575 1126 762 1180 Nonne
800 1139 896 1180 vos
925 1123 1053 1180 estis
1096 1121 1184 1192 qui
1230 1134 1326 1173 nos
1361 1116 1610 1171 solebatis
1639 1125 1876 1174 monere,
1917 1117 1974 1162 ut

390 1226 643 1292 quantum
686 1214 800 1270 fieri
841 1222 1042 1283 posset,
1075 1212 1480 1265 observaremus
1513 1215 1737 1272 tempus,
1775 1216 1880 1270 quo
1905 1197 1973 1254 ad

389 1318 699 1380 conceptum
742 1307 932 1360 mulier
973 1314 1089 1374 post
1118 1300 1428 1372 genitalium
1463 1299 1724 1353 viscerum
1773 1307 1971 1364 purga-

391 1401 585 1456 tionem
616 1406 740 1468 apta,
762 1404 923 1469 esset,
947 1410 1116 1463 eoque
1139 1402 1378 1462 tempore
1401 1404 1430 1442 a
1455 1387 1737 1442 concubitu
1766 1394 1971 1452 tempe-

389 1504 654 1567 raremus,
687 1503 754 1542 ne
790 1487 934 1542 carni
964 1486 1137 1539 anima
1178 1478 1576 1551 implicaretur?
1606 1477 1682 1531 Ex
1715 1491 1817 1547 quo
1846 1472 1974 1528 illud

389 1584 650 1654 sequitur,
674 1591 855 1634 utnon
883 1578 1172 1633 liberorum
1201 1569 1644 1644 procreandorum
1670 1581 1849 1629 causa,
1883 1563 1974 1618 sed

388 1673 644 1730 satiandzn
675 1670 910 1726 libidinis
933 1667 1130 1736 habere
1152 1664 1428 1734 conjugcm
1466 1659 1746 1715 censeatis.
1769 1655 1974 1724 Nuptim

387 1773 566 1820 autent
588 1806 602 1831 ,
635 1773 692 1817 ut
723 1763 852 1832 ipsm
882 1757 1146 1828 nuptiales
1177 1754 1364 1808 tabulae
1398 1753 1658 1812 clamant,
1688 1748 1972 1804 liberorum

387 1856 836 1928 procreandorum
879 1866 1070 1916 causa,
1111 1862 1309 1902 marem
1360 1844 1714 1910 feminamque
1750 1838 1973 1905 conjun-

386 1943 518 2019 gum
541 1964 556 2001 :
580 1946 820 2016 quisquis
845 1958 972 2012 ergo
1001 1932 1282 2010 precrcare
1310 1935 1506 1999 liberos
1535 1945 1691 2000 quam
1726 1942 1977 2002 concum-

387 2018 516 2096 bere
559 2043 770 2108 gravius
813 2034 941 2089 dicit
981 2045 1101 2107 esse
1145 2037 1455 2103 peceatum,
1501 2020 1747 2092 prohibet
1797 2018 1976 2088 utique

389 2130 635 2212 nuptias;
678 2136 733 2183 et
772 2110 875 2180 non
899 2125 1008 2194 jam
1043 2135 1297 2186 uxorem,
1334 2115 1424 2171 sed
1457 2112 1788 2168 meretricem
1827 2108 1978 2163 femi-

389 2202 511 2300 nam
534 2221 674 2287 facit,
693 2236 810 2289 quae
831 2216 1045 2272 donatis
1069 2213 1166 2269 sibi
1185 2213 1343 2266 certis
1360 2209 1534 2270 rebus,
1553 2205 1668 2259 viro
1685 2202 1748 2257 ad
1772 2203 1980 2270 explen-

390 2295 513 2370 dam
543 2313 660 2382 ejus
687 2309 959 2365 libidinem
979 2305 1232 2376 jungitur.
1263 2301 1318 2357 Si
1345 2299 1485 2353 enim
1509 2311 1640 2350 uxor
1667 2303 1767 2359 est,
1797 2291 1978 2346 matri-

390 2406 627 2462 monium
657 2412 759 2458 est.
798 2400 914 2456 Non
960 2408 1134 2452 autem
1165 2392 1558 2452 matrimonium
1601 2396 1682 2442 est
1707 2385 1799 2441 ubi
1824 2383 1982 2447 datur

391 2511 551 2568 opera
580 2510 648 2550 ne
673 2494 744 2548 sit
769 2499 936 2546 mater
961 2507 975 2543 :
1003 2503 1107 2542 non
1133 2485 1293 2554 igitur
1312 2497 1463 2542 uxor.
1487 2479 1746 2547 Quocirca
1771 2476 1980 2544 nuptias

392 2567 688 2660 prohibetis
707 2628 722 2652 ,
755 2600 852 2639 nec
881 2583 945 2637 ab
975 2582 1073 2638 hoc
1101 2578 1322 2642 crimine
1345 2617 1358 2640 ,
1390 2573 1530 2644 quod
1561 2572 1688 2628 olim
1715 2583 1744 2623 a
1781 2567 1980 2638 Spiritu

392 2657 577 2738 sancto
616 2677 683 2732 de
709 2674 860 2731 vobis
895 2671 1204 2744 praedictum
1237 2674 1354 2733 est,
1383 2664 1488 2718 ulla
1516 2677 1613 2716 vos
1651 2659 1856 2716 ratione
1883 2657 1978 2713 de«

394 2771 628 2828 fcnditis.

466 2863 558 2919 66.
607 2861 892 2922 Jamvero,
923 2869 1053 2930 cum,
1080 2851 1426 2917 vehementer
1473 2842 1710 2912 satagitis
1767 2855 1835 2910 ne
1887 2854 1981 2908 per

396 2952 740 3023 concubitum
784 2947 959 3001 anima
999 2945 1191 3012 ligetur
1231 2939 1282 2992 in
1323 2951 1514 3000 carne,
1549 2945 1601 2989 et
1640 2934 1985 2987 vehementer

397 3045 634 3101 asseritis
652 3084 668 3108 ,
691 3056 785 3111 per
816 3047 1118 3094 sanctorum
1151 3033 1327 3087 cibum
1355 3030 1583 3093 animum
1607 3025 1672 3079 de
1693 3023 1984 3078 seminibus

396 3136 637 3200 liberari,
666 3147 844 3188 nonne
872 3125 1196 3184 confirmatis
1217 3165 1230 3190 ,
1261 3137 1293 3176 ο
1325 3119 1504 3174 miseri
1527 3161 1540 3182 ,
1575 3116 1716 3187 quod
1743 3117 1810 3170 de
1836 3114 1984 3168 vobis

399 3211 644 3285 homines
675 3221 1050 3295 suspicantur?
1075 3219 1182 3275 Cur
1201 3217 1342 3276 enim
1369 3214 1435 3270 de
1455 3213 1650 3274 tritico,
1678 3220 1732 3266 et
1756 3211 1822 3264 de
1843 3208 1982 3281 faba,

401 3329 455 3386 et
479 3319 547 3375 de
569 3316 817 3374 lenticula
842 3315 1064 3382 aliisque
1091 3307 1406 3372 seminibus,
1430 3320 1550 3368 cum
1581 3303 1660 3356 his
1688 3299 1982 3363 vescimini,

401 3397 632 3473 liberare
655 3424 750 3462 vos
771 3407 905 3461 velle
933 3403 1161 3458 animam
1187 3397 1440 3460 creditur,
1470 3395 1536 3449 de
1565 3393 1868 3448 animalium
1897 3406 1986 3444 se-

400 3503 632 3562 minibus
657 3516 760 3556 non
799 3496 1078 3554 credatur?
1113 3493 1228 3549 Non
1266 3491 1404 3546 enim
1427 3529 1443 3555 ,
1468 3497 1526 3542 ut
1566 3487 1734 3555 ipsam
1770 3497 1986 3545 carnem

401 3595 593 3651 mortui
625 3589 905 3646 animantis
947 3584 1270 3641 immundam
1310 3595 1426 3635 esse
1461 3578 1668 3642 dicitis,
1697 3573 1836 3644 quod
1873 3572 1988 3626 ani-

401 3701 542 3751 mam
572 3699 675 3738 non
705 3682 899 3746 habet;
930 3678 1031 3733 hoc
1061 3677 1133 3730 ita
1161 3672 1385 3754 potestis
1413 3680 1465 3725 et
1493 3668 1560 3723 de
1588 3664 1871 3721 animantis
1900 3678 1988 3718 se—

402 3780 547 3848 mine
573 3777 772 3842 dicere,
795 3775 848 3828 in
875 3787 980 3843 quo
1009 3770 1262 3831 animam,
1291 3779 1406 3834 qua:
1433 3759 1704 3832 apparebit
1733 3758 1784 3813 in
1816 3755 1984 3826 prole,

403 3871 702 3939 colligatam
721 3881 842 3921 esse
861 3861 1111 3923 censetis,
1130 3867 1183 3913 et
1204 3858 1256 3910 in
1279 3870 1383 3925 quo
1405 3853 1570 3922 ipsius
1585 3847 1854 3903 Manichaei
1877 3845 1990 3899 ani-

405 3974 546 4016 mam
575 3957 894 4026 implicatam
920 3953 1081 4006 fuisse
1103 3947 1362 4002 fatemini.
1394 3944 1460 3998 Et
1482 3943 1601 4013 quia
1633 3956 1738 3994 non
1771 3944 1992 4008 possunt

405 4050 474 4129 ab
499 4047 824 4104 auditoribus
846 4041 1042 4098 vestris
1063 4036 1335 4110 purganda
1361 4033 1511 4088 vobis
1541 4031 1663 4086 talia
1687 4029 1889 4084 semina
1915 4027 1993 4079 af-

407 4122 555 4206 ferri,
580 4141 698 4212 quis
721 4154 826 4193 non
844 4135 1140 4206 suspicetur
1162 4138 1421 4186 secretam
1449 4127 1515 4181 de
1538 4125 1689 4186 vobis
1711 4123 1838 4192 ipsis
1856 4122 1993 4175 inter

408 4253 505 4297 vos
534 4235 646 4290 fieri
676 4233 832 4287 talem
859 4227 1244 4300 purgationem,
1268 4230 1322 4277 et
1347 4220 1464 4275 ideo
1488 4219 1611 4284 illis,
1638 4230 1707 4269 ne
1731 4229 1825 4268 vos
1842 4212 1996 4266 dese-

409 4335 549 4392 rant,
577 4311 868 4382 oecultari?
896 4321 1024 4388 Quae
1062 4319 1106 4378 si
1137 4333 1241 4372 non
1287 4314 1456 4371 facitis
1477 4353 1492 4376 ,
1515 4309 1655 4380 quod
1682 4309 1878 4361 utinam
1923 4306 1993 4359 ita

411 4417 515 4484 sit,
546 4415 736 4471 videtis
778 4424 953 4468 tamen
981 4417 1191 4481 quantae
1219 4402 1505 4474 suspicioni
1535 4407 1706 4456 vestra
1737 4396 1994 4467 supersti-

411 4510 485 4582 tio
506 4497 699 4580 pateat,
718 4515 770 4562 et
789 4520 944 4576 quam
963 4517 1068 4568 non
1090 4501 1158 4555 sit
1181 4495 1484 4553 hominibus
1507 4488 1919 4546 succensendum
1943 4487 1996 4541 id

412 4579 783 4670 opinantibus,
831 4594 972 4666 quod
1019 4592 1085 4648 de
1125 4598 1301 4649 vestra
1341 4583 1670 4658 professione
1702 4579 1994 4650 colligitur,

413 4704 537 4756 cum
576 4705 670 4743 vos
709 4688 910 4759 animas
938 4700 1032 4760 per
1060 4697 1234 4738 escam
1265 4687 1320 4734 et
1344 4686 1524 4748 potum
1545 4717 1558 4739 ,
1590 4672 1655 4727 de
1691 4670 1998 4740 corporibus

415 4787 470 4847 et
498 4777 741 4833 sensibus
769 4777 991 4831 liberare
1033 4769 1352 4842 praedicatis.
1392 4767 1524 4821 Nolo
1560 4764 1646 4818 hic
1671 4763 1867 4818 diutius
1902 4759 2000 4813 im-

414 4869 648 4936 murari;
681 4873 734 4923 et
758 4864 946 4921 videtis
972 4870 1200 4934 quantus
1229 4859 1298 4914 sit
1337 4855 1647 4912 invectiouis
1685 4853 1851 4908 locus.
1893 4849 1998 4905 Sed

415 4962 537 5044 quia
561 4969 614 5015 et
650 4973 737 5014 res
775 4957 893 5016 talis
918 4963 1033 5019 est,
1061 4960 1118 5008 ut
1153 4966 1269 5006 eam
1300 4949 1473 5019 potius
1508 4943 1813 4999 reformidet
1841 4957 1997 5011 quam

417 5037 707 5107 insectetur
732 5047 919 5110 oratio,
941 5053 993 5100 et
1017 5041 1341 5114 propositum
1368 5037 1494 5092 illud
1516 5051 1690 5090 meum
1719 5049 1813 5103 per
1835 5042 1999 5086 totum

417 5156 719 5204 sermonem
745 5135 1089 5193 animadverti
1118 5140 1322 5203 potest,
1351 5145 1456 5199 quo
1484 5127 1642 5181 statui
1672 5123 1799 5186 nihil
1836 5139 2000 5193 exag-

419 5249 603 5307 gerare
626 5275 642 5301 ,
671 5231 766 5287 sed
805 5229 955 5285 nudis
997 5221 1387 5297 quodammodo
1427 5219 1585 5291 rebus
1614 5227 1668 5272 et
1709 5215 2003 5276 rationibus

419 5341 599 5406 agere,
632 5331 960 5378 transeamus
988 5317 1050 5372 ad
1077 5315 1237 5370 aliud.

618 5409 843 5470 CAPUT
868 5407 1014 5469 XlX.
1043 5437 1115 5449 —-—
1146 5404 1369 5475 Flagitia
1409 5400 1825 5456 Manicha’orum.

491 5507 582 5562 67.
620 5504 736 5561 Jam
765 5502 908 5560 enim
943 5499 1069 5556 satis
1101 5504 1319 5568 apparet
1357 5493 1530 5564 qualia
1558 5492 1664 5545 sint
1704 5490 1801 5544 tria
1828 5497 2003 5542 vestra

422 5599 711 5672 signacula.
733 5596 797 5652 lli
815 5603 938 5651 sunt
959 5593 1120 5648 vestri
1145 5604 1344 5654 mores,
1368 5587 1453 5641 hic
1475 5585 1592 5639 linis
1617 5579 2004 5637 admirabilium

423 5669 832 5760 praeceptorum,
863 5685 954 5742 ubi
982 5683 1115 5740 nihil
1139 5689 1344 5737 certum
1366 5720 1382 5746 ,
1404 5676 1534 5732 nihil
1561 5682 1810 5730 constans
1830 5713 1843 5736 ,
1876 5669 2006 5728 nihil

421 5783 762 5851 rationabile,
797 5781 924 5852 nihil
952 5774 1267 5849 inculpabile
1299 5792 1313 5830 :
1343 5771 1437 5829 sed
1468 5769 1645 5837 omnia
1684 5767 1860 5834 dubia,
1896 5765 2003 5840 imo

1722 351 1921 407 LIBER
1959 347 2331 408 SECUNDUS.

3513 365 3648 421 ιδῖι

2081 490 2209 529 vero
2230 477 2348 530 sine
2382 473 2716 529 dubitatione
2736 473 3040 538 falsissima,
3070 473 3250 529 omnia
3276 476 3643 544 repugnantia,

2083 566 2476 631 abominabilia,
2499 565 2749 628 absurda.
2771 565 3004 633 Denique
3025 572 3130 617 tam
3154 565 3314 618 multa
3332 575 3383 619 et
3407 577 3512 617 tam
3529 581 3648 634 gra-

2083 661 2163 727 via
2189 666 2403 728 peccata
2431 659 2482 712 in
2506 647 2586 711 his
2605 659 2842 714 moribus
2859 655 3351 726 deprehenduntur,
3382 667 3436 708 ut
3463 658 3505 710 si
3531 657 3649 723 quis

2083 765 2332 814 accusnre
2345 751 2471 807 velit
2485 750 2691 811 omnia,
2717 748 2878 812 homo
2894 747 3118 818 alicujus
3140 748 3429 813 facultatis,
3446 746 3650 814 singula

2078 849 2137 895 ut
2163 841 2433 894 minimum
2453 881 2472 908 ,
2502 839 2721 910 singulis
2748 839 3104 894 voluminibus
3132 837 3316 908 possit.
3348 836 3475 891 Htrc
3500 836 3656 906 igitur

2077 932 2121 988 si
2162 931 2536 1012 eustodiretis,
2565 940 2898 1003 vestramque
2928 929 3216 998 impleretis
3247 928 3658 999 professionem,

2077 1022 2207 1078 nihil
2235 1023 2385 1078 vobis
2408 1031 2548 1078 esset
2576 1022 2822 1090 ineptius,
2857 1021 2986 1078 nihil
3016 1021 3226 1076 stultius
3245 1060 3260 1083 ,
3285 1018 3410 1072 nihil
3439 1017 3657 1086 imperi-

2080 1113 2183 1168 tins
2209 1132 2223 1168 :
2251 1129 2372 1168 cum
2403 1112 2830 1168 autem'laudatis
2858 1123 2911 1166 et
2947 1112 3148 1166 docetis
3175 1111 3308 1181 ista,
3339 1124 3439 1163 nec
3464 1107 3649 1171 facitis,

2079 1206 2202 1274 quid
2232 1205 2381 1259 vobis
2408 1204 2662 1270 fallacius,
2688 1204 2811 1274 quid
2839 1202 3160 1266 insidiosius,
3190 1200 3313 1270 quid
3342 1197 3656 1253 malitiosius

2078 1297 2180 1370 dici
2211 1305 2299 1351 aut
2329 1297 2550 1359 inveniri
2578 1295 2785 1365 potest?

2150 1388 2239 1442 68.
2262 1387 2459 1441 Novem
2483 1400 2649 1456 annos
2675 1393 2812 1439 totos
2835 1398 3024 1453 magna
3046 1396 3170 1437 cura
3193 1389 3247 1436 et
3275 1376 3542 1448 diligentia
3566 1390 3660 1433 vos

2078 1480 2254 1534 audivi
2281 1479 2336 1546 ',
2367 1479 2546 1534 nullus
2579 1479 2709 1537 tnihi
2755 1479 3040 1534 electorum
3089 1477 3421 1529 innotescere
3467 1471 3656 1542 potuit,

2062 1562 2168 1641 hui
2202 1569 2491 1626 secundum
2531 1569 2646 1624 hmc
2672 1578 2932 1638 praecepta
2958 1582 3062 1621 non
3092 1574 3182 1621 aut
3217 1563 3579 1634 deprehensus
3605 1562 3657 1616 in

2079 1672 2294 1733 peccato
2315 1705 2328 1730 ,
2353 1674 2440 1716 aut
2468 1671 2614 1723 certe
2640 1661 2924 1731 suspicioni
2955 1657 3195 1713 subditus
3221 1657 3393 1712 fuerit.
3434 1656 3580 1710 Multi
3606 1656 3658 1709 in

2078 1758 2200 1809 vino
2222 1766 2274 1810 et
2293 1755 2559 1822 carnibus,
2579 1753 2731 1808 multi
2751 1754 2984 1807 lavantes
3002 1753 3052 1806 in
3073 1751 3275 1806 balneis
3297 1750 3493 1804 inventi
3515 1760 3659 1803 sunt.

2079 1847 2184 1904 Sed
2229 1848 2341 1902 lucc
2378 1847 2739 1901 audiebamus.
2787 1843 3032 1906 Nonnulli
3072 1843 3272 1914 alienas
3309 1840 3530 1896 feminas
3569 1855 3657 1893 se-

2079 1938 2301 1993 duxisse
2325 1937 2598 2006 approbati
2625 1943 2768 1999 sunt,
2788 1935 2859 1988 ita
2885 1944 2941 1987 ut
2966 1933 3092 1986 hinc
3115 1931 3267 2000 plane
3295 1930 3534 1984 dubitare
3555 1944 3661 1983 non

2081 2029 2298 2101 possim.
2327 2027 2433 2084 Sed
2463 2028 2531 2082 sit
2555 2034 2610 2101 et
2635 2026 2751 2080 haec
2776 2023 2944 2094 magis
2971 2023 3104 2076 fama
3131 2037 3285 2091 quam
3307 2036 3511 2074 verum.
3541 2017 3663 2074 Vidi

2081 2122 2194 2191 ipse
2222 2136 2324 2174 non
2357 2119 2521 2185 solus,
2545 2117 2640 2172 sed
2665 2131 2784 2171 cum
2811 2117 2874 2172 iis
2903 2115 2991 2185 qui
3020 2113 3209 2184 partim
3233 2111 3344 2182 jam
3365 2111 3453 2165 illa
3477 2125 3663 2180 super-

2081 2213 2292 2267 stitione
2314 2209 2521 2266 liberati
2550 2217 2689 2271 sunt,
2710 2208 2899 2278 partim
2919 2205 3093 2265 adhuc
3111 2212 3235 2273 opto
3258 2213 3313 2257 ut
3335 2202 3660 2264 liberentur;

2081 2303 2309 2367 vidimus
2339 2316 2464 2372 ergo
2489 2301 2542 2354 in
2565 2298 2842 2370 quadrivio
2867 2295 3218 2364 Carthaginis,
3241 2293 3292 2348 iu
3319 2292 3492 2362 platea
3517 2290 3664 2345 cele-

2081 2394 2332 2460 berrima,
2357 2409 2460 2447 non
2484 2407 2664 2455 unum,
2681 2390 2771 2444 sed
2791 2389 2967 2458 plures
2988 2402 3142 2456 quam
3167 2393 3271 2439 tres
3287 2383 3486 2438 electos
3503 2381 3660 2436 simul

2083 2495 2203 2557 post
2245 2491 2579 2540 transeuntes
2619 2481 2798 2538 nescio
2828 2493 2959 2552 quas
2999 2462 3220 2535 feminas
3260 2484 3363 2528 tam
3411 2471 3663 2542 petulanti

2083 2589 2230 2649 gestu
2266 2576 2563 2641 adhinnire,
2594 2585 2651 2629 ut
2694 2574 2927 2628 omnium
2965 2569 3244 2624 trivialium
3284 2563 3663 2636 impudicitiam

2084 2671 2570 2748 i'mpudentiamquc
2607 2673 2938 2736 superarent.
2968 2661 3118 2737 Quod
3151 2661 3220 2715 de
3258 2674 3444 2728 magna
3482 2655 3664 2711 venire

2085 2763 2486 2833 consuetudine,
2515 2769 2674 2829 atque
2701 2759 2817 2813 illos
2843 2759 2977 2810 inter
2999 2771 3056 2808 se
3077 2755 3146 2807 ita
3171 2753 3348 2807 vivere
3377 2750 3507 2804 satis
3529 2747 3664 2802 emi-

2086 2858 2267 2922 nebat,
2291 2851 2714 2925 quandoquidem
2739 2847 2911 2903 nullus
2937 2845 3066 2906 socii
3090 2842 3421 2912 praesentiam
3443 2838 3663 2902 veritus,

2087 2962 2290 3009 onmes,
2321 2953 2413 2998 aut
2439 2951 2583 2998 certe
2612 2956 2746 3011 pene
2776 2951 2962 2992 omnes
2989 2933 3174 2990 eadem
3211 2930 3380 2986 teneri
3411 2938 3555 2998 peste
3589 2929 3668 2981 in-

2088 3036 2314 3096 dicabat.
2345 3035 2460 3088 Non
2486 3032 2626 3086 enim
2655 3039 2805 3085 erant
2830 3027 2883 3082 hi
2913 3043 2976 3080 ex
3005 3040 3109 3080 una
3134 3023 3313 3087 domo,
3341 3020 3434 3075 sed
3461 3019 3669 3073 diverse

2090 3141 2304 3196 prorsus
2332 3123 2647 3188 habitantes,
2675 3136 2738 3174 ex
2765 3134 2831 3174 eo
2861 3118 2978 3171 loco
3006 3114 3093 3170 tibi
3119 3120 3410 3170 conventus
3431 3108 3666 3163 omnium

2091 3217 2260 3272 factus
2309 3222 2452 3280 erat,
2490 3212 2688 3283 pariter
2726 3209 2860 3262 forte
2901 3203 3302 3260 descenderant.
3346 3200 3452 3254 Nos
3492 3208 3670 3252 autem

2089 3307 2317 3378 graviter
2344 3302 2628 3364 commoti,
2651 3298 2876 3370 graviter
2905 3295 3063 3349 etiam
3091 3291 3260 3361 questi
3301 3304 3502 3343 sumus.
3542 3287 3670 3355 Quis

2093 3397 2303 3452 tandem
2323 3393 2426 3448 hoc
2450 3387 2820 3445 vindicandum
2845 3426 2861 3452 ,
2899 3399 3002 3438 non
3036 3382 3206 3436 dicam
3247 3377 3580 3449 separatione
3605 3375 3671 3429 ab

2089 3486 2316 3543 ecclesia
2339 3526 2355 3552 ,
2387 3482 2479 3537 sed
2508 3495 2607 3553 pro
2636 3475 2995 3547 magnitudine
3019 3468 3202 3542 flagitii
3227 3466 3526 3525 vehementi
3561 3465 3670 3522 sal—

2093 3589 2199 3640 tem
2231 3575 2594 3645 objurgatione
2622 3571 2906 3623 arbitratus
2933 3564 3052 3621 est?

2164 3668 2250 3724 69.
2281 3667 2347 3721 Et
2367 3667 2482 3720 haec
2501 3671 2616 3718 erat
2636 3659 2808 3716 omnis
2828 3655 3097 3712 excusatio
3117 3649 3442 3722 impunitatis
3462 3648 3671 3703 illorum

2093 3762 2232 3834 quod
2274 3776 2338 3816 eo
2379 3768 2618 3826 tempore
2657 3767 2760 3822 quo
2797 3746 3164 3807 conventicula
3195 3757 3379 3799 eorum
3418 3741 3531 3810 lege
3570 3753 3672 3808 pu-

2094 3827 2228 3908 blica
2254 3850 2676 3920 prohiberentur,
2702 3857 2768 3895 ne
2788 3837 2912 3908 quid
2940 3836 3048 3890 tesi
3071 3832 3378 3905 proderent,
3403 3827 3674 3884 metueba-

2094 3950 2201 3999 tur.
2233 3919 2332 3996 Ubi
2362 3946 2444 3992 est
2480 3949 2604 4004 ergo
2631 3929 2768 4002 quod
2793 3937 3103 4001 perpetuam
3131 3924 3227 3978 sibi
3252 3919 3669 3991 persecutionem

2095 4035 2148 4089 in
2178 4033 2279 4086 hoc
2308 4029 2503 4083 mundo
2532 4025 2760 4080 futuram
2791 4017 3098 4090 praedicant,
3125 4027 3294 4082 eoque
3314 4024 3374 4065 se
3401 4022 3673 4063 commen-

2096 4124 2325 4179 datiores
2361 4118 2544 4175 haberi
2583 4116 2796 4177 volunt,
2826 4111 2947 4164 hinc
2975 4108 3380 4176 interpretantes
3406 4098 3544 4169 quod
3588 4097 3674 4150 hic

2097 4215 2328 4270 mundus
2355 4228 2448 4267 eos
2474 4209 2645 4266 oderit
2674 4204 2851 4275 (Joan.
2875 4217 2967 4267 xv,
2991 4200 3078 4270 18)
3098 4214 3113 4262 ;
3135 4205 3192 4251 et
3214 4201 3488 4264 propterea
3511 4203 3675 4259 penes

2098 4325 2156 4365 se
2180 4305 2515 4377 qtuerendam
2543 4302 2818 4354 veritatem
2849 4293 3191 4352 affirmantes,
3216 4284 3337 4356 quia
3368 4283 3419 4336 in
3451 4280 3669 4351 promis-

2099 4373 2249 4455 sione
2277 4396 2504 4468 Spiritus
2538 4391 2706 4451 sancti
2745 4383 2989 4457 paracleti
3029 4381 3225 4434 dictum
3259 4383 3341 4430 est
3371 4373 3511 4444 quod
3553 4385 3676 4426 eum

2100 4464 2335 4546 mundus
2355 4488 2454 4540 iste
2476 4483 2716 4551 accipere
2739 4492 2843 4540 non
2869 4472 3028 4542 possit
3057 4467 3164 4537 (Id.
3186 4481 3310 4531 xw,
3336 4465 3446 4534 17).
3480 4464 3553 4516 De
3573 4475 3677 4531 qua

2101 4598 2162 4639 re
2190 4595 2297 4640 non
2322 4577 2422 4632 iste
2442 4575 2590 4629 locus
2611 4564 2902 4625 disserendi
2923 4571 3024 4618 est.
3057 4559 3160 4614 Sed
3187 4566 3330 4612 certe
3355 4555 3398 4610 si
3427 4559 3676 4622 perpetua

2100 4675 2252 4731 vobis
2288 4664 2583 4741 persecutio
2623 4664 2792 4716 futura
2830 4666 2944 4724 est,
2973 4669 3139 4724 usque
3181 4651 3238 4705 in
3276 4648 3452 4703 smeuli
3493 4645 3674 4709 finem,

2103 4737 2354 4839 perpetua
2381 4762 2558 4818 eritet
2584 4757 2697 4810 lucc
2725 4751 3001 4809 dissolutio
3037 4756 3301 4813 tantmque
3339 4737 3677 4808 turpitudinis

2103 4832 2358 4930 impunita
2388 4852 2652 4922 contagio,
2683 4848 2807 4903 dum
2839 4844 2969 4899 tales
2994 4839 3187 4896 Lcdere
3224 4832 3534 4889 formidatis.
3655 4895 3658 4900 ι

2175 4921 2263 5008 :10.
2285 4949 2344 5006 ld
2371 4947 2531 5004 etiam
2555 4921 2705 4999 nobis
2726 4949 3035 5008 reSponsum
3055 4941 3154 4994 est,
3175 4943 3293 4983 cum
3316 4925 3379 4980 ad
3403 4925 3548 4995 ipsos
3571 4921 3680 4993 prio

2105 5054 2272 5102 mates
2299 5040 2670 5097 detulissemus
2701 5037 3042 5102 conquestam
3070 5022 3221 5078 nobis
3248 5033 3369 5076 esse
3401 5016 3678 5072 mulierem

2106 5136 2247 5209 quod
2275 5137 2327 5190 in
2356 5129 2616 5195 conclavi,
2646 5125 2733 5181 ubi
2759 5137 2878 5178 cum
2908 5119 3026 5173 aliis
3057 5111 3264 5170 feminis
3292 5117 3439 5176 erat,
3467 5107 3534 5162 de
3565 5105 3682 5183 illo-

2105 5194 2224 5284 rum
2252 5225 2457 5284 scilicet
2479 5219 2756 5276 sanctitate
2781 5225 2963 5269 secura
2983 5247 2999 5275 ,
3025 5204 3290 5276 ingressis
3309 5199 3489 5256 electis
3519 5194 3682 5267 pluri-

2105 5320 2226 5385 bus,
2243 5315 2381 5372 etab
2399 5327 2506 5370 uno
2526 5311 2738 5366 lucerna
2757 5303 3035 5368 exstincta,
3053 5298 3306 5352 incertum
3327 5289 3476 5361 cujus
3496 5302 3681 5343 eorum

2107 5410 2160 5464 in
2191 5377 2427 5464 tenebris
2453 5401 2686 5472 appetita
2709 5405 2850 5453 esset
2875 5391 3140 5460 amplexu,
3170 5395 3225 5441 et
3246 5391 3426 5438 coacta
3453 5380 3506 5434 in
3533 5377 3684 5447 flagi-

2111 5504 2261 5568 tium,
2289 5500 2388 5554 nisi
2416 5495 2651 5554 subsidio
2675 5489 2920 5548 clamoris
2937 5485 3212 5543 evasisset.
3235 5479 3347 5534 lloc
3373 5474 3527 5532 nobis
3551 5488 3686 5542 quu-

2107 5609 2212 5667 que
2232 5590 2563 5649 notissimum
2583 5584 2748 5650 nefas,
2772 5583 2837 5639 de
2857 5587 3053 5652 quanta
3071 5569 3452 5630 consuetudine
3475 5564 3685 5622 venisse

2159 5703 2233 5766 (α)
2252 5699 2460 5766 confess.
2481 5697 2577 5766 lib;
2589 5696 2762 5766 Lean.
2787 5695 2832 5756 t;
2855 5699 2906 5745 et
2923 5700 3086 5754 supra.
3118 5685 3185 5738 de
3218 5682 3426 5741 lim'ihus
3459 5675 3686 5731 Ecclesia

2110 5757 2375 5824 Ca‘th'oliezr,
2395 5775 2498 5825 cap.
2525 5760 2597 5821 l8,
2620 5772 2666 5806 ιι.
2690 5757 2766 5806 δι.
