4138 6364
447 351 588 411 13ῒῦ

434 459 796 518 arbitrantium
819 458 938 514 est?
958 457 1025 513 Et
1043 457 1146 512 hoc
1172 457 1364 511 factum
1390 463 1471 510 est
1491 468 1551 508 ea
1579 461 1734 506 nocte
1758 465 1858 521 qua
1879 449 2026 503 festae

435 552 575 624 apud
595 567 690 607 vos
712 551 900 622 vigilia:
920 549 1272 604 celebrantur.
1298 545 1402 600 Sed
1426 559 1608 599 revera
1625 541 1831 597 etiamsi
1855 539 2028 593 nullus

436 652 578 700 esset
608 640 924 713 proditionis
963 647 1172 704 metus,
1196 637 1314 706 quis
1353 643 1535 704 posset
1561 631 1917 687 damnandum
1944 627 2027 682 of-

436 733 576 790 ferre
601 734 880 802 episc0po,
909 730 996 800 qui
1037 728 1114 783 sic
1143 736 1468 797 pnecaverat
1509 740 1577 781 ne
1612 719 2029 795 agnosceretur?

435 825 598 894 Quasi
641 840 769 880 vero
806 837 911 877 non
951 836 1135 874 omnes
1163 819 1303 875 idem
1336 819 1536 873 crimen
1585 815 1845 870 involutos
1883 823 2032 868 tene-

436 916 652 986 bat,qui
675 914 832 970 simul
859 912 1078 981 ingressi
1110 919 1279 967 erant.
1309 909 1442 964 Nam
1465 908 1710 963 omnibus
1731 905 2030 978 petulanter

433 1010 732 1081 jocantibus
758 1009 972 1061 lucerna
1000 1005 1259 1060 exstincta
1303 1003 1590 1072 placuerat.

508 1103 596 1156 7f.
620 1097 1020 1168 Suspicionibus
1047 1113 1170 1152 vero
1197 1096 1372 1165 janua:
1399 1102 1608 1164 quantae
1634 1089 2028 1160 aperiebantur,

438 1208 560 1250 cum
580 1207 672 1247 eos
700 1189 905 1245 invidos
932 1189 1352 1254 inveniebamus,
1377 1201 1496 1240 cum
1521 1199 1729 1245 avaros,
1753 1198 1874 1236 cum
1896 1197 2029 1251 epu-

438 1283 607 1338 larum
648 1281 1026 1350 exquisitarum
1067 1279 1434 1341 avidissimos,
1467 1292 1587 1330 cum
1627 1275 1676 1330 in
1708 1275 1895 1344 jurgiis
1926 1273 2031 1326 frc-

437 1374 847 1444 quentissimos,
891 1379 1013 1426 'cum
1056 1370 1124 1425 de
1171 1370 1330 1425 rebus
1372 1369 1574 1438 exiguis
1621 1365 2030 1422 mobilissimos?

443 1466 560 1523 Non
584 1465 764 1538 utique
783 1463 1275 1519 arbitrabamureos
1296 1469 1590 1529 temperare
1611 1474 1784 1528 posse,
1798 1474 1826 1511 a
1840 1458 2046 1528 quibus.

446 1573 508 1614 se
547 1567 844 1626 temperare
871 1555 1284 1626 profitebantur,
1316 1551 1526 1621 quando
1555 1549 1772 1605 latibula
1803 1559 1855 1603 et
1884 1557 2032 1604 tene-

436 1648 562 1704 bras
583 1648 895 1701 invenirent.
923 1646 1036 1698 Duo
1057 1644 1266 1714 quidam
1302 1650 1451 1696 erant
1471 1639 1878 1695 existimationis
1900 1639 2031 1694 satis

438 1738 613 1800 home,
637 1737 772 1792 facili
803 1735 1032 1805 ingenio,
1059 1743 1216 1802 atque
1244 1733 1294 1786 in
1321 1732 1425 1785 illis
1453 1731 1561 1786 suis
1587 1729 2029 1798 disputationibus

439 1827 708 1900 principes
731 1869 746 1891 ,
778 1827 930 1882 nobis
959 1825 1184 1894 amplius
1211 1838 1367 1893 quam
1397 1821 1575 1877 ezeteri
1621 1819 2033 1890 familiariusque

439 1919 728 1988 conjuncti.
757 1917 990 1983 Quorum
1014 1929 1150 1969 unus
1171 1914 1260 1983 qui
1287 1921 1503 1983 propter
1530 1911 1698 1966 studia
1721 1910 1879 1964 etiam
1902 1910 2008 1964 libe

439 2009 569 2064 ralia
597 2008 748 2061 nobis
769 2007 966 2061 arctius
995 2003 1326 2064 adluerebat,
1356 2002 1439 2056 hic
1478 2017 1620 2056 nunc
1666 2001 1735 2055 ibi
1771 2016 1890 2055 esse
1914 2015 2034 2070 pre-

439 2095 626 2168 sbyter
643 2097 854 2150 dicitur.
877 2095 939 2149 lli
965 2095 1061 2148 sibi
1086 2095 1312 2163 graviter
1333 2092 1656 2157 invidebant,
1679 2099 1733 2145 et
1754 2090 2030 2162 objiciehat

440 2188 574 2242 alter
601 2187 775 2252 alteri,
811 2201 917 2240 non
946 2184 1282 2239 accusatione
1320 2181 1634 2247 manifesta,
1663 2181 1755 2236 sed
1787 2196 2033 2236 sermone

440 2277 580 2349 apud
607 2293 741 2348 quos
768 2284 976 2347 poterat
1003 2284 1058 2330 et
1085 2275 1318 2338 susurris
1338 2317 1352 2341 ,
1385 2275 1452 2330 ab
1477 2290 1542 2329 eo
1566 2275 1828 2332 violenter
1858 2283 2032 2328 atten-

445 2378 608 2424 tatam
634 2367 908 2438 cujusdam
937 2366 1192 2422 auditoris
1219 2381 1458 2426 uxorem.
1501 2364 1594 2420 llle
1620 2373 1796 2419 autem
1826 2379 1885 2419 se
1909 2380 2034 2434 pur-

439 2476 596 2532 gans,
614 2461 824 2515 interim
850 2457 987 2534 apud
1009 2473 1106 2514 nos
1130 2457 1290 2512 alium
1309 2454 1547 2535 ejusdem
1569 2455 1784 2510 sceleris
1803 2459 2032 2510 electum

440 2551 840 2616 criminabatur,
861 2539 962 2620 qui
976 2548 1113 2627 apud
1134 2547 1380 2603 eumdem
1400 2547 1714 2614 auditorem,
1735 2547 1881 2616 quasi
1902 2547 2036 2601 amio

439 2657 535 2697 cus
553 2641 835 2695 fidissimus
864 2638 1134 2693 habitabat
1159 2656 1171 2691 :
1195 2654 1351 2715 quem
1376 2638 1623 2709 quoniam
1662 2639 1835 2692 subito
1858 2639 2033 2707 ingre-

438 2731 591 2787 diens
617 2747 737 2788 cum
765 2732 988 2795 muliere
1013 2728 1473 2798 deprehenderat,
1505 2727 1717 2782 dicebat
1742 2729 1949 2782 mulieri
1980 2736 2034 2783 et

439 2821 678 2876 adultero
703 2820 769 2874 ab
798 2820 889 2873 illo
912 2818 1126 2871 inimico
1151 2827 1307 2886 atque
1332 2817 1508 2871 invido
1530 2817 1806 2871 consilium
1826 2815 2029 2883 datmn,

440 2923 500 2968 ut
529 2914 615 2966 illa
644 2913 744 2974 sibi
770 2909 1094 2970 conflaretur
1118 2909 1380 2968 calumnia
1401 2950 1414 2973 ,
1443 2925 1510 2963 ne
1535 2909 1577 2962 si
1607 2908 1733 2979 quid
1763 2908 2028 2979 proderet,

441 3003 771 3062 crederetur.
813 3001 1151 3070 Angebamur
1179 3015 1308 3062 nos,
1340 3007 1392 3053 et
1421 2999 1792 3054 molesdssime
1828 2998 2033 3054 foreha-

437 3110 581 3160 mus,
609 3094 748 3164 quod
775 3092 982 3155 etiamsi
1008 3092 1073 3147 de
1098 3093 1330 3161 appetita
1359 3092 1580 3155 muliere
1609 3090 1864 3146 incertum
1891 3098 2040 3157 erat,

441 3187 579 3242 livor
603 3195 778 3245 tamen
814 3185 866 3239 in
907 3184 1012 3240 illis
1049 3183 1287 3249 duobus,
1311 3183 1498 3254 quibus
1539 3183 1790 3246 meliores
1823 3181 1894 3236 ibi
1924 3198 2031 3236 non

383 3309 398 3320 ρ
440 3276 882 3348 inveniebamus,
899 3273 1188 3352 apparebat
1210 3273 1501 3328 acerrimus
1517 3315 1533 3340 ,
1561 3281 1615 3330 et
1638 3272 1742 3328 alia
1766 3271 2032 3344 conjicere

444 3367 687 3440 cogebat.
893 3352 896 3355 ’

517 3456 607 3511 72.
650 3457 928 3511 Postremo
966 3453 1019 3508 in
1051 3452 1271 3526 theatris
1299 3452 1529 3518 electos,
1552 3460 1608 3507 et
1643 3459 1833 3519 :etate,
1860 3459 1912 3506 et
1931 3493 1946 3519 ,
1975 3461 2030 3506 ut

443 3545 778 3606 videbantur,
810 3543 1047 3598 moribus
1072 3557 1277 3613 graves,
1300 3557 1420 3596 cum
1449 3558 1576 3597 sene
1605 3543 1914 3622 presbytero
1933 3560 2033 3598 Stc-

442 3639 660 3708 pissimc
681 3636 1003 3690 invenimus.
1035 3634 1234 3688 Omitto
1260 3634 1503 3703 juvenes,
1524 3649 1655 3704 quos
1676 3636 2034 3694 etiam-rixan-

442 3736 526 3783 tes
569 3741 664 3796 pro
701 3725 926 3782 scenicis
959 3724 1229 3794 etaurigls
1261 3723 1663 3794 deprehendere
1705 3726 2029 3792 solebamus,

443 3835 561 3890 qua:
583 3833 667 3872 res
687 3832 791 3870 non
817 3816 1072 3871 mediocri
1099 3824 1411 3890 argumento
1436 3824 1517 3871 est
1539 3817 1806 3885 quomodo
1835 3834 1893 3872 se
1912 3833 2032 3888 pos-

442 3911 550 3965 sint
575 3909 846 3964 continerc
867 3908 934 3962 ab
960 3908 1201 3971 occultis,
1225 3922 1343 3961 cum
1367 3923 1483 3961 eam
1511 3908 1849 3976 cupiditatem
1872 3924 2031 3979 supe-

442 4016 563 4057 rare
589 4016 692 4053 non
728 4000 966 4070 possint,
993 4014 1111 4069 quze
1149 3999 1268 4052 illos
1295 3997 1592 4058 auditorum
1620 4013 1835 4058 suorum
1863 4001 2043 4058 oculis.

444 4098 699 4156 ostentat,
729 4099 783 4144 et
813 4089 987 4158 prodit
1013 4089 1388 4156 erubescentes
1416 4095 1575 4157 atque
1605 4087 1906 4158 fugitantes.
1949 4091 2030 4144 An

444 4197 574 4237 vero
604 4183 745 4236 illius
772 4183 931 4235 etiam
964 4179 1128 4232 sancti
1148 4220 1164 4245 ,
1188 4178 1255 4233 ad
1284 4161 1437 4248 cujus
1465 4163 1852 4249 disputationes
1883 4181 1935 4235 in
1965 4183 2031 4236 fi-

443 4272 708 4328 cariorum
737 4271 910 4325 vicum
939 4269 1327 4324 ventitabamus
1350 4311 1363 4333 ,
1393 4277 1592 4324 tantum
1621 4271 1746 4326 illud
1777 4272 2038 4343 flagitium

447 4363 782 4434 proderetur,
805 4361 849 4417 si
870 4361 1127 4435 virginem
1146 4362 1598 4418 sanctimonialem
1622 4363 1894 4418 mulierem
1909 4373 2034 4427 tan-

389 4513 392 4518 _
443 4462 578 4519 tum,
608 4469 711 4510 non
740 4463 794 4509 et
820 4461 1174 4523 prmgnantem
1202 4450 1375 4506 facere
1401 4453 1692 4526 potuisset?
1717 4453 1822 4509 Sed
1850 4457 2030 4510 occul-

443 4551 557 4598 tum
585 4549 641 4598 et
669 4542 978 4597 incredibile
1007 4542 1200 4596 malum
1231 4556 1476 4596 crescens
1511 4552 1690 4598 uterus
1717 4543 1882 4599 latere
1925 4560 2030 4600 non

357 4661 380 4705 -ι
441 4647 630 4705 passus
657 4641 756 4688 est.
786 4631 938 4701 Quod
965 4647 1083 4686 cum
1111 4643 1280 4687 mater
1307 4631 1451 4687 fratri
1477 4632 1656 4704 juveni
1687 4635 2027 4704 prodidisset,

441 4724 699 4780 acerrime
727 4723 935 4787 dolens,
967 4723 1234 4793 religionis
1265 4731 1440 4778 tamen
1476 4724 1688 4779 nomine
1716 4726 1782 4779 ab
1809 4741 2028 4781 accusa-

443 4816 589 4871 tione
632 4815 838 4885 publica
869 4823 1142 4869 revocatus
1167 4823 1247 4867 est
1272 4829 1287 4878 ;
1318 4812 1638 4883 perfecitque
1677 4824 1732 4868 ut
1774 4815 1859 4869 ille
1887 4815 2027 4889 (non

442 4907 586 4966 enim
614 4907 716 4961 hoc
741 4905 878 4960 ferre
913 4905 1189 4974 quisquam
1221 4906 1423 4975 posset)
1451 4904 1517 4958 de
1544 4905 1630 4959 illa
1660 4906 1882 4960 ecclesia
1914 4907 2028 4975 pel-

443 4996 644 5054 leretur
673 5015 685 5052 :
715 5006 770 5052 et
798 5013 864 5051 ne
895 4997 1149 5066 impunita
1180 5010 1266 5050 res
1291 4996 1508 5050 omnino
1535 5005 1694 5064 esset,
1726 4998 1867 5066 cepit
1892 5013 2025 5053 con~

441 5088 651 5156 silium,
690 5095 750 5143 ut
794 5087 1058 5156 adjunctis
1103 5086 1203 5140 sibi
1249 5086 1463 5152 amicis,
1508 5085 1774 5142 hominem
1839 5089 2029 5160 pugnis

440 5180 778 5250 calcibusque
808 5178 1132 5235 concideret.
1168 5166 1345 5234 Atille
1373 5192 1494 5232 cum
1529 5179 1758 5249 graviter
1792 5179 2027 5237 cedere-

443 5281 548 5336 tur,
575 5270 860 5335 clamabat,
891 5279 950 5324 ut
973 5269 1074 5324 sibi
1105 5284 1175 5335 ex
1195 5269 1509 5326 auctoritate
1532 5270 1806 5327 Manichtei
1838 5287 2028 5343 parce-

438 5369 617 5428 retur,
649 5360 814 5416 Adam
840 5359 1069 5432 primum
1095 5359 1312 5417 heroem
1341 5361 1662 5432 peccavisse,
1683 5371 1737 5418 et
1765 5371 1886 5434 post
1907 5379 2028 5435 pec-

437 5461 614 5508 catum
644 5451 807 5508 fuisse
832 5452 1175 5522 sanctiorem.

512 5542 602 5600 75.
642 5543 785 5599 Talis
813 5553 895 5598 est
919 5559 1147 5614 namque
1169 5543 1309 5615 apud
1345 5559 1440 5600 vos
1468 5543 1649 5616 opinio
1682 5544 1751 5601 de
1780 5546 1946 5601 Adam
1975 5558 2028 5602 et

442 5632 556 5695 Eva
578 5651 592 5687 :
615 5633 771 5705 longa
799 5633 973 5689 fabula
997 5643 1110 5700 est,
1135 5634 1231 5690 sed
1261 5651 1324 5690 ex
1351 5651 1413 5692 ea
1447 5636 1498 5690 id
1527 5637 1777 5708 attingam
1803 5638 1942 5709 quod
1974 5639 2025 5692 ir.

441 5724 724 5803 prasentia
746 5724 876 5783 satis
905 5732 1008 5783 est.
1038 5725 1211 5784 Adam
1234 5725 1408 5784 dicitis
1435 5727 1513 5784 sic
1535 5743 1561 5782 a
1591 5731 1895 5800 parentibus
1917 5732 2026 5786 suis

1018 347 1106 404 DE
1143 343 1440 402 MORIBUS
1473 335 2016 406 MANICHJEORUM,
2058 335 2116 393 S.
2158 334 2524 394 AUGUSTth
2561 335 2764 392 LIBER
2801 333 3180 392 SECUNDUS.

3579 337 3710 392 ista
3753 303 3762 331 ⁴

2135 449 2406 520 genitum,
2437 449 2689 504 abortivis
2733 449 2839 504 illis
2881 449 3206 518 principibus
3245 446 3614 514 tenebrarum,
3661 460 3719 504 ut

2133 541 2418 596 maximam
2446 550 2644 612 partem
2668 541 2799 595 lucis
2825 539 3044 595 haberet
3068 540 3120 592 in
3150 539 3325 594 anima
3353 541 3368 570 ³
3387 581 3403 606 ,
3430 547 3480 595 et
3506 542 3716 608 peresi-

2133 650 2290 705 guam
2317 636 2489 705 gentis
2517 633 2775 689 adversae.
2799 633 2895 700 Qui
2922 649 3043 688 cum
3070 642 3252 687 sancte
3277 632 3477 687 viveret
3503 644 3720 703 propter

2133 735 2543 795 exsuperantem
2583 723 2789 793 c0piam
2820 723 2980 790 boni,
3015 730 3332 777 commotam
3362 732 3534 776 tamen
3565 723 3616 776 in
3653 741 3719 778 co

2134 817 2300 873 fuisse
2323 819 2604 874 adversam
2635 818 2776 872 illam
2805 826 3006 887 partem
3029 859 3044 883 ,
3073 827 3128 872 ut
3159 816 3225 870 ad
3254 817 3590 870 concubitum
3621 816 3720 872 de-
3812 855 3814 857 ›

2135 910 2421 964 clinarctur
2450 927 2466 964 :
2493 910 2563 963 ita
2592 924 2713 963 eum
2753 910 2954 977 lapsum
2984 923 3103 962 esse
3132 916 3290 978 atque
3328 923 3594 978 peccasse,
3625 907 3721 963 sed

2134 999 2331 1054 vixisse
2349 1009 2531 1070 postea
2552 999 2889 1054 sanctiorem.
2921 999 3016 1053 llic
3035 1013 3134 1068 ego
3153 1014 3256 1052 non
3280 1009 3383 1052 tam
3403 997 3470 1052 de
3491 1012 3718 1067 nequam

2136 1080 2350 1148 homine
2378 1107 2705 1162 conqueror,
2736 1091 2826 1162 qui
2855 1101 3040 1160 stupro
3079 1089 3281 1146 nefario
3307 1088 3532 1145 alienam
3560 1089 3714 1144 fami-

2137 1185 2257 1238 liam
2285 1187 2306 1217 ³
2330 1227 2344 1252 ,
2377 1185 2476 1241 sub
2503 1184 2684 1240 habitu
2709 1185 2864 1240 electi
2893 1193 2947 1239 et
2974 1184 3141 1239 sancti
3170 1184 3271 1238 viri
3300 1183 3364 1238 ad
3392 1192 3593 1238 tantum
3620 1184 3719 1238 de-

2136 1273 2298 1328 decus
2339 1275 2714 1344 infamiamque
2746 1275 3010 1344 pcrduxit.
3052 1275 3167 1329 Non
3199 1275 3301 1332 hoc
3327 1275 3476 1329 vobis
3502 1275 3717 1344 objicio.

2137 1364 2318 1419 Fuerit
2347 1365 2446 1419 hoc
2476 1365 2705 1420 hominis
2736 1365 3077 1435 perditissimi
3107 1365 3282 1435 potius
3309 1381 3466 1435 quam
3496 1380 3720 1420 consuev

2138 1455 2332 1509 tudinis
2359 1464 2568 1510 vestrae.
2612 1455 2726 1510 Non
2753 1458 2895 1511 enim
2925 1465 3128 1513 tantum
3157 1455 3410 1524 flagitium
3457 1457 3508 1510 in
3545 1456 3729 1532 vohis,_

2137 1544 2228 1598 sed
2256 1545 2305 1597 in
2337 1544 2426 1599 illo
2445 1560 2627 1615 arguo.
2659 1545 2790 1600 Illud
2809 1555 2985 1600 tamen
3009 1546 3060 1599 in
3084 1547 3328 1601 omnibus
3353 1546 3506 1600 vobis
3531 1562 3717 1617 quem-

2136 1633 2421 1689 admodum
2458 1635 2584 1690 f'erri
2623 1645 2676 1690 et
2721 1637 2936 1691 tolerari
2972 1638 3139 1708 possit
3178 1637 3553 1708 ignoro,quod
3598 1653 3715 1692 cum

2136 1726 2364 1787 animam
2391 1737 2594 1795 partem
2617 1726 2709 1781 Dei
2731 1743 2850 1782 esse
2873 1727 3076 1791 dicatis,
3100 1728 3339 1782 asseritis
3365 1737 3538 1782 tamen
3560 1728 3719 1784 etiam

2137 1816 2330 1886 exiguo
2360 1817 2594 1871 admixto
2623 1818 2760 1871 malo
2783 1859 2813 1884 ,,
2832 1818 3083 1887 majorem
3122 1817 3236 1887 ejus
3265 1818 3470 1887 c0piam
3506 1818 3719 1872 uberta-

2137 1917 2348 1978 temque
2378 1908 2637 1978 superari.
2676 1907 2806 1975 Quis
2847 1908 2987 1968 enim
3027 1923 3146 1962 cum
3184 1907 3283 1960 hoc
3318 1907 3632 1972 crediderit,
3666 1917 3721 1964 et

2137 2013 2256 2052 eum
2287 1997 2448 2053 libido
2473 1997 2791 2068 pulsaverit,
2816 2012 2923 2052 non
2950 1995 3014 2050 ad
3047 1997 3202 2056 talem
3235 1996 3595 2057 defensionem
3620 2013 3720 2068 ρος

2138 2090 2238 2143 tius
2258 2131 2290 2157 ,_
2308 2105 2464 2160 quam
2509 2090 2623 2160 ejus
2658 2090 2888 2146 libidinis
2926 2089 3334 2151 refrenationem
3372 2091 3724 2161 compressio-

2138 2197 2367 2249 nemque
2394 2181 2704 2252 confugiat?

2135 2271 2362 2332 CAPUT
2387 2271 2516 2333 XX.
2536 2301 2606 2314 ——
2624 2271 2849 2344 Flagitia
2878 2272 3161 2329 earumdem
3197 2271 3368 2326 nonus
3393 2272 3718 2342 deprehensa.

2208 2365 2296 2420 74.
2336 2365 2473 2432 Quid
2499 2367 2728 2436 amplius
2753 2366 2924 2420 dicam
2964 2365 3031 2421 de
3072 2365 3306 2420 moribus
3341 2364 3568 2418 vestris?
3607 2365 3721 2420 Dixi

2137 2470 2257 2525 quae
2282 2455 2394 2526 ipse
2431 2457 2782 2525 compererim
2801 2497 2814 2519 ,
2842 2471 2962 2509 cum
2991 2455 3043 2510 in
3088 2470 3150 2509 ea
3187 2470 3362 2510 essem
3391 2455 3602 2509 civitate
3631 2455 3722 2510 ubi

2139 2545 2238 2600 ista
2269 2546 2553 2601 commissa
2591 2555 2734 2602 sunt.
2783 2547 2966 2600 Roma:
3006 2555 3180 2599 autem
3221 2561 3308 2600 me
3336 2545 3554 2600 absente
3596 2545 3720 2615 quid

2137 2644 2341 2707 gestum
2374 2637 2461 2702 sit,
2493 2645 2658 2692 totum
2685 2637 2898 2708 longum
2920 2646 3000 2691 est
3025 2638 3306 2706 explicare.
3341 2637 3521 2691 Dicam
3546 2644 3719 2693 tamen

2140 2726 2305 2782 brevi.
2339 2727 2418 2782 Eo
2442 2727 2582 2782 enim
2610 2743 2695 2782 res
2720 2727 2910 2797 erupit,
2944 2737 3001 2780 ut
3025 2727 3229 2781 occulta
3258 2741 3377 2782 esse
3405 2741 3510 2780 non
3542 2734 3724 2796 posset

2137 2820 2442 2874 absentibus
2467 2838 2480 2875 :
2502 2831 2556 2875 et
2583 2835 2681 2891 ego
2712 2821 2921 2890 quidem
2951 2832 3136 2890 puStca
3165 2819 3348 2873 Romae
3375 2835 3494 2874 cum
3523 2835 3721 2888 essem,

2136 2909 2313 2964 omnia
2335 2926 2460 2965 vera
2487 2926 2571 2965 me
2595 2910 2809 2965 audisse
2843 2911 3076 2975 firmavi;
3101 2908 3342 2980 quamvis
3368 2921 3472 2964 tam
3501 2909 3722 2966 familia-

2136 3000 2212 3054 ris
2233 3011 2286 3054 et
2310 3001 2439 3055 mihi
2465 3002 2734 3071 probatus,
2755 3002 2840 3071 qui
2862 3017 3098 3074 praesens
3118 3009 3260 3068 erat,
3276 3001 3341 3054 ad
3367 3017 3451 3057 me
3470 3017 3582 3056 rem
3601 3018 3723 3072 per-

2138 3089 2429 3158 tulerat,,ut
2449 3091 2666 3146 omnino
2687 3091 2932 3153 dubitare
2955 3108 3058 3144 non
3091 3106 3323 3160 possem.
3352 3092 3481 3146 Nam
3507 3093 3718 3162 quidam

2135 3189 2312 3245 vester
2348 3181 2589 3249 auditor,
2623 3183 2673 3235 in
2707 3183 2791 3235 illa
2839 3181 3170 3236 memorabili
3207 3182 3522 3242 abstinentia
3559 3183 3724 3241 nihilo

2137 3271 2320 3326 electis
2345 3271 2569 3338 cedens,
2603 3273 2692 3347 qui
2738 3283 2791 3327 et
2832 3273 3125 3328 liberaliter
3169 3274 3437 3326 institutus
3464 3280 3635 3340 esset,
3667 3284 3723 3330 et

2137 3371 2371 3426 vestram
2412 3373 2608 3417 sectam
2648 3365 2861 3432 eupiuse
2903 3364 3060 3418 vellet
3097 3373 3149 3418 et
3190 3365 3386 3420 soleret
3414 3363 3718 3432 defendere,

2137 3454 2513 3519 molestissime
2548 3453 2750 3509 ferebat
2788 3455 2926 3523 quod
2953 3455 3004 3512 ei
3037 3471 3168 3524 vage
3210 3455 3544 3526 pessimeque
3573 3455 3722 3517 habi-

2139 3547 2358 3609 tantium
2390 3547 2689 3616 passimque
2713 3548 3006 3601 viventium
3033 3549 3321 3603 electorum
3353 3565 3526 3604 mores
3546 3551 3722 3620 perdi-

2138 3638 2324 3692 tissimi
2349 3654 2492 3708 s:epe
2511 3639 2793 3710 disputanti
2816 3640 3218 3707 objiciebantur.
3239 3641 3490 3712 Cupiebat
3517 3642 3714 3712 itaque,

2137 3727 2181 3781 si
2212 3727 2321 3782 fieri
2353 3737 2550 3797 posset,
2582 3745 2768 3785 omnes
2791 3731 2880 3800 qui
2907 3730 3196 3785 secundum
3232 3731 3315 3785 illa
3347 3743 3611 3802 prmcepta
3636 3734 3720 3788 vi-

2140 3827 2244 3872 tam
2271 3818 2464 3889 degere
2487 3821 2650 3889 parati
2673 3830 2873 3886 essent,
2893 3835 3216 3891 c0ngrcgare
3236 3822 3286 3875 in
3309 3821 3522 3876 domum
3545 3838 3718 3891 suam,

2137 3920 2188 3966 et
2221 3911 2330 3966 suis
2356 3913 2653 3980 sumptibus
2681 3913 2964 3967 sustinere.
2997 3913 3121 3967 Erat
3147 3895 3286 3966 enini
3308 3924 3361 3967 et
3388 3929 3491 3968 non
3523 3915 3722 3970 medio-

2137 4004 2243 4058 eris
2265 4004 2501 4072 pecuniae
2527 4012 2879 4076 contemptor,
2907 4013 2960 4060 et
2985 4021 3088 4059 non
3119 4005 3455 4060 mediocriter
3476 4007 3724 4076 pecunio-

2138 4109 2250 4149 sus.
2291 4095 2618 4161 Querebatur
2653 4103 2827 4149 autem
2858 4095 3099 4170 impediri
3145 4103 3319 4149 tantos
3354 4104 3572 4151 conatus
3597 4112 3722 4152 suos

2137 4185 2505 4254 cpisc0porum
2530 4185 2894 4252 dissolutione,
2922 4187 3111 4258 quibus
3141 4186 3512 4255 adjuvantibus
3539 4188 3723 4256 imple-

2138 4290 2197 4328 re
2225 4273 2488 4340 debebata
2517 4274 2720 4336 Interea
2753 4288 2932 4341 vester,
2963 4277 3242 4346 episcopus
3279 4277 3492 4348 quidam
3514 4320 3529 4343 ,
3561 4277 3722 4335 homo

2138 4366 2312 4435 plane,
2344 4375 2399 4421 ιιι
2424 4367 2536 4438 ipse
2562 4378 2811 4436 expertus
2836 4383 2980 4436 sum,
3000 4369 3300 4425 rusticanus
3325 4378 3480 4439 atque
3506 4370 3718 4438 impoli-

2139 4465 2253 4523 tus,
2282 4457 2377 4517 scd
2416 4460 2596 4512 nescio
2639 4459 2905 4529 quomodo
2931 4475 2990 4512 ea
3032 4457 3141 4527 ipsa
3170 4458 3365 4512 duritia
3393 4459 3624 4513 severior
3661 4459 3717 4512 in

2137 4548 2495 4604 custodiendis
2517 4549 2669 4602 bonis
2690 4549 2924 4611 moribus
2943 4548 3236 4613 videbatur.
3260 4549 3407 4603 llunc
3423 4548 3722 4604 diutissime

2137 4638 2492 4694 desideratum
2519 4648 2571 4694 et
2601 4639 2882 4708 aliquando
2928 4647 3242 4710 praesentem
3269 4641 3454 4710 arripit
3482 4641 3599 4707 iste,
3623 4655 3721 4696 ex-

2135 4729 2285 4798 ponit
2311 4729 2507 4784 homini
2534 4729 2857 4785 voluntatem
2886 4745 3032 4784 suam
3061 4747 3074 4784 :
3099 4729 3274 4784 laudat
3298 4729 3385 4784 ille
3412 4739 3570 4799 atque
3588 4745 3724 4784 con-

2136 4820 2316 4883 sentit,
2351 4820 2520 4886 placet
2551 4829 2606 4878 ut
2634 4819 2684 4874 in
2708 4819 2870 4874 domo
2894 4819 3009 4896 ejus
3032 4820 3175 4889 prior
3194 4819 3305 4896 ipse
3327 4819 3540 4888 incipiat
3566 4817 3721 4876 habi-

2139 4919 2270 4964 tare.
2317 4909 2469 4974 Quod
2503 4909 2588 4963 ubi
2623 4909 2819 4974 factum
2845 4920 2956 4973 est,
2985 4927 3048 4963 eo
3077 4909 3374 4980 congregati
3408 4917 3530 4964 sunt
3565 4909 3723 4964 electi

2136 5017 2355 5068 omnes,
2383 5003 2471 5073 qui
2503 5001 2686 5055 Roma:
2713 5017 2831 5056 esse
2875 5011 3173 5070 potuerunt.
3216 5001 3490 5069 Proposita
3520 5010 3602 5054 est
3639 5001 3724 5054 vi-

2135 5091 2290 5146 vendi
2313 5093 2492 5162 regula
2517 5091 2584 5147 de
2609 5090 2882 5149 Maaiehmi
2904 5092 3123 5161 epistola
3149 5109 3162 5145 :
3187 5091 3370 5146 multis
3392 5090 3725 5146 intolerabile

2136 5184 2309 5238 visum
2341 5192 2422 5239 est
2448 5200 2462 5250 ;
2497 5185 2867 5247 abscesserunt
2896 5202 2909 5239 :
2933 5191 3301 5240 remanserunt
3321 5192 3497 5238 tamen
3520 5181 3725 5256 pudore

2134 5291 2239 5330 non
2263 5277 2434 5346 pauci.
2457 5275 2630 5345 Coepit
2659 5275 2729 5330 ita
2751 5275 2853 5328 vivi
2875 5285 2931 5329 ut
2954 5274 3244 5343 placuerat,
3267 5282 3320 5328 et
3341 5283 3398 5330 ut
3423 5282 3565 5333 tanta
3587 5287 3724 5343 pra-

2135 5365 2400 5421 scribebat
2444 5366 2734 5423 auctoritas
2762 5382 2775 5418 :
2803 5379 2923 5418 cum
2951 5363 3160 5420 interim
3204 5363 3413 5418 auditor
3441 5363 3530 5419 ille
3557 5362 3725 5420 vehe-

2135 5467 2343 5512 menter
2369 5471 2556 5512 omees
2581 5455 2645 5514 ad
2674 5455 2848 5511 omnia
2877 5464 3123 5525 cogeret,
3147 5455 3414 5508 neminem
3449 5461 3624 5506 tamen
3656 5450 3724 5507 ad

2197 5616 2346 5684 fitss.
2373 5624 2524 5677 xlv-Ope
2557 5625 2730 5664 omnes
2769 5612 2981 5671 habent,
3029 5609 3080 5660 in
3117 5607 3357 5671 meum;
3397 5610 3442 5660 id
3485 5616 3596 5670 est.
3631 5619 3730 5674 pro

2132 5689 2308 5788 minge-
2331 5744 2438 5788 Mss.
2465 5745 2702 5800 potiores:
2725 5736 2802 5786 alii
2828 5742 2879 5787 ut
2904 5736 2951 5786 in
2973 5735 3106 5795 Edd.,
3130 5707 3378 5796 famulam.
