4138 6364
382 306 515 361 15η

379 420 429 472 id
455 395 594 488 quod
621 406 725 470 non
753 415 895 484 prior
924 414 1038 485 ipse
1063 412 1375 482 susciperet.
1407 409 1613 464 Interea
1646 408 1775 462 rixa:
1815 406 1953 462 inter

376 508 577 563 electos
615 506 918 561 oriebantur
960 503 1328 565 creberrimtc,
1350 499 1731 569 objiciebantur
1769 495 1836 550 ab
1870 495 1952 548 in-

376 600 546 654 vicem
573 596 793 652 crimina
811 637 827 663 ,
849 611 966 665 quze
996 594 1085 649 ille
1111 594 1285 647 omnia
1311 604 1529 661 gemens
1563 586 1837 652 audiebat,
1861 585 1954 639 da-

378 690 572 758 batque
610 702 827 756 operam
873 696 930 739 ut
970 687 1175 756 seipsos
1217 684 1269 737 in
1304 680 1561 752 jurgando
1597 676 1963 735 incautissime,

379 778 666 850 proderent
691 796 704 831 :
733 776 1025 847 prodebant
1053 774 1279 830 nefanda
1302 783 1356 829 et
1379 772 1647 827 immania.
1675 771 1751 826 ibi
1775 769 1954 840 cogni-

380 880 488 925 tum
528 879 610 925 est
637 872 818 939 quales
844 876 1053 933 essent,
1084 867 1175 937 qui
1215 877 1387 920 tamen
1428 866 1564 919 inter
1598 872 1819 918 cancros
1849 861 1951 915 vim

375 972 758 1033 praeceptorum
776 961 983 1015 illorum
1006 957 1336 1015 subeundam
1357 956 1454 1012 sibi
1477 968 1595 1011 esse
1616 961 1948 1023 putaverunt.

375 1052 491 1107 Jam
516 1052 584 1106 de
621 1053 829 1106 ett-teris
855 1052 978 1121 quid
1008 1050 1379 1121 suspicandum
1408 1057 1548 1114 erat,
1580 1056 1672 1101 aut
1705 1045 1833 1115 quid
1863 1061 1952 1114 po-

378 1143 480 1197 tius
497 1141 875 1211 judicandum?
901 1142 1035 1208 Quid
1073 1141 1259 1211 plura?
1283 1140 1460 1194 Coacti
1488 1137 1769 1207 aliquando
1803 1151 1944 1189 mur-

375 1240 718 1287 muravcruut
744 1232 990 1285 sustineri
1022 1232 1107 1283 illa
1138 1228 1381 1283 mandata
1406 1241 1507 1281 neu
1532 1240 1723 1296 posse:
1749 1226 1871 1280 inde
1900 1227 1951 1280 in

376 1324 706 1380 seditionem.
736 1323 937 1392 Agebat
961 1321 1170 1376 auditor
1188 1335 1400 1375 causam
1420 1335 1568 1374 suam
1590 1318 1953 1386 complexione

376 1414 683 1469 brevissima
706 1455 720 1479 ,
764 1422 855 1467 aut
885 1412 971 1466 illa
1001 1412 1176 1466 omnia
1204 1426 1324 1466 esse
1367 1409 1652 1473 servanda,
1677 1417 1767 1463 aut
1802 1409 1953 1463 illum

375 1506 462 1575 qui
491 1506 611 1559 talia
638 1504 737 1558 sub
777 1505 864 1559 tali
895 1504 1198 1559 conditione
1238 1503 1605 1572 praecepisset,
1634 1517 1754 1571 qurc
1778 1502 1954 1556 nullus

378 1603 556 1664 posset
582 1595 819 1663 implere,
844 1594 1211 1649 stultissimum
1242 1591 1672 1647 existimandum.
1709 1589 1843 1645 Vicit
1874 1600 1952 1644 ta-

374 1702 515 1750 men,
546 1702 650 1741 non
676 1686 817 1741 enim
843 1687 1001 1741 aliter
1028 1694 1250 1756 poterat,
1269 1684 1426 1738 unius
1451 1683 1765 1738 sententiam
1796 1681 1953 1737 effre-

374 1777 678 1831 natissimus
703 1776 932 1847 plurium
959 1778 1229 1845 strepitus.
1259 1776 1447 1830 Postea
1474 1776 1631 1829 etiam
1658 1774 1771 1842 ipse
1790 1774 1953 1828 cessit

373 1869 673 1938 episcopus,
693 1877 884 1923 etcum
909 1884 1098 1938 magno
1119 1869 1378 1923 dedecore
1399 1866 1630 1937 aufugit:
1651 1867 1803 1935 cujus
1823 1881 1951 1919 sane

371 1958 473 2012 cibi
503 1968 697 2028 praeter
722 1959 957 2029 regulam
983 1958 1227 2013 clanculo
1255 1958 1476 2027 accepti,
1502 1964 1557 2011 et
1584 1971 1727 2026 saepe
1753 1954 1950 2009 inventi

372 2048 673 2103 ferebantur
691 2092 704 2116 ,
730 2065 848 2104 cum
878 2051 925 2105 ei
958 2050 1025 2105 de
1061 2050 1277 2120 preprio
1315 2049 1524 2105 sacculo
1549 2048 1827 2119 diligenter
1854 2062 1949 2103 oc-

371 2140 566 2193 cultato
593 2139 811 2207 pecunia
839 2140 1053 2208 cepiosa
1080 2147 1401 2209 suppeteret.

441 2228 532 2283 75.
572 2228 697 2283 llaec
720 2230 763 2283 si
792 2229 922 2283 falsa
950 2245 1067 2284 csse
1090 2230 1263 2284 dicitis
1284 2271 1297 2292 ,
1329 2230 1484 2283 nimis
1513 2229 1709 2297 apertis
1739 2236 1793 2285 et
1822 2244 1945 2297 per-

1576 2351 1761 2360 μὴ’-.-

1331 296 1389 352 S.
1431 293 1794 352 AUGUSTINI
1831 290 2106 348 REGULA
2148 290 2239 346 AD
2278 289 2540 348 SERVOS
2578 288 2687 346 DEI

1854 2352 1875 2355 _
1893 2350 2379 2360 ___..—~A.._._—

1408 2352 2522 2589 Bagam

3505 296 3639 356 £578

2059 404 2283 475 vulgatis
2302 403 2465 459 rebus
2487 402 2762 459 obsistitis.
2788 401 2892 459 Sed
2921 403 3119 458 utinam
3145 403 3248 461 hoc
3270 407 3475 466 dicatis.
3506 412 3637 469 Cum

2056 496 2198 550 enim
2220 496 2328 551 sint
2355 495 2454 551 ista
2482 493 2781 561 manifesta,
2807 494 2945 550 etiis
2970 495 3060 565 qui
3089 497 3227 553 scire
3255 500 3515 557 voluerint
3539 517 3638 559 co-

2056 587 2203 656 gnitu
2226 585 2472 640 facillima
2492 624 2509 652 ,
2526 585 2851 655 intelligitur
2878 601 3035 656 quam
3066 601 3192 641 vera
3227 588 3403 646 dicere
3429 592 3638 648 soleant

2058 678 2146 746 qui
2178 676 2292 729 ha-c
2317 690 2441 729 vera
2471 690 2589 730 esse
2618 676 2945 746 negaverint.
2977 675 3081 731 Sed
3103 677 3219 732 aliis
3243 677 3638 736 defensionibus

2057 767 2283 832 utimini,
2312 782 2443 836 quas
2472 782 2574 837 ego
2601 783 2707 821 non
2737 768 2996 836 improbo.
3037 769 3142 822 Aut
3170 769 3311 824 enim
3337 769 3511 826 dicitis
3538 773 3636 826 ali-

2056 872 2188 926 quos
2216 857 2303 926 qui
2330 865 2504 911 vestra
2535 865 2799 927 prtecepta
2826 856 3151 925 custodiant,
3180 875 3276 914 nec
3299 875 3389 915 eos
3410 862 3637 917 aliorum

2054 949 2366 1003 criminibus
2387 948 2582 1003 debere
2606 948 2884 1018 perfundi;
2910 957 3002 1003 aut
3024 964 3127 1003 non
3149 962 3398 1020 oportere
3420 954 3639 1008 omnino

2055 1040 2219 1108 quaeri
2244 1038 2430 1107 quales
2457 1038 2562 1093 sint
2588 1038 2829 1094 homines
2848 1078 2864 1105 ,
2891 1040 2979 1109 qui
3009 1049 3240 1095 vestram
3282 1050 3479 1097 sectam
3510 1058 3638 1112 pro-

2057 1129 2305 1193 fitentur,
2337 1130 2431 1185 sed
2466 1130 2634 1199 qualis
2676 1131 2745 1183 sit
2784 1129 2895 1199 ipsa
2941 1130 3219 1201 professio.
3260 1131 3494 1198 Quorum
3538 1148 3638 1204 ego

2056 1228 2340 1287 utrumque
2385 1234 2506 1273 cum
2553 1217 2819 1273 admisero
2849 1220 3183 1290 (quanquam
3212 1237 3309 1281 nec
3344 1222 3460 1276 illos
3502 1221 3637 1277 fidos

2056 1307 2423 1363 mandatorum
2441 1310 2808 1364 observatores
2828 1309 3215 1376 demonstrare,
3236 1327 3332 1367 nec
3350 1313 3515 1381 ipsam
3531 1313 3639 1368 ha:-

2056 1398 2214 1451 rcsim
2252 1412 2282 1451 a
2315 1406 2391 1452 tot
2432 1408 2485 1452 et
2517 1400 2676 1453 tantis
2714 1400 2866 1469 nugis
2905 1409 3062 1469 atque
3099 1402 3386 1457 sceleribus
3415 1418 3640 1473 purgare

2056 1488 2324 1557 possitis),
2359 1488 2485 1542 illud
2514 1498 2687 1543 tamen
2728 1505 2757 1543 a
2798 1490 2947 1544 vobis
2987 1506 3303 1560 magnopere
3349 1493 3635 1560 requiram,

2054 1596 2149 1635 cur
2178 1581 2470 1635 maledictis
2512 1582 2841 1636 insectemini
2883 1566 3231 1638 Christianos.
3258 1583 3503 1639 catholici
3535 1599 3635 1639 no-

2052 1671 2233 1739 minis,
2262 1671 2608 1742 quorumdam
2639 1672 2903 1727 intuentes
2925 1675 3182 1743 perditam
3206 1675 3399 1739 vitam;
3428 1686 3549 1730 cum
3570 1676 3639 1732 de

2053 1764 2244 1823 vestris
2271 1763 2569 1817 hominibus
2592 1762 2770 1817 haberi
2800 1766 3167 1833 qutestionem,
3190 1775 3283 1819 aut
3300 1765 3638 1835 impudenter

2052 1857 2310 1912 recusetis
2333 1894 2348 1920 ,
2384 1863 2477 1909 aut
2517 1855 2875 1925 impudentius
2904 1872 3008 1910 non
3046 1858 3331 1922 recusetis,
3362 1857 3641 1927 velitisque

2054 1945 2275 2015 intelligi
2323 1946 2374 1999 in
2403 1953 2545 2000 tanta
2584 1956 2758 1999 vestra
2791 1946 3056 2014 paucitate
3087 1945 3253 1999 latere
3280 1945 3460 2000 nescio
3484 1960 3635 2015 quos,

2053 2036 2144 2105 qui
2182 2051 2276 2090 sua
2323 2044 2581 2105 pra-cepta
2625 2036 2958 2101 custodiunt,
2989 2046 3044 2092 ct
3084 2037 3139 2091 in
3184 2044 3327 2092 tanta
3353 2036 3641 2093 Catholicae

2053 2126 2387 2180 multitudine
2412 2142 2516 2180 non
2550 2126 2724 2182 velitis
2748 2127 2772 2181 ?
2796 2170 2799 2173 ς

2763 2358 3618 2368 Em

796 2642 902 2708 DE
946 2638 1357 2720 SEQUENTE
1401 2637 1720 2706 REGULA
1766 2638 2049 2704 SANCTI
2094 2644 2520 2705 AUGUSTINI
2562 2646 2671 2706 AD
2715 2640 3016 2708 SERVOS
3056 2646 3212 2710 DEI.

439 2768 565 2823 Bato
584 2767 765 2823 eadem
794 2769 993 2838 regula,
1021 2784 1140 2839 quae
1161 2767 1414 2831 dictione,
1436 2766 1731 2830 sententiis,
1759 2765 2197 2836 prtcceptionibus
2217 2764 2430 2820 demum
2455 2767 2537 2835 pia
2563 2766 2889 2823 humanitate
2913 2771 3140 2824 conditis
3166 2782 3441 2827 auctorem
3461 2772 3628 2827 refert

369 2861 740 2931 Augustinum,
771 2869 944 2915 exstat
978 2861 1029 2914 in
1059 2858 1295 2930 Epistola
1320 2858 1686 2913 ducentesima
1722 2856 2017 2921 undecima,
2052 2856 2552 2912 Sanctitnonialibus
2578 2858 2645 2911 ab
2676 2858 2790 2927 ipso
2828 2862 3041 2928 scripta.
3070 2860 3199 2916 Inde
3222 2856 3349 2916 eam
3382 2863 3635 2933 deprom-

370 2963 532 3019 ptam,
562 2954 795 3023 virisque
817 2962 1047 3023 aptatam
1077 2952 1239 3006 fuisse
1266 2952 1547 3006 observant
1571 2960 1764 3021 praeter
1788 2952 1922 3006 alios
1947 2952 2247 3010 Bernardus
2267 2953 2560 3024 Vindingus
2591 2966 2645 3011 et
2672 2957 2898 3027 Prosper
2922 2958 3238 3024 Stellartius,
3277 2940 3645 3034 ambo‘Augtta

371 3048 611 3102 stinianze
635 3046 845 3101 familim
870 3045 1091 3112 alumni,
1114 3060 1177 3099 ac
1206 3044 1493 3099 novissime
1513 3044 1594 3097 vir
1612 3043 1848 3099 eruditus
1873 3044 2121 3100 Nicolaus
2145 3045 2347 3100 Desnos
2373 3062 2439 3102 ex
2461 3048 2646 3102 ordine
2672 3048 3061 3107 Canonicorum
3092 3055 3409 3125 regularium
3438 3056 3494 3112 S.
3521 3059 3634 3111 Au-

369 3139 579 3208 gustini.
616 3139 743 3206 Quzc
769 3155 855 3194 res
884 3149 942 3203 ut
977 3139 1044 3192 ita
1074 3138 1283 3203 habeat,
1323 3146 1465 3191 certe
1488 3137 1595 3203 jam
1625 3135 1714 3189 diu
1740 3145 1840 3201 est,
1870 3151 1992 3191 cum
2027 3137 2263 3191 virorum
2290 3138 2628 3192 instituendis
2660 3142 2894 3197 moribus
2936 3143 3179 3199 adhiberi
3219 3148 3398 3215 cmpit.
3421 3148 3628 3217 Quippe

372 3231 697 3300 perantiqum
718 3230 1059 3284 Tarnatensis
1086 3229 1279 3297 regulae
1307 3237 1506 3296 partem
1532 3226 1652 3279 facit
1674 3227 2022 3295 potissimam,
2047 3227 2351 3281 laudaturiu
2376 3229 2669 3282 Concordia
2690 3234 2989 3300 regularum
3017 3250 3044 3287 a
3078 3235 3363 3291 Benedicto
3404 3241 3624 3295 Anianre

369 3322 577 3387 abbate,
609 3321 853 3391 quodque
880 3336 908 3374 e
938 3336 995 3374 rc
1022 3328 1200 3375 nostra
1240 3328 1318 3373 est
1346 3319 1431 3372 hic
1456 3318 1760 3383 admonere,
1789 3319 1841 3371 in
1867 3317 2049 3372 codice
2078 3318 2382 3373 Corbeiensi
2413 3321 2556 3375 mille
2592 3336 2759 3376 annos
2796 3325 3110 3393 prtcfercute
3147 3330 3447 3384 continetur
3492 3332 3621 3388 viris

367 3412 762 3467 accommodata
791 3422 845 3466 ct
874 3412 926 3465 in
962 3426 1125 3463 unum
1163 3410 1357 3479 regula:
1386 3424 1578 3480 corpus
1618 3417 1799 3462 coacta
1830 3422 1948 3462 cum
1988 3423 2049 3462 ea
2082 3424 2198 3477 quze
2225 3408 2530 3464 inscribitur
2556 3410 2753 3480 Regula
2789 3415 3027 3469 secunda.

841 3534 3149 3791 g—AURELIIAUGUSTINI
3422 3800 3423 3803 γ

1335 3856 1952 3932 ΗΙΡΡΟΝΕΝΕ

2055 3856 2088 3929 s
2152 3861 2673 3935 EPISCOPI
3244 3958 3258 3967 η
3621 3863 3636 3983 ε.

1301 4158 1603 4360 Al;
1621 4158 1952 4359 ἔέιξ

2071 4158 2139 4165 ή-
2181 4158 2487 4174 .——-_-_
2922 4160 2941 4168 ,ν
2976 4161 2982 4170 .
3035 4162 3044 4172 ,
3382 4158 3389 4165 ο
3416 4158 3425 4170 ι
3480 4160 3497 4173 η.
3576 4160 3603 4181 ,ιι
3626 4159 3637 4171 ι

2947 4241 2953 4257 λ
3021 4248 3029 4262 ι
3072 4252 3113 4263 ur
3168 4242 3224 4263 ’με
3340 4235 3380 4259 ml
3448 4232 3517 4273 ,ἰῙ
3543 4238 3585 4263 τ’*
3618 4246 3627 4266 1

2055 4248 2311 4362 ros
2363 4255 2725 4369 DEI-
3434 4309 3549 4341 ιἰ-
3591 4322 3634 4355 ι.

1702 4423 2331 4498 ﬂow)?»

379 4550 455 4606 De
482 4550 723 4604 charitate
750 4547 845 4601 Dei
885 4555 931 4601 et
968 4539 1216 4616 proximi,
1249 4538 1433 4597 unione
1473 4539 1702 4596 cordium
1737 4551 1784 4597 et
1820 4559 1952 4598 com-

2065 4559 2400 4629 pnccipimus
2422 4558 2473 4613 in
2494 4564 2817 4617 monasterio
2836 4568 3125 4624 constituti.
3150 4570 3406 4640 Primum,
3432 4587 3647 4647 propter

938 4640 1179 4692 ηιυηίταιε
1206 4654 1390 4690 τεναητ·
2063 4651 2204 4721 quod
2234 4652 2284 4705 in
2313 4668 2473 4705 unum
2502 4653 2630 4707 estis
2658 4658 2981 4725 congregati,
3010 4670 3068 4715 ut
3094 4666 3367 4721 unaninms
3396 4640 3644 4725 ιιξιωίριῑε

450 4733 506 4786 1ο
538 4732 672 4784 Αιιῑθ
702 4729 877 4784 οιιὶῐιῖθ
897 4769 913 4795 9
946 4729 990 4782 ff
994 4738 1136 4783 31785
1161 4727 1457 4783 οὶὶπίεδίηιί
1478 4768 1492 4791 ν
1520 4727 1767 4797 diligam"
1794 4728 1952 4794 υθιιεν
2062 4742 2114 4795 in
2143 4741 2302 4796 domo
2326 4744 2364 4806 ³,
2392 4753 2445 4796 et
2471 4743 2540 4796 sit
2562 4744 2710 4797 vobis
2737 4747 2907 4799 anima
2932 4766 3031 4803 una
3058 4761 3111 4805 et
3131 4768 3224 4806 cor
3245 4771 3404 4808 unum
3434 4757 3483 4810 iu
3509 4758 3636 4812 Deo.

378 4820 569 4875 deinde
595 4819 899 4889 Ρΐοκίηιυεν
930 4818 1051 4887 quia
1080 4818 1179 4907 ίξῑθ
1210 4824 1472 4885 Ρταῖεθρίπ
1500 4825 1622 4871 sum
1653 4817 1958 4886 DrinCipali'
2066 4831 2131 4885 Et
2157 4846 2265 4886 non
2290 4832 2476 4886 dicatis
2501 4832 2697 4903 aliquid
2726 4840 3015 4907 proprium,
3048 4842 3140 4895 sed
3171 4842 3276 4896 sint
3302 4846 3448 4901 vobis
3469 4850 3644 4905 omnia

382 4923 461 4965 ter
486 4910 639 4964 nobis
664 4909 782 4961 data
810 4907 907 4977 (a).
950 4908 1073 4960 llaac
1104 4906 1259 4975 igitur
1284 4917 1406 4960 sunt
1434 4922 1553 4975 quae
1579 4916 1636 4961 ut
1661 4907 1952 4963 observetis

2061 4924 2360 4978 communia
2392 4941 2404 4976 :
2435 4933 2487 4977 et
2513 4924 2857 4980 distribuatur
2885 4930 3166 5000 unicuique
3195 4945 3425 4991 vestrum
3455 4954 3484 4992 a
3513 4955 3646 5009 pra:-

2062 5016 2235 5084 posito
2264 5025 2442 5070 vestro
2462 5018 2481 5047 ¹
2514 5017 2681 5071 victus
2711 5028 2763 5072 et
2795 5028 3188 5091 tegumentum,
3234 5043 3336 5083 non
3376 5033 3649 5100 mqualiter

2062 5109 2340 5174 omnibus,
2392 5108 2514 5179 quia
2560 5127 2664 5164 non
2717 5106 2991 5181 mqualitcr
3039 5114 3226 5173 Valetis
3272 5136 3494 5191 omnes,
3547 5128 3641 5180 sed

423 3541 442 3544 ,κ
465 3541 556 3543 -Ῠ
573 3541 676 3543 77.
706 3541 712 3542 κ
1051 3543 1056 3554 Ι
1103 3543 1114 3554 Ι
1165 3541 3614 3554 ..Ι-ψηῖῂν-ᾑἪ
3117 3549 3133 3554 ..
3301 3553 3314 3554 γ
3365 3552 3404 3554 ,γ
3475 3553 3482 3554 κ

439 5021 512 5083 (α)
536 5020 834 5083 Przcmissum
867 5018 1167 5083 exordiolum
1205 5019 1453 5080 Augustini
1498 5034 1596 5083 non
1632 5033 1744 5070 esse
1784 5022 1956 5071 obser-

380 5079 778 5146 vant'vindingus
800 5087 871 5146 get‘
902 5079 1170 5146 stellartius
1191 5094 1214 5146 ε
1232 5079 1531 5146 assumptum
1574 5082 1665 5131 fuit
1688 5095 1754 5131 ex
1778 5083 1958 5146 Regula

378 5143 605 5202 secunda,
631 5140 775 5203 quam
798 5140 921 5190 infra
942 5142 992 5189 iu
1013 5141 1279 5203 appendice
1302 5140 1471 5189 babes.

1628 5238 1886 5275 ΑΒΜΟΠῙΤΙΟ
1909 5242 1981 5275 PP.
2001 5238 2373 5274 BENEDICTORUH.

435 5306 610 5377 rodata
624 5312 708 5377 est
728 5304 852 5367 (haec
865 5303 1067 5377 uegula)
1084 5317 1197 5377 cum
1216 5304 1550 5377 antiquissimo
1563 5305 1851 5377 Regularum
1874 5306 2038 5377 codice
2057 5307 2334 5377 (iorbeiensi
2355 5308 2435 5377 qui
2456 5320 2607 5377 annos
2626 5307 2822 5377 praefert
2840 5308 3092 5377 plusquam
3111 5313 3261 5377 mille,
3283 5329 3390 5364 cum
3411 5323 3516 5367 Mss.
3541 5326 3648 5368 Sor.

377 5370 564 5433 (ionico,
587 5366 831 5433 'I‘buaneo,
853 5366 1115 5433 (immensi,
1134 5366 1430 5433 Michaeliup,
1445 5366 1765 5433 AMedard’ensi,
1780 5369 2047 5433 )‘ictogrino,
2068 5366 2471 5416 Germanensibus
2490 5366 2657 5427 tribus,
2683 5366 2917 5421 Vaticanis
2933 5366 3138 5432 duobus,
3166 5366 3453 5429 lectionibus
3470 5366 3651 5433 codicis

373 5424 730 5479 Gemblacensis
749 5424 875 5491 apud
893 5435 1001 5477 Lov.
1021 5424 1131 5477 cum
1154 5424 1355 5489 epistola
1374 5428 1482 5488 2H;
1503 5441 1711 5490 cumque
1732 5424 2142 5478 editionibus'Am.
2174 5435 2246 5477 Er.
2270 5435 2376 5478 Lov.
2400 5437 2451 5479 et
2468 5424 2775 5481 Desnosiana.

453 5512 967 5591 Comparavt'mus
1000 5519 1305 5591 praeterea
1333 5531 1431 5573 eas
1462 5530 1667 5573 omnes
1697 5513 1999 5575 editiones
2038 5513 2229 5575 initio
2261 5516 2807 5578 Retractationum
2849 5521 2913 5579 et
2965 5512 3455 5578 Confessionum
3507 5535 3598 5577 me

385 5600 680 5653 moratas.
963 5600 1049 5652 M.
2530 5628 2533 5631 λ

396 5690 397 5693 “
441 5698 457 5722 ι
484 5690 597 5738 editi
616 5724 630 5737 .
723 5692 865 5744 domo
1120 5695 1173 5740 At
1193 5694 1411 5739 abisset
1431 5690 1706 5752 abepistola
1718 5691 1798 5741 ΞΗ
1818 5693 1958 5743 abest

723 5692 865 5744 domo
1120 5695 1173 5740 At
1193 5700 1222 5739 a
1238 5694 1344 5739 Mss.
1360 5696 1411 5739 et
1431 5690 1492 5740 ab
1505 5690 1706 5752 epistola
1718 5691 1798 5741 ΞΗ
1818 5693 1952 5743 abest

2126 5693 2147 5762 ξ
2170 5699 2276 5762 Mss.
2304 5692 2402 5741 ΛΠ).
2429 5700 2478 5743 et
2499 5694 2633 5762 sorb.
2658 5690 2898 5759 omittunt,
2920 5711 2951 5747 a
2970 5701 3224 5762 ᾕννωιτοςίῖο
3246 5709 3410 5753 Miro.
3437 5704 3519 5752 Alii
3547 5711 3649 5753 tres

380 5764 493 5806 vox.
519 5756 722 5802 Domini.

2064 5756 2374 5816 substituunt,
2395 5770 2423 5804 a
2446 5757 2625 5806 seniore
2644 5763 2815 5807 vestro.
