4138 6364
501 301 637 360 1579

500 417 676 492 pdtius
699 415 982 486 unicuique
1018 410 1156 469 sicut
1179 413 1312 483 opus
1338 408 1512 464 fuerit.
1540 409 1630 464 Sic
1653 409 1793 463 enim
1819 407 1989 478 legitis
2019 405 2075 460 in

501 510 719 568 Actibus
745 506 1117 578 Apostolorum
1147 521 1160 558 :
1196 503 1328 568 Quia
1355 509 1494 555 erant
1527 501 1628 554 illis
1655 500 1824 553 omnia
1854 514 2077 552 commu-

503 605 622 670 nia,
655 611 701 657 et
727 598 1112 655 distribuebatur
1146 593 1410 662 unicuique
1447 591 1576 644 sicut
1602 592 1776 658 cuique
1808 605 1934 660 Opus
1973 596 2079 641 erat

506 694 640 764 (Act.
668 707 754 755 iv,
786 689 890 756 3'2,
931 688 1041 758 55).
1085 685 1185 752 Qui
1224 681 1420 752 aliquid
1462 681 1728 735 habebam
1767 679 1821 733 in
1862 679 2076 744 smculo,

506 783 718 853 quando
742 780 963 851 ingressi
990 784 1112 832 sunt
1137 773 1511 829 monasterium
1531 813 1545 836 ,
1575 770 1799 825 libenter
1828 768 1954 822 illud
1985 782 2078 822 ve~

506 875 606 932 lint
629 874 765 927 inter
790 885 848 926 se
873 883 991 925 esse
1013 879 1312 922 commune.
1339 860 1440 929 Qui
1461 869 1637 917 autem
1663 877 1765 915 non
1793 860 2077 927 habebant,

508 980 618 1021 non
646 979 707 1019 ea
735 968 972 1033 quaerant
997 959 1048 1012 in
1076 956 1431 1022 monasterio,
1459 969 1576 1024 qua
1604 967 1704 1008 nec
1732 951 1860 1007 foris
1887 951 2082 1007 habere

506 1061 793 1127 potuerunt
821 1069 835 1106 :
863 1053 955 1105 sed
983 1057 1161 1103 tamen
1197 1061 1381 1101 eorum
1419 1043 1738 1110 infirmitati,
1776 1041 1917 1112 quod
1948 1056 2082 1110 opus

507 1155 591 1204 est
616 1147 894 1212 tribuatur,
919 1141 1126 1199 etiamsi
1149 1146 1426 1210 paupertas
1454 1135 1664 1192 illorum
1681 1177 1696 1200 ,
1723 1135 1931 1205 quando
1957 1134 2082 1188 foris

507 1246 678 1304 erant,
710 1251 808 1292 nec
839 1237 952 1306 ipsa
978 1232 1274 1289 necessaria
1302 1237 1509 1300 poterat
1535 1228 1791 1282 invenire.
1814 1227 2040 1281 Tantum
2063 1226 2081 1259 ί

505 1317 613 1386 non
660 1330 781 1386 ideo
826 1342 885 1383 se
934 1332 1122 1396 putent
1166 1333 1286 1377 esse
1333 1321 1545 1386 felices;
1593 1319 1714 1389 quia
1771 1319 2085 1372 invenerunt

505 1421 705 1475 victum
734 1425 789 1473 et
816 1423 1172 1487 tegumentum
1194 1453 1210 1481 ,
1240 1411 1394 1482 quale
1433 1409 1563 1464 foris
1590 1409 1826 1463 invenire
1850 1423 1955 1462 non
1985 1421 2082 1477 po-

508 1520 702 1566 terant.

1097 1570 1177 1627 De
1203 1569 1499 1624 humilitate.

584 1669 638 1724 2.
668 1667 778 1723 Nec
797 1665 1002 1736 erigant
1022 1663 1303 1728 cervicem,
1323 1661 1441 1730 quia
1464 1659 1730 1714 sociantur
1748 1657 1846 1724 eis,
1866 1657 1930 1712 ad
1951 1670 2084 1727 quos

512 1760 641 1816 foris
659 1759 913 1815 accedere
934 1771 1038 1812 non
1060 1755 1354 1819 audebant;
1379 1753 1473 1808 sed
1494 1767 1700 1807 sursum
1723 1767 1815 1806 eor
1834 1751 2082 1815 habeant,

510 1860 565 1906 et
601 1860 812 1906 terrena
841 1864 904 1904 ae
931 1862 1064 1901 vana
1102 1861 1208 1900 non
1237 1853 1475 1914 quaerant
1498 1845 1541 1909 ‘,
1572 1857 1638 1896 ne
1677 1841 1927 1911 incipiant
1967 1855 2086 1896 esse

513 1942 832 1996 monasteria
859 1939 1107 1994 divitibus
1134 1937 1302 2004 utilia,
1334 1951 1438 1990 non
1463 1935 1800 2005 pauperibus,
1829 1935 1873 1987 si
1898 1933 2085 1989 divites

512 2033 620 2087 illic
646 2032 1018 2095 humiliantur,
1050 2039 1104 2083 et
1132 2042 1389 2098 pauperes
1419 2026 1525 2079 illic
1551 2024 1818 2078 inflantur.
1860 2023 2082 2087 Rursus,

513 2123 674 2177 etiam
705 2123 779 2176 illi
809 2122 897 2192 qui
936 2120 1129 2189 aliquid
1159 2134 1277 2173 esse
1309 2117 1615 2171 videbantur
1643 2115 1695 2170 in
1723 2115 1946 2181 saeculo,
1979 2131 2084 2169 non

513 2210 742 2266 habeant
769 2209 977 2264 fastidio
1005 2208 1194 2262 fratres
1222 2220 1378 2270 suos,
1423 2206 1511 2276 qui
1555 2205 1619 2259 ad
1664 2205 1805 2258 illam
1848 2211 2084 2258 sanctam

513 2303 822 2358 societatem
871 2316 938 2356 ex
987 2308 1294 2370 paupertate
1343 2308 1598 2352 venerunt
1639 2315 1652 2351 :
1698 2299 1865 2368 magis
1909 2305 2085 2351 autem

515 2395 762 2450 studeant
805 2409 908 2447 non
940 2392 1004 2446 de
1036 2400 1310 2461 parentum
1341 2389 1554 2443 divitum
1583 2389 1866 2458 dignitate,
1897 2389 1990 2442 sed
2019 2388 2085 2443 de

511 2499 801 2556 pauperum
830 2482 1047 2536 fratrum
1075 2481 1325 2534 societate
1347 2480 1580 2549 gloriari.
1611 2479 1721 2534 Nec
1745 2478 2082 2544 extollantur,

402 2629 410 2644 ,
513 2576 558 2630 si
586 2573 850 2630 communi
889 2573 1009 2626 vita:
1047 2570 1241 2642 aliquid
1271 2570 1337 2624 de
1362 2571 1470 2624 suis
1497 2569 1828 2624 facultatibus
1851 2569 2087 2624 contule-

512 2673 669 2731 runt;
701 2682 766 2721 ne
798 2665 864 2721 de
897 2665 1007 2718 suis
1035 2663 1229 2718 divitiis
1257 2661 1423 2732 magis
1466 2661 1803 2731 superbiant,
1846 2663 1965 2732 quia
1995 2676 2086 2716 eas

513 2758 568 2814 in
593 2757 915 2814 monasterio
941 2755 1264 2825 partiuntur,
1295 2769 1449 2824 quam
1476 2754 1521 2808 si
1545 2753 1622 2807 eis
1648 2754 1701 2807 in
1729 2753 1922 2808 sacculo
1948 2753 2087 2809 frueé

513 2858 719 2905 rentur.
767 2849 882 2902 Alia
925 2847 1119 2916 quippe
1165 2859 1507 2914 quaecumque
1553 2843 1798 2913 iniquitas
1841 2845 1892 2898 in
1933 2845 2086 2900 malis

515 2938 768 3008 operibus
810 2944 1119 3001 excreetur,
1166 2943 1223 2988 ut
1265 2933 1422 2996 fiant;
1467 2935 1711 3002 superbia
1758 2948 1884 2989 vero
1926 2935 2086 2990 etiam

517 3028 672 3082 bonis
697 3026 946 3096 cperibus
971 3024 1262 3088 insidiatur,
1290 3032 1346 3077 ut
1365 3031 1584 3093 pereant
1610 3041 1623 3078 :
1651 3032 1704 3079 et
1725 3025 1848 3093 quid
1872 3023 2088 3094 prodest

513 3118 820 3189 dESpergere
857 3117 1029 3172 dando
1056 3116 1370 3186 pauperibus
1397 3125 1450 3170 et
1480 3130 1760 3184 pauperem
1788 3115 1900 3172 fieri
1919 3158 1936 3183 ,
1963 3132 2084 3171 cum

514 3211 691 3265 anima
719 3210 911 3264 misera
940 3208 1214 3278 superbior
1247 3206 1474 3261 efficitur
1499 3207 1708 3262 divitias
1739 3218 2086 3264 contemnen-

413 3351 416 3354 .
513 3300 604 3368 do,
636 3316 793 3370 quam
824 3299 994 3353 fuerat
1018 3296 1375 3367 possidendo?
1401 3295 1598 3352 Omnes
1620 3299 1746 3367 ergo
1770 3299 2088 3355 unanimiter

513 3402 567 3448 et
591 3391 927 3447 concorditer
953 3389 1143 3454 vivite;
1188 3396 1242 3442 et
1280 3388 1537 3442 honorate
1579 3387 1631 3442 in
1675 3387 1825 3443 vobis
1862 3388 2085 3444 invicem

513 3484 701 3550 Deum,
729 3483 877 3552 cujus
906 3479 1094 3550 templa
1125 3478 1245 3532 facti
1275 3478 1422 3532 estis.

901 3569 980 3623 De
1006 3569 1228 3622 oratione
1254 3576 1300 3621 et
1327 3567 1490 3620 divino
1519 3564 1694 3638 ofﬁcio.

585 3663 639 3717 5.
670 3659 1010 3716 Orationibus
1034 3657 1257 3721 instate,
1286 3656 1430 3712 horis
1458 3664 1512 3712 et
1539 3657 1860 3726 temporibus
1883 3660 2085 3714 eonsti-s

517 3752 664 3806 tutis.
697 3751 753 3804 ln
778 3748 1009 3805 oratorio
1033 3761 1192 3802 nemo
1215 3745 1410 3816 aliquid
1438 3754 1585 3816 agat,
1616 3746 1714 3799 nisi
1745 3747 1809 3800 ad
1837 3749 1975 3816 quod
2005 3758 2085 3804 est

517 3842 746 3906 factum,
783 3840 924 3895 unde
961 3847 1015 3894 et
1057 3853 1247 3892 nomen
1289 3838 1494 3908 accepit
1524 3855 1536 3891 :
1571 3847 1627 3892 ut
1663 3838 1706 3892 si
1749 3838 1882 3894 forte
1922 3840 2086 3910 aliqui

514 3934 673 3986 etiam
721 3940 912 4001 praeter
958 3930 1116 3984 horas
1159 3929 1499 3994 constitutas,
1541 3929 1690 3982 sicis
1719 3938 1901 3994 vacat,
1933 3945 2084 3986 orare

514 4023 815 4088 voluerint,
842 4037 947 4076 non
977 4021 1054 4075 eis
1083 4020 1190 4074 sint
1220 4019 1596 4088 impedimento
1615 4058 1630 4084 ,
1660 4019 1748 4088 qui
1777 4021 1846 4074 ibi
1887 4022 2085 4091 aliquid

513 4114 774 4185 agendum
805 4113 1120 4182 putaverint.
1163 4112 1386 4165 Psalmis
1428 4121 1482 4164 et
1519 4111 1729 4180 hymnis
1765 4128 1884 4166 cum
1923 4115 2084 4168 oratis

519 4207 708 4269 Deum,
735 4205 834 4257 hoc
856 4212 1094 4256 versetur
1118 4201 1169 4255 in
1196 4201 1374 4266 corde,
1401 4201 1540 4269 quod
1565 4201 1824 4270 profertur
1848 4203 1897 4256 in
1919 4217 2080 4258 voce:

517 4306 572 4352 et
598 4295 759 4350 nolite
785 4303 1032 4362 cantare,
1060 4293 1159 4347 nisi
1190 4291 1329 4362 quod
1357 4291 1524 4361 legitis
1547 4293 1567 4324 ³
1594 4307 1710 4348 esse
1730 4295 2081 4361 cantandum;

517 4387 661 4458 quod
705 4395 879 4440 autem
922 4401 1026 4440 non
1073 4384 1142 4439 ita
1185 4385 1434 4454 scriptum
1475 4393 1559 4440 est
1594 4393 1652 4439 ut
1677 4395 1949 4455 cantetur,
1977 4401 2082 4442 non

511 4487 773 4535 cantetur.

962 4565 1039 4622 De
1057 4569 1254 4640 jejunio
1283 4577 1328 4621 et
1356 4569 1639 4638 refectione.

589 4662 642 4715 4.
673 4659 899 4716 Carnem
931 4669 1156 4713 vestram
1188 4659 1397 4713 domate
1418 4650 1664 4728 ieiuniis,
1692 4668 1746 4714 et
1767 4659 2082 4716 abstinentia

515 4768 652 4810 escae
695 4761 748 4807 et
790 4760 975 4821 potus,
1006 4760 1260 4820 quantum
1290 4749 1532 4803 Valetudo
1561 4750 1830 4818 permittit.
1863 4751 2084 4816 Quando

513 4855 691 4900 autem
721 4843 914 4913 aliquis
947 4857 1050 4896 non
1081 4851 1254 4911 potest
1278 4840 1550 4910 jejunare,
1579 4855 1682 4896 non
1722 4851 1894 4896 tamen
1935 4853 2082 4898 extra

513 4938 699 4994 horam
723 4930 929 5006 prandii
950 4933 973 4966 ⁸
997 4933 1195 5003 aliquid
1219 4933 1587 4986 alimentorum
1613 4942 1805 4998 sumat,
1835 4934 1935 4986 nisi
1961 4948 2082 4988 cum

578 5050 595 5080 ⁸
616 5054 725 5096 Mss.
749 5053 852 5095 tres
871 5045 967 5104 hic,
993 5051 1044 5094 et
1067 5043 1172 5093 fere
1193 5051 1363 5093 omnes
1381 5043 1431 5091 in
1452 5039 1650 5105 epistola
1675 5041 1783 5102 2H,
1806 5042 2004 5103 habent,
2027 5057 2085 5095 ac

509 5106 906 5176 mqtcnunideo._
991 5175 995 5176 ν
1074 5165 1101 5176 η
1209 5174 1215 5176 Α
1639 5165 1650 5175 .
1791 5167 1800 5176 ,

575 5173 595 5202 ³
621 5176 668 5217 tn
689 5170 825 5218 (χι-ι).
848 5169 928 5216 Cd.
954 5175 1004 5217 ct.
1044 5165 1223 5229 aliquot
1262 5165 1386 5224 aliis,
1411 5177 1598 5214 necnon
1638 5165 1687 5213 in
1725 5167 1867 5226 epist.
1888 5164 1996 5226 illi,
2041 5173 2087 5217 et

509 5239 700 5282 terrena
723 5230 842 5280 bona
861 5242 953 5279 non
974 5235 1207 5291 quierant.

573 5288 1196 5362 ἒωεε-εξονθηξρβέθίδιὲδο,
1430 5348 1458 5362 ..
1579 5361 1584 5362 ,
1787 5361 1790 5362 ί

571 5356 594 5385 ⁸
614 5353 850 5418 meodice
871 5348 1118 5418 Albinénsi
1156 5360 1206 5400 et
1250 5348 1528 5418 Michaeling
1566 5349 1814 5418 omittitur,
1857 5349 2087 5418 prandii;

581 5429 623 5464 aa
646 5428 740 5464 vox
766 5415 815 5463 in
834 5414 1025 5467 exteris
1045 5413 1272 5470 habetur,
1298 5417 1347 5460 et
1369 5409 1601 5473 significat
1623 5409 2090 5473 indultam'imbeciL

510 5470 641 5527 libus
660 5475 976 5526 refectionem
998 5475 1216 5532 alteram,
1264 5481 1317 5522 ut
1360 5470 1634 5520 in'callicis
1673 5472 2090 5522 observationibus

511 5544 677 5602 monet
695 5544 746 5586 tt.
768 5544 819 5585 ι).
841 5537 1106 5602 Stephanus
1144 5534 1374 5602 Habaehe,
1400 5533 1845 5602 Augustinianorum
1878 5534 1925 5580 in
1946 5533 2089 5584 Gallia

510 5597 812 5666 reformator.
834 5595 1014 5660 Quippe
1037 5595 1192 5666 semel
1217 5605 1397 5666 tantum
1419 5595 1634 5664 quotidie
1655 5595 2088 5666 subnoctemcor-

536 5672 602 5708 tus
623 5655 975 5719 reﬁcere,'er'a't
1007 5662 1212 5720 antiquis
1234 5655 1622 5720 usitatissimum;
1648 5668 1710 5706 ex
1737 5655 1858 5705 libro
1878 5655 1940 5707 de
1959 5659 2090 5706 Mori-

529 5734 603 5769 ius
625 5721 844 5770 Ecclesia:
866 5719 1132 5781 Catholiczn,
1152 5732 1254 5781 cap.
1277 5719 1353 5767 '55.

1437 289 1494 351 s.
1535 278 1894 350 AUGUSTINI
1933 278 2207 347 necum
2248 289 2339 345 Al)
2376 290 2638 350 suaves
2677 290 2807 350 est.

3628 292 3762 358 t380

2184 414 2425 476 aegrotat.
2457 406 2588 463 Cum
2616 409 2868 464 acceditis
2898 410 2963 466 ad
2993 424 3231 467 mensam
3252 453 3267 480 ,
3297 412 3466 469 donec
3491 413 3616 470 inde
3640 430 3761 470 sur.

2183 501 2352 569 gatis,
2381 501 2522 570 quod
2557 502 2707 556 vobis
2745 503 3033 558 secundum
3072 504 3510 560 consuetudinem
3548 507 3759 578 legitur,

2183 589 2298 644 sine
2323 591 2548 644 tumultu
2573 601 2627 645 et
2652 593 3076 649 contentionibus
3097 594 3277 649 audite
3303 612 3317 647 :
3348 610 3446 650 nec
3468 597 3594 650 sola:
3616 599 3764 654 vobis

2184 676 2362 733 iauces
2407 688 2619 734 sumant
2667 681 2877 750 cibum,
2932 682 3026 738 sed
3069 693 3123 739 et
3170 699 3328 741 aures
3386 685 3621 741 esuriant
3669 688 3763 744 Dei

2184 769 2404 824 verbum
2428 771 2471 824 ⁸.

2554 860 2632 916 De
2655 861 2966 933 indulgentia
2995 880 3114 934 erga
3143 865 3389 933 inﬁmos.

2255 933 2311 1005 Β.
2342 949 2440 1015 Qui
2468 950 2666 1006 infirmi
2690 961 2811 1006 sunt
2835 967 2901 1007 ex
2927 933 3145 1023 pristina
3167 954 3546 1010 consuetudine
3563 997 3578 1021 ,
3601 956 3646 1011 si
3671 958 3768 1012 ali-

2186 1046 2270 1094 ter
2290 1037 2580 1095 tractantur
2599 1042 2652 1095 in
2672 1043 2812 1096 victu
2829 1083 2843 1107 ,
2873 1057 2976 1098 non
3004 1044 3162 1099 debet
3185 1045 3302 1100 aliis
3323 1046 3602 1100 molestum
3623 1061 3761 1112 esse,

2185 1144 2286 1184 nec
2327 1129 2581 1199 i‘njustum
2625 1132 2792 1186 videri
2837 1134 2916 1188 eis
2955 1148 3088 1203 quos
3132 1132 3255 1189 fecit
3293 1136 3395 1189 alia
3436 1137 3768 1192 consuetudo

2187 1217 2448 1274 fortiores.
2495 1221 2606 1276 Nec
2649 1223 2768 1277 illos
2809 1222 3073 1279 feliciores
3115 1232 3332 1293 putent,
3381 1228 3501 1295 quia
3547 1238 3772 1283 sumunt

2186 1309 2328 1380 quod
2363 1326 2468 1364 non
2503 1324 2718 1366 sumunt
2745 1313 2844 1383 ipsi
2878 1332 2892 1369 :
2923 1313 3018 1368 sed
3058 1315 3158 1369 sibi
3202 1317 3374 1384 potius
3410 1317 3762 1385 gratulentitr;

2186 1401 2309 1470 quia
2331 1399 2508 1455 valent
2532 1401 2671 1471 quod
2703 1417 2810 1456 non
2838 1403 3017 1456 valent
3043 1403 3137 1457 illi.
3179 1403 3248 1457 Et
3283 1405 3330 1459 si
3369 1406 3447 1459 eis
3473 1407 3564 1476 qui
3601 1423 3765 1461 vene-

2186 1498 2310 1544 runt
2336 1506 2404 1545 ex
2431 1492 2668 1546 moribus
2697 1492 3092 1548 delicatioribus
3120 1493 3187 1548 ad
3223 1497 3602 1551 monasterium
3621 1537 3636 1562 ,
3671 1499 3766 1550 ali-

2187 1580 2311 1648 quid
2340 1581 2708 1647 alimentorum
2729 1623 2746 1648 ,
2775 1583 3210 1637 vestimentorum
3232 1625 3248 1650 ,
3279 1593 3693 1639 Stramentorum
3719 1589 3760 1653 ἐ

2187 1672 2640 1739 operimentorum
2669 1673 2842 1740 datur,
2871 1673 3013 1744 quod
3042 1674 3159 1730 aliis
3185 1673 3488 1731 fortioribus
3508 1719 3524 1743 ,
3555 1686 3610 1732 et
3646 1678 3765 1733 ideo

2187 1758 2512 1816 felicioribus
2550 1779 2656 1816 non
2695 1763 2883 1828 datur;
2923 1765 3156 1835 cogitare
3193 1765 3389 1822 debent
3427 1768 3622 1838 quibus
3658 1784 3760 1824 non

2187 1850 2364 1919 datur,-
2393 1864 2646 1923 quantum
2675 1854 2743 1910 de
2770 1871 2863 1910 sua
2893 1855 3130 1910 smculari
3157 1857 3263 1911 vita
3297 1857 3372 1912 illi
3397 1858 3462 1912 ad
3488 1859 3644 1913 istam
3672 1858 3765 1914 de-

2187 1945 2511 2010 scenderint,
2543 1948 2783 2016 quamvis
2809 1959 2976 2017 usque
3001 1947 3066 2000 ad
3090 1948 3337 2014 aliorum,
3366 1950 3456 2020 qui
3491 1958 3615 2003 sunt
3650 1963 3765 2004 cor-

2189 2049 2318 2104 pore
2359 2035 2654 2100 ﬁrmiores,
2703 2037 3052 2107 frugalitatem
3096 2039 3373 2106 pervenire
3414 2039 3762 2108 nequiverint.

2186 2124 2295 2179 Nec
2337 2125 2535 2180 debent
2569 2127 2705 2181 velle
2745 2143 2962 2192 omnes,
3010 2125 3152 2197 quod
3195 2139 3391 2197 paucos
3432 2129 3612 2183 vident
3649 2140 3767 2183 amo‘

2189 2215 2325 2284 plius
2351 2213 2370 2245 ³
2393 2255 2407 2280 ,
2438 2229 2542 2270 non
2586 2216 2708 2286 quia
2755 2217 3116 2283 honorantur,
3154 2218 3249 2274 sed
3290 2219 3411 2287 quia
3453 2219 3763 2285 tolerantur,

2188 2303 2464 2374 accipere;
2496 2321 2564 2362 ne
2603 2307 2874 2378 contingat
2913 2309 3219 2364 detestanda
3251 2311 3597 2380 perversitas,
3631 2319 3686 2365 ut
3713 2311 3770 2366 in

2188 2397 2531 2464 monasterio,
2562 2399 2649 2466 ubi
2680 2409 2932 2468 quantum
2962 2409 3212 2470 possunt,
3246 2402 3378 2455 fiunt
3406 2402 3594 2456 divites
3619 2401 3766 2456 labo-

2187 2486 2348 2551 riosi,
2400 2488 2530 2540 iiunt
2573 2502 2834 2558 pauperes
2876 2489 3107 2544 delicati.
3154 2489 3294 2545 sane
3326 2491 3767 2560 quemadmodum

2189 2575 2506 2645 mgrotantes
2543 2592 2762 2633 necesse
2802 2580 2998 2634 habent
3035 2579 3209 2634 minus
3234 2581 3500 2650 accipere,
3545 2597 3614 2636 ne
3650 2597 3767 2652 gra-

2188 2675 2379 2720 ventur
2407 2686 2418 2720 :
2449 2667 2517 2721 ita
2543 2677 2596 2722 et
2621 2677 2738 2738 post
2765 2669 3128 2738 :rgritudlnem
3156 2671 3232 2725 sic
3259 2671 3519 2728 tractandi
3546 2683 3683 2738 sunt,
3711 2683 3769 2727 ut

2187 2757 2343 2811 citius
2397 2769 2726 2827 recreentur,
2759 2760 2964 2814 etiamsi
2994 2761 3061 2816 de
3116 2761 3409 2816 humillima
3436 2764 3613 2817 sateuli
3643 2781 3769 2834 pau-

2189 2856 2393 2916 pertate
2421 2857 2710 2914 venerunt;
2740 2859 2988 2920 tanquam
3018 2851 3119 2906 hoc
3147 2852 3249 2906 illis
3277 2855 3559 2908 contulerit
3587 2867 3771 2909 receno'

2189 2939 2293 2992 tior
2334 2939 2620 3010 aegritudo,
2669 2941 2810 3011 quod
2859 2942 3114 3000 divitibus
3153 2946 3388 3000 anterior
3421 2947 3764 3002 consuetudo.

2189 3028 2293 3084 Sed
2345 3045 2466 3086 cum
2517 3033 2658 3086 vires
2707 3032 2958 3102 pristinas
3002 3037 3396 3106 reparaverint,
3442 3037 3659 3092 redeant
3701 3039 3766 3092 ad

2189 3120 2477 3175 feliciorem
2528 3122 2963 3178 consuetudinem
3011 3140 3190 3191 suam,
3241 3142 3360 3196 qua:
3407 3126 3630 3182 famulos
3676 3129 3767 3184 Dei

2190 3216 2337 3262 tanto
2366 3210 2588 3279 amplius
2619 3210 2806 3275 decet,
2837 3222 3034 3282 quanto
3063 3214 3236 3268 minus
3267 3216 3500 3287 indigent
3529 3235 3544 3271 :
3573 3229 3669 3272 nec
3697 3219 3767 3273 ibi

2190 3311 2283 3353 eos
2311 3306 2486 3353 teneat
2513 3301 2752 3369 voluptas
2775 3301 2884 3370 jam
2913 3313 3150 3373 vegetos,
3177 3319 3281 3374 quo
3310 3308 3600 3362 necessitas
3624 3307 3766 3363 leva-

2190 3395 2273 3444 rat
2302 3390 2537 3445 intirmos
2564 3390 2604 3442 δ.
2647 3390 2769 3446 lllos
2798 3396 3061 3448 aestiment
3087 3393 3338 3462 ditiores,
3381 3399 3472 3467 qui
3514 3398 3567 3452 in
3605 3399 3767 3453 susti-

2189 3481 2362 3536 nenda
2412 3483 2666 3551 parcitate
2711 3483 2909 3540 fuerint
2956 3485 3217 3542 fortiores.
3266 3487 3452 3544 Melius
3499 3497 3582 3546 est
3625 3490 3765 3546 enim

2189 3572 2362 3626 minus
2392 3589 2567 3643 cgere,
2598 3589 2753 3644 quam
2785 3575 2900 3645 plus
2928 3577 3140 3632 habere.

2331 3661 2408 3716 De
2435 3664 2605 3718 habitu
2633 3676 2676 3720 et
2715 3667 2972 3721 exterioris
3012 3669 3226 3725 hominis
3251 3672 3616 3741 compositione.

2261 3753 2314 3808 6.
2346 3754 2459 3808 Non
2502 3757 2572 3809 sit
2615 3757 2861 3812 netabilis
2904 3757 3112 3813 habitus
3148 3771 3351 3824 vester;
3383 3776 3478 3816 nec
3505 3761 3766 3826 affectetis

2189 3843 2426 3899 vestibus
2449 3846 2678 3914 placere,
2710 3847 2802 3902 sed
2829 3849 3064 3902 moribus
3090 3849 3184 3921 (ιι).
3215 3850 3433 3917 Quando
3459 3852 3764 3922 proceditis,

2189 3934 2346 3988 simul
2375 3936 2637 3990 ambulate
2665 3955 2678 3989 :
2707 3952 2825 3991 cum
2852 3940 3100 3993 veneritis
3139 3956 3244 4010 quo
3291 3941 3399 4008 itis,
3429 3941 3583 3996 simul
3607 3951 3762 3998 state.

2189 4027 2246 4082 In
2273 4030 2500 4093 incessu,
2531 4039 2688 4094 statu,
2723 4022 2923 4096 habitu,
2955 4032 3008 4085 in
3037 4033 3278 4087 omnibus
3305 4033 3535 4088 motibus
3555 4037 3760 4099 vestris,

2188 4117 2319 4172 nihil
2344 4119 2433 4171 fiat
2456 4119 2593 4188 quod
2614 4120 2920 4189 cujusquam
2943 4121 3174 4176 offendat
3193 4131 3486 4191 aspectum,
3513 4123 3604 4177 sed
3624 4124 3763 4194 quod

2189 4217 2418 4264 vestram
2453 4208 2636 4263 deceat
2663 4209 3014 4265 sanctitatem.
3047 4211 3194 4266 Oculi
3222 4213 3384 4267 vestri
3421 4214 3521 4268 etsi
3556 4214 3762 4284 jaciuné

2190 4308 2274 4352 tur
2313 4299 2364 4352 in
2399 4299 2626 4367 aliquam
2660 4299 2972 4355 feminarum
2993 4341 3007 4368 ,
3043 4301 3266 4372 figantur
3304 4304 3358 4357 in
3392 4305 3556 4358 nulla.
3586 4305 3764 4375 Neque

2189 4391 2331 4446 enim
2355 4391 2564 4462 quando
2594 4392 2896 4460 proceditis,
2927 4392 3148 4450 feminas
3176 4395 3355 4450 videre
3382 4395 3757 4465 prohibemini;

2188 4479 2281 4534 sed
2310 4490 2591 4549 appetere,-
2629 4489 2717 4534 aut
2759 4482 2825 4536 ab
2864 4482 2990 4551 ipsis
3030 4484 3205 4552 appeti
3248 4485 3381 4539 velle
3423 4486 3761 4541 criminosum

2189 4573 2286 4624 est.
2337 4571 2442 4624 Nec
2487 4571 2600 4626 solo
2643 4581 2782 4626 tactu
2829 4582 2882 4626 et
2923 4573 3147 4640 atl‘cctu,
3189 4575 3280 4629 sed
3315 4584 3528 4646 aspectu
3557 4591 3764 4646 quoque

2189 4663 2454 4732 appetitur
2480 4671 2532 4716 et
2558 4664 2751 4732 appetit
2790 4665 3210 4735 concupiscentia
3251 4665 3562 4720 feminarum
3583 4666 3626 4721 ⁸.
3656 4665 3767 4722 Nec

2253 4777 2268 4838 ξ
2294 4775 2438 4836 Epist.
2459 4773 2566 4832 ΞΗ,
2591 4772 2856 4838 pertipitmt
2984 4773 3196 4825 verbum.

2252 4837 2272 4866 ²
2297 4833 2422 4884 Itane
2443 4833 2607 4883 vocem
2629 4836 2678 4882 in
2702 4833 2816 4883 t-‘Idd.
2841 4833 3085 4896 plerisque
3109 4837 3329 4884 omissam
3373 4835 3676 4886 restinximus
3698 4849 3765 4888 ex

2419 4899 2566 5006 fungi),
2571 4909 2671 4958 pra:
2692 4897 2832 4946 nobis
2851 4898 3058 4946 restituit
3077 4898 3366 4948 Desnosius:
3391 4897 3596 4946 habetur
3617 4908 3765 4948 etiam

2190 4960 2240 5007 in
2263 4959 2463 5007 epistola
2485 4959 2594 5006 9H.

2251 4971 2368 5081 305.:
2369 4971 2566 5068 $13.31:
2579 4989 2730 5081 epist.
2753 5015 2837 5066 2H
2869 5030 2882 5066 :
2907 5025 3000 5067 Nec
3020 5016 3120 5068 illa:
3136 5016 3304 5068 debent
3324 5018 3614 5079 contmban,
3637 5019 3764 5081 quod
3791 5047 3794 5050 -

2188 5093 2270 5146 ωδ
2474 5078 2695 5146 mutilus-
2957 5137 3016 5146 ...

2251 5143 2273 5172 ι
2298 5143 2416 5189 Libri
2439 5137 2752 5203 quainplures
2774 5152 2786 5187 :
2812 5147 2904 5203 .vec
2922 5137 3018 5189 cibi
3035 5151 3116 5203 eos
3135 5143 3289 5189 teneat
3307 5138 3520 5203 uotuptas
3545 5140 3656 5201 jam
3691 5153 3768 5190 ue-

2190 5208 2384 5266 gelatos,
2405 5199 2521 5266 quos
2537 5199 2798 5266 necessitas
2809 5199 2987 5266 levarat
3014 5199 3258 5266 inﬁrmos.
3280 5201 3370 5250 Sed
3393 5199 3664 5266 concinnior
3689 5209 3769 5252 est

2191 5261 2493 5324 Corbcielisis
2514 5269 2595 5312 Ms.
2621 5261 2765 5312 lectio
2789 5262 2866 5324 hic
2906 5261 3146 5324 restituta,
3173 5273 3333 5324 eaque
3372 5261 3674 5314 conﬁrmatur
3701 5274 3765 5310 ex

2151 5329 2158 5336 '
2193 5323 2527 5386 epistolaﬂll.
2549 5349 2614 5386 -ν
2631 5322 2889 5386 Notandum
2931 5322 3179 5384 epistolam
3198 5322 3283 5372 2H
3313 5325 3442 5372 ferre
3465 5334 3662 5382 vocem,
3686 5334 3766 5370 uo-

2193 5383 2365 5443 luntas,
2393 5384 2498 5433 loco
2516 5385 2663 5443 vocis,
2687 5383 2922 5446 voluptas.
2965 5383 2974 5384 “
2998 5389 3056 5431 Μ.

2255 5447 2277 5479 ⁸
2301 5442 2364 5496 tta
2387 5452 2496 5495 Lov.
2521 5452 2571 5494 et
2591 5451 2673 5494 Ms.
2696 5442 2830 5493 Corb.
2850 5444 3028 5506 aliique
3039 5442 3270 5492 nonnulli.
3308 5449 3457 5492 Att-1r.-
3481 5447 3536 5493 ει
3549 5445 3768 5506 quinque

2193 5513 2318 5559 Issa
2332 5517 2424 5560 Nec
2441 5506 2690 5558 solotacito
2706 5507 2894 5568 affectu,
2914 5505 3000 5556 sed
3020 5507 3191 5568 affectu
3208 5517 3390 5569 quoque
3407 5512 3451 5554 et
3465 5505 3657 5565 aspectu
3677 5518 3766 5565 ep-

2257 5593 2402 5658 (a)‘_tn
2446 5590 2649 5658 epistola
2681 5589 2766 5637 211
2814 5588 3030 5658 quardam
3053 5589 3131 5637 hic
3164 5589 3518 5658 interseruntur
3541 5586 3771 5658 feminis.

2196 5649 2294 5703 non
2311 5649 2429 5701 'viris
2449 5649 2787 5708 conveniente,
2809 5649 2993 5706 scilicet.
3017 5663 3028 5698 :
3065 5668 3086 5696 ι
3101 5659 3192 5700 nec
3214 5653 3309 5700 sint
3328 5650 3460 5697 vobis
3478 5658 3573 5696 tam
3596 5657 3772 5698 tenera

2206 5733 2227 5761 ι
2246 5716 2453 5776 capitum
2478 5715 2708 5776 tegmina,
2734 5721 2786 5761 ut
2811 5710 2980 5761 retiola
3004 5713 3172 5760 subter
3194 5719 3472 5773 appareant,
3499 5726 3519 5753 ν
3547 5719 3642 5758 etc.
