4138 6364
375 299 505 356 1381

369 412 559 470 dicatis
587 425 682 470 vos
710 410 907 468 habere
931 409 1135 467 animos
1161 408 1400 480 pudicos,
1430 408 1477 464 si
1504 407 1740 463 habeatis
1768 403 1949 459 oculos

373 503 710 574 impudicos:
739 504 862 574 quia
904 502 1201 573 impudicus
1238 500 1456 566 oculus,
1487 497 1738 568 impudici
1775 495 1950 550 cordis

369 606 455 653 est
480 596 716 652 nuntius.
743 596 949 651 Etcum
973 610 1032 650 se
1054 595 1278 664 invicem
1302 594 1532 656 sibimet,
1560 593 1718 646 etiam
1745 597 1954 644 tacente

373 688 550 759 lingua
570 728 588 754 ,
617 695 900 757 conspectu
929 696 1146 752 mutuo,
1190 685 1349 740 corda
1390 675 1633 738 nuntiant
1665 681 1948 751 impudica,

369 788 426 833 et
451 778 742 834 secundum
775 777 1253 847 concupiscentiam
1294 774 1467 830 carnis
1508 774 1764 828 alterutro
1803 771 1950 827 dele-

372 877 584 924 ctantur
608 869 835 934 ardore;
862 869 1020 923 etiam
1046 867 1256 924 intactis
1284 866 1351 920 ab
1374 864 1644 920 immunda
1669 861 1952 917 violatione

369 959 707 1027 corporibus,
737 957 865 1026 fugit
889 959 1100 1012 castitas
1129 958 1240 1026 ipsa
1269 955 1338 1012 de
1361 955 1612 1009 moribus.
1640 953 1748 1008 Nec
1769 962 1951 1023 putare

369 1047 534 1104 debet
557 1048 646 1117 qui
671 1047 724 1100 in
749 1046 999 1102 feminam
1031 1047 1142 1118 ﬁgit
1169 1048 1400 1110 oculum,
1431 1054 1484 1100 et
1508 1044 1648 1099 illius
1676 1043 1727 1098 in
1753 1059 1812 1099 se
1838 1043 1950 1112 ipse

370 1138 546 1208 diligit
569 1137 752 1202 ﬁxum,
782 1137 852 1192 ab
879 1138 995 1192 aliis
1023 1151 1079 1192 se
1109 1151 1215 1192 nou
1243 1136 1428 1198 videri,
1457 1150 1578 1190 cum
1608 1134 1710 1188 hoc
1733 1133 1949 1192 fecerit;

371 1227 583 1284 videtur
596 1227 860 1293 omnino,
889 1235 942 1282 et
967 1242 999 1281 a
1023 1227 1213 1297 quibus
1239 1240 1298 1280 sc
1323 1224 1485 1279 videri
1513 1239 1618 1277 non
1643 1222 1946 1276 arbitratur.

370 1319 476 1376 Sed
502 1323 631 1383 ecce
653 1319 829 1384 lateat,
859 1327 912 1374 et
934 1334 964 1372 a
995 1319 1207 1373 nemine
1232 1316 1504 1371 hominum
1532 1315 1798 1376 videatur;
1825 1315 1950 1382 quid

370 1409 530 1464 faciet
555 1407 625 1463 de
654 1408 744 1462 illo
771 1419 934 1478 super
962 1405 1294 1476 inspectore,
1323 1417 1480 1476 quem
1507 1406 1671 1460 latere
1700 1404 1827 1460 nihil
1855 1420 1949 1474 po-

373 1501 514 1554 test?
541 1501 624 1554 An
665 1499 788 1554 ideo
827 1498 1091 1569 putandus
1123 1498 1212 1553 est
1257 1512 1359 1552 non
1401 1497 1614 1563 videre,
1653 1497 1773 1566 quia
1805 1504 1950 1550 tanto

371 1592 512 1647 videt
536 1591 856 1662 patientius,
887 1600 1086 1660 quanto.
1107 1589 1436 1659 sapientius?
1465 1589 1544 1644 llli
1571 1603 1698 1657 ergo
1721 1589 1802 1640 vir
1829 1603 1951 1641 san-

368 1691 488 1739 ctus
519 1685 704 1739 timeat
724 1682 1026 1752 displicere,
1055 1697 1123 1736 ne
1152 1681 1277 1736 velit
1304 1679 1514 1736 femina:
1542 1679 1680 1734 male
1708 1679 1946 1748 placere:

369 1773 520 1828 illum
561 1774 759 1843 cogitet
795 1772 971 1828 omnia
999 1771 1214 1838 videre,
1246 1786 1311 1824 ne
1357 1770 1481 1826 velit
1521 1768 1769 1824 feminam
1812 1762 1951 1822 male

368 1865 570 1921 videre.
617 1863 765 1920 Illius
811 1879 1038 1935 namque
1077 1873 1128 1919 et
1161 1862 1213 1916 in
1243 1862 1341 1916 hac
1369 1867 1527 1916 causa
1553 1860 1951 1915 commendatus

368 1965 452 2012 est
471 1957 648 2022 timor,
663 1955 754 2011 ubi
771 1956 1024 2026 scriptum
1047 1963 1130 2010 est
1147 1972 1160 2007 :
1181 1950 1496 2008 Abominatio
1513 1964 1582 2006 est
1598 1951 1816 2005 Domino
1834 1951 1952 2020 defi-

369 2065 489 2120 gens
517 2047 716 2101 oculum
738 2044 814 2119 (a)
844 2045 1026 2116 (Prov.
1051 2060 1203 2100 xxvii
1222 2085 1236 2112 ,
1263 2043 1333 2098 20
1351 2083 1364 2108 ,
1397 2059 1496 2098 sec.
1519 2038 1704 2112 LXX).
1731 2039 1950 2108 Quando

368 2153 496 2208 ergo
521 2137 677 2194 simul
704 2137 832 2192 estis
861 2138 913 2190 in
939 2136 1164 2192 ecclesia
1185 2175 1201 2200 ,
1243 2143 1296 2189 et
1333 2135 1646 2203 ubicumque
1674 2132 1762 2186 ubi
1792 2140 1844 2186 et
1872 2131 1950 2186 fci-

370 2228 527 2284 minaa
570 2235 731 2295 sunt,
773 2228 999 2284 invicem
1045 2235 1276 2282 vestram
1322 2225 1624 2295 pudicitiam
1669 2221 1946 2279 custodite.

372 2321 515 2380 Deus
543 2321 684 2376 enim
713 2320 803 2390 qui
832 2319 1033 2374 habitat
1064 2319 1116 2374 in
1142 2319 1322 2385 vobis,
1361 2318 1518 2372 etiam
1548 2318 1648 2372 isto
1674 2316 1831 2372 m‘odo
1853 2331 1944 2370 cu-

370 2413 565 2469 stodiet
590 2426 683 2467 vos
711 2426 777 2467 ex
807 2410 978 2466 vobis.

815 2507 894 2576 De
919 2525 1144 2592 fraterna
1167 2515 1488 2574 correctione.

442 2634 494 2687 7.
524 2634 594 2688 Et
620 2634 666 2688 si
697 2633 833 2688 hanc
869 2633 936 2687 de
977 2647 1079 2702 qua
1120 2631 1330 2700 loquor,
1361 2629 1504 2684 oculi
1529 2613 1868 2698 petulantiam
1898 2623 1948 2682 lu

335 2723 548 2793 aliquo
597 2732 829 2778 vestrum
886 2721 1256 2787 adverteritis,
1303 2721 1480 2774 statim
1531 2719 1841 2784 admonete,
1885 2727 1953 2773 ne

371 2825 545 2886 coepta
573 2815 997 2886 progrediantur,
1026 2813 1118 2868 sed
1140 2813 1206 2868 de
1235 2812 1480 2882 proximo
1510 2811 1862 2881 corrigantur.
1896 2809 1954 2866 Si

369 2916 548 2961 autem
589 2915 642 2960 et
678 2913 796 2974 post
836 2903 1250 2958 admonitionem
1285 2901 1512 2964 lterum,
1543 2899 1628 2953 vel
1671 2900 1776 2954 alio
1817 2914 1953 2970 quo-

369 3003 597 3066 cumque
626 2994 715 3050 die
746 2993 976 3066 idipsum
1012 3007 1136 3048 eum
1177 2991 1348 3045 facere
1394 2990 1647 3056 videritis,
1675 2989 1784 3059 jam
1810 2989 1955 3043 velut

372 3089 707 3142 vulneratum
756 3085 1048 3140 sanandum
1093 3082 1298 3152 prodat,
1341 3082 1658 3153 quicumque
1707 3080 1809 3135 hoc
1858 3097 1955 3149 po-

375 3179 539 3234 tuerit
559 3177 837 3242 invenire;
873 3176 1018 3246 prius
1063 3183 1236 3229 tamen
1278 3184 1326 3229 et
1377 3174 1526 3227 alteri
1563 3174 1646 3228 vel
1679 3173 1830 3228 tertio
1857 3173 1952 3227 de-

374 3275 751 3330 monstratum,
791 3269 850 3320 ut
897 3265 1120 3320 duorum
1170 3263 1250 3318 vel
1297 3263 1452 3317 trium
1483 3263 1646 3333 possit
1688 3279 1781 3318 ore
1821 3278 1952 3317 cou-

371 3359 532 3425 vinci,
584 3358 696 3426 16),
731 3358 785 3412 et
831 3355 1152 3427 competenti
1209 3355 1490 3409 severitate
1540 3354 1793 3408 coerceri.
1846 3353 1954 3410 Nec

379 3465 476 3505 vos
521 3449 768 3519 iudicetis
809 3463 928 3503 esse
971 3446 1297 3514 malevolos,
1353 3447 1562 3516 quando
1611 3446 1711 3502 hoc
1757 3447 1955 3502 iudiea-

377 3543 466 3596 tis.
520 3541 683 3612 Magis
734 3541 926 3611 quippe
971 3539 1279 3594 innocentes
1330 3553 1436 3592 non
1484 3538 1631 3602 estis,
1677 3538 1720 3591 si
1767 3538 1954 3593 fratres

378 3641 610 3698 vestros,
640 3645 774 3701 quos
816 3629 1095 3684 indicando
1133 3629 1398 3698 corrigere
1442 3629 1693 3696 potestis,
1733 3629 1954 3682 tacendo

377 3720 555 3791 perire
583 3720 902 3791 permittitis.
934 3717 988 3774 Si
1015 3718 1156 3774 enim
1188 3712 1352 3772 frater
1378 3727 1496 3770 tuus
1519 3718 1708 3774 vulnus
1735 3718 1954 3774 haberet

378 3812 430 3866 iu
461 3824 704 3881 corpore,
736 3810 873 3880 quod
902 3808 1348 3872 velletoccultari,
1376 3808 1501 3862 dum
1521 3808 1730 3863 timeret
1750 3809 1949 3875 secari;

381 3916 560 3956 nonne
601 3900 884 3954 crudeliter
929 3899 1024 3954 abs
1063 3908 1116 3953 te
1161 3899 1426 3964 sileretur,
1455 3907 1508 3952 et
1545 3899 1954 3954 misericorditer

379 3989 738 4046 indicaretur?
763 3989 970 4056 Quanto
998 4001 1125 4056 ergo
1159 3987 1332 4056 potius
1370 4002 1489 4041 eum
1529 3987 1690 4042 debes
1728 3989 1950 4043 manife-

378 4091 540 4144 stare,
577 4095 645 4135 ne
687 4079 917 4134 deterius
945 4084 1212 4148 putrescat
1237 4079 1286 4130 in
1323 4076 1520 4131 corde?
1544 4077 1647 4131 Sed
1671 4086 1952 4147 antequam

376 4172 494 4228 aliis
514 4172 925 4235 demonstretur,
946 4185 1042 4238 per
1069 4183 1202 4238 quos
1230 4167 1620 4223 convincendus
1645 4178 1744 4232 est,
1777 4170 1821 4222 si
1857 4185 1952 4224 ne-

377 4263 600 4334 gaverit,
630 4262 776 4332 prius
798 4260 1080 4331 prteposito
1099 4260 1116 4292 ί
1143 4259 1299 4314 debet
1327 4258 1555 4326 ostendi,-
1585 4261 1627 4313 si
1654 4259 1954 4314 admonitus

381 4355 678 4428 neglexerit
699 4353 912 4424 corrigi,
940 4367 1006 4407 ne
1033 4350 1166 4406 forte
1195 4351 1363 4421 possit
1395 4352 1649 4406 secretius
1677 4359 1954 4420 correptus

379 4461 487 4500 non
510 4445 840 4501 innotescere
867 4443 1095 4499 caeteris.
1118 4442 1175 4498 Si
1203 4450 1376 4497 autem
1408 4443 1693 4513 negaverit,
1719 4453 1842 4498 tunc
1862 4458 1957 4500 ne-

383 4537 529 4608 ganti
559 4535 842 4592 adhibendi
866 4546 990 4590 sunt
1015 4535 1124 4604 alii,
1149 4544 1210 4590 ut
1224 4535 1332 4606 jam
1358 4550 1538 4592 coram
1564 4537 1806 4591 omnibus
1826 4551 1955 4607 post

381 4627 452 4683 sit
491 4642 595 4682 non
635 4627 704 4681 ab
745 4643 850 4683 uno
891 4636 1022 4683 teste
1063 4627 1236 4698 argui,
1268 4627 1361 4683 sed
1407 4643 1434 4681 a
1476 4627 1682 4684 duobus
1724 4630 1956 4685 tribusve

384 4717 648 4772 convinci.
698 4717 986 4772 Convictus
1028 4733 1187 4784 vero,
1232 4717 1523 4773 secundum
1562 4719 1827 4788 prmpositi
1872 4719 1956 4775 vel

381 4808 542 4862 etiam
558 4808 873 4878 presbyteri,-
896 4809 960 4863 ad
981 4809 1132 4878 cujus
1154 4809 1858 4881 dispensationem’pcrtinct,
1873 4827 1959 4868 ar-

384 4896 617 4963 bitrium,
644 4897 804 4952 debet
827 4898 1240 4954 emendatoriam
1259 4899 1436 4954 subire
1454 4901 1734 4956 vindictam
1757 4919 1771 4956 :
1797 4918 1956 4972 quam

386 4989 432 5044 si
465 4987 607 5044 ferre
628 4989 973 5056 recusaverit,
1005 4989 1210 5044 etiamsi
1248 4989 1364 5058 ipse
1391 5005 1496 5044 non
1525 4991 1858 5060 abscesserit,
1889 4995 1958 5050 de

378 5099 556 5165 petitur
572 5105 618 5165 et
638 5099 816 5165 appetit
833 5099 1210 5165 concupiscentia
1226 5100 1530 5164 feminarum.
1549 5106 1807 5155 Desnosius
1829 5119 1842 5155 :
1865 5115 1959 5157 Nec

379 5159 479 5229 solo
499 5159 642 5213 tacito
662 5159 853 5229 directa,
878 5164 962 5212 sed
983 5159 1176 5229 aspectu
1194 5159 1396 5227 quoque.
1415 5166 1634 5227 Denique
1659 5167 1857 5229 epistola
1867 5167 1954 5220 211

381 5222 532 5295 ἕω)εὲ
554 5237 568 5272 =
594 5222 810 5295 Νειὲζέριο
826 5229 970 5295 εαειιιν
993 5222 1267 5295 mes/T9?!“
1287 5222 1473 5295 ἁυρηυς
1492 5231 1539 5276 ει
1553 5222 1751 5290 hirritu
1772 5229 1958 5295 ςιρρειίτ

377 5289 524 5355 mret
541 5285 718 5355 appetit
734 5285 910 5355 femina
921 5286 1043 5355 pubi
1065 5285 1325 5355 Vindiugu’s
1344 5285 1402 5335 iu'
1417 5285 1627 5355 virorum
1647 5285 1820 5355 regula
1836 5285 1846 5294 ’
1860 5291 1959 5355 legi

380 5305 458 5334 ιιιϊ
474 5305 521 5335 (τι
541 5305 716 5348 appetit
734 5305 910 5355 ιεηᾳηα
928 5305 1043 5357 ’.ιιιξι
1070 5305 1325 5365 vmutngus
1344 5305 1394 5335 Ill
1417 5305 1627 5359 γιῐοζιιῐιι
1647 5305 1704 5338 re
1777 5305 1820 5340 la
1860 5305 1959 5355 tegi

380 5343 560 5418 vellet,
582 5350 629 5418 et
667 5351 847 5418 appetit
873 5324 1074 5418 ntiquis.
1096 5353 1238 5418 Porro
1270 5354 1564 5398 rarnateusw
1581 5305 1960 5418 reguﬁauhuncee

379 5405 890 5478 locum'sicyer'mutat
913 5421 926 5458 :
951 5405 1042 5458 Sed
1063 5413 1256 5472 aspectu
1276 5421 1459 5472 quoque
1489 5405 1867 5476 concupiscentia
1883 5413 1960 5464 tn-

380 5467 594 5521 t‘urritur
615 5467 920 5531 [carinarum
1119 5467 1129 5472 ’
1289 5467 1299 5471 ’
1380 5467 1390 5472 ⁷
1639 5467 1649 5476 ’

445 5531 462 5562 ι
487 5538 609 5602 Tres
629 5537 760 5602 Mss.,
775 5527 983 5602 seniori;
1002 5542 1058 5602 ac
1077 5528 1345 5602 paulopost
1366 5531 1514 5602 iidem
1533 5545 1642 5583 cum
1663 5535 1758 5586 alio
1775 5538 1958 5600 codice,

382 5592 643 5652 secundum
663 5591 872 5654 fratrum
891 5590 965 5641 vel
984 5590 1127 5642 etiam
1149 5590 1332 5643 abbatis
1351 5594 1416 5642 ad
1433 5593 1589 5654 cuius.

447 5679 518 5738 (a)
547 5679 805 5738 Bdélnqma
831 5677 974 5730 Irin-id
996 5674 1234 5727 stéridzdn
1260 5674 1545 5736 ophtalmon.

1321 295 1379 350 S.
1420 289 1782 350 AUGUSTINI
1809 283 2084 344 REGULA
2125 284 2215 340 AD
2251 281 2516 339 SERVOS
2555 280 2684 334 DEI.

3494 277 3632 335 1382

2057 407 2231 454 vostra
2257 397 2509 451 societate
2534 393 2860 464 projiciatur.
2892 391 3006 447 Non
3037 392 3176 446 enim
3203 400 3256 447 et
3285 391 3387 447 hoc
3424 391 3482 446 fit
3503 407 3628 446 cru-

2055 489 2263 554 deliter,
2303 488 2396 542 sed
2445 484 2874 550 misericorditer,
2923 499 2989 538 ne
3021 483 3334 552 contagione
3376 485 3623 552 pestifera

2054 580 2308 649 plurimos
2338 577 2539 648 perdat.
2565 576 2632 630 Et
2661 575 2760 630 hoc
2778 573 2915 646 quod
2944 572 3051 628 dixi
3078 572 3145 627 de
3164 573 3318 627 oculo
3339 587 3443 627 non
3463 573 3632 640 figen-

2054 669 2143 736 do,
2172 671 2329 724 etiam
2356 669 2408 722 in
2443 667 2652 725 caeteris
2694 664 3055 727 inveniendis,
3084 663 3457 732 prohibendis,
3491 663 3628 717 indi-

2055 760 2257 826 candis,
2312 756 2688 813 convincendis
2727 753 3158 822 vindicandisque
3209 753 3458 821 peccatis,
3505 751 3628 807 dili-

2053 862 2239 923 genter
2258 861 2312 907 et
2337 851 2560 906 fideliter
2598 850 2929 913 observetur,
2971 861 3090 900 cum
3131 844 3412 899 dilectione
3450 843 3629 897 homi-

2054 959 2200 1007 num,
2229 955 2282 997 et
2319 943 2442 996 odio
2477 939 2742 994 vitiorum.
2769 937 3098 1006 Quicumque
3136 944 3310 989 autem
3342 934 3393 988 in
3428 943 3629 988 tantum

2055 1047 2368 1102 progressus
2392 1031 2552 1085 fuerit
2581 1030 2795 1094 malum,
2825 1037 2879 1080 ut
2908 1027 3114 1081 occulte
3137 1024 3203 1078 ab
3230 1025 3402 1093 aliqua
3429 1024 3631 1077 litteras

2054 1123 2136 1176 vel
2162 1122 2410 1192 quaslibet
2435 1113 2739 1175 munuscula
2781 1117 3005 1186 accipiat
3035 1117 3072 1180 ί,
3105 1116 3148 1169 si
3181 1115 3280 1168 hoc
3304 1114 3441 1168 ultro
3465 1113 3632 1167 conii-

2055 1221 2211 1272 tctnr,
2246 1221 2491 1283 parcatur
2520 1211 2614 1274 illi,
2638 1219 2689 1264 et
2717 1217 2897 1263 oretur
2920 1216 3022 1277 pro
3044 1207 3152 1259 illo.
3179 1205 3234 1260 Si
3255 1216 3428 1260 autem
3450 1203 3632 1274 depre-

2054 1302 2302 1358 henditur
2326 1311 2481 1371 atque
2507 1300 2857 1362 convincitur,
2887 1296 3178 1352 secundum
3212 1294 3488 1350 arbitrium
3508 1302 3632 1366 prc-

2053 1393 2251 1464 sbyteri
2274 1393 2352 1446 vel
2377 1390 2644 1461 praepositi
2677 1389 2884 1460 gravius
2907 1385 3242 1441 emendetur.

2159 1521 2240 1576 De
2259 1522 2375 1575 vitio
2392 1522 2647 1591 propriam
2665 1521 2884 1589 aliquam
2906 1533 3010 1573 rem
3029 1515 3123 1572 sibi
3141 1512 3523 1570 vindicantium.

2124 1633 2176 1689 8.
2195 1633 2380 1688 Vestes
2397 1641 2600 1686 vestras
2617 1631 2668 1684 in
2692 1644 2853 1683 unum
2881 1628 3139 1693 habeatis,
3167 1627 3264 1682 sub
3285 1640 3390 1679 uno
3411 1623 3632 1681 custode

2053 1724 2137 1778 vel
2164 1723 2388 1788 duobus,
2410 1722 2495 1776 vel
2525 1729 2653 1790 quot
2681 1718 2926 1774 sufficere
2947 1717 3216 1788 potuerint
3241 1715 3308 1770 ad
3337 1728 3432 1770 eas
3467 1725 3632 1769 excu—

2055 1817 2278 1882 tiendas,
2311 1831 2377 1880 ne
2401 1832 2430 1870 a
2460 1816 2600 1870 tinea
2641 1813 2901 1867 laedantur
2942 1829 2956 1864 :
2997 1819 3051 1865 et
3089 1811 3228 1864 sicut
3254 1807 3526 1878 pascimini
3565 1822 3632 1861 ex

2051 1915 2160 1961 tino
2183 1906 2418 1973 cellario,
2443 1906 2521 1962 sic
2550 1903 2840 1958 induamini
2861 1915 2927 1956 ex
2952 1913 3057 1954 uno
3079 1899 3343 1953 vestiario.
3359 1896 3428 1951 Et
3450 1896 3496 1951 si
3517 1895 3632 1950 fieri

2054 2008 2250 2068 potest,
2275 2014 2378 2051 non
2407 1997 2471 2051 ad
2501 2012 2595 2050 vos
2625 1995 2888 2065 pertineat
2916 1991 3055 2062 quod
3093 1990 3240 2044 vobis
3269 1989 3630 2044 indumentum

2049 2091 2149 2163 pro
2172 2100 2466 2160 temporum
2490 2088 2833 2159 congruentia
2861 2084 3179 2154 proferatur,
3207 2091 3380 2135 utrum
3409 2081 3510 2135 hoc
3545 2095 3633 2134 re-

2053 2184 2213 2252 cipiat
2241 2181 2604 2251 unusquisque
2640 2178 2781 2249 quod
2822 2177 3162 2247 deposuerat,
3207 2189 3274 2228 an
3312 2172 3454 2228 aliud
3493 2171 3637 2242 quod

2052 2276 2190 2330 alter
2229 2274 2513 2335 habuerat;
2541 2274 2666 2326 dum
2707 2279 2883 2324 tamen
2923 2267 3225 2336 unicuique,
3258 2273 3413 2335 prout
3446 2264 3637 2334 cuique

2053 2379 2188 2434 opus
2216 2374 2318 2430 est,
2352 2379 2456 2418 non
2496 2369 2742 2432 negetur.
2770 2361 2822 2415 Si
2853 2368 3031 2413 autem
3068 2357 3192 2412 hinc
3219 2357 3356 2410 inter
3382 2369 3478 2409 vos
3504 2369 3636 2409 con-

2053 2458 2318 2511 tentiones
2344 2463 2400 2510 et
2424 2457 2696 2509 murmura
2719 2453 2982 2515 oriuntur,
3011 2446 3136 2504 eum
3177 2448 3420 2519 queritur
3443 2446 3634 2516 aliquis

2050 2546 2284 2602 deterius
2332 2562 2390 2601 se
2435 2546 2705 2614 accepisse
2743 2558 2898 2613 quam
2949 2542 3096 2610 prius
3136 2539 3413 2606 habuerat,
3456 2547 3512 2595 et
3556 2540 3636 2593 in-

2053 2639 2270 2708 dignum
2301 2653 2359 2694 se
2384 2651 2504 2692 esse
2523 2637 2610 2706 qui
2637 2651 2740 2688 non
2769 2636 2837 2688 ita
2857 2633 3136 2697 vestiatur,
3158 2630 3298 2686 sicut
3315 2629 3449 2684 alius
3471 2628 3638 2684 frater

2055 2729 2168 2798 ejus
2184 2727 2532 2792 vestiebatur;
2553 2725 2678 2779 hinc
2702 2739 2797 2778 vos
2820 2724 3036 2793 probate
3055 2730 3309 2792 quantum
3332 2720 3485 2774 vobis
3498 2719 3640 2775 desit
3697 2761 3713 2773 ,-

2057 2819 2110 2874 in
2143 2819 2232 2873 illo
2259 2818 2514 2872 interiore
2542 2823 2726 2871 sancto
2755 2814 2938 2868 habitu
2963 2813 3139 2868 cordis
3158 2852 3173 2878 ,
3202 2812 3292 2882 qui
3323 2827 3420 2882 pro
3457 2811 3640 2866 habitu

2054 2910 2294 2978 corporis
2326 2909 2561 2977 litigatis.
2587 2907 2788 2961 Tamen
2818 2907 2862 2959 si
2899 2905 2978 2959 sic
3005 2914 3182 2959 vestra
3210 2904 3466 2959 toleratur
3493 2903 3638 2957 infir-

2055 3001 2232 3066 mitas,
2263 3008 2320 3052 ut
2363 2999 2463 3053 hoc
2506 2998 2774 3066 recipiatis
2819 2996 2959 3066 quod
3001 2995 3390 3064 deposueratis,
3436 2994 3490 3047 in
3531 2999 3639 3048 uno

2057 3073 2232 3144 tamen
2262 3089 2380 3142 loco
2405 3088 2504 3144 sub
2527 3088 2900 3142 communibus
2933 3087 3244 3142 custodibus
3273 3085 3467 3140 habete
3493 3086 3638 3155 quod

2056 3180 2270 3249 ponitis.
2302 3178 2378 3233 ita
2400 3193 2548 3242 sane,
2579 3187 2635 3231 ut
2659 3177 2835 3232 nullus
2864 3177 2962 3231 sibi
2993 3176 3194 3247 aliquid
3233 3186 3516 3245 operetur;
3543 3176 3640 3231 sed

2055 3271 2232 3324 omnia
2262 3284 2424 3339 Opera
2453 3279 2627 3323 vestra
2649 3267 2702 3322 in
2729 3282 3010 3322 commune
3037 3265 3166 3320 fiant
3180 3267 3222 3330 ³,
3250 3265 3438 3334 majori
3463 3265 3639 3322 studio

2057 3361 2460 3433 etfrequentiori
2475 3362 2766 3425 alacritate,
2790 3375 2946 3430 quam
2968 3360 3013 3412 si
3029 3359 3180 3413 vobis
3197 3359 3418 3428 singulis
3439 3357 3639 3413 facere-

2057 3457 2126 3509 tis
2150 3454 2378 3524 propria.
2411 3452 2655 3508 Charitas
2677 3454 2842 3517 enim,
2869 3451 2938 3506 de
2963 3466 3063 3521 qua
3092 3451 3345 3519 scriptum
3367 3459 3470 3515 est,
3495 3449 3637 3520 quod

2055 3561 2161 3601 non
2185 3556 2387 3616 quaarat
2407 3561 2527 3614 quae
2549 3559 2642 3599 sua
2667 3554 2789 3598 sunt
2819 3543 2867 3614 (1
2894 3540 3011 3597 Cor.
3037 3557 3154 3609 xm,
3187 3542 3292 3612 5),
3330 3542 3408 3596 sic
3435 3541 3633 3595 iutelli~

2054 3639 2217 3709 gitur,
2246 3639 2364 3708 quia
2406 3637 2705 3691 communia
2731 3637 2958 3704 prepriis
2976 3675 2992 3699 ,
3019 3650 3120 3688 non
3147 3634 3363 3705 propria
3393 3647 3635 3688 commuo

2057 3730 2212 3783 nibus
2236 3727 2531 3797 anteponit.
2554 3727 2620 3780 Et
2644 3725 2764 3781 ideo
2785 3733 2982 3795 quanto
3007 3725 3125 3793 plus
3152 3739 3264 3778 rem
3294 3738 3634 3778 communem

2057 3835 2213 3890 quam
2237 3820 2504 3889 propriam
2527 3828 2755 3872 vestram
2777 3818 3109 3881 curaveritis,
3133 3823 3279 3871 tanto
3296 3831 3388 3869 vos
3411 3815 3639 3885 amplius

2058 3909 2348 3981 profecisse
2392 3909 2682 3974 noveritis;
2731 3918 2788 3963 ut
2831 3909 2883 3962 in
2933 3909 3198 3974 omnibus,
3247 3909 3442 3978 quibus
3476 3910 3638 3962 utitur

2057 4002 2342 4056 transitura
2396 4000 2723 4065 necessitas,
2769 3998 3162 4067 superemineat
3203 4013 3322 4067 quae
3364 4005 3640 4067 permanet

2056 4092 2304 4147 eharitas.
2333 4093 2677 4161 Consequens
2703 4105 2828 4159 ergo
2856 4099 2938 4143 est
2970 4099 3027 4143 ut
3055 4091 3214 4143 etiam
3244 4089 3331 4159 qui
3358 4087 3468 4143 suis
3491 4089 3635 4157 filiis,

2057 4193 2147 4237 aut
2174 4185 2346 4253 aliqua
2383 4181 2771 4237 necessitudine
2811 4181 2877 4234 ad
2921 4195 2980 4235 se
3017 4180 3398 4250 pertinentibus
3429 4181 3481 4234 in
3519 4195 3638 4236 mo-

2059 4275 2292 4328 nasterio
2330 4273 2649 4340 constitutis,
2681 4272 2747 4326 ali
2771 4287 2909 4341 luam
2937 4271 3220 4325 contulerit
3245 4281 3478 4338 vestem,
3527 4271 3639 4328 sive

2057 4365 2326 4435 quodlibet
2343 4364 2482 4420 aliud
2513 4365 2653 4419 inter
2672 4364 2969 4418 necessaria
2997 4363 3356 4432 deputandum
3376 4404 3393 4430 ,
3414 4378 3518 4418 non
3543 4379 3638 4418 oc-s

2058 4457 2200 4511 culte
2232 4456 2554 4526 accipiatur;
2586 4455 2678 4510 sed
2710 4454 2778 4518 sit
2812 4456 2864 4508 in
2903 4462 3162 4523 potestate
3195 4453 3483 4524 praepositi,
3511 4453 3638 4509 utin

2058 4562 2173 4602 rem
2211 4561 2546 4600 communem
2599 4544 2905 4611 redactum,
2949 4545 3034 4599 cui
3081 4546 3441 4601 necessarium
3480 4544 3639 4601 fuerit

2063 4636 2378 4707 praebeatur.
2406 4635 2558 4702 Quod
2587 4635 2630 4688 si
2660 4634 2850 4704 aliquis
2878 4649 2989 4688 rem
3024 4635 3124 4689 sibi
3160 4635 3406 4690 collatam
3429 4637 3638 4692 celare.

2059 4728 2150 4797 rit,
2180 4727 2303 4783 furti
2324 4726 2524 4798 judicio
2549 4725 2930 4781 condemnetur
2953 4725 2997 4783 ⁸.

2123 4885 2141 4917 ί
2162 4883 2358 4954 Codices
2373 4881 2596 4954 plerique
2613 4882 2826 4954 habent:
2849 4880 2915 4954 xli
2935 4879 3642 4954 aliqua.litterasvctquodlibct

2059 4958 2232 4996 munus
2251 4944 2473 5009 accipiat.
2505 4944 2657 5004 Quem
2675 4944 2835 5009 locum
2857 4944 2918 4994 ad
2938 4944 3244 5009 Corbeiensis
3263 4949 3348 4993 Ms.
3371 4944 3642 5009 ﬁgentem-

2059 5010 2296 5066 reximus,
2320 5002 2476 5057 secuti
2501 5002 2648 5058 etiam
2672 5008 2761 5056 hac
2785 5009 2832 5055 iu
2854 5019 2910 5055 re
2950 5005 3277 5066 conjecturam
3320 5002 3546 5055 Stellartii
3589 5015 3640 5058 et

2061 5069 2298 5133 Vindingi,
2323 5071 2408 5133 qui
2429 5070 2493 5118 de
2517 5067 2813 5133 munusculis
2834 5068 3097 5133 amatoriis_
3117 5066 3382 5133 idquecipi
3405 5067 3642 5133 arbitran-

2061 5080 2298 5128 vmmnut,
2323 5080 2493 5133 quiue
2518 5080 2813 5117 lDlltltlSCllllS
2834 5080 3078 5116 amatoriis
3117 5080 3164 5114 lt]
3190 5080 3330 5127 praeor
3367 5080 3382 5115 ι
3405 5080 3642 5116 arbitran-

2061 5135 2140 5199 tur
2159 5144 2172 5189 ;
2197 5107 2420 5199 adeoque
2437 5137 2490 5179 ut
2514 5131 2562 5179 in
2585 5128 3061 5199 feminarumiregula
3083 5126 3282 5199 legitur,
3297 5080 3364 5176 αἵ
3375 5125 3550 5199 aliqua,
3575 5131 3644 5199 sic

2061 5189 2323 5260 legendum
2339 5189 2572 5260 bicesse,
2594 5189 2654 5239 ab
2675 5189 2852 5260 (ίιίριιρΓ
2867 5189 3015 5260 paulo
3038 5197 3143 5260 post
3163 5190 3221 5239 ad
3244 5189 3349 5259 haec
3367 5189 3516 5260 verba
3530 5224 3556 5260 ,ι
3572 5190 3647 5260 rel

2061 5248 2320 5315 ρνὶεροςςὶῑὶ,
2346 5252 2535 5315 additur
2559 5248 2606 5302 in
2631 5248 2772 5314 epist.
2797 5250 2848 5315 2|
2863 5253 2905 5310 1,
2928 5251 3000 5315 uel
3017 5248 3158 5302 etiam
3180 5248 3412 5315 episcopi;
3430 5248 3560 5315 quod
3579 5253 3642 5300 ab

2061 5313 2284 5382 omnibus
2307 5313 2870 5382 eremplaribusregula:
2892 5313 3006 5364 viris
3025 5320 3197 5382 aptata
3210 5313 3379 5382 abest.

2125 5377 2146 5406 ³
2167 5375 2322 5438 mliti,
2343 5373 2398 5438 in
2434 5371 2581 5438 unum
2614 5371 2827 5438 ﬁantfat
2857 5382 2964 5424 MSS.
2989 5371 3200 5438 potiores
3221 5374 3422 5438 habent,
3444 5371 3496 5426 in
3518 5385 3643 5438 como

2059 5449 2222 5509 mune.
2245 5435 2481 5509 tta'letiam
2505 5435 2791 5509 epistaﬂll,
2817 5436 2865 5509 in
2908 5435 3003 5509 qua
3039 5435 3337 5509 paulqaate,
3354 5435 3415 5486 ad
3438 5436 3642 5509 verbum

2049 5475 2310 5568 ’ξιξῖἕέςειιῖζ
2325 5475 2713 5568 ιῖᾱὲἔξυῑὲρᾟὲιᾷ
2722 5475 2874 5568 sibi}
2902 5475 3002 5548 ὧῗὲ
3024 5475 3415 5568 ιῗὶῖιῑῖίιῖᾶιὶἷᾶιῖέζ
3439 5475 3643 5550 Erigit":

2051 5557 2232 5653 jcgeai,
2259 5557 2355 5609 sive
2378 5560 2506 5608 unde
2525 5558 2758 5632 cingatur,
2786 5557 2857 5632 rei
2874 5566 3138 5632 opetjatur;
3155 5561 3230 5613 uel
3247 5557 3641 5635 εαρπιίεωιιεφιι.

2171 5621 2337 5653 ιοίιιηηιι
2351 5628 2590 5653 caninntm
2636 5622 2766 5653 {‘tsmrl
2791 5635 2829 5653 eo
2849 5621 3021 5653 ηΙοηυη-
3042 5635 3144 5653 νων.
3191 5638 3267 5653 ,ιη
3293 5647 3304 5653 -
3331 5638 3418 5653 ,ιλ
3437 5642 3466 5653 -.
3491 5646 3512 5653 -
3540 5625 3624 5653 2.-.-

2171 5621 2337 5694 Isthmo
2351 5621 2618 5694 sententia,
2635 5622 2766 5694 Quod
2787 5621 3021 5694 sioliquis
3042 5635 3164 5684 rem,
3189 5621 3316 5694 etc.;'
3329 5621 3470 5684 359's}
3490 5646 3518 5682 τι
3539 5621 3642 5682 tor.

2063 5683 2253 5732 i-eiensi
2279 5688 2331 5731 et
2353 5683 2414 5732 ab
2435 5680 2542 5730 aliis
2563 5680 2808 5745 plerisque
