  <div class='ocr_page' id='page_1' title='image "/cluster/home/n/w/nwhite01/storage/ocr_20150623/32/hvd.32044015706328/712.png"; bbox 0 0 4138 6364; ppageno 0'>
   <div class='ocr_carea' id='block_1_1' title="bbox 404 352 3648 765">
    <p class='ocr_par' dir='ltr' id='par_1_1' title="bbox 438 491 2579 761">
     <span class='ocr_line' id='line_1_1' title="bbox 438 491 2579 761; baseline -0.002 -55"><span class='ocrx_word' id='word_1_1' title='bbox 438 597 463 619; x_wconf 86' lang='grc'><strong>·</strong></span> <span class='ocrx_word' id='word_1_2' title='bbox 1467 491 2579 761; x_wconf 57' lang='lat' dir='ltr'><strong>ﬁppenhix</strong></span> 
     </span>
    </p>
   </div>
   <div class='ocr_carea' id='block_1_2' title="bbox 750 812 3215 939">
    <p class='ocr_par' dir='ltr' id='par_1_2' title="bbox 750 812 3215 939">
     <span class='ocr_line' id='line_1_2' title="bbox 750 812 3215 939; baseline 0.005 -32"><span class='ocrx_word' id='word_1_3' title='bbox 750 825 1048 908; x_wconf 89' lang='lat' dir='ltr'><strong>TOMI</strong></span> <span class='ocrx_word' id='word_1_4' title='bbox 1098 826 1434 909; x_wconf 82' lang='lat' dir='ltr'>PRIMI</span> <span class='ocrx_word' id='word_1_5' title='bbox 1513 824 2013 908; x_wconf 81' lang='lat' dir='ltr'><strong>OPERUM</strong></span> <span class='ocrx_word' id='word_1_6' title='bbox 2078 825 2485 909; x_wconf 87' lang='lat' dir='ltr'><strong>SANCTI</strong></span> <span class='ocrx_word' id='word_1_7' title='bbox 2542 812 3215 939; x_wconf 81' lang='lat' dir='ltr'><strong>AUGUSTINL</strong></span> 
     </span>
    </p>
   </div>
   <div class='ocr_carea' id='block_1_3' title="bbox 1829 998 2205 1040">
    <p class='ocr_par' dir='ltr' id='par_1_3' title="bbox 1829 998 2205 1040">
     <span class='ocr_line' id='line_1_3' title="bbox 1829 998 2205 1040; baseline 0 -1"><span class='ocrx_word' id='word_1_8' title='bbox 1829 998 2205 1040; x_wconf 65' lang='lat' dir='ltr'><strong>COUPLBCTENS</strong></span> 
     </span>
    </p>
   </div>
   <div class='ocr_carea' id='block_1_4' title="bbox 1267 1106 2796 1187">
    <p class='ocr_par' dir='ltr' id='par_1_4' title="bbox 1267 1106 2796 1187">
     <span class='ocr_line' id='line_1_4' title="bbox 1267 1106 2796 1187; baseline -0.001 -12"><span class='ocrx_word' id='word_1_9' title='bbox 1267 1106 1579 1187; x_wconf 57' lang='lat' dir='ltr'><strong>QUIEDAM</strong></span> <span class='ocrx_word' id='word_1_10' title='bbox 1620 1109 1785 1173; x_wconf 78' lang='lat' dir='ltr'><strong>OLIM</strong></span> <span class='ocrx_word' id='word_1_11' title='bbox 1825 1116 1949 1173; x_wconf 85' lang='lat' dir='ltr'><strong>lPSl</strong></span> <span class='ocrx_word' id='word_1_12' title='bbox 1987 1116 2357 1173; x_wconf 81' lang='lat' dir='ltr'><strong>PERPERAM</strong></span> <span class='ocrx_word' id='word_1_13' title='bbox 2396 1119 2796 1177; x_wconf 77' lang='lat' dir='ltr'><strong>ADSCRIPTA.</strong></span> 
     </span>
    </p>
   </div>
   <div class='ocr_carea' id='block_1_5' title="bbox 1815 1259 2179 1330">
    <p class='ocr_par' dir='ltr' id='par_1_5' title="bbox 1815 1259 2179 1330">
     <span class='ocr_line' id='line_1_5' title="bbox 1815 1259 2179 1330; baseline -0.003 -3"><span class='ocrx_word' id='word_1_14' title='bbox 1815 1272 1905 1327; x_wconf 79' lang='lat' dir='ltr'><strong>EA</strong></span> <span class='ocrx_word' id='word_1_15' title='bbox 1933 1259 2130 1330; x_wconf 79' lang='lat' dir='ltr'><strong>SUNT</strong></span> <span class='ocrx_word' id='word_1_16' title='bbox 2160 1290 2179 1327; x_wconf 90' lang='lat'><strong><em>:</em></strong></span> 
     </span>
    </p>
   </div>
   <div class='ocr_carea' id='block_1_6' title="bbox 2718 1420 3290 1480">
    <p class='ocr_par' dir='ltr' id='par_1_6' title="bbox 2718 1420 3290 1480">
     <span class='ocr_line' id='line_1_6' title="bbox 2718 1420 3290 1480; baseline 0.005 -4"><span class='ocrx_word' id='word_1_17' title='bbox 2718 1435 2960 1479; x_wconf 67' lang='lat' dir='ltr'><strong>necum</strong></span> <span class='ocrx_word' id='word_1_18' title='bbox 2991 1420 3290 1480; x_wconf 69' lang='lat' dir='ltr'><strong>saeuum.</strong></span> 
     </span>
    </p>
   </div>
   <div class='ocr_carea' id='block_1_7' title="bbox 2712 1542 3368 1588">
    <p class='ocr_par' dir='ltr' id='par_1_7' title="bbox 2712 1542 3368 1588">
     <span class='ocr_line' id='line_1_7' title="bbox 2712 1542 3368 1588; baseline 0.011 -7"><span class='ocrx_word' id='word_1_19' title='bbox 2712 1542 2791 1582; x_wconf 83' lang='lat' dir='ltr'><strong>DE</strong></span> <span class='ocrx_word' id='word_1_20' title='bbox 2838 1542 2983 1586; x_wconf 80' lang='lat' dir='ltr'><strong>VITA</strong></span> <span class='ocrx_word' id='word_1_21' title='bbox 3026 1544 3368 1588; x_wconf 77' lang='lat' dir='ltr'><strong>EREMITICA</strong></span> 
     </span>
    </p>
   </div>
   <div class='ocr_carea' id='block_1_8' title="bbox 2788 1645 3229 1690">
    <p class='ocr_par' dir='ltr' id='par_1_8' title="bbox 2788 1645 3229 1690">
     <span class='ocr_line' id='line_1_8' title="bbox 2788 1645 3229 1690; baseline 0.005 -4"><span class='ocrx_word' id='word_1_22' title='bbox 2788 1646 2871 1686; x_wconf 73' lang='lat' dir='ltr'><strong>AD</strong></span> <span class='ocrx_word' id='word_1_23' title='bbox 2918 1645 3229 1690; x_wconf 72' lang='lat' dir='ltr'><strong>SOROBEH.</strong></span> 
     </span>
    </p>
   </div>
   <div class='ocr_carea' id='block_1_9' title="bbox 1649 1430 2393 1475">
    <p class='ocr_par' dir='ltr' id='par_1_9' title="bbox 1649 1430 2393 1475">
     <span class='ocr_line' id='line_1_9' title="bbox 1649 1430 2393 1475; baseline 0.003 -4"><span class='ocrx_word' id='word_1_24' title='bbox 1649 1430 1964 1473; x_wconf 76' lang='lat' dir='ltr'><strong>PRINCIPIA</strong></span> <span class='ocrx_word' id='word_1_25' title='bbox 1995 1430 2393 1475; x_wconf 72' lang='lat' dir='ltr'><strong>RHETORICAE.</strong></span> 
     </span>
    </p>
   </div>
   <div class='ocr_carea' id='block_1_10' title="bbox 1646 1528 2578 1582">
    <p class='ocr_par' dir='ltr' id='par_1_10' title="bbox 1646 1528 2578 1582">
     <span class='ocr_line' id='line_1_10' title="bbox 1646 1528 2578 1582; baseline 0.006 -6"><span class='ocrx_word' id='word_1_26' title='bbox 1646 1528 1912 1578; x_wconf 71' lang='lat' dir='ltr'><strong>REGULB</strong></span> <span class='ocrx_word' id='word_1_27' title='bbox 1934 1528 2237 1580; x_wconf 39' lang='lat' dir='ltr'><strong>&#39;CLERICIS</strong></span> <span class='ocrx_word' id='word_1_28' title='bbox 2281 1537 2578 1582; x_wconf 73' lang='lat' dir='ltr'><strong>TRADITE</strong></span> 
     </span>
    </p>
   </div>
   <div class='ocr_carea' id='block_1_11' title="bbox 1722 1637 2186 1681">
    <p class='ocr_par' dir='ltr' id='par_1_11' title="bbox 1722 1637 2186 1681">
     <span class='ocr_line' id='line_1_11' title="bbox 1722 1637 2186 1681; baseline -0.002 -1"><span class='ocrx_word' id='word_1_29' title='bbox 1722 1637 2186 1681; x_wconf 72' lang='lat' dir='ltr'><strong>FRAGMENTUM.</strong></span> 
     </span>
    </p>
   </div>
   <div class='ocr_carea' id='block_1_12' title="bbox 660 1422 1442 1476">
    <p class='ocr_par' dir='ltr' id='par_1_12' title="bbox 660 1422 1442 1476">
     <span class='ocr_line' id='line_1_12' title="bbox 660 1422 1442 1476; baseline -0.003 -3"><span class='ocrx_word' id='word_1_30' title='bbox 660 1432 742 1473; x_wconf 76' lang='lat' dir='ltr'><strong>nu</strong></span> <span class='ocrx_word' id='word_1_31' title='bbox 784 1422 1197 1476; x_wconf 63' lang='lat' dir='ltr'><strong>summ-rica</strong></span> <span class='ocrx_word' id='word_1_32' title='bbox 1236 1432 1442 1473; x_wconf 78' lang='lat' dir='ltr'><strong>Lmen.</strong></span> 
     </span>
    </p>
   </div>
   <div class='ocr_carea' id='block_1_13' title="bbox 659 1522 1435 1578">
    <p class='ocr_par' dir='ltr' id='par_1_13' title="bbox 659 1522 1435 1578">
     <span class='ocr_line' id='line_1_13' title="bbox 659 1522 1435 1578; baseline 0 -3"><span class='ocrx_word' id='word_1_33' title='bbox 659 1522 977 1578; x_wconf 53' lang='lat' dir='ltr'><strong>ramum;</strong></span> <span class='ocrx_word' id='word_1_34' title='bbox 1024 1532 1435 1578; x_wconf 70' lang='lat' dir='ltr'><strong>DlALECTIC/E.</strong></span> 
     </span>
    </p>
   </div>
   <div class='ocr_carea' id='block_1_14' title="bbox 658 1635 1307 1681">
    <p class='ocr_par' dir='ltr' id='par_1_14' title="bbox 658 1635 1307 1681">
     <span class='ocr_line' id='line_1_14' title="bbox 658 1635 1307 1681; baseline -0.002 -3"><span class='ocrx_word' id='word_1_35' title='bbox 658 1635 1031 1679; x_wconf 73' lang='lat' dir='ltr'><strong>CATEGORUE</strong></span> <span class='ocrx_word' id='word_1_36' title='bbox 1072 1637 1307 1681; x_wconf 75' lang='lat' dir='ltr'><strong>DECEM.</strong></span> 
     </span>
    </p>
   </div>
   <div class='ocr_carea' id='block_1_15' title="bbox 1799 1760 2217 1830">
    <p class='ocr_par' dir='ltr' id='par_1_15' title="bbox 1799 1760 2217 1830">
     <span class='ocr_line' id='line_1_15' title="bbox 1799 1760 2217 1830; baseline -0.002 -3"><span class='ocrx_word' id='word_1_37' title='bbox 1799 1760 2217 1830; x_wconf 49' lang='lat' dir='ltr'><strong>«ambitioso</strong></span> 
     </span>
    </p>
   </div>
   <div class='ocr_carea' id='block_1_16' title="bbox 1662 1900 2326 1988">
    <p class='ocr_par' dir='ltr' id='par_1_16' title="bbox 1662 1900 2326 1988">
     <span class='ocr_line' id='line_1_16' title="bbox 1662 1900 2326 1988; baseline -0.006 -1"><span class='ocrx_word' id='word_1_38' title='bbox 1662 1900 2326 1988; x_wconf 85' lang='lat' dir='ltr'><strong>ADMONITIO</strong></span> 
     </span>
    </p>
   </div>
   <div class='ocr_carea' id='block_1_17' title="bbox 692 2050 3337 2137">
    <p class='ocr_par' dir='ltr' id='par_1_17' title="bbox 692 2050 3337 2137">
     <span class='ocr_line' id='line_1_17' title="bbox 692 2050 3337 2137; baseline 0.002 -21"><span class='ocrx_word' id='word_1_39' title='bbox 692 2061 780 2118; x_wconf 87' lang='lat' dir='ltr'><strong>DE</strong></span> <span class='ocrx_word' id='word_1_40' title='bbox 821 2054 1025 2123; x_wconf 79' lang='lat' dir='ltr'><strong>LIBRO</strong></span> <span class='ocrx_word' id='word_1_41' title='bbox 1062 2065 1151 2122; x_wconf 84' lang='lat' dir='ltr'><strong>DE</strong></span> <span class='ocrx_word' id='word_1_42' title='bbox 1190 2067 1635 2123; x_wconf 77' lang='lat' dir='ltr'><strong>GRAMMATICA</strong></span> <span class='ocrx_word' id='word_1_43' title='bbox 1679 2069 1767 2123; x_wconf 83' lang='lat' dir='ltr'><strong>ET</strong></span> <span class='ocrx_word' id='word_1_44' title='bbox 1810 2066 2059 2124; x_wconf 72' lang='lat' dir='ltr'><strong>ramus</strong></span> <span class='ocrx_word' id='word_1_45' title='bbox 2097 2067 2401 2124; x_wconf 81' lang='lat' dir='ltr'><strong>PROXIME</strong></span> <span class='ocrx_word' id='word_1_46' title='bbox 2442 2056 2910 2137; x_wconf 85' lang='lat' dir='ltr'><strong>SEQUENTIBUS</strong></span> <span class='ocrx_word' id='word_1_47' title='bbox 2948 2050 3337 2124; x_wconf 78' lang='lat' dir='ltr'><strong>OPUSCULis.</strong></span> 
     </span>
    </p>
   </div>
   <div class='ocr_carea' id='block_1_18' title="bbox 444 2196 3635 2272">
    <p class='ocr_par' dir='ltr' id='par_1_18' title="bbox 444 2196 3635 2272">
     <span class='ocr_line' id='line_1_18' title="bbox 444 2196 3635 2272; baseline 0.002 -21"><span class='ocrx_word' id='word_1_48' title='bbox 444 2196 659 2253; x_wconf 88' lang='lat' dir='ltr'><strong>Librum</strong></span> <span class='ocrx_word' id='word_1_49' title='bbox 689 2198 757 2255; x_wconf 93' lang='lat' dir='ltr'><strong>de</strong></span> <span class='ocrx_word' id='word_1_50' title='bbox 778 2200 1130 2257; x_wconf 88' lang='lat' dir='ltr'><strong>Grammatica</strong></span> <span class='ocrx_word' id='word_1_51' title='bbox 1154 2202 1450 2272; x_wconf 75' lang='lat' dir='ltr'><strong>Augustino</strong></span> <span class='ocrx_word' id='word_1_52' title='bbox 1474 2201 1527 2255; x_wconf 89' lang='lat' dir='ltr'><strong>in</strong></span> <span class='ocrx_word' id='word_1_53' title='bbox 1550 2200 1696 2270; x_wconf 91' lang='lat' dir='ltr'><strong>prius</strong></span> <span class='ocrx_word' id='word_1_54' title='bbox 1715 2201 1921 2257; x_wconf 82' lang='lat' dir='ltr'><strong>excusis</strong></span> <span class='ocrx_word' id='word_1_55' title='bbox 1950 2202 2261 2257; x_wconf 89' lang='lat' dir='ltr'><strong>attributum</strong></span> <span class='ocrx_word' id='word_1_56' title='bbox 2287 2203 2428 2257; x_wconf 90' lang='lat' dir='ltr'><strong>inter</strong></span> <span class='ocrx_word' id='word_1_57' title='bbox 2454 2201 2783 2272; x_wconf 90' lang='lat' dir='ltr'><strong>supposititia</strong></span> <span class='ocrx_word' id='word_1_58' title='bbox 2821 2214 3099 2255; x_wconf 79' lang='lat' dir='ltr'><strong>censemus</strong></span> <span class='ocrx_word' id='word_1_59' title='bbox 3139 2199 3389 2269; x_wconf 88' lang='lat' dir='ltr'><strong>opuscula</strong></span> <span class='ocrx_word' id='word_1_60' title='bbox 3421 2200 3489 2255; x_wconf 93' lang='lat' dir='ltr'><strong>ob</strong></span> <span class='ocrx_word' id='word_1_61' title='bbox 3517 2198 3635 2256; x_wconf 77' lang='lat' dir='ltr'><strong>eam</strong></span> 
     </span>
    </p>
   </div>
   <div class='ocr_carea' id='block_1_19' title="bbox 370 2290 3632 2365">
    <p class='ocr_par' dir='ltr' id='par_1_19' title="bbox 370 2290 3632 2365">
     <span class='ocr_line' id='line_1_19' title="bbox 370 2290 3632 2365; baseline 0.002 -22"><span class='ocrx_word' id='word_1_62' title='bbox 370 2290 427 2343; x_wconf 76' lang='lat' dir='ltr'><strong>in</strong></span> <span class='ocrx_word' id='word_1_63' title='bbox 460 2290 641 2358; x_wconf 86' lang='lat' dir='ltr'><strong>primis</strong></span> <span class='ocrx_word' id='word_1_64' title='bbox 662 2300 898 2355; x_wconf 84' lang='lat' dir='ltr'><strong>&#39;causam,</strong></span> <span class='ocrx_word' id='word_1_65' title='bbox 947 2295 1065 2365; x_wconf 84' lang='lat' dir='ltr'><strong>quia</strong></span> <span class='ocrx_word' id='word_1_66' title='bbox 1096 2294 1349 2350; x_wconf 88' lang='lat' dir='ltr'><strong>methodo</strong></span> <span class='ocrx_word' id='word_1_67' title='bbox 1378 2309 1527 2364; x_wconf 70' lang='lat' dir='ltr'><strong>mque</strong></span> <span class='ocrx_word' id='word_1_68' title='bbox 1556 2302 1609 2349; x_wconf 88' lang='lat' dir='ltr'><strong>et</strong></span> <span class='ocrx_word' id='word_1_69' title='bbox 1636 2309 1794 2363; x_wconf 88' lang='lat' dir='ltr'><strong>scopo</strong></span> <span class='ocrx_word' id='word_1_70' title='bbox 1824 2304 1962 2349; x_wconf 91' lang='lat' dir='ltr'><strong>totus</strong></span> <span class='ocrx_word' id='word_1_71' title='bbox 1987 2294 2253 2365; x_wconf 78' lang='lat' dir='ltr'><strong>discrepat</strong></span> <span class='ocrx_word' id='word_1_72' title='bbox 2289 2295 2356 2349; x_wconf 90' lang='lat' dir='ltr'><strong>ab</strong></span> <span class='ocrx_word' id='word_1_73' title='bbox 2381 2310 2465 2360; x_wconf 89' lang='lat' dir='ltr'><strong>eo,</strong></span> <span class='ocrx_word' id='word_1_74' title='bbox 2504 2309 2659 2364; x_wconf 90' lang='lat' dir='ltr'><strong>quem</strong></span> <span class='ocrx_word' id='word_1_75' title='bbox 2705 2294 2818 2363; x_wconf 90' lang='lat' dir='ltr'><strong>ipse</strong></span> <span class='ocrx_word' id='word_1_76' title='bbox 2852 2293 2905 2347; x_wconf 89' lang='lat' dir='ltr'><strong>in</strong></span> <span class='ocrx_word' id='word_1_77' title='bbox 2946 2291 3040 2346; x_wconf 87' lang='lat' dir='ltr'><strong>lib.</strong></span> <span class='ocrx_word' id='word_1_78' title='bbox 3068 2294 3094 2347; x_wconf 77' lang='grc' dir='ltr'><strong>Ι</strong></span> <span class='ocrx_word' id='word_1_79' title='bbox 3127 2292 3382 2360; x_wconf 83' lang='lat' dir='ltr'><strong>Retract.,</strong></span> <span class='ocrx_word' id='word_1_80' title='bbox 3413 2308 3529 2364; x_wconf 91' lang='lat' dir='ltr'><strong>cap.</strong></span> <span class='ocrx_word' id='word_1_81' title='bbox 3578 2295 3632 2360; x_wconf 82' lang='grc' dir='ltr'><strong>ϐ,</strong></span> 
     </span>
    </p>
   </div>
   <div class='ocr_carea' id='block_1_20' title="bbox 368 2378 3636 2455">
    <p class='ocr_par' dir='ltr' id='par_1_20' title="bbox 368 2378 3636 2455">
     <span class='ocr_line' id='line_1_20' title="bbox 368 2378 3636 2455; baseline -0.001 -15"><span class='ocrx_word' id='word_1_82' title='bbox 368 2394 469 2440; x_wconf 78' lang='lat' dir='ltr'><strong>una</strong></span> <span class='ocrx_word' id='word_1_83' title='bbox 504 2397 623 2438; x_wconf 88' lang='lat' dir='ltr'><strong>cum</strong></span> <span class='ocrx_word' id='word_1_84' title='bbox 654 2383 769 2438; x_wconf 88' lang='lat' dir='ltr'><strong>aliis</strong></span> <span class='ocrx_word' id='word_1_85' title='bbox 794 2384 1190 2455; x_wconf 87' lang='lat' dir='ltr'><strong>disciplinarum</strong></span> <span class='ocrx_word' id='word_1_86' title='bbox 1214 2385 1360 2440; x_wconf 85' lang='lat' dir='ltr'><strong>libris</strong></span> <span class='ocrx_word' id='word_1_87' title='bbox 1380 2401 1409 2439; x_wconf 88' lang='lat' dir='ltr'><strong>a</strong></span> <span class='ocrx_word' id='word_1_88' title='bbox 1426 2400 1485 2440; x_wconf 89' lang='lat' dir='ltr'><strong>se</strong></span> <span class='ocrx_word' id='word_1_89' title='bbox 1499 2378 1773 2439; x_wconf 79' lang='lat' dir='ltr'><strong>Mediolani</strong></span> <span class='ocrx_word' id='word_1_90' title='bbox 1786 2384 2002 2454; x_wconf 87' lang='lat' dir='ltr'><strong>jamjam</strong></span> <span class='ocrx_word' id='word_1_91' title='bbox 2034 2386 2357 2455; x_wconf 87' lang='lat' dir='ltr'><strong>Baptismum</strong></span> <span class='ocrx_word' id='word_1_92' title='bbox 2378 2394 2690 2454; x_wconf 89' lang='lat' dir='ltr'><strong>percepturo</strong></span> <span class='ocrx_word' id='word_1_93' title='bbox 2708 2383 3034 2440; x_wconf 83' lang='lat' dir='ltr'><strong>elaboratum</strong></span> <span class='ocrx_word' id='word_1_94' title='bbox 3057 2386 3405 2454; x_wconf 83' lang='lat' dir='ltr'><strong>recognoscit.</strong></span> <span class='ocrx_word' id='word_1_95' title='bbox 3433 2384 3636 2454; x_wconf 77' lang='lat' dir='ltr'><strong>Quippe</strong></span> 
     </span>
    </p>
   </div>
   <div class='ocr_carea' id='block_1_21' title="bbox 367 2473 3635 2549">
    <p class='ocr_par' dir='ltr' id='par_1_21' title="bbox 367 2473 3635 2549">
     <span class='ocr_line' id='line_1_21' title="bbox 367 2473 3635 2549; baseline -0.001 -15"><span class='ocrx_word' id='word_1_96' title='bbox 367 2479 467 2535; x_wconf 66' lang='lat' dir='ltr'><strong>hos</strong></span> <span class='ocrx_word' id='word_1_97' title='bbox 496 2481 657 2535; x_wconf 89' lang='lat' dir='ltr'><strong>libros</strong></span> <span class='ocrx_word' id='word_1_98' title='bbox 685 2478 1075 2549; x_wconf 78' lang='lat' dir='ltr'><strong>conscripserat</strong></span> <span class='ocrx_word' id='word_1_99' title='bbox 1100 2478 1291 2547; x_wconf 82' lang='lat' dir='ltr'><strong>dialogi</strong></span> <span class='ocrx_word' id='word_1_100' title='bbox 1322 2477 1509 2543; x_wconf 81' lang='lat' dir='ltr'><strong>forma,</strong></span> <span class='ocrx_word' id='word_1_101' title='bbox 1541 2491 1711 2547; x_wconf 88' lang='lat' dir='ltr'><strong>eoque</strong></span> <span class='ocrx_word' id='word_1_102' title='bbox 1733 2478 1911 2531; x_wconf 80' lang='lat' dir='ltr'><strong>animo</strong></span> <span class='ocrx_word' id='word_1_103' title='bbox 1946 2486 2000 2531; x_wconf 92' lang='lat' dir='ltr'><strong>ut</strong></span> <span class='ocrx_word' id='word_1_104' title='bbox 2025 2494 2113 2547; x_wconf 77' lang='lat' dir='ltr'><strong>per</strong></span> <span class='ocrx_word' id='word_1_105' title='bbox 2137 2477 2419 2547; x_wconf 80' lang='lat' dir='ltr'><strong>corporalia</strong></span> <span class='ocrx_word' id='word_1_106' title='bbox 2447 2476 2513 2529; x_wconf 87' lang='lat' dir='ltr'><strong>ad</strong></span> <span class='ocrx_word' id='word_1_107' title='bbox 2538 2477 2893 2548; x_wconf 70' lang='lat' dir='ltr'><strong>incorporalia,</strong></span> <span class='ocrx_word' id='word_1_108' title='bbox 2921 2474 3213 2545; x_wconf 79' lang='lat' dir='ltr'><strong>quibusdam</strong></span> <span class='ocrx_word' id='word_1_109' title='bbox 3242 2478 3385 2546; x_wconf 70' lang='lat' dir='ltr'><strong>quasi</strong></span> <span class='ocrx_word' id='word_1_110' title='bbox 3405 2473 3635 2549; x_wconf 67' lang='lat' dir='ltr'><strong>passibus</strong></span> 
     </span>
    </p>
   </div>
   <div class='ocr_carea' id='block_1_22' title="bbox 362 2567 3634 2641">
    <p class='ocr_par' dir='ltr' id='par_1_22' title="bbox 362 2567 3634 2641">
     <span class='ocr_line' id='line_1_22' title="bbox 362 2567 3634 2641; baseline -0 -15"><span class='ocrx_word' id='word_1_111' title='bbox 362 2573 531 2637; x_wconf 73' lang='lat' dir='ltr'><strong>certis,</strong></span> <span class='ocrx_word' id='word_1_112' title='bbox 560 2572 633 2625; x_wconf 92' lang='lat' dir='ltr'><strong>uti</strong></span> <span class='ocrx_word' id='word_1_113' title='bbox 664 2571 856 2626; x_wconf 84' lang='lat' dir='ltr'><strong>ibidem</strong></span> <span class='ocrx_word' id='word_1_114' title='bbox 880 2571 971 2638; x_wconf 92' lang='lat' dir='ltr'><strong>ait,</strong></span> <span class='ocrx_word' id='word_1_115' title='bbox 998 2569 1073 2624; x_wconf 77' lang='lat' dir='ltr'><strong>rel</strong></span> <span class='ocrx_word' id='word_1_116' title='bbox 1093 2569 1385 2639; x_wconf 84' lang='lat' dir='ltr'><strong>perveniret,</strong></span> <span class='ocrx_word' id='word_1_117' title='bbox 1408 2569 1481 2622; x_wconf 87' lang='lat' dir='ltr'><strong>vel</strong></span> <span class='ocrx_word' id='word_1_118' title='bbox 1502 2568 1723 2621; x_wconf 82' lang='lat' dir='ltr'><strong>duceret.</strong></span> <span class='ocrx_word' id='word_1_119' title='bbox 1750 2567 1858 2637; x_wconf 77' lang='lat' dir='ltr'><strong>Ipsi</strong></span> <span class='ocrx_word' id='word_1_120' title='bbox 1881 2568 2129 2621; x_wconf 86' lang='lat' dir='ltr'><strong>nimirum</strong></span> <span class='ocrx_word' id='word_1_121' title='bbox 2172 2583 2201 2621; x_wconf 86' lang='lat' dir='ltr'><strong>a</strong></span> <span class='ocrx_word' id='word_1_122' title='bbox 2233 2576 2470 2636; x_wconf 85' lang='lat' dir='ltr'><strong>tempore</strong></span> <span class='ocrx_word' id='word_1_123' title='bbox 2496 2582 2605 2622; x_wconf 73' lang='lat' dir='ltr'><strong>sua:</strong></span> <span class='ocrx_word' id='word_1_124' title='bbox 2634 2568 2994 2623; x_wconf 83' lang='lat' dir='ltr'><strong>conversionis</strong></span> <span class='ocrx_word' id='word_1_125' title='bbox 3016 2569 3257 2639; x_wconf 87' lang='lat' dir='ltr'><strong>religioni</strong></span> <span class='ocrx_word' id='word_1_126' title='bbox 3296 2568 3393 2624; x_wconf 86' lang='lat' dir='ltr'><strong>fuit</strong></span> <span class='ocrx_word' id='word_1_127' title='bbox 3417 2585 3634 2641; x_wconf 85' lang='lat' dir='ltr'><strong>cperant</strong></span> 
     </span>
    </p>
   </div>
   <div class='ocr_carea' id='block_1_23' title="bbox 364 2648 3633 2732">
    <p class='ocr_par' dir='ltr' id='par_1_23' title="bbox 364 2648 3633 2732">
     <span class='ocr_line' id='line_1_23' title="bbox 364 2648 3633 2732; baseline -0 -11"><span class='ocrx_word' id='word_1_128' title='bbox 364 2664 495 2721; x_wconf 80' lang='lat' dir='ltr'><strong>dare</strong></span> <span class='ocrx_word' id='word_1_129' title='bbox 522 2664 707 2719; x_wconf 89' lang='lat' dir='ltr'><strong>litteris</strong></span> <span class='ocrx_word' id='word_1_130' title='bbox 736 2663 1004 2731; x_wconf 84' lang='lat' dir='ltr'><strong>deinceps,</strong></span> <span class='ocrx_word' id='word_1_131' title='bbox 1037 2662 1137 2716; x_wconf 85' lang='lat' dir='ltr'><strong>nisi</strong></span> <span class='ocrx_word' id='word_1_132' title='bbox 1164 2662 1269 2717; x_wconf 60' lang='lat' dir='ltr'><strong>illa;</strong></span> <span class='ocrx_word' id='word_1_133' title='bbox 1293 2661 1505 2717; x_wconf 85' lang='lat' dir='ltr'><strong>Christo</strong></span> <span class='ocrx_word' id='word_1_134' title='bbox 1529 2661 1806 2724; x_wconf 85' lang='lat' dir='ltr'><strong>servirent,</strong></span> <span class='ocrx_word' id='word_1_135' title='bbox 1836 2676 1905 2715; x_wconf 88' lang='lat' dir='ltr'><strong>ex</strong></span> <span class='ocrx_word' id='word_1_136' title='bbox 1940 2660 2034 2715; x_wconf 90' lang='lat' dir='ltr'><strong>lib.</strong></span> <span class='ocrx_word' id='word_1_137' title='bbox 2052 2648 2094 2715; x_wconf 79' lang='grc'><strong>’9</strong></span> <span class='ocrx_word' id='word_1_138' title='bbox 2127 2660 2366 2715; x_wconf 86' lang='lat' dir='ltr'><strong>Confess.</strong></span> <span class='ocrx_word' id='word_1_139' title='bbox 2406 2670 2521 2730; x_wconf 80' lang='lat' dir='ltr'><strong>cap.</strong></span> <span class='ocrx_word' id='word_1_140' title='bbox 2554 2660 2609 2727; x_wconf 75' lang='grc'><strong>4,</strong></span> <span class='ocrx_word' id='word_1_141' title='bbox 2650 2676 2705 2713; x_wconf 92' lang='lat' dir='ltr'><strong>n.</strong></span> <span class='ocrx_word' id='word_1_142' title='bbox 2739 2652 2790 2712; x_wconf 81' lang='lat'><strong>7.</strong></span> <span class='ocrx_word' id='word_1_143' title='bbox 2822 2661 2985 2715; x_wconf 83' lang='lat' dir='ltr'><strong>Porro</strong></span> <span class='ocrx_word' id='word_1_144' title='bbox 3006 2670 3178 2716; x_wconf 82' lang='lat' dir='ltr'><strong>autem</strong></span> <span class='ocrx_word' id='word_1_145' title='bbox 3209 2662 3503 2732; x_wconf 88' lang='lat' dir='ltr'><strong>subjectum</strong></span> <span class='ocrx_word' id='word_1_146' title='bbox 3542 2663 3633 2720; x_wconf 85' lang='lat' dir='ltr'><strong>hic</strong></span> 
     </span>
    </p>
   </div>
   <div class='ocr_carea' id='block_1_24' title="bbox 364 2738 3629 2828">
    <p class='ocr_par' dir='ltr' id='par_1_24' title="bbox 364 2738 3629 2828">
     <span class='ocr_line' id='line_1_24' title="bbox 364 2738 3629 2828; baseline -0 -15"><span class='ocrx_word' id='word_1_147' title='bbox 364 2757 676 2827; x_wconf 74' lang='lat' dir='ltr'><strong>Opusculum</strong></span> <span class='ocrx_word' id='word_1_148' title='bbox 709 2771 879 2825; x_wconf 88' lang='lat' dir='ltr'><strong>neque</strong></span> <span class='ocrx_word' id='word_1_149' title='bbox 908 2755 1102 2825; x_wconf 87' lang='lat' dir='ltr'><strong>dialogi</strong></span> <span class='ocrx_word' id='word_1_150' title='bbox 1128 2754 1352 2809; x_wconf 88' lang='lat' dir='ltr'><strong>formam</strong></span> <span class='ocrx_word' id='word_1_151' title='bbox 1378 2756 1531 2824; x_wconf 86' lang='lat' dir='ltr'><strong>gerit,</strong></span> <span class='ocrx_word' id='word_1_152' title='bbox 1562 2768 1733 2825; x_wconf 78' lang='lat' dir='ltr'><strong>neque</strong></span> <span class='ocrx_word' id='word_1_153' title='bbox 1766 2753 1831 2807; x_wconf 87' lang='lat' dir='ltr'><strong>ad</strong></span> <span class='ocrx_word' id='word_1_154' title='bbox 1857 2738 2203 2822; x_wconf 78' lang='lat' dir='ltr'><strong>incorporalia</strong></span> <span class='ocrx_word' id='word_1_155' title='bbox 2235 2763 2510 2821; x_wconf 79' lang='lat' dir='ltr'><strong>promovet</strong></span> <span class='ocrx_word' id='word_1_156' title='bbox 2534 2754 2786 2808; x_wconf 87' lang='lat' dir='ltr'><strong>animum.</strong></span> <span class='ocrx_word' id='word_1_157' title='bbox 2823 2752 2874 2807; x_wconf 90' lang='lat' dir='ltr'><strong>Id</strong></span> <span class='ocrx_word' id='word_1_158' title='bbox 2906 2762 3159 2823; x_wconf 67' lang='lat' dir='ltr'><strong>prieterea</strong></span> <span class='ocrx_word' id='word_1_159' title='bbox 3186 2754 3377 2810; x_wconf 77' lang='lat' dir='ltr'><strong>eruditi</strong></span> <span class='ocrx_word' id='word_1_160' title='bbox 3405 2757 3629 2828; x_wconf 86' lang='lat' dir='ltr'><strong>alicujus</strong></span> 
     </span>
    </p>
   </div>
   <div class='ocr_carea' id='block_1_25' title="bbox 364 2845 3633 2920">
    <p class='ocr_par' dir='ltr' id='par_1_25' title="bbox 364 2845 3633 2920">
     <span class='ocr_line' id='line_1_25' title="bbox 364 2845 3633 2920; baseline -0 -14"><span class='ocrx_word' id='word_1_161' title='bbox 364 2849 642 2920; x_wconf 62' lang='lat' dir='ltr'><strong>scriptoris</strong></span> <span class='ocrx_word' id='word_1_162' title='bbox 667 2847 860 2902; x_wconf 86' lang='lat' dir='ltr'><strong>nedum</strong></span> <span class='ocrx_word' id='word_1_163' title='bbox 886 2847 1013 2901; x_wconf 88' lang='lat' dir='ltr'><strong>tanti</strong></span> <span class='ocrx_word' id='word_1_164' title='bbox 1037 2847 1134 2901; x_wconf 93' lang='lat' dir='ltr'><strong>viri</strong></span> <span class='ocrx_word' id='word_1_165' title='bbox 1161 2847 1431 2901; x_wconf 81' lang='lat' dir='ltr'><strong>solertiam</strong></span> <span class='ocrx_word' id='word_1_166' title='bbox 1459 2861 1563 2901; x_wconf 92' lang='lat' dir='ltr'><strong>non</strong></span> <span class='ocrx_word' id='word_1_167' title='bbox 1589 2847 1772 2911; x_wconf 81' lang='lat' dir='ltr'><strong>refert,</strong></span> <span class='ocrx_word' id='word_1_168' title='bbox 1796 2854 1912 2915; x_wconf 63' lang='lat' dir='ltr'><strong>Quae</strong></span> <span class='ocrx_word' id='word_1_169' title='bbox 1954 2854 2063 2901; x_wconf 83' lang='lat' dir='ltr'><strong>tum</strong></span> <span class='ocrx_word' id='word_1_170' title='bbox 2110 2845 2339 2899; x_wconf 83' lang='lat' dir='ltr'><strong>maxime</strong></span> <span class='ocrx_word' id='word_1_171' title='bbox 2365 2845 2647 2915; x_wconf 85' lang='lat' dir='ltr'><strong>singularis</strong></span> <span class='ocrx_word' id='word_1_172' title='bbox 2670 2855 2724 2900; x_wconf 89' lang='lat' dir='ltr'><strong>et</strong></span> <span class='ocrx_word' id='word_1_173' title='bbox 2748 2860 2953 2899; x_wconf 89' lang='lat' dir='ltr'><strong>summa</strong></span> <span class='ocrx_word' id='word_1_174' title='bbox 2982 2855 3220 2916; x_wconf 85' lang='lat' dir='ltr'><strong>apparet,</strong></span> <span class='ocrx_word' id='word_1_175' title='bbox 3263 2862 3383 2901; x_wconf 92' lang='lat' dir='ltr'><strong>cum</strong></span> <span class='ocrx_word' id='word_1_176' title='bbox 3418 2862 3477 2904; x_wconf 89' lang='lat' dir='ltr'><strong>se</strong></span> <span class='ocrx_word' id='word_1_177' title='bbox 3517 2849 3633 2918; x_wconf 86' lang='lat' dir='ltr'><strong>ipse</strong></span> 
     </span>
    </p>
   </div>
   <div class='ocr_carea' id='block_1_26' title="bbox 367 2933 3630 3013">
    <p class='ocr_par' dir='ltr' id='par_1_26' title="bbox 367 2933 3630 3013">
     <span class='ocr_line' id='line_1_26' title="bbox 367 2933 3630 3013; baseline -0.001 -14"><span class='ocrx_word' id='word_1_178' title='bbox 367 2944 422 3000; x_wconf 89' lang='lat' dir='ltr'><strong>in</strong></span> <span class='ocrx_word' id='word_1_179' title='bbox 450 2960 509 2999; x_wconf 90' lang='lat' dir='ltr'><strong>re</strong></span> <span class='ocrx_word' id='word_1_180' title='bbox 534 2952 744 2999; x_wconf 84' lang='lat' dir='ltr'><strong>exercet</strong></span> <span class='ocrx_word' id='word_1_181' title='bbox 774 2958 868 3013; x_wconf 90' lang='lat' dir='ltr'><strong>per</strong></span> <span class='ocrx_word' id='word_1_182' title='bbox 888 2957 944 2997; x_wconf 91' lang='lat' dir='ltr'><strong>se</strong></span> <span class='ocrx_word' id='word_1_183' title='bbox 974 2942 1158 2996; x_wconf 89' lang='lat' dir='ltr'><strong>humili</strong></span> <span class='ocrx_word' id='word_1_184' title='bbox 1187 2956 1249 2997; x_wconf 95' lang='lat' dir='ltr'><strong>ac</strong></span> <span class='ocrx_word' id='word_1_185' title='bbox 1276 2942 1497 3012; x_wconf 82' lang='lat' dir='ltr'><strong>vulgari.</strong></span> <span class='ocrx_word' id='word_1_186' title='bbox 1527 2942 1719 2996; x_wconf 84' lang='lat' dir='ltr'><strong>Confer</strong></span> <span class='ocrx_word' id='word_1_187' title='bbox 1747 2942 1909 2996; x_wconf 89' lang='lat' dir='ltr'><strong>libros</strong></span> <span class='ocrx_word' id='word_1_188' title='bbox 1938 2940 2005 2995; x_wconf 89' lang='lat' dir='ltr'><strong>de</strong></span> <span class='ocrx_word' id='word_1_189' title='bbox 2036 2933 2249 3003; x_wconf 69' lang='lat' dir='ltr'><strong>Kusica,</strong></span> <span class='ocrx_word' id='word_1_190' title='bbox 2276 2952 2479 2995; x_wconf 85' lang='lat' dir='ltr'><strong>necnon</strong></span> <span class='ocrx_word' id='word_1_191' title='bbox 2508 2952 2628 2994; x_wconf 89' lang='lat' dir='ltr'><strong>eum</strong></span> <span class='ocrx_word' id='word_1_192' title='bbox 2655 2939 2826 2993; x_wconf 91' lang='lat' dir='ltr'><strong>locum</strong></span> <span class='ocrx_word' id='word_1_193' title='bbox 2854 2937 2971 2993; x_wconf 90' lang='lat' dir='ltr'><strong>libri</strong></span> <span class='ocrx_word' id='word_1_194' title='bbox 2994 2937 3030 2991; x_wconf 77' lang='grc'><strong>2</strong></span> <span class='ocrx_word' id='word_1_195' title='bbox 3054 2938 3121 2993; x_wconf 90' lang='lat' dir='ltr'><strong>de</strong></span> <span class='ocrx_word' id='word_1_196' title='bbox 3149 2938 3363 3005; x_wconf 86' lang='lat' dir='ltr'><strong>Ordine,</strong></span> <span class='ocrx_word' id='word_1_197' title='bbox 3406 2942 3491 2995; x_wconf 91' lang='lat' dir='ltr'><strong>ubi</strong></span> <span class='ocrx_word' id='word_1_198' title='bbox 3518 2942 3630 2995; x_wconf 54' lang='lat' dir='ltr'><strong>dis.</strong></span> 
     </span>
    </p>
   </div>
   <div class='ocr_carea' id='block_1_27' title="bbox 356 3029 3629 3106">
    <p class='ocr_par' dir='ltr' id='par_1_27' title="bbox 356 3029 3629 3106">
     <span class='ocr_line' id='line_1_27' title="bbox 356 3029 3629 3106; baseline -0.001 -16"><span class='ocrx_word' id='word_1_199' title='bbox 356 3035 675 3106; x_wconf 56' lang='lat' dir='ltr'><strong>‘ciplinarum</strong></span> <span class='ocrx_word' id='word_1_200' title='bbox 704 3035 840 3089; x_wconf 82' lang='lat' dir='ltr'><strong>inter</strong></span> <span class='ocrx_word' id='word_1_201' title='bbox 868 3048 926 3088; x_wconf 91' lang='lat' dir='ltr'><strong>se</strong></span> <span class='ocrx_word' id='word_1_202' title='bbox 952 3034 1213 3098; x_wconf 86' lang='lat' dir='ltr'><strong>ordinem,</strong></span> <span class='ocrx_word' id='word_1_203' title='bbox 1242 3048 1529 3103; x_wconf 82' lang='lat' dir='ltr'><strong>earumque</strong></span> <span class='ocrx_word' id='word_1_204' title='bbox 1548 3033 1902 3097; x_wconf 81' lang='lat' dir='ltr'><strong>occasionem,</strong></span> <span class='ocrx_word' id='word_1_205' title='bbox 1930 3040 2169 3085; x_wconf 88' lang='lat' dir='ltr'><strong>naturam</strong></span> <span class='ocrx_word' id='word_1_206' title='bbox 2194 3039 2248 3085; x_wconf 94' lang='lat' dir='ltr'><strong>et</strong></span> <span class='ocrx_word' id='word_1_207' title='bbox 2274 3030 2619 3101; x_wconf 83' lang='lat' dir='ltr'><strong>proprietates</strong></span> <span class='ocrx_word' id='word_1_208' title='bbox 2654 3030 2839 3085; x_wconf 86' lang='lat' dir='ltr'><strong>leviter</strong></span> <span class='ocrx_word' id='word_1_209' title='bbox 2862 3029 3168 3103; x_wconf 83' lang='lat' dir='ltr'><strong>perstringit</strong></span> <span class='ocrx_word' id='word_1_210' title='bbox 3196 3049 3209 3085; x_wconf 87' lang='lat'><strong>:</strong></span> <span class='ocrx_word' id='word_1_211' title='bbox 3247 3030 3367 3086; x_wconf 92' lang='lat' dir='ltr'><strong>hinc</strong></span> <span class='ocrx_word' id='word_1_212' title='bbox 3393 3032 3629 3103; x_wconf 87' lang='lat' dir='ltr'><strong>profecto</strong></span> 
     </span>
    </p>
   </div>
   <div class='ocr_carea' id='block_1_28' title="bbox 364 3110 3631 3197">
    <p class='ocr_par' dir='ltr' id='par_1_28' title="bbox 364 3110 3631 3197">
     <span class='ocr_line' id='line_1_28' title="bbox 364 3110 3631 3197; baseline -0.001 -13"><span class='ocrx_word' id='word_1_213' title='bbox 364 3130 628 3197; x_wconf 75' lang='lat' dir='ltr'><strong>intelliges</strong></span> <span class='ocrx_word' id='word_1_214' title='bbox 653 3142 759 3182; x_wconf 90' lang='lat' dir='ltr'><strong>non</strong></span> <span class='ocrx_word' id='word_1_215' title='bbox 782 3126 1049 3196; x_wconf 83' lang='lat' dir='ltr'><strong>quidpiam</strong></span> <span class='ocrx_word' id='word_1_216' title='bbox 1083 3110 1279 3195; x_wconf 86' lang='lat' dir='ltr'><strong>passim</strong></span> <span class='ocrx_word' id='word_1_217' title='bbox 1317 3125 1552 3191; x_wconf 87' lang='lat' dir='ltr'><strong>obvium,</strong></span> <span class='ocrx_word' id='word_1_218' title='bbox 1580 3133 1670 3179; x_wconf 89' lang='lat' dir='ltr'><strong>ant</strong></span> <span class='ocrx_word' id='word_1_219' title='bbox 1690 3124 1827 3195; x_wconf 92' lang='lat' dir='ltr'><strong>quod</strong></span> <span class='ocrx_word' id='word_1_220' title='bbox 1859 3125 2092 3178; x_wconf 90' lang='lat' dir='ltr'><strong>omnium</strong></span> <span class='ocrx_word' id='word_1_221' title='bbox 2118 3122 2338 3192; x_wconf 88' lang='lat' dir='ltr'><strong>pedibus</strong></span> <span class='ocrx_word' id='word_1_222' title='bbox 2368 3123 2548 3177; x_wconf 89' lang='lat' dir='ltr'><strong>tritum</strong></span> <span class='ocrx_word' id='word_1_223' title='bbox 2578 3131 2738 3188; x_wconf 87' lang='lat' dir='ltr'><strong>esset,</strong></span> <span class='ocrx_word' id='word_1_224' title='bbox 2770 3122 2836 3177; x_wconf 93' lang='lat' dir='ltr'><strong>de</strong></span> <span class='ocrx_word' id='word_1_225' title='bbox 2877 3124 3213 3192; x_wconf 85' lang='lat' dir='ltr'><strong>grammatica</strong></span> <span class='ocrx_word' id='word_1_226' title='bbox 3236 3123 3398 3180; x_wconf 88' lang='lat' dir='ltr'><strong>fuisse</strong></span> <span class='ocrx_word' id='word_1_227' title='bbox 3418 3126 3485 3181; x_wconf 88' lang='lat' dir='ltr'><strong>ab</strong></span> <span class='ocrx_word' id='word_1_228' title='bbox 3516 3125 3631 3196; x_wconf 87' lang='lat' dir='ltr'><strong>ipso</strong></span> 
     </span>
    </p>
   </div>
   <div class='ocr_carea' id='block_1_29' title="bbox 368 3213 3628 3288">
    <p class='ocr_par' dir='ltr' id='par_1_29' title="bbox 368 3213 3628 3288">
     <span class='ocr_line' id='line_1_29' title="bbox 368 3213 3628 3288; baseline -0.001 -12"><span class='ocrx_word' id='word_1_229' title='bbox 368 3220 560 3276; x_wconf 85' lang='lat' dir='ltr'><strong>litteris</strong></span> <span class='ocrx_word' id='word_1_230' title='bbox 590 3219 1036 3274; x_wconf 85' lang='lat' dir='ltr'><strong>commendatum.</strong></span> <span class='ocrx_word' id='word_1_231' title='bbox 1065 3218 1194 3284; x_wconf 70' lang='lat' dir='ltr'><strong>Qua:</strong></span> <span class='ocrx_word' id='word_1_232' title='bbox 1218 3233 1348 3273; x_wconf 92' lang='lat' dir='ltr'><strong>sane</strong></span> <span class='ocrx_word' id='word_1_233' title='bbox 1370 3218 1606 3272; x_wconf 88' lang='lat' dir='ltr'><strong>rationes</strong></span> <span class='ocrx_word' id='word_1_234' title='bbox 1636 3232 1739 3271; x_wconf 91' lang='lat' dir='ltr'><strong>non</strong></span> <span class='ocrx_word' id='word_1_235' title='bbox 1772 3217 1945 3271; x_wconf 90' lang='lat' dir='ltr'><strong>minus</strong></span> <span class='ocrx_word' id='word_1_236' title='bbox 1974 3217 2149 3270; x_wconf 83' lang='lat' dir='ltr'><strong>valent</strong></span> <span class='ocrx_word' id='word_1_237' title='bbox 2190 3214 2446 3269; x_wconf 89' lang='lat' dir='ltr'><strong>adversus</strong></span> <span class='ocrx_word' id='word_1_238' title='bbox 2476 3214 2573 3268; x_wconf 89' lang='lat' dir='ltr'><strong>tria</strong></span> <span class='ocrx_word' id='word_1_239' title='bbox 2604 3213 2725 3278; x_wconf 90' lang='lat' dir='ltr'><strong>alia,</strong></span> <span class='ocrx_word' id='word_1_240' title='bbox 2766 3229 2885 3283; x_wconf 79' lang='lat' dir='ltr'><strong>qua:</strong></span> <span class='ocrx_word' id='word_1_241' title='bbox 2924 3214 3027 3268; x_wconf 90' lang='lat' dir='ltr'><strong>huc</strong></span> <span class='ocrx_word' id='word_1_242' title='bbox 3070 3217 3265 3284; x_wconf 85' lang='lat' dir='ltr'><strong>pariter</strong></span> <span class='ocrx_word' id='word_1_243' title='bbox 3305 3218 3628 3288; x_wconf 85' lang='lat' dir='ltr'><strong>conjecimus</strong></span> 
     </span>
    </p>
   </div>
   <div class='ocr_carea' id='block_1_30' title="bbox 364 3305 3626 3385">
    <p class='ocr_par' dir='ltr' id='par_1_30' title="bbox 364 3305 3626 3385">
     <span class='ocr_line' id='line_1_30' title="bbox 364 3305 3626 3385; baseline -0.001 -15"><span class='ocrx_word' id='word_1_244' title='bbox 364 3314 639 3385; x_wconf 80' lang='lat' dir='ltr'><strong>opuscula,</strong></span> <span class='ocrx_word' id='word_1_245' title='bbox 671 3328 787 3382; x_wconf 72' lang='lat' dir='ltr'><strong>qum</strong></span> <span class='ocrx_word' id='word_1_246' title='bbox 812 3311 1193 3377; x_wconf 87' lang='lat' dir='ltr'><strong>inscribuntur,</strong></span> <span class='ocrx_word' id='word_1_247' title='bbox 1226 3311 1489 3380; x_wconf 81' lang='lat' dir='ltr'><strong>Principia</strong></span> <span class='ocrx_word' id='word_1_248' title='bbox 1520 3310 1843 3373; x_wconf 71' lang='lat' dir='ltr'><strong>Dialecticm,</strong></span> <span class='ocrx_word' id='word_1_249' title='bbox 1875 3308 2169 3380; x_wconf 76' lang='lat' dir='ltr'><strong>Catcgoria:</strong></span> <span class='ocrx_word' id='word_1_250' title='bbox 2196 3308 2400 3374; x_wconf 89' lang='lat' dir='ltr'><strong>decem,</strong></span> <span class='ocrx_word' id='word_1_251' title='bbox 2430 3314 2485 3361; x_wconf 87' lang='lat' dir='ltr'><strong>et</strong></span> <span class='ocrx_word' id='word_1_252' title='bbox 2520 3305 2780 3375; x_wconf 85' lang='lat' dir='ltr'><strong>Principia</strong></span> <span class='ocrx_word' id='word_1_253' title='bbox 2810 3306 3128 3361; x_wconf 70' lang='lat' dir='ltr'><strong>Rhetorica).</strong></span> <span class='ocrx_word' id='word_1_254' title='bbox 3156 3308 3470 3379; x_wconf 89' lang='lat' dir='ltr'><strong>Scrupulum</strong></span> <span class='ocrx_word' id='word_1_255' title='bbox 3503 3312 3626 3382; x_wconf 82' lang='lat' dir='ltr'><strong>inji-</strong></span> 
     </span>
    </p>
   </div>
   <div class='ocr_carea' id='block_1_31' title="bbox 362 3399 3621 3476">
    <p class='ocr_par' dir='ltr' id='par_1_31' title="bbox 362 3399 3621 3476">
     <span class='ocr_line' id='line_1_31' title="bbox 362 3399 3621 3476; baseline -0.004 -6"><span class='ocrx_word' id='word_1_256' title='bbox 362 3415 534 3470; x_wconf 85' lang='lat' dir='ltr'><strong>ciebat</strong></span> <span class='ocrx_word' id='word_1_257' title='bbox 568 3409 802 3466; x_wconf 88' lang='lat' dir='ltr'><strong>clausula</strong></span> <span class='ocrx_word' id='word_1_258' title='bbox 832 3409 990 3476; x_wconf 90' lang='lat' dir='ltr'><strong>capiti</strong></span> <span class='ocrx_word' id='word_1_259' title='bbox 1023 3410 1052 3461; x_wconf 91' lang='lat'><strong>7</strong></span> <span class='ocrx_word' id='word_1_260' title='bbox 1082 3408 1173 3461; x_wconf 89' lang='lat' dir='ltr'><strong>lib.</strong></span> <span class='ocrx_word' id='word_1_261' title='bbox 1212 3409 1235 3461; x_wconf 81' lang='grc'><strong>1</strong></span> <span class='ocrx_word' id='word_1_262' title='bbox 1265 3408 1714 3462; x_wconf 85' lang='lat' dir='ltr'><strong>Retractationum</strong></span> <span class='ocrx_word' id='word_1_263' title='bbox 1759 3412 1955 3468; x_wconf 84' lang='lat' dir='ltr'><strong>assuta,</strong></span> <span class='ocrx_word' id='word_1_264' title='bbox 1994 3403 2232 3459; x_wconf 90' lang='lat' dir='ltr'><strong>scilicet:</strong></span> <span class='ocrx_word' id='word_1_265' title='bbox 2265 3400 2379 3455; x_wconf 85' lang='lat' dir='ltr'><strong>Hoc</strong></span> <span class='ocrx_word' id='word_1_266' title='bbox 2420 3417 2545 3473; x_wconf 73' lang='lat' dir='ltr'><strong>Opus</strong></span> <span class='ocrx_word' id='word_1_267' title='bbox 2573 3400 2645 3454; x_wconf 69' lang='lat' dir='ltr'><strong>sic</strong></span> <span class='ocrx_word' id='word_1_268' title='bbox 2672 3400 2863 3469; x_wconf 75' lang='lat' dir='ltr'><strong>incipit,</strong></span> <span class='ocrx_word' id='word_1_269' title='bbox 2897 3399 3080 3453; x_wconf 84' lang='lat' dir='ltr'><strong>Omnia</strong></span> <span class='ocrx_word' id='word_1_270' title='bbox 3122 3402 3324 3455; x_wconf 88' lang='lat' dir='ltr'><strong>nomina</strong></span> <span class='ocrx_word' id='word_1_271' title='bbox 3356 3404 3621 3470; x_wconf 75' lang='lat' dir='ltr'><strong>tredecim,</strong></span> 
     </span>
    </p>
   </div>
   <div class='ocr_carea' id='block_1_32' title="bbox 361 3492 3620 3576">
    <p class='ocr_par' dir='ltr' id='par_1_32' title="bbox 361 3492 3620 3576">
     <span class='ocr_line' id='line_1_32' title="bbox 361 3492 3620 3576; baseline -0.002 -18"><span class='ocrx_word' id='word_1_272' title='bbox 361 3505 503 3576; x_wconf 87' lang='lat' dir='ltr'><strong>quod</strong></span> <span class='ocrx_word' id='word_1_273' title='bbox 527 3503 729 3558; x_wconf 88' lang='lat' dir='ltr'><strong>initium</strong></span> <span class='ocrx_word' id='word_1_274' title='bbox 756 3510 836 3555; x_wconf 87' lang='lat' dir='ltr'><strong>est</strong></span> <span class='ocrx_word' id='word_1_275' title='bbox 866 3499 986 3554; x_wconf 91' lang='lat' dir='ltr'><strong>libri</strong></span> <span class='ocrx_word' id='word_1_276' title='bbox 1013 3500 1306 3570; x_wconf 89' lang='lat' dir='ltr'><strong>sequentis.</strong></span> <span class='ocrx_word' id='word_1_277' title='bbox 1345 3502 1412 3554; x_wconf 88' lang='lat' dir='ltr'><strong>At</strong></span> <span class='ocrx_word' id='word_1_278' title='bbox 1445 3498 1681 3554; x_wconf 72' lang='lat' dir='ltr'><strong>fraudein</strong></span> <span class='ocrx_word' id='word_1_279' title='bbox 1713 3497 2009 3553; x_wconf 82' lang='lat' dir='ltr'><strong>deteximus</strong></span> <span class='ocrx_word' id='word_1_280' title='bbox 2032 3512 2097 3551; x_wconf 87' lang='lat' dir='ltr'><strong>ex</strong></span> <span class='ocrx_word' id='word_1_281' title='bbox 2138 3496 2260 3549; x_wconf 85' lang='lat' dir='ltr'><strong>Mss.</strong></span> <span class='ocrx_word' id='word_1_282' title='bbox 2290 3504 2399 3550; x_wconf 89' lang='lat' dir='ltr'><strong>tum</strong></span> <span class='ocrx_word' id='word_1_283' title='bbox 2426 3493 2708 3558; x_wconf 83' lang='lat' dir='ltr'><strong>veteribus,</strong></span> <span class='ocrx_word' id='word_1_284' title='bbox 2744 3500 2857 3547; x_wconf 90' lang='lat' dir='ltr'><strong>tum</strong></span> <span class='ocrx_word' id='word_1_285' title='bbox 2887 3492 3045 3548; x_wconf 87' lang='lat' dir='ltr'><strong>etiam</strong></span> <span class='ocrx_word' id='word_1_286' title='bbox 3094 3494 3500 3563; x_wconf 84' lang='lat' dir='ltr'><strong>recentioribus,</strong></span> <span class='ocrx_word' id='word_1_287' title='bbox 3531 3513 3620 3573; x_wconf 59' lang='lat' dir='ltr'><strong>qu,-</strong></span> 
     </span>
    </p>
   </div>
   <div class='ocr_carea' id='block_1_33' title="bbox 366 3593 2241 3740">
    <p class='ocr_par' dir='ltr' id='par_1_33' title="bbox 366 3593 2241 3740">
     <span class='ocr_line' id='line_1_33' title="bbox 366 3593 2241 3740; baseline 0.002 -88"><span class='ocrx_word' id='word_1_288' title='bbox 366 3612 484 3652; x_wconf 85' lang='lat' dir='ltr'><strong>eam</strong></span> <span class='ocrx_word' id='word_1_289' title='bbox 511 3611 614 3649; x_wconf 91' lang='lat' dir='ltr'><strong>non</strong></span> <span class='ocrx_word' id='word_1_290' title='bbox 639 3593 851 3651; x_wconf 86' lang='lat' dir='ltr'><strong>habent.</strong></span> 
     </span>
    </p>
   </div>
   <div class='ocr_carea' id='block_1_34' title="bbox 889 3813 3108 3941">
    <p class='ocr_par' dir='ltr' id='par_1_34' title="bbox 889 3813 3108 3941">
     <span class='ocr_line' id='line_1_34' title="bbox 889 3813 3108 3941; baseline -0.001 -3"><span class='ocrx_word' id='word_1_291' title='bbox 889 3820 1127 3941; x_wconf 74' lang='lat' dir='ltr'><strong>DE</strong></span> <span class='ocrx_word' id='word_1_292' title='bbox 1180 3823 2443 3941; x_wconf 73' lang='lat' dir='ltr'><strong>GRAMMATICA</strong></span> <span class='ocrx_word' id='word_1_293' title='bbox 2515 3813 3108 3937; x_wconf 69' lang='lat' dir='ltr'><strong>LIBER-</strong></span> 
     </span>
    </p>
   </div>
   <div class='ocr_carea' id='block_1_35' title="bbox 362 4014 3611 4085">
    <p class='ocr_par' dir='ltr' id='par_1_35' title="bbox 362 4014 3611 4085">
     <span class='ocr_line' id='line_1_35' title="bbox 362 4014 3611 4085; baseline -0.003 -4"><span class='ocrx_word' id='word_1_294' title='bbox 362 4027 585 4085; x_wconf 81' lang='lat' dir='ltr'><strong>CAPUT</strong></span> <span class='ocrx_word' id='word_1_295' title='bbox 642 4030 921 4084; x_wconf 80' lang='lat' dir='ltr'><strong>PRIMUM.</strong></span> <span class='ocrx_word' id='word_1_296' title='bbox 978 4057 1047 4067; x_wconf 86' lang='lat'><strong>-—</strong></span> <span class='ocrx_word' id='word_1_297' title='bbox 1094 4021 1488 4079; x_wconf 60' lang='lat' dir='ltr'><strong>Turminaliones</strong></span> <span class='ocrx_word' id='word_1_298' title='bbox 1538 4015 1815 4070; x_wconf 83' lang='lat' dir='ltr'><strong>nominum.</strong></span> <span class='ocrx_word' id='word_1_299' title='bbox 1868 4016 1939 4070; x_wconf 79' lang='lat' dir='ltr'><strong>Ac</strong></span> <span class='ocrx_word' id='word_1_300' title='bbox 2045 4027 2349 4074; x_wconf 91' lang='lat' dir='ltr'><strong>tractamus.</strong></span> <span class='ocrx_word' id='word_1_301' title='bbox 2377 4018 2692 4079; x_wconf 74' lang='lat' dir='ltr'><strong>Aneutroe</strong></span> <span class='ocrx_word' id='word_1_302' title='bbox 2722 4014 2890 4068; x_wconf 90' lang='lat' dir='ltr'><strong>littera</strong></span> <span class='ocrx_word' id='word_1_303' title='bbox 2920 4015 2971 4069; x_wconf 92' lang='lat' dir='ltr'><strong>in</strong></span> <span class='ocrx_word' id='word_1_304' title='bbox 3003 4014 3341 4080; x_wconf 86' lang='lat' dir='ltr'><strong>nominativo,</strong></span> <span class='ocrx_word' id='word_1_305' title='bbox 3387 4016 3611 4082; x_wconf 88' lang='lat' dir='ltr'><strong>monile,</strong></span> 
     </span>
    </p>
   </div>
   <div class='ocr_carea' id='block_1_36' title="bbox 622 4090 1635 4172">
    <p class='ocr_par' dir='ltr' id='par_1_36' title="bbox 622 4090 1635 4172">
     <span class='ocr_line' id='line_1_36' title="bbox 622 4090 1635 4172; baseline -0.016 -17"><span class='ocrx_word' id='word_1_306' title='bbox 622 4108 625 4109; x_wconf 65' lang='grc'><strong><em>⁷</em></strong></span> <span class='ocrx_word' id='word_1_307' title='bbox 670 4102 832 4172; x_wconf 83' lang='lat' dir='ltr'><strong>primo</strong></span> <span class='ocrx_word' id='word_1_308' title='bbox 862 4114 972 4169; x_wconf 76' lang='lat' dir='ltr'><strong>quw</strong></span> <span class='ocrx_word' id='word_1_309' title='bbox 1011 4094 1261 4151; x_wconf 78' lang='lat' dir='ltr'><strong>vocalibus</strong></span> <span class='ocrx_word' id='word_1_310' title='bbox 1286 4090 1635 4144; x_wconf 84' lang='lat' dir='ltr'><strong>terminantur.</strong></span> 
     </span>
    </p>
   </div>
   <div class='ocr_carea' id='block_1_37' title="bbox 433 4223 1935 4293">
    <p class='ocr_par' dir='ltr' id='par_1_37' title="bbox 433 4223 1935 4293">
     <span class='ocr_line' id='line_1_37' title="bbox 433 4223 1935 4293; baseline -0.009 -6"><span class='ocrx_word' id='word_1_311' title='bbox 433 4232 622 4287; x_wconf 86' lang='lat' dir='ltr'><strong>Omnia</strong></span> <span class='ocrx_word' id='word_1_312' title='bbox 651 4234 865 4288; x_wconf 88' lang='lat' dir='ltr'><strong>nomina</strong></span> <span class='ocrx_word' id='word_1_313' title='bbox 892 4231 1145 4287; x_wconf 91' lang='lat' dir='ltr'><strong>tredecim</strong></span> <span class='ocrx_word' id='word_1_314' title='bbox 1172 4226 1361 4281; x_wconf 88' lang='lat' dir='ltr'><strong>litteris</strong></span> <span class='ocrx_word' id='word_1_315' title='bbox 1385 4223 1763 4279; x_wconf 91' lang='lat' dir='ltr'><strong>terminantur:</strong></span> <span class='ocrx_word' id='word_1_316' title='bbox 1783 4224 1935 4293; x_wconf 87' lang='lat' dir='ltr'><strong>quin-</strong></span> 
     </span>
    </p>
   </div>
   <div class='ocr_carea' id='block_1_38' title="bbox 364 4293 1931 4371">
    <p class='ocr_par' dir='ltr' id='par_1_38' title="bbox 364 4293 1931 4371">
     <span class='ocr_line' id='line_1_38' title="bbox 364 4293 1931 4371; baseline -0.006 -15"><span class='ocrx_word' id='word_1_317' title='bbox 364 4318 466 4371; x_wconf 87' lang='lat' dir='ltr'><strong>que</strong></span> <span class='ocrx_word' id='word_1_318' title='bbox 495 4304 766 4358; x_wconf 87' lang='lat' dir='ltr'><strong>vocalibus</strong></span> <span class='ocrx_word' id='word_1_319' title='bbox 791 4345 805 4369; x_wconf 90' lang='lat'><strong>,</strong></span> <span class='ocrx_word' id='word_1_320' title='bbox 836 4317 865 4356; x_wconf 92' lang='lat' dir='ltr'><strong>a</strong></span> <span class='ocrx_word' id='word_1_321' title='bbox 886 4344 898 4367; x_wconf 91' lang='lat'><strong>,</strong></span> <span class='ocrx_word' id='word_1_322' title='bbox 926 4318 956 4357; x_wconf 91' lang='lat' dir='ltr'><strong>e</strong></span> <span class='ocrx_word' id='word_1_323' title='bbox 982 4342 997 4365; x_wconf 91' lang='lat'><strong>,</strong></span> <span class='ocrx_word' id='word_1_324' title='bbox 1022 4301 1037 4354; x_wconf 91' lang='lat' dir='ltr'><strong>i</strong></span> <span class='ocrx_word' id='word_1_325' title='bbox 1058 4342 1073 4367; x_wconf 92' lang='lat'><strong>,</strong></span> <span class='ocrx_word' id='word_1_326' title='bbox 1106 4316 1158 4365; x_wconf 86' lang='lat'><strong>0,</strong></span> <span class='ocrx_word' id='word_1_327' title='bbox 1201 4314 1264 4371; x_wconf 88' lang='lat' dir='ltr'><strong>u_;</strong></span> <span class='ocrx_word' id='word_1_328' title='bbox 1296 4312 1388 4350; x_wconf 87' lang='lat' dir='ltr'><strong>sex</strong></span> <span class='ocrx_word' id='word_1_329' title='bbox 1416 4293 1818 4371; x_wconf 72' lang='lat' dir='ltr'><strong>semivocalibus</strong></span> <span class='ocrx_word' id='word_1_330' title='bbox 1845 4335 1860 4361; x_wconf 90' lang='lat'><strong>,</strong></span> <span class='ocrx_word' id='word_1_331' title='bbox 1892 4293 1931 4359; x_wconf 88' lang='grc' dir='ltr'><strong>Ι,</strong></span> 
     </span>
    </p>
   </div>
   <div class='ocr_carea' id='block_1_39' title="bbox 362 4364 1936 4438">
    <p class='ocr_par' dir='ltr' id='par_1_39' title="bbox 362 4364 1936 4438">
     <span class='ocr_line' id='line_1_39' title="bbox 362 4364 1936 4438; baseline -0.004 -12"><span class='ocrx_word' id='word_1_332' title='bbox 362 4364 436 4437; x_wconf 78' lang='lat' dir='ltr'><strong>in,</strong></span> <span class='ocrx_word' id='word_1_333' title='bbox 468 4390 523 4438; x_wconf 91' lang='lat' dir='ltr'><strong>n,</strong></span> <span class='ocrx_word' id='word_1_334' title='bbox 556 4390 600 4438; x_wconf 93' lang='lat' dir='ltr'><strong>r,</strong></span> <span class='ocrx_word' id='word_1_335' title='bbox 632 4388 676 4436; x_wconf 91' lang='lat' dir='ltr'><strong>s,</strong></span> <span class='ocrx_word' id='word_1_336' title='bbox 709 4364 860 4438; x_wconf 39' lang='lat' dir='ltr'><strong>x;&#39;et</strong></span> <span class='ocrx_word' id='word_1_337' title='bbox 879 4364 1082 4427; x_wconf 86' lang='lat' dir='ltr'><strong>duabus</strong></span> <span class='ocrx_word' id='word_1_338' title='bbox 1109 4368 1361 4438; x_wconf 88' lang='lat' dir='ltr'><strong>mutis,_c,</strong></span> <span class='ocrx_word' id='word_1_339' title='bbox 1395 4374 1433 4419; x_wconf 84' lang='grc' dir='ltr'><strong>ι.</strong></span> <span class='ocrx_word' id='word_1_340' title='bbox 1466 4365 1518 4438; x_wconf 83' lang='lat' dir='ltr'><strong>A_</strong></span> <span class='ocrx_word' id='word_1_341' title='bbox 1541 4364 1847 4429; x_wconf 84' lang='lat' dir='ltr'><strong>masculino,</strong></span> <span class='ocrx_word' id='word_1_342' title='bbox 1876 4371 1936 4419; x_wconf 83' lang='lat' dir='ltr'><strong>ut</strong></span> 
     </span>
    </p>
   </div>
   <div class='ocr_carea' id='block_1_40' title="bbox 362 4434 1929 4515">
    <p class='ocr_par' dir='ltr' id='par_1_40' title="bbox 362 4434 1929 4515">
     <span class='ocr_line' id='line_1_40' title="bbox 362 4434 1929 4515; baseline -0.008 -18"><span class='ocrx_word' id='word_1_343' title='bbox 362 4434 600 4515; x_wconf 65' lang='lat' dir='ltr'><strong>Seneca,</strong></span> <span class='ocrx_word' id='word_1_344' title='bbox 633 4434 877 4515; x_wconf 75' lang='lat' dir='ltr'><strong>Catilina,</strong></span> <span class='ocrx_word' id='word_1_345' title='bbox 908 4442 1076 4515; x_wconf 76' lang='lat' dir='ltr'><strong>Sulla,</strong></span> <span class='ocrx_word' id='word_1_346' title='bbox 1111 4439 1243 4515; x_wconf 70' lang='lat' dir='ltr'><strong>Uva,</strong></span> <span class='ocrx_word' id='word_1_347' title='bbox 1272 4436 1459 4515; x_wconf 72' lang='lat' dir='ltr'><strong>Qinna,</strong></span> <span class='ocrx_word' id='word_1_348' title='bbox 1489 4434 1696 4515; x_wconf 44' lang='lat' dir='ltr'><strong>Pansan;</strong></span> <span class='ocrx_word' id='word_1_349' title='bbox 1727 4448 1929 4515; x_wconf 53' lang='lat' dir='ltr'><strong>gragca,</strong></span> 
     </span>
    </p>
   </div>
   <div class='ocr_carea' id='block_1_41' title="bbox 360 4503 1927 4581">
    <p class='ocr_par' dir='ltr' id='par_1_41' title="bbox 360 4503 1927 4581">
     <span class='ocr_line' id='line_1_41' title="bbox 360 4503 1927 4581; baseline -0.006 -14"><span class='ocrx_word' id='word_1_350' title='bbox 360 4511 530 4581; x_wconf 63' lang='lat' dir='ltr'><strong>Sosia,</strong></span> <span class='ocrx_word' id='word_1_351' title='bbox 563 4503 773 4578; x_wconf 74' lang='lat' dir='ltr'><strong>Pareta;</strong></span> <span class='ocrx_word' id='word_1_352' title='bbox 809 4503 937 4577; x_wconf 86' lang='lat' dir='ltr'><strong>afra,</strong></span> <span class='ocrx_word' id='word_1_353' title='bbox 969 4511 1223 4581; x_wconf 86' lang='lat' dir='ltr'><strong>Jugurtha</strong></span> <span class='ocrx_word' id='word_1_354' title='bbox 1246 4548 1277 4581; x_wconf 84' lang='lat'><strong>,_</strong></span> <span class='ocrx_word' id='word_1_355' title='bbox 1295 4507 1527 4576; x_wconf 82' lang='lat' dir='ltr'><strong>Micipsa.</strong></span> <span class='ocrx_word' id='word_1_356' title='bbox 1574 4503 1927 4581; x_wconf 82' lang='lat' dir='ltr'><strong>_feminino,</strong></span> 
     </span>
    </p>
   </div>
   <div class='ocr_carea' id='block_1_42' title="bbox 366 4573 1929 4653">
    <p class='ocr_par' dir='ltr' id='par_1_42' title="bbox 366 4573 1929 4653">
     <span class='ocr_line' id='line_1_42' title="bbox 366 4573 1929 4653; baseline -0.001 -24"><span class='ocrx_word' id='word_1_357' title='bbox 366 4573 576 4648; x_wconf 69' lang='lat' dir='ltr'><strong>femina,</strong></span> <span class='ocrx_word' id='word_1_358' title='bbox 609 4573 776 4646; x_wconf 72' lang='lat' dir='ltr'><strong>musa,</strong></span> <span class='ocrx_word' id='word_1_359' title='bbox 805 4573 1006 4653; x_wconf 79' lang='lat' dir='ltr'><strong>regula,</strong></span> <span class='ocrx_word' id='word_1_360' title='bbox 1030 4573 1232 4653; x_wconf 70' lang='lat' dir='ltr'><strong>norma,</strong></span> <span class='ocrx_word' id='word_1_361' title='bbox 1253 4573 1530 4653; x_wconf 34' lang='lat' dir='ltr'><strong>forma—iet</strong></span> <span class='ocrx_word' id='word_1_362' title='bbox 1557 4573 1698 4627; x_wconf 86' lang='lat' dir='ltr'><strong>talia.</strong></span> <span class='ocrx_word' id='word_1_363' title='bbox 1796 4589 1929 4627; x_wconf 93' lang='lat' dir='ltr'><strong>neu-</strong></span> 
     </span>
    </p>
   </div>
   <div class='ocr_carea' id='block_1_43' title="bbox 366 4646 1928 4717">
    <p class='ocr_par' dir='ltr' id='par_1_43' title="bbox 366 4646 1928 4717">
     <span class='ocr_line' id='line_1_43' title="bbox 366 4646 1928 4717; baseline -0.001 -18"><span class='ocrx_word' id='word_1_364' title='bbox 366 4655 447 4701; x_wconf 91' lang='lat' dir='ltr'><strong>tro</strong></span> <span class='ocrx_word' id='word_1_365' title='bbox 500 4646 665 4717; x_wconf 53' lang='lat' dir='ltr'><strong>grana</strong></span> <span class='ocrx_word' id='word_1_366' title='bbox 708 4663 830 4707; x_wconf 91' lang='lat' dir='ltr'><strong>sunt</strong></span> <span class='ocrx_word' id='word_1_367' title='bbox 867 4646 1077 4707; x_wconf 51' lang='lat' dir='ltr'><strong>&#39;tantiim</strong></span> <span class='ocrx_word' id='word_1_368' title='bbox 1104 4692 1118 4715; x_wconf 96' lang='lat'><strong>,</strong></span> <span class='ocrx_word' id='word_1_369' title='bbox 1174 4650 1370 4713; x_wconf 83' lang='lat' dir='ltr'><strong>thema,</strong></span> <span class='ocrx_word' id='word_1_370' title='bbox 1403 4646 1619 4701; x_wconf 88' lang='lat' dir='ltr'><strong>schema</strong></span> <span class='ocrx_word' id='word_1_371' title='bbox 1640 4651 1747 4717; x_wconf 15' lang='lat' dir='ltr'><strong>Leti</strong></span> <span class='ocrx_word' id='word_1_372' title='bbox 1765 4660 1928 4717; x_wconf 88' lang='lat' dir='ltr'><strong>unum</strong></span> 
     </span>
    </p>
   </div>
   <div class='ocr_carea' id='block_1_44' title="bbox 362 4714 1923 4783">
    <p class='ocr_par' dir='ltr' id='par_1_44' title="bbox 362 4714 1923 4783">
     <span class='ocr_line' id='line_1_44' title="bbox 362 4714 1923 4783; baseline -0.003 -12"><span class='ocrx_word' id='word_1_373' title='bbox 362 4714 555 4773; x_wconf 73' lang='lat' dir='ltr'><strong>nomen</strong></span> <span class='ocrx_word' id='word_1_374' title='bbox 588 4718 801 4777; x_wconf 86' lang='lat' dir='ltr'><strong>latinum</strong></span> <span class='ocrx_word' id='word_1_375' title='bbox 852 4714 1115 4783; x_wconf 84' lang='lat' dir='ltr'><strong>ﬂuminis,</strong></span> <span class='ocrx_word' id='word_1_376' title='bbox 1158 4719 1351 4781; x_wconf 88' lang='lat' dir='ltr'><strong>Turia;</strong></span> <span class='ocrx_word' id='word_1_377' title='bbox 1396 4718 1604 4771; x_wconf 88' lang='lat' dir='ltr'><strong>dicente</strong></span> <span class='ocrx_word' id='word_1_378' title='bbox 1646 4714 1923 4779; x_wconf 82' lang='lat' dir='ltr'><strong>Sallustio,</strong></span> 
     </span>
    </p>
   </div>
   <div class='ocr_carea' id='block_1_45' title="bbox 362 4784 1925 4859">
    <p class='ocr_par' dir='ltr' id='par_1_45' title="bbox 362 4784 1925 4859">
     <span class='ocr_line' id='line_1_45' title="bbox 362 4784 1925 4859; baseline -0.001 -20"><span class='ocrx_word' id='word_1_379' title='bbox 362 4787 579 4841; x_wconf 81' lang='lat' dir='ltr'><strong>Flumen</strong></span> <span class='ocrx_word' id='word_1_380' title='bbox 610 4786 786 4840; x_wconf 88' lang='lat' dir='ltr'><strong>Turia.</strong></span> <span class='ocrx_word' id='word_1_381' title='bbox 818 4790 912 4857; x_wconf 78' lang='lat' dir='ltr'><strong>(In</strong></span> <span class='ocrx_word' id='word_1_382' title='bbox 940 4792 1080 4859; x_wconf 74' lang='lat' dir='ltr'><strong>Bello</strong></span> <span class='ocrx_word' id='word_1_383' title='bbox 1108 4789 1371 4859; x_wconf 74' lang='lat' dir='ltr'><strong>Jugurtlt).</strong></span> <span class='ocrx_word' id='word_1_384' title='bbox 1405 4789 1445 4840; x_wconf 88' lang='lat' dir='ltr'><strong>A</strong></span> <span class='ocrx_word' id='word_1_385' title='bbox 1478 4786 1746 4859; x_wconf 81' lang='lat' dir='ltr'><strong>communi</strong></span> <span class='ocrx_word' id='word_1_386' title='bbox 1768 4824 1781 4848; x_wconf 92' lang='lat'><strong>,</strong></span> <span class='ocrx_word' id='word_1_387' title='bbox 1828 4784 1925 4859; x_wconf 49' lang='lat' dir='ltr'><strong>ad;</strong></span> 
     </span>
    </p>
   </div>
   <div class='ocr_carea' id='block_1_46' title="bbox 360 4855 1927 4925">
    <p class='ocr_par' dir='ltr' id='par_1_46' title="bbox 360 4855 1927 4925">
     <span class='ocr_line' id='line_1_46' title="bbox 360 4855 1927 4925; baseline -0.001 -15"><span class='ocrx_word' id='word_1_388' title='bbox 360 4873 492 4912; x_wconf 90' lang='lat' dir='ltr'><strong>vena</strong></span> <span class='ocrx_word' id='word_1_389' title='bbox 518 4899 531 4919; x_wconf 93' lang='lat'><strong>,</strong></span> <span class='ocrx_word' id='word_1_390' title='bbox 577 4855 846 4923; x_wconf 79' lang='lat' dir='ltr'><strong>convena,</strong></span> <span class='ocrx_word' id='word_1_391' title='bbox 878 4856 1120 4925; x_wconf 86' lang='lat' dir='ltr'><strong>indigena</strong></span> <span class='ocrx_word' id='word_1_392' title='bbox 1142 4895 1156 4919; x_wconf 96' lang='lat'><strong>,</strong></span> <span class='ocrx_word' id='word_1_393' title='bbox 1183 4855 1535 4925; x_wconf 62' lang='lat' dir='ltr'><strong>&#39;Trojugena;</strong></span> <span class='ocrx_word' id='word_1_394' title='bbox 1578 4862 1632 4909; x_wconf 91' lang='lat' dir='ltr'><strong>et</strong></span> <span class='ocrx_word' id='word_1_395' title='bbox 1662 4855 1801 4925; x_wconf 87' lang='lat' dir='ltr'><strong>talia.</strong></span> <span class='ocrx_word' id='word_1_396' title='bbox 1844 4855 1927 4909; x_wconf 91' lang='lat' dir='ltr'><strong>Ab</strong></span> 
     </span>
    </p>
   </div>
   <div class='ocr_carea' id='block_1_47' title="bbox 359 4924 1925 4997">
    <p class='ocr_par' dir='ltr' id='par_1_47' title="bbox 359 4924 1925 4997">
     <span class='ocr_line' id='line_1_47' title="bbox 359 4924 1925 4997; baseline -0.002 -16"><span class='ocrx_word' id='word_1_397' title='bbox 359 4929 604 4995; x_wconf 67' lang='lat' dir='ltr'><strong>epicmno</strong></span> <span class='ocrx_word' id='word_1_398' title='bbox 628 4970 643 4990; x_wconf 86' lang='lat'><strong>,</strong></span> <span class='ocrx_word' id='word_1_399' title='bbox 687 4928 888 4996; x_wconf 79' lang='lat' dir='ltr'><strong>vipera,</strong></span> <span class='ocrx_word' id='word_1_400' title='bbox 919 4924 1090 4997; x_wconf 84' lang='lat' dir='ltr'><strong>aquila</strong></span> <span class='ocrx_word' id='word_1_401' title='bbox 1112 4965 1125 4987; x_wconf 92' lang='lat'><strong>,</strong></span> <span class='ocrx_word' id='word_1_402' title='bbox 1159 4924 1359 4983; x_wconf 86' lang='lat' dir='ltr'><strong>musca,</strong></span> <span class='ocrx_word' id='word_1_403' title='bbox 1388 4924 1613 4997; x_wconf 70' lang='lat' dir='ltr'><strong>locusta,</strong></span> <span class='ocrx_word' id='word_1_404' title='bbox 1637 4924 1783 4997; x_wconf 89' lang='lat' dir='ltr'><strong>_ulul_a</strong></span> <span class='ocrx_word' id='word_1_405' title='bbox 1809 4940 1822 4988; x_wconf 90' lang='lat'><strong>;</strong></span> <span class='ocrx_word' id='word_1_406' title='bbox 1870 4934 1925 4978; x_wconf 91' lang='lat' dir='ltr'><strong>et</strong></span> 
     </span>
    </p>
   </div>
   <div class='ocr_carea' id='block_1_48' title="bbox 358 4990 1922 5056">
    <p class='ocr_par' dir='ltr' id='par_1_48' title="bbox 358 4990 1922 5056">
     <span class='ocr_line' id='line_1_48' title="bbox 358 4990 1922 5056; baseline -0.001 -8"><span class='ocrx_word' id='word_1_407' title='bbox 358 4990 500 5050; x_wconf 76' lang='lat' dir='ltr'><strong>talia.</strong></span> <span class='ocrx_word' id='word_1_408' title='bbox 555 4990 790 5051; x_wconf 78' lang='lat' dir='ltr'><strong>Diximus</strong></span> <span class='ocrx_word' id='word_1_409' title='bbox 819 4990 886 5052; x_wconf 85' lang='lat' dir='ltr'><strong>de</strong></span> <span class='ocrx_word' id='word_1_410' title='bbox 919 5012 947 5048; x_wconf 91' lang='lat' dir='ltr'><strong>a</strong></span> <span class='ocrx_word' id='word_1_411' title='bbox 967 4990 1167 5049; x_wconf 62' lang='lat' dir='ltr'><strong>&#39;littera</strong></span> <span class='ocrx_word' id='word_1_412' title='bbox 1193 5034 1206 5056; x_wconf 90' lang='lat'><strong>,</strong></span> <span class='ocrx_word' id='word_1_413' title='bbox 1240 5006 1377 5045; x_wconf 89' lang='lat' dir='ltr'><strong>nunc</strong></span> <span class='ocrx_word' id='word_1_414' title='bbox 1413 4991 1479 5045; x_wconf 93' lang='lat' dir='ltr'><strong>de</strong></span> <span class='ocrx_word' id='word_1_415' title='bbox 1506 5006 1557 5045; x_wconf 92' lang='lat' dir='ltr'><strong>e.</strong></span> <span class='ocrx_word' id='word_1_416' title='bbox 1587 4990 1669 5043; x_wconf 90' lang='lat' dir='ltr'><strong>Ab</strong></span> <span class='ocrx_word' id='word_1_417' title='bbox 1694 5006 1722 5045; x_wconf 91' lang='lat' dir='ltr'><strong>e</strong></span> <span class='ocrx_word' id='word_1_418' title='bbox 1751 4994 1922 5047; x_wconf 89' lang='lat' dir='ltr'><strong>littera</strong></span> 
     </span>
    </p>
   </div>
   <div class='ocr_carea' id='block_1_49' title="bbox 357 5061 1919 5132">
    <p class='ocr_par' dir='ltr' id='par_1_49' title="bbox 357 5061 1919 5132">
     <span class='ocr_line' id='line_1_49' title="bbox 357 5061 1919 5132; baseline -0.002 -14"><span class='ocrx_word' id='word_1_419' title='bbox 357 5068 525 5120; x_wconf 91' lang='lat' dir='ltr'><strong>vocali</strong></span> <span class='ocrx_word' id='word_1_420' title='bbox 581 5068 783 5121; x_wconf 89' lang='lat' dir='ltr'><strong>nullum</strong></span> <span class='ocrx_word' id='word_1_421' title='bbox 838 5068 1094 5132; x_wconf 88' lang='lat' dir='ltr'><strong>latinum,</strong></span> <span class='ocrx_word' id='word_1_422' title='bbox 1146 5063 1244 5116; x_wconf 93' lang='lat' dir='ltr'><strong>nisi</strong></span> <span class='ocrx_word' id='word_1_423' title='bbox 1283 5069 1462 5132; x_wconf 83' lang='lat' dir='ltr'><strong>juncta</strong></span> <span class='ocrx_word' id='word_1_424' title='bbox 1509 5061 1919 5129; x_wconf 69' lang='lat' dir='ltr'><strong>prmpositione,</strong></span> 
     </span>
    </p>
   </div>
   <div class='ocr_carea' id='block_1_50' title="bbox 356 5131 1916 5201">
    <p class='ocr_par' dir='ltr' id='par_1_50' title="bbox 356 5131 1916 5201">
     <span class='ocr_line' id='line_1_50' title="bbox 356 5131 1916 5201; baseline -0.005 -9"><span class='ocrx_word' id='word_1_425' title='bbox 356 5137 705 5192; x_wconf 83' lang='lat' dir='ltr'><strong>masculinum</strong></span> <span class='ocrx_word' id='word_1_426' title='bbox 738 5138 1032 5201; x_wconf 89' lang='lat' dir='ltr'><strong>invenitur,</strong></span> <span class='ocrx_word' id='word_1_427' title='bbox 1082 5131 1138 5187; x_wconf 89' lang='lat' dir='ltr'><strong>ut</strong></span> <span class='ocrx_word' id='word_1_428' title='bbox 1187 5131 1501 5201; x_wconf 70' lang='lat' dir='ltr'><strong>proco-nsule</strong></span> <span class='ocrx_word' id='word_1_429' title='bbox 1524 5171 1538 5196; x_wconf 93' lang='lat'><strong>,</strong></span> <span class='ocrx_word' id='word_1_430' title='bbox 1575 5138 1916 5201; x_wconf 81' lang='lat' dir='ltr'><strong>propraetore.</strong></span> 
     </span>
    </p>
   </div>
   <div class='ocr_carea' id='block_1_51' title="bbox 359 5199 1920 5281">
    <p class='ocr_par' dir='ltr' id='par_1_51' title="bbox 359 5199 1920 5281">
     <span class='ocr_line' id='line_1_51' title="bbox 359 5199 1920 5281; baseline -0.002 -23"><span class='ocrx_word' id='word_1_431' title='bbox 359 5206 493 5273; x_wconf 76' lang='lat' dir='ltr'><strong>Ergo</strong></span> <span class='ocrx_word' id='word_1_432' title='bbox 517 5206 701 5275; x_wconf 91' lang='lat' dir='ltr'><strong>juncta</strong></span> <span class='ocrx_word' id='word_1_433' title='bbox 730 5199 1101 5281; x_wconf 69' lang='lat' dir='ltr'><strong>prmpositione</strong></span> <span class='ocrx_word' id='word_1_434' title='bbox 1151 5199 1280 5257; x_wconf 83' lang='lat' dir='ltr'><strong>ﬁunt</strong></span> <span class='ocrx_word' id='word_1_435' title='bbox 1311 5201 1465 5255; x_wconf 87' lang='lat' dir='ltr'><strong>latina</strong></span> <span class='ocrx_word' id='word_1_436' title='bbox 1491 5242 1506 5266; x_wconf 95' lang='lat'><strong>,</strong></span> <span class='ocrx_word' id='word_1_437' title='bbox 1540 5208 1598 5280; x_wconf 76' lang='lat' dir='ltr'><strong>ut</strong></span> <span class='ocrx_word' id='word_1_438' title='bbox 1623 5199 1729 5281; x_wconf 73' lang='lat' dir='ltr'><strong>dixi</strong></span> <span class='ocrx_word' id='word_1_439' title='bbox 1750 5242 1764 5263; x_wconf 87' lang='lat'><strong>,</strong></span> <span class='ocrx_word' id='word_1_440' title='bbox 1797 5216 1920 5269; x_wconf 81' lang='lat' dir='ltr'><strong>pro-</strong></span> 
     </span>
    </p>
   </div>
   <div class='ocr_carea' id='block_1_52' title="bbox 352 5275 1919 5345">
    <p class='ocr_par' dir='ltr' id='par_1_52' title="bbox 352 5275 1919 5345">
     <span class='ocr_line' id='line_1_52' title="bbox 352 5275 1919 5345; baseline -0.001 -17"><span class='ocrx_word' id='word_1_441' title='bbox 352 5286 581 5345; x_wconf 70' lang='lat' dir='ltr'><strong>praetore</strong></span> <span class='ocrx_word' id='word_1_442' title='bbox 605 5318 619 5341; x_wconf 93' lang='lat'><strong>,</strong></span> <span class='ocrx_word' id='word_1_443' title='bbox 650 5288 1026 5345; x_wconf 71' lang='lat' dir='ltr'><strong>proqumstore.</strong></span> <span class='ocrx_word' id='word_1_444' title='bbox 1061 5275 1189 5345; x_wconf 87' lang='lat' dir='ltr'><strong>Nam</strong></span> <span class='ocrx_word' id='word_1_445' title='bbox 1220 5282 1429 5345; x_wconf 81' lang='lat' dir='ltr'><strong>veteres</strong></span> <span class='ocrx_word' id='word_1_446' title='bbox 1445 5275 1775 5345; x_wconf 78' lang='lat' dir='ltr'><strong>nominativo</strong></span> <span class='ocrx_word' id='word_1_447' title='bbox 1794 5284 1919 5345; x_wconf 81' lang='lat' dir='ltr'><strong>casu</strong></span> 
     </span>
    </p>
   </div>
   <div class='ocr_carea' id='block_1_53' title="bbox 353 5341 1917 5414">
    <p class='ocr_par' dir='ltr' id='par_1_53' title="bbox 353 5341 1917 5414">
     <span class='ocr_line' id='line_1_53' title="bbox 353 5341 1917 5414; baseline -0.003 -14"><span class='ocrx_word' id='word_1_448' title='bbox 353 5341 633 5414; x_wconf 76' lang='lat' dir='ltr'><strong>proconsul</strong></span> <span class='ocrx_word' id='word_1_449' title='bbox 653 5341 938 5411; x_wconf 78' lang='lat' dir='ltr'><strong>dicebant,</strong></span> <span class='ocrx_word' id='word_1_450' title='bbox 985 5344 1318 5399; x_wconf 88' lang='lat' dir='ltr'><strong>attendentes</strong></span> <span class='ocrx_word' id='word_1_451' title='bbox 1348 5344 1546 5397; x_wconf 86' lang='lat' dir='ltr'><strong>nullum</strong></span> <span class='ocrx_word' id='word_1_452' title='bbox 1576 5356 1767 5414; x_wconf 80' lang='lat' dir='ltr'><strong>nomen</strong></span> <span class='ocrx_word' id='word_1_453' title='bbox 1798 5341 1917 5395; x_wconf 84' lang='lat' dir='ltr'><strong>lati-</strong></span> 
     </span>
    </p>
   </div>
   <div class='ocr_carea' id='block_1_54' title="bbox 355 5411 1916 5481">
    <p class='ocr_par' dir='ltr' id='par_1_54' title="bbox 355 5411 1916 5481">
     <span class='ocr_line' id='line_1_54' title="bbox 355 5411 1916 5481; baseline -0.001 -16"><span class='ocrx_word' id='word_1_454' title='bbox 355 5411 477 5470; x_wconf 81' lang='lat' dir='ltr'><strong>num</strong></span> <span class='ocrx_word' id='word_1_455' title='bbox 507 5418 653 5470; x_wconf 81' lang='lat' dir='ltr'><strong>exire</strong></span> <span class='ocrx_word' id='word_1_456' title='bbox 678 5417 727 5469; x_wconf 92' lang='lat' dir='ltr'><strong>in</strong></span> <span class='ocrx_word' id='word_1_457' title='bbox 758 5432 789 5471; x_wconf 91' lang='lat' dir='ltr'><strong>e</strong></span> <span class='ocrx_word' id='word_1_458' title='bbox 820 5417 1044 5471; x_wconf 89' lang='lat' dir='ltr'><strong>litteram</strong></span> <span class='ocrx_word' id='word_1_459' title='bbox 1071 5416 1393 5468; x_wconf 88' lang='lat' dir='ltr'><strong>nominativo</strong></span> <span class='ocrx_word' id='word_1_460' title='bbox 1416 5429 1540 5467; x_wconf 87' lang='lat' dir='ltr'><strong>casu</strong></span> <span class='ocrx_word' id='word_1_461' title='bbox 1560 5411 1769 5481; x_wconf 81' lang='lat' dir='ltr'><strong>generis</strong></span> <span class='ocrx_word' id='word_1_462' title='bbox 1805 5427 1916 5463; x_wconf 82' lang='lat' dir='ltr'><strong>ma-</strong></span> 
     </span>
    </p>
   </div>
   <div class='ocr_carea' id='block_1_55' title="bbox 352 5481 1912 5551">
    <p class='ocr_par' dir='ltr' id='par_1_55' title="bbox 352 5481 1912 5551">
     <span class='ocr_line' id='line_1_55' title="bbox 352 5481 1912 5551; baseline 0 -16"><span class='ocrx_word' id='word_1_463' title='bbox 352 5487 557 5539; x_wconf 86' lang='lat' dir='ltr'><strong>sculini.</strong></span> <span class='ocrx_word' id='word_1_464' title='bbox 582 5488 621 5539; x_wconf 85' lang='lat' dir='ltr'><strong>A</strong></span> <span class='ocrx_word' id='word_1_465' title='bbox 650 5488 901 5541; x_wconf 88' lang='lat' dir='ltr'><strong>feminino</strong></span> <span class='ocrx_word' id='word_1_466' title='bbox 920 5482 1483 5547; x_wconf 89' lang='lat' dir='ltr'><strong>nullumlatinum,sed</strong></span> <span class='ocrx_word' id='word_1_467' title='bbox 1510 5497 1674 5551; x_wconf 67' lang='lat' dir='ltr'><strong>graeca</strong></span> <span class='ocrx_word' id='word_1_468' title='bbox 1699 5481 1870 5535; x_wconf 92' lang='lat' dir='ltr'><strong>solum</strong></span> <span class='ocrx_word' id='word_1_469' title='bbox 1898 5498 1912 5535; x_wconf 88' lang='lat'><strong>:</strong></span> 
     </span>
    </p>
   </div>
   <div class='ocr_carea' id='block_1_56' title="bbox 353 5552 1911 5625">
    <p class='ocr_par' dir='ltr' id='par_1_56' title="bbox 353 5552 1911 5625">
     <span class='ocr_line' id='line_1_56' title="bbox 353 5552 1911 5625; baseline 0.001 -20"><span class='ocrx_word' id='word_1_470' title='bbox 353 5563 411 5605; x_wconf 91' lang='lat' dir='ltr'><strong>ut</strong></span> <span class='ocrx_word' id='word_1_471' title='bbox 440 5555 841 5619; x_wconf 83' lang='lat' dir='ltr'><strong>Andromache,</strong></span> <span class='ocrx_word' id='word_1_472' title='bbox 894 5557 1077 5610; x_wconf 85' lang='lat' dir='ltr'><strong>Niobe.</strong></span> <span class='ocrx_word' id='word_1_473' title='bbox 1122 5556 1319 5625; x_wconf 78' lang='lat' dir='ltr'><strong>Libye,</strong></span> <span class='ocrx_word' id='word_1_474' title='bbox 1362 5554 1589 5625; x_wconf 84' lang='lat' dir='ltr'><strong>Hecate,</strong></span> <span class='ocrx_word' id='word_1_475' title='bbox 1638 5552 1911 5625; x_wconf 65' lang='lat' dir='ltr'><strong>linterpe,</strong></span> 
     </span>
    </p>
   </div>
   <div class='ocr_carea' id='block_1_57' title="bbox 351 5622 1912 5690">
    <p class='ocr_par' dir='ltr' id='par_1_57' title="bbox 351 5622 1912 5690">
     <span class='ocr_line' id='line_1_57' title="bbox 351 5622 1912 5690; baseline 0.001 -17"><span class='ocrx_word' id='word_1_476' title='bbox 351 5636 574 5689; x_wconf 87' lang='lat' dir='ltr'><strong>quorum</strong></span> <span class='ocrx_word' id='word_1_477' title='bbox 608 5627 863 5690; x_wconf 85' lang='lat' dir='ltr'><strong>genitivus</strong></span> <span class='ocrx_word' id='word_1_478' title='bbox 894 5629 943 5679; x_wconf 91' lang='lat' dir='ltr'><strong>in</strong></span> <span class='ocrx_word' id='word_1_479' title='bbox 975 5640 1033 5680; x_wconf 88' lang='lat' dir='ltr'><strong>es</strong></span> <span class='ocrx_word' id='word_1_480' title='bbox 1074 5626 1182 5679; x_wconf 87' lang='lat' dir='ltr'><strong>exit</strong></span> <span class='ocrx_word' id='word_1_481' title='bbox 1212 5622 1235 5676; x_wconf 72' lang='grc' dir='ltr'><strong>τ’</strong></span> <span class='ocrx_word' id='word_1_482' title='bbox 1256 5632 1312 5677; x_wconf 81' lang='grc' dir='ltr'><strong>ιιι</strong></span> <span class='ocrx_word' id='word_1_483' title='bbox 1339 5622 1752 5685; x_wconf 85' lang='lat' dir='ltr'><strong>Andromaches,</strong></span> <span class='ocrx_word' id='word_1_484' title='bbox 1785 5622 1912 5675; x_wconf 87' lang='lat' dir='ltr'><strong>Nio-</strong></span> 
     </span>
    </p>
   </div>
   <div class='ocr_carea' id='block_1_58' title="bbox 350 5690 1910 5763">
    <p class='ocr_par' dir='ltr' id='par_1_58' title="bbox 350 5690 1910 5763">
     <span class='ocr_line' id='line_1_58' title="bbox 350 5690 1910 5763; baseline 0.001 -18"><span class='ocrx_word' id='word_1_485' title='bbox 350 5690 464 5756; x_wconf 85' lang='lat' dir='ltr'><strong>bes,</strong></span> <span class='ocrx_word' id='word_1_486' title='bbox 488 5691 696 5761; x_wconf 71' lang='lat' dir='ltr'><strong>l.ibyes,</strong></span> <span class='ocrx_word' id='word_1_487' title='bbox 726 5692 965 5755; x_wconf 81' lang='lat' dir='ltr'><strong>Hecates,</strong></span> <span class='ocrx_word' id='word_1_488' title='bbox 994 5696 1268 5763; x_wconf 77' lang='lat' dir='ltr'><strong>Euterpes.</strong></span> <span class='ocrx_word' id='word_1_489' title='bbox 1296 5693 1399 5750; x_wconf 88' lang='lat' dir='ltr'><strong>Sed</strong></span> <span class='ocrx_word' id='word_1_490' title='bbox 1432 5693 1543 5748; x_wconf 66' lang='lat' dir='ltr'><strong>haec</strong></span> <span class='ocrx_word' id='word_1_491' title='bbox 1571 5708 1689 5747; x_wconf 91' lang='lat' dir='ltr'><strong>cum</strong></span> <span class='ocrx_word' id='word_1_492' title='bbox 1714 5692 1910 5747; x_wconf 70' lang='lat' dir='ltr'><strong>Graecis</strong></span> 
     </span>
    </p>
   </div>
   <div class='ocr_carea' id='block_1_59' title="bbox 624 5783 1247 5844">
    <p class='ocr_par' dir='ltr' id='par_1_59' title="bbox 624 5783 1247 5844">
     <span class='ocr_line' id='line_1_59' title="bbox 624 5783 1247 5844; baseline -0.002 -1"><span class='ocrx_word' id='word_1_493' title='bbox 624 5783 845 5844; x_wconf 66' lang='lat' dir='ltr'><strong>Bauer.</strong></span> <span class='ocrx_word' id='word_1_494' title='bbox 884 5786 1159 5844; x_wconf 77' lang='lat' dir='ltr'><strong>Aususr.</strong></span> <span class='ocrx_word' id='word_1_495' title='bbox 1202 5784 1247 5842; x_wconf 80' lang='lat' dir='ltr'><strong>l.</strong></span> 
     </span>
    </p>
   </div>
   <div class='ocr_carea' id='block_1_60' title="bbox 2045 4086 3613 4161">
    <p class='ocr_par' dir='ltr' id='par_1_60' title="bbox 2045 4086 3613 4161">
     <span class='ocr_line' id='line_1_60' title="bbox 2045 4086 3613 4161; baseline 0.002 -19"><span class='ocrx_word' id='word_1_496' title='bbox 2045 4088 2246 4161; x_wconf 84' lang='lat' dir='ltr'><strong>sedile,</strong></span> <span class='ocrx_word' id='word_1_497' title='bbox 2301 4089 2503 4161; x_wconf 90' lang='lat' dir='ltr'><strong>cubile,</strong></span> <span class='ocrx_word' id='word_1_498' title='bbox 2546 4095 2599 4141; x_wconf 88' lang='lat' dir='ltr'><strong>et</strong></span> <span class='ocrx_word' id='word_1_499' title='bbox 2646 4095 2835 4161; x_wconf 71' lang='lat' dir='ltr'><strong>caetera</strong></span> <span class='ocrx_word' id='word_1_500' title='bbox 2861 4101 2991 4161; x_wconf 26' lang='lat' dir='ltr'><strong>quiem</strong></span> <span class='ocrx_word' id='word_1_501' title='bbox 3022 4086 3179 4153; x_wconf 90' lang='lat' dir='ltr'><strong>paulo</strong></span> <span class='ocrx_word' id='word_1_502' title='bbox 3209 4096 3328 4154; x_wconf 90' lang='lat' dir='ltr'><strong>post</strong></span> <span class='ocrx_word' id='word_1_503' title='bbox 3354 4086 3414 4161; x_wconf 82' lang='lat' dir='ltr'><strong>in</strong></span> <span class='ocrx_word' id='word_1_504' title='bbox 3438 4090 3613 4161; x_wconf 76' lang='lat' dir='ltr'><strong>regula</strong></span> 
     </span>
    </p>
   </div>
   <div class='ocr_carea' id='block_1_61' title="bbox 2043 4156 3613 4228">
    <p class='ocr_par' dir='ltr' id='par_1_61' title="bbox 2043 4156 3613 4228">
     <span class='ocr_line' id='line_1_61' title="bbox 2043 4156 3613 4228; baseline -0.001 -16"><span class='ocrx_word' id='word_1_505' title='bbox 2043 4160 2252 4228; x_wconf 83' lang='lat' dir='ltr'><strong>generis</strong></span> <span class='ocrx_word' id='word_1_506' title='bbox 2281 4160 2454 4214; x_wconf 88' lang='lat' dir='ltr'><strong>neutri</strong></span> <span class='ocrx_word' id='word_1_507' title='bbox 2486 4172 2579 4227; x_wconf 86' lang='lat' dir='ltr'><strong>per</strong></span> <span class='ocrx_word' id='word_1_508' title='bbox 2617 4157 2809 4228; x_wconf 84' lang='lat' dir='ltr'><strong>omnia</strong></span> <span class='ocrx_word' id='word_1_509' title='bbox 2842 4156 3052 4228; x_wconf 80' lang='lat' dir='ltr'><strong>nomina</strong></span> <span class='ocrx_word' id='word_1_510' title='bbox 3085 4171 3357 4228; x_wconf 85' lang='lat' dir='ltr'><strong>ponemus.</strong></span> <span class='ocrx_word' id='word_1_511' title='bbox 3390 4157 3431 4209; x_wconf 89' lang='lat' dir='ltr'><strong>A</strong></span> <span class='ocrx_word' id='word_1_512' title='bbox 3464 4156 3613 4212; x_wconf 72' lang='lat' dir='ltr'><strong>cern-</strong></span> 
     </span>
    </p>
   </div>
   <div class='ocr_carea' id='block_1_62' title="bbox 2039 4226 3610 4296">
    <p class='ocr_par' dir='ltr' id='par_1_62' title="bbox 2039 4226 3610 4296">
     <span class='ocr_line' id='line_1_62' title="bbox 2039 4226 3610 4296; baseline 0.002 -15"><span class='ocrx_word' id='word_1_513' title='bbox 2039 4226 2184 4282; x_wconf 82' lang='lat' dir='ltr'><strong>muni</strong></span> <span class='ocrx_word' id='word_1_514' title='bbox 2213 4229 2409 4285; x_wconf 90' lang='lat' dir='ltr'><strong>nullum</strong></span> <span class='ocrx_word' id='word_1_515' title='bbox 2429 4226 2616 4282; x_wconf 79' lang='lat' dir='ltr'><strong>nemen</strong></span> <span class='ocrx_word' id='word_1_516' title='bbox 2644 4236 2744 4287; x_wconf 86' lang='lat' dir='ltr'><strong>est,</strong></span> <span class='ocrx_word' id='word_1_517' title='bbox 2770 4226 3012 4280; x_wconf 87' lang='lat' dir='ltr'><strong>similiter</strong></span> <span class='ocrx_word' id='word_1_518' title='bbox 3036 4227 3234 4280; x_wconf 88' lang='lat' dir='ltr'><strong>nullum</strong></span> <span class='ocrx_word' id='word_1_519' title='bbox 3262 4226 3327 4281; x_wconf 87' lang='lat' dir='ltr'><strong>ab</strong></span> <span class='ocrx_word' id='word_1_520' title='bbox 3347 4228 3610 4296; x_wconf 68' lang='lat' dir='ltr'><strong>epicmno.</strong></span> 
     </span>
    </p>
   </div>
   <div class='ocr_carea' id='block_1_63' title="bbox 2036 4297 3610 4367">
    <p class='ocr_par' dir='ltr' id='par_1_63' title="bbox 2036 4297 3610 4367">
     <span class='ocr_line' id='line_1_63' title="bbox 2036 4297 3610 4367; baseline 0.002 -16"><span class='ocrx_word' id='word_1_521' title='bbox 2036 4297 2187 4352; x_wconf 85' lang='lat' dir='ltr'><strong>Nunc</strong></span> <span class='ocrx_word' id='word_1_522' title='bbox 2213 4300 2279 4353; x_wconf 89' lang='lat' dir='ltr'><strong>de</strong></span> <span class='ocrx_word' id='word_1_523' title='bbox 2308 4301 2322 4353; x_wconf 91' lang='lat' dir='ltr'><strong>i</strong></span> <span class='ocrx_word' id='word_1_524' title='bbox 2347 4301 2517 4353; x_wconf 88' lang='lat' dir='ltr'><strong>littera</strong></span> <span class='ocrx_word' id='word_1_525' title='bbox 2548 4306 2836 4355; x_wconf 86' lang='lat' dir='ltr'><strong>tractemus</strong></span> <span class='ocrx_word' id='word_1_526' title='bbox 2860 4298 2909 4351; x_wconf 90' lang='lat' dir='ltr'><strong>in</strong></span> <span class='ocrx_word' id='word_1_527' title='bbox 2940 4297 3261 4351; x_wconf 91' lang='lat' dir='ltr'><strong>nominativo</strong></span> <span class='ocrx_word' id='word_1_528' title='bbox 3282 4300 3397 4367; x_wconf 80' lang='lat' dir='ltr'><strong>qua:</strong></span> <span class='ocrx_word' id='word_1_529' title='bbox 3418 4314 3610 4365; x_wconf 84' lang='lat' dir='ltr'><strong>genera</strong></span> 
     </span>
    </p>
   </div>
   <div class='ocr_carea' id='block_1_64' title="bbox 2037 4367 3610 4431">
    <p class='ocr_par' dir='ltr' id='par_1_64' title="bbox 2037 4367 3610 4431">
     <span class='ocr_line' id='line_1_64' title="bbox 2037 4367 3610 4431; baseline 0.001 -10"><span class='ocrx_word' id='word_1_530' title='bbox 2037 4369 2325 4423; x_wconf 89' lang='lat' dir='ltr'><strong>contineat.</strong></span> <span class='ocrx_word' id='word_1_531' title='bbox 2359 4370 2400 4422; x_wconf 84' lang='lat' dir='ltr'><strong>A</strong></span> <span class='ocrx_word' id='word_1_532' title='bbox 2430 4367 2723 4422; x_wconf 91' lang='lat' dir='ltr'><strong>masculino</strong></span> <span class='ocrx_word' id='word_1_533' title='bbox 2774 4368 2972 4420; x_wconf 91' lang='lat' dir='ltr'><strong>nullum</strong></span> <span class='ocrx_word' id='word_1_534' title='bbox 3016 4379 3209 4421; x_wconf 77' lang='lat' dir='ltr'><strong>nomen</strong></span> <span class='ocrx_word' id='word_1_535' title='bbox 3242 4368 3294 4420; x_wconf 90' lang='lat' dir='ltr'><strong>in</strong></span> <span class='ocrx_word' id='word_1_536' title='bbox 3324 4369 3367 4431; x_wconf 84' lang='lat' dir='ltr'><strong>i;</strong></span> <span class='ocrx_word' id='word_1_537' title='bbox 3404 4384 3435 4421; x_wconf 89' lang='lat' dir='ltr'><strong>a</strong></span> <span class='ocrx_word' id='word_1_538' title='bbox 3461 4369 3610 4424; x_wconf 90' lang='lat' dir='ltr'><strong>femi-</strong></span> 
     </span>
    </p>
   </div>
   <div class='ocr_carea' id='block_1_65' title="bbox 2035 4436 3605 4512">
    <p class='ocr_par' dir='ltr' id='par_1_65' title="bbox 2035 4436 3605 4512">
     <span class='ocr_line' id='line_1_65' title="bbox 2035 4436 3605 4512; baseline 0 -20"><span class='ocrx_word' id='word_1_539' title='bbox 2035 4439 2163 4492; x_wconf 88' lang='lat' dir='ltr'><strong>nino</strong></span> <span class='ocrx_word' id='word_1_540' title='bbox 2198 4439 2398 4512; x_wconf 85' lang='lat' dir='ltr'><strong>nullum</strong></span> <span class='ocrx_word' id='word_1_541' title='bbox 2424 4454 2501 4512; x_wconf 80' lang='lat' dir='ltr'><strong>;_a</strong></span> <span class='ocrx_word' id='word_1_542' title='bbox 2541 4447 2732 4512; x_wconf 77' lang='lat' dir='ltr'><strong>neutro</strong></span> <span class='ocrx_word' id='word_1_543' title='bbox 2772 4436 2998 4512; x_wconf 86' lang='lat' dir='ltr'><strong>gummi,</strong></span> <span class='ocrx_word' id='word_1_544' title='bbox 3031 4446 3085 4489; x_wconf 90' lang='lat' dir='ltr'><strong>et</strong></span> <span class='ocrx_word' id='word_1_545' title='bbox 3132 4448 3213 4491; x_wconf 83' lang='lat' dir='ltr'><strong>est</strong></span> <span class='ocrx_word' id='word_1_546' title='bbox 3237 4438 3605 4512; x_wconf 32' lang='grc' dir='ltr'><strong>⁸θςὲτττ-ἀριτογ-(ακ</strong></span> 
     </span>
    </p>
   </div>
   <div class='ocr_carea' id='block_1_66' title="bbox 2032 4506 3606 4581">
    <p class='ocr_par' dir='ltr' id='par_1_66' title="bbox 2032 4506 3606 4581">
     <span class='ocr_line' id='line_1_66' title="bbox 2032 4506 3606 4581; baseline 0.003 -19"><span class='ocrx_word' id='word_1_547' title='bbox 2032 4523 2063 4581; x_wconf 83' lang='lat' dir='ltr'><strong>a</strong></span> <span class='ocrx_word' id='word_1_548' title='bbox 2089 4510 2356 4581; x_wconf 85' lang='lat' dir='ltr'><strong>communi</strong></span> <span class='ocrx_word' id='word_1_549' title='bbox 2378 4508 2577 4581; x_wconf 76' lang='lat' dir='ltr'><strong>nullum</strong></span> <span class='ocrx_word' id='word_1_550' title='bbox 2598 4506 2718 4581; x_wconf 18' lang='lat' dir='ltr'><strong>;,‘ab_</strong></span> <span class='ocrx_word' id='word_1_551' title='bbox 2733 4508 3121 4581; x_wconf 31' lang='lat' dir='ltr'><strong>onini‘genere,</strong></span> <span class='ocrx_word' id='word_1_552' title='bbox 3148 4507 3383 4581; x_wconf 19' lang='lat' dir='ltr'><strong>ut‘frngi,</strong></span> <span class='ocrx_word' id='word_1_553' title='bbox 3417 4506 3563 4565; x_wconf 79' lang='lat' dir='ltr'><strong>nihili</strong></span> <span class='ocrx_word' id='word_1_554' title='bbox 3590 4506 3606 4567; x_wconf 69' lang='grc' dir='ltr'>ξ</span> 
     </span>
    </p>
   </div>
   <div class='ocr_carea' id='block_1_67' title="bbox 2030 4576 3605 4645">
    <p class='ocr_par' dir='ltr' id='par_1_67' title="bbox 2030 4576 3605 4645">
     <span class='ocr_line' id='line_1_67' title="bbox 2030 4576 3605 4645; baseline 0.002 -13"><span class='ocrx_word' id='word_1_555' title='bbox 2030 4578 2328 4633; x_wconf 87' lang='lat' dir='ltr'><strong>declinatur</strong></span> <span class='ocrx_word' id='word_1_556' title='bbox 2352 4576 2567 4644; x_wconf 64' lang='lat' dir='ltr'><strong>sic,&quot;hic</strong></span> <span class='ocrx_word' id='word_1_557' title='bbox 2591 4576 2670 4629; x_wconf 86' lang='lat' dir='ltr'><strong>vir</strong></span> <span class='ocrx_word' id='word_1_558' title='bbox 2694 4576 2849 4645; x_wconf 81' lang='lat' dir='ltr'><strong>frugi,</strong></span> <span class='ocrx_word' id='word_1_559' title='bbox 2869 4576 3063 4630; x_wconf 80' lang='lat' dir='ltr'><strong>femina</strong></span> <span class='ocrx_word' id='word_1_560' title='bbox 3089 4577 3252 4645; x_wconf 83' lang='lat' dir='ltr'><strong>frugi,</strong></span> <span class='ocrx_word' id='word_1_561' title='bbox 3284 4580 3605 4645; x_wconf 85' lang='lat' dir='ltr'><strong>mancipium</strong></span> 
     </span>
    </p>
   </div>
   <div class='ocr_carea' id='block_1_68' title="bbox 2031 4646 3601 4721">
    <p class='ocr_par' dir='ltr' id='par_1_68' title="bbox 2031 4646 3601 4721">
     <span class='ocr_line' id='line_1_68' title="bbox 2031 4646 3601 4721; baseline 0.002 -19"><span class='ocrx_word' id='word_1_562' title='bbox 2031 4648 2169 4721; x_wconf 75' lang='lat' dir='ltr'><strong>frugi</strong></span> <span class='ocrx_word' id='word_1_563' title='bbox 2204 4647 2733 4721; x_wconf 23' lang='lat' dir='ltr'><strong>:Agenitivo_simi|iter</strong></span> <span class='ocrx_word' id='word_1_564' title='bbox 2759 4646 2892 4721; x_wconf 77' lang='lat' dir='ltr'><strong>frugi</strong></span> <span class='ocrx_word' id='word_1_565' title='bbox 2923 4646 3296 4721; x_wconf 81' lang='lat' dir='ltr'><strong>faciet,_hu_jns</strong></span> <span class='ocrx_word' id='word_1_566' title='bbox 3312 4650 3418 4721; x_wconf 76' lang='lat' dir='ltr'><strong>_viri</strong></span> <span class='ocrx_word' id='word_1_567' title='bbox 3442 4651 3601 4721; x_wconf 83' lang='lat' dir='ltr'><strong>frugi,</strong></span> 
     </span>
    </p>
   </div>
   <div class='ocr_carea' id='block_1_69' title="bbox 2034 4717 3604 4789">
    <p class='ocr_par' dir='ltr' id='par_1_69' title="bbox 2034 4717 3604 4789">
     <span class='ocr_line' id='line_1_69' title="bbox 2034 4717 3604 4789; baseline 0.003 -17"><span class='ocrx_word' id='word_1_568' title='bbox 2034 4717 2190 4788; x_wconf 86' lang='lat' dir='ltr'><strong>hujus</strong></span> <span class='ocrx_word' id='word_1_569' title='bbox 2220 4718 2428 4773; x_wconf 70' lang='lat' dir='ltr'><strong>feminrc</strong></span> <span class='ocrx_word' id='word_1_570' title='bbox 2476 4717 2650 4789; x_wconf 83' lang='lat' dir='ltr'><strong>frugi,</strong></span> <span class='ocrx_word' id='word_1_571' title='bbox 2707 4717 3150 4789; x_wconf 13' lang='lat' dir='ltr'><strong>hujusimancipii</strong></span> <span class='ocrx_word' id='word_1_572' title='bbox 3194 4719 3362 4788; x_wconf 84' lang='lat' dir='ltr'><strong>frugi;</strong></span> <span class='ocrx_word' id='word_1_573' title='bbox 3408 4721 3485 4773; x_wconf 89' lang='lat' dir='ltr'><strong>sic</strong></span> <span class='ocrx_word' id='word_1_574' title='bbox 3512 4717 3604 4789; x_wconf 74' lang='lat' dir='ltr'><strong>per</strong></span> 
     </span>
    </p>
   </div>
   <div class='ocr_carea' id='block_1_70' title="bbox 2031 4786 3603 4857">
    <p class='ocr_par' dir='ltr' id='par_1_70' title="bbox 2031 4786 3603 4857">
     <span class='ocr_line' id='line_1_70' title="bbox 2031 4786 3603 4857; baseline 0.001 -14"><span class='ocrx_word' id='word_1_575' title='bbox 2031 4786 2217 4844; x_wconf 81' lang='lat' dir='ltr'><strong>omnes</strong></span> <span class='ocrx_word' id='word_1_576' title='bbox 2244 4803 2397 4844; x_wconf 85' lang='lat' dir='ltr'><strong>casus</strong></span> <span class='ocrx_word' id='word_1_577' title='bbox 2436 4786 2577 4857; x_wconf 81' lang='lat' dir='ltr'><strong>frugi</strong></span> <span class='ocrx_word' id='word_1_578' title='bbox 2603 4788 2844 4842; x_wconf 88' lang='lat' dir='ltr'><strong>dicimus.</strong></span> <span class='ocrx_word' id='word_1_579' title='bbox 2877 4788 2962 4841; x_wconf 89' lang='lat' dir='ltr'><strong>Sic</strong></span> <span class='ocrx_word' id='word_1_580' title='bbox 2988 4786 3485 4855; x_wconf 26' lang='lat' dir='ltr'><strong>declinatur‘nihili,</strong></span> <span class='ocrx_word' id='word_1_581' title='bbox 3513 4786 3603 4847; x_wconf 82' lang='lat' dir='ltr'><strong>hic</strong></span> 
     </span>
    </p>
   </div>
   <div class='ocr_carea' id='block_1_71' title="bbox 2028 4858 3595 4940">
    <p class='ocr_par' dir='ltr' id='par_1_71' title="bbox 2028 4858 3595 4940">
     <span class='ocr_line' id='line_1_71' title="bbox 2028 4858 3595 4940; baseline 0.002 -28"><span class='ocrx_word' id='word_1_582' title='bbox 2028 4860 2177 4940; x_wconf 64' lang='lat' dir='ltr'><strong>nihili</strong></span> <span class='ocrx_word' id='word_1_583' title='bbox 2215 4861 2295 4913; x_wconf 92' lang='lat' dir='ltr'><strong>vir</strong></span> <span class='ocrx_word' id='word_1_584' title='bbox 2318 4901 2332 4925; x_wconf 94' lang='lat'><strong>,</strong></span> <span class='ocrx_word' id='word_1_585' title='bbox 2374 4860 2486 4940; x_wconf 58' lang='lat' dir='ltr'><strong>hinc</strong></span> <span class='ocrx_word' id='word_1_586' title='bbox 2514 4858 2659 4940; x_wconf 75' lang='lat' dir='ltr'><strong>nihili</strong></span> <span class='ocrx_word' id='word_1_587' title='bbox 2693 4860 2898 4940; x_wconf 81' lang='lat' dir='ltr'><strong>mulier,</strong></span> <span class='ocrx_word' id='word_1_588' title='bbox 2951 4860 3051 4940; x_wconf 78' lang='lat' dir='ltr'><strong>hoc</strong></span> <span class='ocrx_word' id='word_1_589' title='bbox 3076 4858 3223 4940; x_wconf 61' lang='lat' dir='ltr'><strong>nihili</strong></span> <span class='ocrx_word' id='word_1_590' title='bbox 3255 4860 3595 4940; x_wconf 83' lang='lat' dir='ltr'><strong>mancipium.</strong></span> 
     </span>
    </p>
   </div>
   <div class='ocr_carea' id='block_1_72' title="bbox 2025 4927 3600 5001">
    <p class='ocr_par' dir='ltr' id='par_1_72' title="bbox 2025 4927 3600 5001">
     <span class='ocr_line' id='line_1_72' title="bbox 2025 4927 3600 5001; baseline 0 -17"><span class='ocrx_word' id='word_1_591' title='bbox 2025 4930 2137 4984; x_wconf 90' lang='lat' dir='ltr'><strong>Hoc</strong></span> <span class='ocrx_word' id='word_1_592' title='bbox 2162 4945 2293 4985; x_wconf 87' lang='lat' dir='ltr'><strong>sono</strong></span> <span class='ocrx_word' id='word_1_593' title='bbox 2315 4930 2619 5001; x_wconf 84' lang='lat' dir='ltr'><strong>nominativi</strong></span> <span class='ocrx_word' id='word_1_594' title='bbox 2634 4944 2821 5001; x_wconf 91' lang='lat' dir='ltr'><strong>omnes</strong></span> <span class='ocrx_word' id='word_1_595' title='bbox 2838 4934 2991 5001; x_wconf 66' lang='lat' dir='ltr'><strong>Casus</strong></span> <span class='ocrx_word' id='word_1_596' title='bbox 3006 4927 3335 5001; x_wconf 81' lang='lat' dir='ltr'><strong>declinantur</strong></span> <span class='ocrx_word' id='word_1_597' title='bbox 3354 4946 3382 5001; x_wconf 76' lang='lat'><strong>_:_</strong></span> <span class='ocrx_word' id='word_1_598' title='bbox 3400 4927 3477 5001; x_wconf 85' lang='lat' dir='ltr'><strong>sic</strong></span> <span class='ocrx_word' id='word_1_599' title='bbox 3494 4932 3600 5001; x_wconf 86' lang='lat' dir='ltr'><strong>plu-</strong></span> 
     </span>
    </p>
   </div>
   <div class='ocr_carea' id='block_1_73' title="bbox 1976 4999 3595 5067">
    <p class='ocr_par' dir='ltr' id='par_1_73' title="bbox 1976 4999 3595 5067">
     <span class='ocr_line' id='line_1_73' title="bbox 1976 4999 3595 5067; baseline 0.002 -14"><span class='ocrx_word' id='word_1_600' title='bbox 1976 5012 1977 5015; x_wconf 81' lang='lat'>‘</span> <span class='ocrx_word' id='word_1_601' title='bbox 2025 5002 2234 5065; x_wconf 87' lang='lat' dir='ltr'><strong>raliter;</strong></span> <span class='ocrx_word' id='word_1_602' title='bbox 2258 5000 2547 5065; x_wconf 88' lang='lat' dir='ltr'><strong>virinihili,</strong></span> <span class='ocrx_word' id='word_1_603' title='bbox 2578 5000 2785 5054; x_wconf 71' lang='lat' dir='ltr'><strong>femina:</strong></span> <span class='ocrx_word' id='word_1_604' title='bbox 2814 4999 2982 5061; x_wconf 90' lang='lat' dir='ltr'><strong>nihili,</strong></span> <span class='ocrx_word' id='word_1_605' title='bbox 3026 4999 3283 5067; x_wconf 89' lang='lat' dir='ltr'><strong>mancipia</strong></span> <span class='ocrx_word' id='word_1_606' title='bbox 3315 4999 3595 5056; x_wconf 53' lang='lat' dir='ltr'><strong>nihilifAb</strong></span> 
     </span>
    </p>
   </div>
   <div class='ocr_carea' id='block_1_74' title="bbox 2023 5066 3595 5139">
    <p class='ocr_par' dir='ltr' id='par_1_74' title="bbox 2023 5066 3595 5139">
     <span class='ocr_line' id='line_1_74' title="bbox 2023 5066 3595 5139; baseline 0.002 -16"><span class='ocrx_word' id='word_1_607' title='bbox 2023 5072 2263 5139; x_wconf 67' lang='lat' dir='ltr'><strong>epicoeno</strong></span> <span class='ocrx_word' id='word_1_608' title='bbox 2292 5070 2493 5124; x_wconf 90' lang='lat' dir='ltr'><strong>nullum</strong></span> <span class='ocrx_word' id='word_1_609' title='bbox 2520 5070 2761 5123; x_wconf 89' lang='lat' dir='ltr'><strong>similiter</strong></span> <span class='ocrx_word' id='word_1_610' title='bbox 2788 5068 2895 5123; x_wconf 70' lang='lat' dir='ltr'><strong>exit</strong></span> <span class='ocrx_word' id='word_1_611' title='bbox 2916 5066 2970 5131; x_wconf 87' lang='lat' dir='ltr'><strong>in</strong></span> <span class='ocrx_word' id='word_1_612' title='bbox 3003 5067 3038 5121; x_wconf 93' lang='lat' dir='ltr'><strong>i.</strong></span> <span class='ocrx_word' id='word_1_613' title='bbox 3067 5067 3149 5121; x_wconf 89' lang='lat' dir='ltr'><strong>Ab</strong></span> <span class='ocrx_word' id='word_1_614' title='bbox 3171 5066 3213 5121; x_wconf 14' lang='lat' dir='ltr'><strong>of</strong></span> <span class='ocrx_word' id='word_1_615' title='bbox 3231 5070 3401 5123; x_wconf 89' lang='lat' dir='ltr'><strong>littera</strong></span> <span class='ocrx_word' id='word_1_616' title='bbox 3422 5072 3595 5139; x_wconf 77' lang='lat' dir='ltr'><strong>vocali</strong></span> 
     </span>
    </p>
   </div>
   <div class='ocr_carea' id='block_1_75' title="bbox 2021 5136 3590 5211">
    <p class='ocr_par' dir='ltr' id='par_1_75' title="bbox 2021 5136 3590 5211">
     <span class='ocr_line' id='line_1_75' title="bbox 2021 5136 3590 5211; baseline 0.001 -17"><span class='ocrx_word' id='word_1_617' title='bbox 2021 5136 2376 5211; x_wconf 77' lang='lat' dir='ltr'><strong>nominativus</strong></span> <span class='ocrx_word' id='word_1_618' title='bbox 2402 5140 2709 5194; x_wconf 82' lang='lat' dir='ltr'><strong>terminatus</strong></span> <span class='ocrx_word' id='word_1_619' title='bbox 2730 5138 3019 5211; x_wconf 65' lang='lat' dir='ltr'><strong>masculino</strong></span> <span class='ocrx_word' id='word_1_620' title='bbox 3034 5139 3364 5211; x_wconf 76' lang='lat' dir='ltr'><strong>appellativo,</strong></span> <span class='ocrx_word' id='word_1_621' title='bbox 3380 5136 3435 5194; x_wconf 80' lang='lat' dir='ltr'><strong>ul</strong></span> <span class='ocrx_word' id='word_1_622' title='bbox 3463 5139 3590 5211; x_wconf 85' lang='lat' dir='ltr'><strong>ligo,</strong></span> 
     </span>
    </p>
   </div>
   <div class='ocr_carea' id='block_1_76' title="bbox 2027 5206 3591 5280">
    <p class='ocr_par' dir='ltr' id='par_1_76' title="bbox 2027 5206 3591 5280">
     <span class='ocr_line' id='line_1_76' title="bbox 2027 5206 3591 5280; baseline 0.003 -19"><span class='ocrx_word' id='word_1_623' title='bbox 2027 5209 2258 5280; x_wconf 85' lang='lat' dir='ltr'><strong>ligonis.</strong></span> <span class='ocrx_word' id='word_1_624' title='bbox 2280 5212 2323 5263; x_wconf 86' lang='lat' dir='ltr'><strong>A</strong></span> <span class='ocrx_word' id='word_1_625' title='bbox 2356 5211 2566 5278; x_wconf 89' lang='lat' dir='ltr'><strong>proprio</strong></span> <span class='ocrx_word' id='word_1_626' title='bbox 2604 5209 2837 5271; x_wconf 83' lang='lat' dir='ltr'><strong>nomine,</strong></span> <span class='ocrx_word' id='word_1_627' title='bbox 2874 5217 2930 5262; x_wconf 89' lang='lat' dir='ltr'><strong>ut</strong></span> <span class='ocrx_word' id='word_1_628' title='bbox 2966 5206 3124 5280; x_wconf 61' lang='lat' dir='ltr'><strong>Cato,</strong></span> <span class='ocrx_word' id='word_1_629' title='bbox 3150 5208 3337 5280; x_wconf 89' lang='lat' dir='ltr'><strong>Cicero</strong></span> <span class='ocrx_word' id='word_1_630' title='bbox 3359 5250 3375 5275; x_wconf 94' lang='lat'><strong>,</strong></span> <span class='ocrx_word' id='word_1_631' title='bbox 3406 5206 3591 5280; x_wconf 61' lang='lat' dir='ltr'><strong>Marb,</strong></span> 
     </span>
    </p>
   </div>
   <div class='ocr_carea' id='block_1_77' title="bbox 2024 5279 3593 5351">
    <p class='ocr_par' dir='ltr' id='par_1_77' title="bbox 2024 5279 3593 5351">
     <span class='ocr_line' id='line_1_77' title="bbox 2024 5279 3593 5351; baseline 0.001 -18"><span class='ocrx_word' id='word_1_632' title='bbox 2024 5279 2189 5345; x_wconf 86' lang='lat' dir='ltr'><strong>Nero,</strong></span> <span class='ocrx_word' id='word_1_633' title='bbox 2221 5279 2431 5351; x_wconf 86' lang='lat' dir='ltr'><strong>Tubero</strong></span> <span class='ocrx_word' id='word_1_634' title='bbox 2454 5320 2468 5343; x_wconf 92' lang='lat'><strong>,</strong></span> <span class='ocrx_word' id='word_1_635' title='bbox 2510 5288 2563 5351; x_wconf 89' lang='lat' dir='ltr'><strong>et</strong></span> <span class='ocrx_word' id='word_1_636' title='bbox 2610 5287 2801 5351; x_wconf 66' lang='lat' dir='ltr'><strong>caetera</strong></span> <span class='ocrx_word' id='word_1_637' title='bbox 2842 5280 2982 5333; x_wconf 85' lang='lat' dir='ltr'><strong>talia.</strong></span> <span class='ocrx_word' id='word_1_638' title='bbox 3010 5280 3055 5333; x_wconf 85' lang='lat' dir='ltr'><strong>A</strong></span> <span class='ocrx_word' id='word_1_639' title='bbox 3080 5279 3334 5351; x_wconf 81' lang='lat' dir='ltr'><strong>fominino</strong></span> <span class='ocrx_word' id='word_1_640' title='bbox 3358 5279 3593 5351; x_wconf 52' lang='lat' dir='ltr'><strong>appella;</strong></span> 
     </span>
    </p>
   </div>
   <div class='ocr_carea' id='block_1_78' title="bbox 2023 5349 3585 5475">
    <p class='ocr_par' dir='ltr' id='par_1_78' title="bbox 2023 5349 3585 5475">
     <span class='ocr_line' id='line_1_78' title="bbox 2023 5349 3585 5475; baseline 0.003 -72"><span class='ocrx_word' id='word_1_641' title='bbox 2023 5350 2519 5475; x_wconf 42' lang='lat' dir='ltr'><strong>1tiri.)l:ut&#39;tt.tvgfrtigo,</strong></span> <span class='ocrx_word' id='word_1_642' title='bbox 2545 5349 2753 5419; x_wconf 81' lang='lat' dir='ltr'><strong>indago,</strong></span> <span class='ocrx_word' id='word_1_643' title='bbox 2778 5349 3002 5419; x_wconf 77' lang='lat' dir='ltr'><strong>ferrugo,</strong></span> <span class='ocrx_word' id='word_1_644' title='bbox 3046 5350 3198 5420; x_wconf 85' lang='lat' dir='ltr'><strong>siligo</strong></span> <span class='ocrx_word' id='word_1_645' title='bbox 3233 5350 3319 5424; x_wconf 92' lang='lat' dir='ltr'><strong>(in</strong></span> <span class='ocrx_word' id='word_1_646' title='bbox 3343 5349 3585 5407; x_wconf 74' lang='lat' dir='ltr'><strong>Juvenal!</strong></span> 
     </span>
     <span class='ocr_line' id='line_1_79' title="bbox 2044 5436 2372 5475; baseline -0.006 0"><span class='ocrx_word' id='word_1_647' title='bbox 2044 5436 2125 5475; x_wconf 69' lang='lat' dir='ltr'><strong>cui</strong></span> <span class='ocrx_word' id='word_1_648' title='bbox 2260 5436 2275 5474; x_wconf 87' lang='lat' dir='ltr'><strong>i</strong></span> <span class='ocrx_word' id='word_1_649' title='bbox 2358 5436 2372 5473; x_wconf 70' lang='grc' dir='ltr'><em>ε</em></span> 
     </span>
    </p>
   </div>
   <div class='ocr_carea' id='block_1_79' title="bbox 2044 5420 2372 5491">
    <p class='ocr_par' dir='ltr' id='par_1_79' title="bbox 2044 5420 2372 5491">
     <span class='ocr_line' id='line_1_80' title="bbox 2044 5420 2372 5491; baseline -0.006 -16"><span class='ocrx_word' id='word_1_650' title='bbox 2044 5421 2218 5491; x_wconf 84' lang='lat' dir='ltr'><strong>egitur</strong></span> <span class='ocrx_word' id='word_1_651' title='bbox 2260 5420 2329 5474; x_wconf 86' lang='lat' dir='ltr'><strong>ita</strong></span> <span class='ocrx_word' id='word_1_652' title='bbox 2358 5436 2372 5473; x_wconf 71' lang='grc' dir='ltr'><em>ε</em></span> 
     </span>
    </p>
   </div>
   <div class='ocr_carea' id='block_1_80' title="bbox 2074 5557 3588 5642">
    <p class='ocr_par' dir='ltr' id='par_1_80' title="bbox 2074 5557 3588 5642">
     <span class='ocr_line' id='line_1_81' title="bbox 2074 5557 3588 5642; baseline -0.005 -13"><span class='ocrx_word' id='word_1_653' title='bbox 2074 5577 2148 5641; x_wconf 81' lang='grc' dir='ltr'><strong>(α)</strong></span> <span class='ocrx_word' id='word_1_654' title='bbox 2170 5568 2507 5642; x_wconf 80' lang='lat' dir='ltr'><strong>mdeclinahile</strong></span> <span class='ocrx_word' id='word_1_655' title='bbox 2542 5575 2729 5642; x_wconf 83' lang='lat' dir='ltr'><strong>diceret</strong></span> <span class='ocrx_word' id='word_1_656' title='bbox 2772 5572 3081 5642; x_wconf 78' lang='lat' dir='ltr'><strong>Augustinus,</strong></span> <span class='ocrx_word' id='word_1_657' title='bbox 3125 5570 3206 5634; x_wconf 73' lang='lat' dir='ltr'><strong>Qui</strong></span> <span class='ocrx_word' id='word_1_658' title='bbox 3244 5573 3293 5642; x_wconf 80' lang='lat' dir='ltr'><strong>in</strong></span> <span class='ocrx_word' id='word_1_659' title='bbox 3314 5557 3462 5623; x_wconf 82' lang='lat' dir='ltr'><strong>latino</strong></span> 
     </span>
    </p>
   </div>
   <div class='ocr_carea' id='block_1_81' title="bbox 2014 5627 3580 5701">
    <p class='ocr_par' dir='ltr' id='par_1_81' title="bbox 2014 5627 3580 5701">
     <span class='ocr_line' id='line_1_82' title="bbox 2014 5627 3580 5701; baseline -0.006 -13"><span class='ocrx_word' id='word_1_660' title='bbox 2014 5627 2159 5701; x_wconf 61' lang='lat' dir='ltr'><strong>mone</strong></span> <span class='ocrx_word' id='word_1_661' title='bbox 2364 5636 2589 5701; x_wconf 69' lang='lat' dir='ltr'><strong>vocabula</strong></span> <span class='ocrx_word' id='word_1_662' title='bbox 2613 5627 2928 5701; x_wconf 54' lang='lat' dir='ltr'><strong>non_usur‘pat</strong></span> <span class='ocrx_word' id='word_1_663' title='bbox 2947 5635 3052 5684; x_wconf 89' lang='lat' dir='ltr'><strong>sine</strong></span> <span class='ocrx_word' id='word_1_664' title='bbox 3068 5627 3383 5689; x_wconf 77' lang='lat' dir='ltr'><strong>necessitate,</strong></span> <span class='ocrx_word' id='word_1_665' title='bbox 3412 5648 3472 5685; x_wconf 80' lang='lat' dir='ltr'><strong>ex</strong></span> <span class='ocrx_word' id='word_1_666' title='bbox 3501 5627 3580 5680; x_wconf 80' lang='lat' dir='ltr'><strong>lib:</strong></span> 
     </span>
    </p>
   </div>
   <div class='ocr_carea' id='block_1_82' title="bbox 2010 5696 2747 5760">
    <p class='ocr_par' dir='ltr' id='par_1_82' title="bbox 2010 5696 2747 5760">
     <span class='ocr_line' id='line_1_83' title="bbox 2010 5696 2747 5760; baseline -0.007 -12"><span class='ocrx_word' id='word_1_667' title='bbox 2010 5699 2035 5748; x_wconf 81' lang='grc'><strong>1</strong></span> <span class='ocrx_word' id='word_1_668' title='bbox 2060 5696 2339 5753; x_wconf 66' lang='lat' dir='ltr'><strong>deJﬁtSim.</strong></span> <span class='ocrx_word' id='word_1_669' title='bbox 2360 5710 2465 5760; x_wconf 86' lang='lat' dir='ltr'><strong>cap.</strong></span> <span class='ocrx_word' id='word_1_670' title='bbox 2491 5699 2567 5759; x_wconf 80' lang='lat'><strong>12,</strong></span> <span class='ocrx_word' id='word_1_671' title='bbox 2594 5711 2643 5746; x_wconf 94' lang='lat' dir='ltr'><strong>n.</strong></span> <span class='ocrx_word' id='word_1_672' title='bbox 2669 5696 2747 5745; x_wconf 74' lang='lat'><strong>23.</strong></span> 
     </span>
    </p>
   </div>
   <div class='ocr_carea' id='block_1_83' title="bbox 2637 5781 3306 5873">
    <p class='ocr_par' dir='ltr' id='par_1_83' title="bbox 2637 5781 3306 5873">
     <span class='ocr_line' id='line_1_84' title="bbox 2637 5781 3306 5873; baseline -0.003 -33"><span class='ocrx_word' id='word_1_673' title='bbox 2637 5781 3306 5873; x_wconf 49' lang='lat' dir='ltr'><strong>{Gaurana-qualn.)</strong></span> 
     </span>
    </p>
   </div>
  </div>
