4138 6364
576 280 597 332 1
610 277 710 331 595

573 392 718 460 quasi
751 398 964 460 possunt
995 405 1056 445 ex
1086 397 1244 460 parte
1263 387 1429 456 aliqua
1455 383 1673 439 definire
1702 398 2012 454 personam,
2039 400 2139 438 mt-

571 458 669 514 nus
697 458 852 515 uuam
882 461 1022 515 finita
1049 458 1280 513 vocanda
1303 467 1442 511 sunt.

571 478 669 514 nus
737 478 852 515 nam
882 478 1022 515 unita
1049 478 1280 513 vocanua
1303 478 1442 511 sunt.

571 478 798 588 CAP11T
842 531 908 586 Χ.
945 560 1016 571 --
1058 529 1136 583 De
1170 529 1498 581 declinatione
1541 526 1888 595 pronominum
1931 541 1980 592 ι,
2019 541 2052 579 ιι
2093 534 2140 579 et

1211 615 1261 651 ιιι
1291 614 1530 667 personat.

639 672 813 725 Prima
861 686 1082 741 persona
1123 669 1312 722 dicitur
1341 683 1445 741 ego
1482 684 1492 741 ς

569 758 717 797 mero
747 736 901 812 quam
935 743 982 794 in
1013 740 1193 808 plurali
1226 753 1354 812 cum
1397 737 1637 802 dicimus,
1679 736 1807 799 Nos,
1838 752 1940 791 non
1981 737 2140 791 habet

567 809 862 866 vocativ'mn
898 826 1076 864 casum
1109 829 1120 862 :
1150 809 1268 878 quia
1300 823 1452 860 nemo
1475 817 1624 861 vocat
1656 822 1734 870 se,
1757 823 1791 860 o
1814 823 1929 878 ego,
1955 824 1986 860 0
2016 823 2132 860 nos.

567 885 706 954 Ergo
748 884 824 936 sic
863 882 1154 936 declinatur
1191 878 1440 948 singulari
1485 892 1704 954 numero
1747 894 1854 954 :“N.
1899 893 2036 947 ego,
2081 893 2131 932 (ι.

565 948 691 1020 mei,
733 971 784 1010 ιι.
818 954 964 1020 mihi,
999 967 1052 1006 Α.
1083 966 1185 1012 me,
1219 967 1270 1004 Α.
1301 963 1330 1002 a
1361 964 1444 1002 me
1473 966 1485 1000 :
1515 956 1564 1002 et
1604 948 1890 1020 pluraliter,
1922 964 1972 1001 ιιι.
2015 964 2131 1013 nos,

566 1041 617 1080 ς.
649 1017 909 1088 nostrum,
947 1017 999 1078 ιι.
1045 1021 1218 1085 nobis,
1243 1037 1294 1074 Α.
1327 1035 1443 1084 nos,
1485 1036 1535 1073 Α.
1566 1033 1594 1071 a
1621 1018 1790 1072 nobis.
1824 1017 2132 1071 Vocativmn

564 1095 734 1160 enim,
783 1103 839 1148 ut
882 1093 1023 1158 dixi,
1061 1109 1164 1146 non
1214 1091 1400 1152 habet,
1445 1099 1548 1142 tam
1593 1090 1642 1141 in
1683 1089 1933 1160 singulari
1976 1104 2132 1158 quam

563 1166 616 1219 in
645 1159 855 1234 plurali.
895 1163 1230 1219 Nominativo
1255 1171 1328 1225 tu,
1355 1176 1404 1216 ο.
1441 1160 1534 1221 tui,
1583 1175 1633 1212 ιι.
1683 1159 1799 1223 tibi,
1839 1177 1892 1214 Α.
1924 1169 1992 1225 te,
2023 1176 2077 1234 ι’.
2100 1175 2133 1214 ο

563 1229 722 1299 ιιι,Ἀ.
745 1244 849 1290 ate
879 1252 893 1290 :
919 1243 973 1290 et
1005 1234 1368 1304 pluraliter,_u.
1394 1246 1502 1304 vos,
1529 1245 1578 1284 ο.
1609 1239 1840 1304 vestrum
1881 1247 1929 1283 ιι.
1960 1229 2126 1292 vobis,

561 1321 614 1360 Α.
640 1319 754 1368 vos,
780 1321 830 1358 v.
856 1320 888 1357 ο
912 1300 1028 1370 vos,
1071 1321 1122 1358 Α.
1166 1318 1194 1356 a
1225 1302 1391 1355 vobis.
1436 1300 1574 1353 Sane
1611 1301 1775 1368 prima
1818 1315 2039 1368 persona
2079 1309 2133 1354 ct

558 1375 811 1441 secunda,
845 1374 895 1429 id
923 1383 1022 1438 est,
1051 1388 1149 1443 ego
1169 1381 1221 1428 et
1245 1382 1318 1437 tu,
1343 1371 1553 1440 generis
1583 1371 1753 1443 omnis
1775 1381 1854 1424 est
1886 1386 1898 1422 :
1932 1374 2132 1443 ham_et

560 1445 642 1500 vir
668 1439 935 1515 dicitrego,
966 1454 1018 1498 ct
1046 1439 1243 1498 feiniua
1271 1439 1392 1515 ego,
1430 1449 1481 1493 ct
1526 1439 1841 1508 mancipium
1877 1455 1995 1515 ego.
2045 1441 2132 1515 Sic

555 1523 615 1569 tu
645 1533 658 1568 :
688 1525 742 1570 et
765 1511 880 1570 viro
903 1515 1125 1570 dicimus
1154 1524 1236 1576 ιιι,
1277 1521 1331 1566 et
1372 1512 1598 1573 feminm,
1637 1519 1690 1563 ct
1733 1512 1990 1582 mancipio
2017 1529 2028 1563 :
2054 1511 2130 1564 sic

557 1585 611 1640 in
657 1586 842 1655 plurali
885 1585 1094 1655 generis
1135 1584 1307 1655 omnis
1332 1592 1434 1647 est,
1466 1591 1519 1634 ut
1551 1596 1676 1655 nos,
1707 1596 1818 1634 νος.
1862 1584 1931 1634 lix
1980 1583 2128 1634 tertia

555 1651 784 1726 persona
817 1651 927 1710 haec
960 1664 1041 1726 est
1068 1653 1348 1726 declinatio
1379 1651 1667 1726 masculino
1692 1667 1883 1719 genere
1913 1668 2130 1726 nmuero

554 1722 836 1795 singulari:
861 1743 912 1780 ιη.
944 1725 1052 1789 ille,
1080 1740 1128 1780 ο.
1155 1724 1314 1795 illius.
1349 1739 1398 1776 ιι.
1429 1723 1520 1795 illi,
1540 1739 1591 1776 It.
1619 1722 1864 1795 illumiv.
1893 1723 2044 1795 oille.
2073 1741 2126 1776 .\.

554 1793 762 1851 abillo:
787 1805 839 1852 et
859 1796 1216 1866 pluraliter,n.
1244 1793 1410 1866 illi,_c.
1432 1793 1660 1866 illorum,
1685 1808 1744 1866 n_._
1765 1793 1884 1856 illis,
1903 1811 1963 1866 Α.
1990 1793 2125 1858 illos,

555 1883 607 1920 ν.
628 1885 659 1919 o
683 1867 776 1932 illi,
803 1862 950 1922 Afab
975 1867 1098 1920 illis.
1114 1865 1320 1920 Genere
1339 1862 1608 1926 feminino,
1629 1879 1678 1914 Ν.
1695 1863 1800 1927 illa,
1823 1879 1872 1917 (ι.
1900 1865 2052 1925 illius,
2073 1879 2124 1916 ιι.

554 1931 654 2003 illi,
685 1952 736 1992 Α.
762 1931 933 2002 illam,
960 1953 1010 1988 v.
1034 1949 1066 1990 0
1088 1936 1192 2001 illa,
1220 1952 1270 1990 Α.
1299 1933 1365 1986 ab
1385 1933 1469 1986 illa
1497 1950 1510 1987 :
1535 1943 1586 1987 et
1603 1933 1890 2001 pluraliter,
1912 1950 1961 1987 Ν.
1989 1934 2089 1987 illa:
2111 1973 2125 1992 .

555 2022 608 2063 ϐ.
633 2007 863 2071 illarum,
885 2023 936 2062 ιι.
963 2006 1087 2063 illis.
1111 2022 1163 2060 Α.
1193 2006 1438 2072 illas,v.o
1457 2003 1578 2069 ill-.c,
1603 2019 1655 2057 Α.
1683 2003 1748 2057 ab
1776 2004 1897 2058 illis.
1921 2003 2128 2058 Genere

553 2087 744 2133 neutro
782 2093 1004 2132 numero
1031 2076 1387 2147 singulari,_n.
1415 2073 1563 2147 illud,
1595 2089 1644 2128 ε.
1670 2073 1831 2147 illius,
1865 2075 2040 2147 milli,
2070 2091 2122 2128 Α.

553 2148 704 2214 illud,
734 2163 785 2202 v.
815 2163 849 2204 ο
877 2147 1023 2215 illud,
1064 2144 1136 2201 Δί
1161 2147 1227 2201 ab
1271 2144 1360 2200 illo
1387 2153 1485 2215 :Met
1516 2145 1809 2215 pluraliter,
1839 2161 1905 2215 ιι.
1931 2145 2040 2210 illa,
2071 2160 2120 2199 (ι.

553 2213 786 2286 illorum,
812 2235 862 2273 ιι.
892 2213 1015 2282 illis,
1041 2233 1092 2286 Α.
1117 2216 1224 2284 illa,
1246 2231 1298 2270 ν.
1328 2229 1360 2267 o
1383 2213 1492 2286 illa,
1515 2231 1566 2268 Α.
1591 2213 1659 2267 ab
1684 2214 1804 2268 illis.
1836 2214 1956 2278 Iste,
1981 2217 2126 2269 simi-

553 2287 674 2343 liler
708 2285 930 2358 etipse,
963 2287 1026 2341 ad
1058 2285 1985 2358 formamsuperioremAdecIinabis,
2020 2296 2124 2340 tam

549 2360 615 2412 ad
677 2354 834 2414 enera
863 2373 1018 2428 quam
1051 2359 1208 2412 etiam
1241 2356 1306 2411 ad
1339 2371 1606 2410 numeros.
1639 2354 1776 2409 Sane
1800 2358 2021 2426 qumstio
2044 2369 2126 2411 est

549 2429 603 2482 in
643 2373 746 2482 hoc
783 2429 1096 2482 nronomine
1132 2428 1265 2482 inse.
1297 2441 1461 2482 auare
1489 2441 1606 2480 cum
1639 2425 1774 2480 istud
1807 2435 1859 2480 et
1903 2426 2028 2480 illud
2073 2428 2125 2482 in

549 2429 603 2482 in
646 2425 746 2484 hoc
783 2425 1096 2499 pronomine
1132 2428 1265 2498 ipse,
1292 2441 1461 2499 quare
1489 2441 1606 2499 cum
1639 2425 1774 2480 istud
1807 2425 1859 2480 et
1886 2426 2028 2499 illud
2073 2428 2125 2482 in

585 2515 743 2556 enere
779 2497 966 2554 neutro
992 2497 1216 2553 dicimus
1235 2540 1249 2560 ,
1276 2497 1514 2552 dicamus
1546 2497 1736 2564 ipsum,
1768 2508 1820 2550 ιιι
1847 2497 1920 2551 ait
1949 2497 2124 2566 Virgi-

572 2572 671 2624 ius.
700 2570 872 2652 fitque.
893 2570 1269 2652 ipsumhcorpus
1284 2567 1435 2620 amici
1460 2566 1698 2652 (aﬂuenti.
1728 2568 1812 2652 Iib_.
1837 2569 1884 2630 I,
1911 2585 1956 2621 υ.
1977 2569 2122 2652 άεξυμ

549 2587 671 2624 nus.
700 2587 862 2652 Atque
893 2587 1056 2640 ipsum
1085 2587 1269 2693 corpus
1284 2587 1433 2620 amici
1461 2587 1698 2648 Vnuciu.
1728 2587 1812 2620 ua.
1837 2587 1884 2630 1,
1911 2587 1956 2621 υ.
1977 2587 2120 2637 4W):

546 2656 652 2694 non
687 2641 838 2705 dixﬂ,
859 2639 1154 2708 ipsud.Sed
1213 2654 1288 2693 :Itc
1305 2648 1530 2708 QUJESIIQ
1549 2639 1770 2691 solwtur
1793 2637 1892 2692 hoc
1923 2640 2078 2692 modo
2107 2658 2120 2693 :

546 2712 763 2780 Antiqui
806 2707 945 2766 enim
992 2710 1159 2780 magis
1210 2707 1354 2779 ipsus
1400 2707 1643 2780 dicebant
1696 2709 1767 2780 in
1801 2709 2125 2780 nominativo

547 2778 797 2851 singulari
823 2781 1031 2849 generis
1061 2778 1334 2851 masculini
1371 2793 1526 2851 quam
1570 2778 1698 2851 ipse.
1729 2778 1871 2832 Hanc
1893 2779 2122 2848 antiqui-

547 2849 672 2906 tatis
699 2852 954 2905 rationem
982 2849 1313 2904 attendentes
1333 2849 1460 2902 artis
1490 2849 1795 2919 scriptores,
1828 2864 2122 2919 pronomen

546 2922 650 2976 hoc
697 2921 761 2975 ad
793 2920 1016 2976 formam
1062 2919 1292 2974 nominis
1324 2918 1702 2972 transtulerunt
1733 2935 1746 2970 :
1774 2918 2124 2988 utquomoilo

544 2991 598 3045 in
626 2992 838 3046 nomine
861 2990 1053 3060 justus,
1077 2990 1240 3059 justa,
1258 2989 1456 3060 justum
1483 2988 1728 3052 dicimus,
1761 2999 1812 3060 et
1838 2991 2120 3058 perfectus,

546 3063 801 3132 perfecta,
843 3059 1168 3132 perfectum;
1203 3062 1278 3113 sic
1311 3069 1364 3114 et
1403 3059 1512 3132 hoc
1548 3059 2121 3132 pronuntiabituripro—r

545 3129 764 3196 nomen,
785 3129 950 3202 ipsus,
974 3132 1106 3200 ipsa,
1131 3130 1301 3200 ipsum
1331 3147 1344 3183 :
1373 3145 1475 3184 non
1500 3129 1672 3198 ipsud,
1696 3130 1960 3200 quomodo
1981 3131 2122 3188 istud

545 3211 597 3256 et
626 3203 773 3258 illud.
2041 3247 2044 3256 .

703 3270 928 3328 CAPUT
959 3270 1052 3327 XI.
1074 3301 1146 3313 —
1167 3270 1243 3326 De
1267 3270 1598 3325 declinatione
1623 3270 1952 3339 inﬁnitarum.

617 3343 950 3398 Nominativo
993 3342 1130 3411 quis,
1171 3358 1222 3398 (ι.
1266 3343 1436 3412 cujus,
1476 3343 1668 3412 n.7cui,
1700 3357 1752 3394 Α.
1784 3358 1964 3412 quem,
1997 3359 2049 3398 v.
2087 3359 2121 3400 ο

546 3416 658 3483 qui,
687 3430 739 3469 Α.
767 3430 796 3468 a
822 3428 928 3484 quo
955 3430 968 3465 :
991 3421 1046 3484 et
1068 3411 1356 3482 pluraliter.
1388 3429 1440 3467 ιη.
1461 3411 1572 3482 qui,
1591 3411 1907 3480 c.quorum,
1934 3418 2122 3484 inquis

544 3487 630 3540 vel
677 3482 981 3555 quibuS(ut
999 3482 1266 3552 Virgilius.
1302 3484 1428 3548 Quis
1464 3493 1577 3535 ante
1593 3499 1694 3555 _ora
1725 3492 1924 3555 patrum
1946 3485 1962 3554 (
1983 3482 2118 3539 Ibid.

545 3555 668 3624 99),
693 3552 754 3610 ῖι.
782 3552 1013 3625 quos,v.
1037 3569 1069 3608 ο
1090 3555 1199 3623 qui,
1218 3570 1275 3625 Α.
1305 3570 1332 3605 a
1354 3555 1562 3623 quibus.
1593 3552 1871 3608 chinino
1899 3552 2114 3623 genere,

546 3641 600 3679 tv.
622 3623 759 3696 qum,
791 3623 842 3682 ἁ.
872 3624 1041 3695 cujus,
1064 3640 1116 3678 ιι.
1146 3623 1253 3688 cui,
1277 3642 1327 3678 Α.
1347 3639 1525 3694 quam,
1547 3639 1596 3676 ν.
1621 3638 1652 3676 o
1669 3639 1804 3691 qum,
1836 3641 1887 3678 Α.
1917 3641 1946 3677 a
1973 3641 2074 3694 qua
2101 3643 2116 3680 ε

546 3705 596 3751 et
631 3695 920 3766 pluraliter,
950 3711 1002 3766 ιι.
1043 3709 1181 3766 quze,
1209 3709 1261 3750 α.
1289 3709 1535 3763 quarum,
1561 3710 1611 3748 ιι.
1638 3695 1774 3763 quis,
1800 3711 1850 3766 ᾼ.
1888 3711 2040 3765 quas,
2066 3713 2117 3750 v.

545 3780 580 3820 ο
600 3764 736 3836 qum.
767 3783 820 3821 Α.
847 3782 876 3820 a
897 3765 1107 3836 quibus.
1131 3765 1337 3836 Genere
1363 3773 1568 3829 neutro,
1601 3780 1652 3818 ιι.
1677 3764 1840 3832 quod,
1864 3764 1918 3820 ο.
1945 3767 2116 3836 cujus,

547 3853 599 3891 ιι.
619 3834 736 3898 cui,
762 3853 813 3892 Α.
842 3834 1012 3906 qubd,
1132 3850 1165 3888 ο
1198 3834 1358 3904 quod,
1383 3851 1434 3888 Α.
1459 3851 1488 3906 a
1510 3851 1613 3906 quo
1638 3852 1651 3888 :
1675 3844 1727 3887 et
1747 3834 2039 3906 pluraliter,
2064 3853 2115 3891 ιιι.

546 3922 686 3976 qua),
737 3923 788 3962 ο.
832 3904 1092 3977 quorum,
1134 3922 1186 3960 ιι.
1227 3907 1342 3974 quis
1368 3904 1486 3975 (sed
1508 3905 1617 3972 jam
1643 3905 1932 3977 secundum
1965 3923 2117 3962 usum

545 3978 735 4058 quibus
765 3976 1035 4058 dicimus),
1068 3994 1120 4031 Α.
1161 3992 1298 4045 qtne,
1329 3991 1378 4056 ιζ.
1405 3991 1597 4058 (mute,
1629 3991 1678 4058 it.
1708 3991 1736 4025 a
1765 3976 1974 4058 quibus.
2007 3980 2118 4058 ᾼιι-

545 4043 674 4116 tiqui
715 4049 833 4118 quis
865 4043 1061 4117 genere
1099 4043 1366 4118 communi
1403 4043 1673 4118 dixerunt,
1720 4043 1896 4118 N.’_bic
1927 4055 1980 4100 et
2007 4047 2120 4104 haec

545 4114 684 4188 quis,
707 4114 758 4174 ε.
784 4114 938 4187 hujus
963 4118 1101 4188 quis,
1117 4133 1166 4170 ιι.
1189 4115 1310 4188 huic
1329 4115 1438 4185 qui,
1461 4131 1512 4188 Α.
1543 4114 1680 4188 lmine
1709 4123 1762 4168 et
1788 4116 2116 4188 hancquem,

547 4184 598 4242 ὖ.
626 4206 656 4240 (ι
672 4184 816 4255 quis,
847 4184 899 4242 λ.
929 4184 996 4240 ab
1021 4187 1121 4241 huc
1141 4186 1274 4239 etab
1298 4184 1394 4238 hac
1418 4186 1525 4254 qui.
1553 4184 1675 4239 Inde
1693 4185 1832 4239 venit
1855 4184 2122 4244 ablativus

547 4259 730 4313 exiens
776 4259 827 4312 in
881 4257 997 4310 bus.
1040 4258 1083 4309 A
1125 4255 1242 4325 quis
1275 4264 1450 4308 autem
1489 4255 1752 4309 ablativus
1790 4257 2005 4325 pluralis
2052 4260 2119 4315 ab

546 4328 779 4382 ablativo
819 4327 964 4382 venit
1002 4325 1098 4398 qui
1152 4326 1263 4398 exit
1312 4325 1366 4379 in
1410 4340 1474 4398 of,
1527 4325 1794 4398 quomodo
1841 4328 1891 4380 in
1938 4331 2117 4398 regula

545 4398 805 4452 ablativus
851 4413 970 4453 cum
1019 4397 1206 4452 exierit
1240 4396 1292 4450 in
1319 4412 1394 4466 ro,
1433 4397 1662 4450 dativum
1700 4397 1954 4466 pluralem
1992 4396 2042 4452 in
2077 4401 2119 4453 is

547 4469 729 4536 mittit,
757 4478 815 4524 ut
839 4484 867 4522 a
887 4468 1222 4537 justDjustis,
1243 4481 1271 4520 a
1298 4465 1455 4520 docto
1477 4466 1666 4530 ductis,
1691 4465 1718 4519 a
1738 4467 1972 4536 perfecto
1998 4486 2119 4537 per-

546 4538 719 4600 fectis,
748 4555 775 4592 a
807 4536 1070 4594 fortunato
1108 4536 1408 4591 fortunatis.
1451 4537 1589 4607 Ergo
1619 4548 1674 4591 ut
1698 4539 1940 4607 superius
1965 4536 2071 4593 dixi
2103 4581 2116 4605 ,

546 4611 746 4680 antiqui
772 4609 856 4664 hic
881 4618 933 4680 et
950 4608 1062 4663 lucc
1081 4608 1197 4680 quis
1213 4607 1491 4680 dixerunt,
1505 4618 1560 4663 et
1583 4609 1927 4680 quomodoin
1949 4609 2120 4664 nomi-

549 4677 702 4734 nibus
727 4679 812 4735 hic
837 4689 888 4735 et
918 4678 1033 4733 lucc
1056 4677 1263 4743 similis,
1281 4677 1376 4748 hic
1403 4688 1454 4748 et
1479 4677 1790 4748 ba-c’agilis,
1817 4677 1902 4733 hic
1927 4688 1982 4734 et
2009 4680 2120 4734 lucc

547 4749 716 4806 facilis
745 4769 760 4806 :
791 4750 868 4805 sic
896 4750 950 4804 in
978 4747 1399 4818 pronominibus,
1429 4747 1514 4802 hic
1537 4757 1591 4803 ct
1612 4747 1732 4818 hinc
1761 4749 1896 4818 quis.
1925 4750 1991 4803 ab
2021 4750 2122 4804 hoc

547 4829 603 4902 et
630 4820 697 4876 ab
724 4820 819 4902 hac
847 4819 957 4902 qui.
980 4817 1114 4902 lude
1139 4817 1547 4902 Virgiliusme
1592 4817 1661 4902 de
1698 4817 1862 4902 socia.
1885 4819 2120 4902 Camilla:

547 4891 779 4957 diceret,
829 4887 902 4945 ait
943 4909 956 4945 :
1001 4890 1213 4954 Quicum
1241 4887 1419 4958 partiri
1455 4903 1604 4958 curas
1643 4887 1881 4958 (.Eneid.
1911 4891 1997 4943 lib.
2033 4891 2118 4956 II,

547 4977 594 5013 υ.
628 4959 763 5085 82ἳέ
791 4979 804 5016 :
834 4960 887 5016 id
927 4971 1026 5022 cst,
1071 4975 1190 5014 cum
1235 4957 1337 5028 qua
1385 4957 1566 5026 partiri
1611 4957 1783 5012 curas.
1832 4959 1958 5013 Item
2001 4972 2124 5014 sunt

549 5031 649 5085 alia
678 5031 728 5085 in
751 5032 874 5085 inita
905 5047 1022 5085 nua:
1049 5027 1442 5085 interroaativa.
1464 5037 1517 5082 et
1539 5026 1869 5082 declinantur
1902 5047 1914 5084 :
1943 5027 2122 5084 Nomi-

549 5031 649 5086 alia
678 5026 874 5086 infinita
905 5047 1022 5102 qua:
1049 5026 1442 5102 interrogativa,
1461 5037 1517 5102 et
1539 5026 1869 5082 declinantur
1902 5047 1914 5084 :
1943 5027 2122 5084 Nomi-

548 5102 750 5167 nativo,
797 5097 946 5164 uter',
989 5116 1041 5155 ς.
1072 5097 1267 5163 utrius,
1293 5114 1345 5153 ιι.
1375 5097 1498 5164 utri,
1527 5115 1579 5150 Α.
1609 5107 1808 5165 utrum,
1833 5115 1882 5152 v.
1911 5116 1943 5152 o
1971 5109 2120 5166 uter,

550 5188 604 5227 Α.
635 5173 702 5227 ab
724 5179 842 5226 utro
868 5189 880 5225 :
908 5180 961 5225 et
981 5170 1277 5240 pluraliter,
1304 5184 1356 5222 ιι.
1384 5167 1508 5240 utri,
1532 5183 1583 5223 ο.
1607 5177 1865 5240 utrorum,
1889 5186 1940 5223 ιι.
1969 5171 2121 5236 utris,

549 5259 604 5297 Α.
633 5250 799 5307 utros,
829 5258 878 5293 v.
909 5257 941 5294 ο
971 5238 1093 5305 utri,
1126 5256 1180 5294 Α.
1207 5240 1274 5293 ab
1305 5239 1455 5292 utris.
1481 5238 1604 5292 Inde
1627 5239 1801 5292 addita
1827 5241 1875 5292 in
1903 5255 2122 5309 compoo

551 5313 742 5369 sitione
764 5329 864 5382 que
889 5311 1109 5383 syllaba,
1130 5309 1250 5362 facit
1277 5321 1516 5377 uterqui',
1544 5319 1594 5383 et
1617 5310 1873 5383 signiﬁcat
1902 5311 2119 5383 ambos:

552 5391 608 5436 et
636 5380 811 5437 tamen
835 5380 1084 5451 singulari
1114 5395 1244 5433 sono
1271 5390 1372 5446 cst,
1420 5383 1510 5433 sed
1555 5380 1933 5450 significatione
1960 5381 2122 5436 duali.

552 5452 684 5506 Nam
715 5468 832 5507 cum
861 5453 992 5506 dixit
1023 5451 1298 5522 Virgilius,

703 5545 917 5596 Constitit
938 5545 988 5594 in
1007 5543 1186 5608 digitos
1206 5542 1454 5605 extemplo
1473 5549 1692 5592 arrectus
1709 5552 1948 5604 uterque;

1345 5605 1446 5668 (Id.
1470 5603 1554 5655 lib.
1578 5605 1628 5665 5,
1651 5617 1696 5654 υ.
1720 5605 1854 5666 4:20.)

1372 5607 1446 5654 Id.
1470 5607 1554 5655 lib.
1578 5607 1628 5665 5,
1651 5617 1696 5654 υ.
1720 5607 1830 5654 4:20.

557 5688 664 5745 duo
693 5689 966 5760 significati
992 5697 1139 5756 sunt,
1170 5704 1288 5744 cum
1316 5688 1507 5742 dixerit
1535 5699 1738 5757 uterque
1766 5704 1782 5742 :
1807 5704 1928 5741 eum
1953 5696 2125 5741 autem

1537 675 1641 720 tam
1676 665 1726 719 in
1759 666 2004 735 singulari
2038 682 2136 718 nu-

1817 270 1904 326 DE
1941 269 2382 328 GRAMMATICA
2423 271 2646 358 LIBER.

3695 276 3836 338 1596

2250 391 2490 459 (xi-rectus,
2523 384 2693 459 noluit
2716 383 3014 459 exspectari
3042 383 3418 459 pluralitatem,
3444 393 3504 441 ut
3536 386 3604 442 sit
3625 386 3679 442 in
3707 389 3830 459 plu-

2248 456 2340 528 rali
2367 456 2596 528 utrique.
2633 454 2742 510 Sed
2769 454 2872 509 hoc
2896 455 3148 528 interest,
3176 457 3297 526 quia
3326 467 3547 528 uterque
3572 454 3828 516 licet'duo

2245 527 2546 594 significet,
2605 535 2778 581 tamen
2829 526 2998 579 solum
3037 526 3141 579 duo
3186 545 3198 580 :
3252 526 3478 596 utrique
3495 539 3672 584 autem
3718 531 3826 586 duo

2245 596 2535 666 signiﬁcat,
2577 597 2669 652 sed
2708 597 2784 651 sic
2812 605 2867 649 ut
2905 598 2954 649 in
2993 597 3213 666 singulis
3249 599 3396 651 multi
3425 600 3530 653 sint
3558 617 3571 654 :
3603 600 3648 653 si
3676 601 3824 657 dicas

2243 667 2452 740 utrique
2481 666 2929 740 _exercitus,iduo_
2961 667 3214 740 significo,
3264 669 3356 723 sed
3395 669 3472 723 sic
3509 668 3560 723 in
3603 671 3822 740 singulis

2244 735 2450 808 turbam
2480 737 2698 808 intelligi
2727 739 2864 790 volo.
2890 737 3010 790 Harc
3037 738 3247 806 quidem
3276 740 3518 793 distincta
3549 735 3710 803 sunt:
3725 742 3820 796 sed

2243 804 2366 879 item
2387 804 2698 862 auctoritate
2723 808 2940 863 Confusa
2971 804 3111 862 sunt.
3140 809 3267 879 Nam
3300 825 3417 862 cum
3449 811 3522 864 ait
3550 810 3816 879 Virgilius,

2243 876 2644 960 Supernutraque
2665 888 2865 960 quassat
2897 888 3116 960 tempora
3147 878 3332 960 (Ibid.,
3365 897 3411 932 ιε.
3435 881 3564 949 855)
3588 922 3600 940 ,
3632 876 3818 935 confu-

2241 945 2359 1020 dit:
2389 945 2568 1020 dicere
2602 945 2742 1004 enim
2779 945 3003 1020 debuit,
3041 945 3200 1018 super
3246 959 3523 1019 utrmnque
3547 945 3813 1020 tempus:

2240 1015 2554 1086 loquebatur
2580 1021 2720 1073 enim
2759 1019 2826 1074 de
2867 1019 3069 1073 duobus
3100 1015 3422 1089 temporibus
3441 1015 3690 1086 lanium,
3727 1024 3816 1076 cui

2241 1097 2520 1158 utrumque
2560 1098 2765 1160 tempus
2795 1089 3086 1144 sufficiebat
3113 1091 3472 1152 accusativus;
3507 1101 3563 1144 ut
3589 1092 3810 1159 diceret,

2239 1166 2519 1230 utrumque
2543 1169 2758 1230 quassat
2779 1170 3002 1229 tempus.
3028 1161 3165 1229 Ergo
3191 1170 3246 1214 ut
3282 1161 3664 1216 declinavimus
3699 1179 3814 1216 ma-

2237 1228 2501 1283 sculinum
2516 1228 2826 1298 pronomen.
2846 1228 2923 1284 sic
2947 1228 3252 1284 femininum
3269 1231 3668 1295 declinahimus,
3693 1242 3813 1288 utra

2237 1299 2446 1364 mulier,
2466 1301 2630 1354 utrius
2652 1301 2908 1365 mulieris,
2939 1301 3040 1354 utri
3071 1302 3298 1364 mulieri,
3319 1311 3485 1355 utram
3509 1303 3808 1368 mulierem,

2237 1382 2269 1421 o
2294 1379 2410 1423 utra
2449 1371 2669 1438 mulier,
2698 1373 2764 1427 ab
2793 1371 2892 1425 hac
2920 1380 3034 1425 utra
3064 1371 3281 1426 muliere
3314 1389 3326 1424 :
3355 1381 3408 1426 et
3439 1373 3723 1440 pluraliter.
3754 1389 3806 1427 tv.

2235 1447 2367 1494 utra:
2396 1441 2663 1506 mulieres,
2695 1458 2746 1496 (ι.
2775 1452 3009 1495 utrarum
3038 1441 3334 1506 mulierum,
3364 1457 3414 1495 ιι.
3443 1443 3573 1496 utris
3617 1443 3807 1497 mulie-

2235 1509 2411 1574 ribus,
2447 1528 2498 1564 Α.
2533 1521 2676 1566 utras
2703 1513 2970 1577 mulieres,
3000 1528 3052 1566 ν.
3098 1528 3131 1563 o
3177 1521 3304 1565 utrm
3343 1513 3617 1577 mulieres,
3660 1531 3710 1565 Α.
3740 1513 3810 1568 ab

2236 1577 2318 1632 bis
2346 1582 2474 1635 utris
2503 1583 2827 1636 mulieribus.
2882 1583 2969 1636 Sic
3008 1592 3194 1635 neutro
3233 1593 3408 1635 tttrum
3449 1583 3806 1650 mancipium,

2235 1651 2405 1704 utrius
2431 1654 2696 1722 mancipii,
2727 1654 2825 1706 utri
2853 1653 3134 1721 mancipio,
3167 1661 3339 1705 utrum
3373 1654 3688 1722 mancipium
3714 1695 3727 1715 ,
3773 1670 3808 1708 ο

2235 1728 2406 1793 utrum
2454 1725 2792 1792 mancipium,
2822 1724 2889 1778 ab
2920 1724 3016 1777 hoc
3043 1733 3159 1777 utro
3198 1723 3456 1792 mancipio
3487 1741 3498 1775 :
3527 1732 3581 1777 et
3624 1723 3804 1793 plura-

2235 1789 2370 1857 liter,
2394 1807 2442 1864 ιη.
2469 1803 2582 1848 utra
2610 1789 2863 1863 mancipia
2883 1836 2897 1857 ,
2933 1803 3170 1847 utrorum
3214 1789 3590 1864 mancipiorum
3612 1789 3642 1859 ,’
3676 1795 3804 1848 utris

2233 1863 2528 1933 mancipiis,
2563 1874 2676 1918 utra
2727 1866 3013 1932 mancipia,
3064 1880 3095 1916 ο
3137 1874 3248 1916 utra
3296 1863 3552 1933 mancipia
3579 1907 3592 1927 ,
3625 1864 3690 1917 ab
3719 1864 3804 1919 his

2233 1931 2366 2003 utris
2413 1931 2710 2003 mancipiis.
2751 1935 2837 1990 Sic
2895 1931 3273 1988 tleclinabimtts
3319 1937 3435 2002 ejus
3473 1931 3804 1988 contrarium

2231 2002 2372 2070 quod
2395 2015 2476 2058 est
2507 2002 2710 2059 neuter.
2741 2006 3025 2059 Masculino
3053 2017 3265 2062 neuter.
3300 2006 3549 2060 feminino
3579 2014 3762 2059 neutra
3784 2047 3802 2069 ,

2231 2083 2420 2143 neutro
2455 2090 2651 2143 genere
2700 2076 2801 2130 hoc
2844 2088 3085 2130 neutrum
3127 2077 3463 2143 mancipium.
3496 2075 3646 2130 Unde
3676 2090 3804 2129 usus

2225 2142 2333 2214 jam
2366 2142 2586 2214 arripuit
2634 2155 2690 2200 ut
2730 2147 2964 2200 dicamus
3011 2148 3220 2214 generis
3261 2142 3452 2210 neutri,
3482 2162 3600 2199 cum
3627 2145 3803 2200 dicere

2229 2211 2518 2269 debeamus
2546 2217 2810 2282 neutrius,
2843 2211 3108 2286 quomodo
3139 2217 3324 2269 utrius.
3358 2217 3547 2270 Addita
3577 2216 3803 2286 conjung

2229 2287 2402 2358 ctione
2449 2303 2552 2356 que
2599 2285 3146 2358 syllaba,'deelinatur
3183 2302 3476 2358 pronomen
3520 2288 3692 2358 ipsum
3728 2285 3804 2358 ad

2230 2355 2476 2426 regulam
2503 2355 2876 2426 supradictam.
2913 2357 2965 2410 In
2997 2357 3318 2420 masculinis,
3356 2367 3612 2426 uterque:
3641 2357 3690 2409 in
3721 2355 3802 2410 fe-

2230 2425 2726 2498 mininis,utraque;
2755 2429 2806 2481 in
2838 2428 3035 2482 neutris
3056 2438 3352 2498 utrumque.
3377 2426 3464 2482 Sic
3495 2425 3798 2496 pluraliter:

2230 2493 2280 2546 in
2328 2493 2659 2569 masculinis,
2709 2499 2949 2569 utrique;
3005 2499 3054 2550 in
3107 2493 3372 2569 femininis
3427 2493 3700 2569 utr-.cque;
3749 2498 3802 2550 in

2230 2566 2450 2638 neutris,
2485 2579 2705 2638 utraque
2753 2566 3034 2636 mancipia.
3085 2568 3175 2622 Est
3215 2577 3266 2622 et
3297 2568 3438 2622 aliud
3468 2581 3756 2638 pronomen
3782 2607 3799 2630 ,

2231 2636 2387 2698 ullus,
2420 2639 2592 2705 ullius,
2621 2636 2740 2697 iulli.
2770 2641 2954 2704 ullum,
2985 2656 3017 2690 o
3052 2640 3205 2700 ullus,
3249 2641 3316 2692 ab
3346 2640 3452 2692 ullo
3484 2656 3496 2689 :
3531 2637 3794 2706 pluraliter

2229 2706 2342 2770 ulli,
2371 2708 2618 2774 ullorum,
2656 2711 2794 2774 ullis,
2820 2711 2974 2774 ullos,
3001 2725 3033 2762 o
3060 2709 3171 2775 ulli,
3201 2712 3266 2762 ab
3294 2710 3434 2763 ullis.
3466 2708 3801 2762 Feminiuum

2229 2776 2363 2840 ulla,
2415 2779 2602 2844 ullius,
2653 2781 2774 2842 ulli,
2809 2781 2988 2844 ullam,
3019 2795 3050 2832 ο
3081 2780 3208 2845 tilla,
3247 2780 3312 2834 ab
3355 2780 3459 2834 ulla
3488 2796 3501 2830 :
3532 2779 3804 2847 pluraliter

2229 2847 2370 2912 ull;e,
2407 2849 2654 2917 ullarum,
2686 2851 2827 2916 ullis,
2860 2851 3013 2916 ullas,
3040 2865 3073 2903 ο
3094 2850 3233 2916 ulla‘,
3278 2850 3344 2903 ab
3374 2850 3515 2903 ullis.
3545 2847 3800 2902 Neutrum

2229 2917 2413 2979 ullum,
2438 2920 2616 2984 ullius,
2642 2921 2758 2983 ulli,
2786 2922 2944 2974 ullum
2967 2961 2981 2982 ,
3015 2935 3048 2974 ο
3094 2921 3279 2985 ιιΙΙιιιιι,
3302 2919 3370 2972 ab
3395 2921 3502 2973 ullo
3535 2937 3548 2972 :
3581 2919 3655 2972 sic
3683 2917 3802 2987 plu-

2228 2989 2410 3042 raliter
2449 2990 2572 3055 uHa,
2619 2991 2872 3055 ullormn,
2919 2991 3063 3053 ullis,
3095 2991 3218 3054 ulla,
3244 3005 3276 3044 ο
3297 2989 3424 3055 ulla,
3450 2991 3518 3043 ab
3553 2989 3692 3042 ullis.
3720 2987 3806 3042 Ad

2228 3056 2368 3114 hanc
2389 3058 2611 3114 formam
2639 3061 2928 3116 declinahis
2953 3071 3006 3116 el
3038 3062 3228 3124 nullus,
3258 3061 3420 3124 nulla,
3451 3060 3650 3113 nullum
3679 3073 3693 3110 :
3726 3059 3805 3112 sic

2226 3129 2380 3200 alius,
2412 3129 2566 3200 hujus
2591 3131 2747 3197 alius,
2780 3131 2902 3185 huic
2944 3132 3028 3184 alii
3061 3149 3074 3185 :
3101 3132 3176 3185 sic
3200 3131 3350 3194 alter,
3382 3131 3538 3196 hujus
3562 3130 3799 3195 alterius,

2227 3197 2350 3254 huic
2386 3197 2538 3256 alteri
2583 3219 2596 3253 :
2646 3203 2724 3256 sic
2774 3211 2934 3265 totus,
2967 3201 3124 3269 hujus
3168 3201 3344 3265 totius,
3386 3202 3506 3254 huic
3539 3201 3632 3254 toti
3673 3217 3685 3251 :
3724 3200 3802 3252 sic

2226 3269 2392 3341 solus,
2420 3271 2576 3341 hujus
2599 3273 2786 3337 solius,
2830 3273 2952 3326 huic
2976 3274 3072 3325 soli
3102 3290 3114 3322 :
3143 3271 3219 3325 sic
3245 3287 3402 3336 unus,
3436 3271 3592 3340 hujus
3619 3271 3795 3334 unius,

2227 3339 2349 3397 huic
2376 3343 2463 3395 uni
2490 3339 2510 3395 Ξ
2540 3342 2676 3397 unde
2708 3342 2956 3411 Virgilius
2975 3383 2990 3405 ,

2377 3433 2584 3482 Forsitan
2607 3432 2719 3483 huic
2738 3433 2820 3482 uni
2847 3433 2976 3496 potui
2999 3433 3321 3496 succumbere
3337 3431 3512 3496 culpae.

2927 3496 3025 3556 (λι.
3050 3492 3133 3544 lib.
3158 3495 3204 3553 ι,
3229 3508 3274 3544 υ.
3301 3494 3400 3557 19.)

2459 3576 2684 3632 CAPUT
2713 3577 2824 3631 XII.
2852 3607 2922 3616 —
2954 3577 3262 3630 l‘ronomiua
3287 3577 3559 3646 qualitatis.

2294 3645 2428 3700 Sunt
2469 3658 2522 3701 et
2558 3651 2828 3718 qualitatis
2869 3649 3198 3718 pronomina,
3242 3649 3324 3701 hic
3361 3657 3412 3700 et
3451 3647 3563 3700 hmc
3603 3645 3800 3715 qualis,

2226 3715 2380 3783 hujus
2428 3715 2618 3786 qualis,
2668 3715 2885 3788 genere
2908 3720 3206 3773 communia
3252 3737 3264 3771 :
3306 3733 3335 3771 a
3376 3732 3569 3788 genere
3615 3725 3799 3769 autem

2224 3798 2412 3858 neutro
2430 3829 2442 3848 ,
2473 3789 2573 3842 hoc
2598 3787 2752 3858 quale
2771 3830 2786 3853 ,
2817 3788 2972 3857 hujus
2996 3790 3167 3858 qualis
3191 3807 3203 3842 :
3232 3790 3494 3858 pluraliter
3519 3787 3634 3840 haec
3661 3801 3802 3853 qua-

2223 3856 2314 3919 lia,
2344 3859 2528 3911 hormn
2562 3856 2816 3929 qualium.
2849 3856 2981 3914 Sunt
3014 3856 3070 3912 et
3100 3856 3424 3929 quantitatis,
3452 3866 3508 3910 ut
3545 3867 3800 3929 quantus,

2225 3936 2436 3998 tantus;
2464 3927 2663 3998 quanti,
2693 3929 2860 3984 tanti:
2902 3927 3235 3984 declinantur
3276 3938 3332 3982 ιιι
3367 3928 3541 3996 justus
3577 3927 3724 3995 justi.
3756 3928 3799 3979 Α

2225 3997 2497 4060 feminino,
2529 4011 2585 4052 ut
2630 4010 2846 4069 quanta,
2889 4010 3050 4064 tanta,
3092 3999 3422 4053 declinantur
3466 4009 3521 4051 ut
3560 3998 3720 4069 justa.
3755 3999 3796 4049 Α

2225 4080 2430 4131 neutro,
2458 4066 2730 4139 quantum,
2755 4079 2976 4134 tantum,
2999 4070 3330 4125 declinantur
3354 4077 3408 4121 ut
3428 4066 3797 4139 justumaltem

2223 4136 2516 4208 pronomen
2563 4156 2592 4193 a
2632 4141 2944 4206 masculino,
2985 4149 3198 4209 quotus,
3231 4151 3370 4193 lotus
3408 4136 3499 4209 τίει
3546 4136 3802 4191 feminino

2223 4221 2404 4278 quom,
2447 4220 2554 4264 tota
2583 4227 2596 4264 :
2627 4225 2657 4264 ει
2704 4218 2913 4277 neutro,
2945 4208 3186 4280 quotum,
3230 4219 3417 4264 totum.
3450 4208 3726 4262 Pluraliter
3767 4221 3799 4259 a

2223 4282 2534 4345 masculino,
2575 4281 2740 4350 quoti,
2785 4281 2877 4334 toti
2915 4299 2927 4333 :
2965 4296 2994 4334 a
3034 4281 3306 4344 feminino,
3344 4288 3539 4350 quoue,
3577 4286 3734 4350 totzn;
3768 4292 3798 4328 a

2224 4359 2432 4414 neutro,
2464 4349 2622 4420 quota
2649 4351 2829 4420 jugera
2851 4393 2866 4414 ,
2893 4360 3174 4420 quotorum
3208 4351 3467 4419 iugerum.
3501 4349 3632 4420 Sunt
3661 4349 3798 4420 rela-_

2225 4421 2325 4474 tiva
2362 4416 2495 4490 qua:-
2513 4421 2580 4474 ad
2615 4416 3023 4489 interrogati—tem
3063 4416 3397 4482 referuntur,
3439 4429 3492 4472 ut
3534 4419 3648 4490 quis
3676 4416 3799 4470 est?

2225 4488 2589 4560 respondetur,
2633 4492 2676 4544 is
2711 4500 2793 4545 est
2822 4488 2837 4544 Ξ
2869 4500 2922 4546 et
2958 4491 3286 4544 declinantur
3323 4505 3350 4541 a
3385 4488 3693 4548 masculino,
3729 4490 3797 4560 is,

2223 4556 2356 4628 ejus,
2399 4563 2468 4626 ei,
2499 4575 2620 4616 eum
2643 4603 2656 4626 ,
2685 4577 2718 4614 o
2757 4562 2820 4626 is,
2850 4562 2917 4614 ab
2954 4575 3018 4614 eo
3043 4577 3056 4614 ε
3088 4560 3356 4629 pluraliter
3384 4561 3437 4615 ii.
3465 4573 3670 4621 eorum,
3697 4556 3785 4620 eis,

2223 4647 2337 4698 eos,
2363 4647 2398 4685 ο
2420 4633 2488 4695 ei,
2521 4633 2588 4684 ab
2612 4633 2709 4684 eis.
2737 4631 2780 4684 A
2808 4630 3082 4695 feminino,
3109 4645 3193 4689 ea.
3220 4630 3357 4699 ejus,
3383 4630 3454 4693 ei,
3481 4643 3620 4699 eam,
3652 4639 3792 4699 oea,

2224 4703 2291 4754 ab
2320 4696 2402 4755 ea.
2434 4704 2478 4756 Α
2520 4711 2728 4765 neutro,
2761 4701 2832 4766 id,
2864 4701 2997 4769 ejus,
3036 4701 3109 4765 ei,
3149 4699 3224 4763 id,
3251 4696 3294 4754 ὀ
3332 4699 3403 4769 id,
3445 4697 3513 4750 ab
3547 4711 3633 4769 eo.
3663 4696 3798 4763 Ergo

2224 4789 2342 4824 cum
2377 4773 2635 4840 loquimur
2663 4773 2728 4824 de
2751 4767 2966 4832 itinere,
2996 4786 3090 4840 per
3118 4770 3171 4823 id
3211 4771 3340 4831 iter,
3371 4767 3648 4840 dicendum
3673 4775 3797 4827 est;

2225 4859 2349 4902 non,
2524 4857 2643 4895 eum
2691 4840 2791 4914 iter
2827 4859 2840 4893 :
2881 4838 3008 4914 quia
3043 4856 3186 4914 eum,
3214 4840 3268 4914 in
3302 4838 3612 4914 accusativo
3643 4851 3797 4914 casu,

2226 4906 2498 4984 masculini
2527 4913 2736 4980 generis
2765 4920 2845 4984 est
2869 4906 3098 4980 {plurali
3121 4950 3136 4974 ,
3169 4925 3232 4964 ea
3259 4911 3476 4984 itinera,
3503 4907 3572 4960 ab
3611 4906 3686 4961 eis
3719 4906 3802 4984 ιιιτ

2227 4982 2456 5035 aeribus.
2485 4974 2610 5035 Item
2647 4997 2740 5050 per
2764 4980 2816 5034 id
2841 4974 3083 5035 nostrum
3103 5021 3116 5041 ,
3145 4994 3240 5048 per
3279 4979 3330 5034 id
3371 4987 3566 5050 tectum
3587 5017 3600 5039 ,
3631 4990 3724 5044 per
3751 4974 3799 5026 id

2225 5061 2383 5121 caput
2407 5070 2420 5105 :
2448 5068 2551 5106 non
2576 5047 2670 5119 per
2689 5067 2830 5111 eum,
2856 5051 2954 5105 nisi
2979 5052 3028 5104 in
3049 5047 3243 5121 genere
3263 5047 3554 5121 masculino
3576 5055 3797 5101 tantum.

2612 5121 2834 5176 CAPUT
2875 5121 3012 5176 XIII.
3037 5150 3110 5161 —
3141 5119 3222 5174 De
3247 5119 3410 5174 verba.

2300 5191 2468 5246 Verba
2493 5203 2718 5260 quatuor
2739 5191 2910 5248 modis
2934 5191 3223 5260 accipimus
3248 5209 3260 5243 :
3289 5189 3460 5260 primo
3482 5185 3660 5250 modo,
3682 5198 3800 5260 cum

2229 5263 2385 5334 verba
2435 5255 2530 5329 pro
2572 5262 2787 5334 fallaciis
2829 5255 3150 5334 accipimus,
3191 5255 3312 5334 cum
3359 5260 3612 5334 dicimus,
3647 5255 3805 5334 verba

2231 5335 2304 5387 illi
2350 5322 2540 5397 dedit,
2583 5333 2760 5386 fefellit
2799 5347 2917 5386 eum
2945 5322 2968 5384 ἐ
3010 5322 3149 5385 unde
3190 5331 3467 5385 Terentius
3501 5328 3666 5391 dixit,
3713 5322 3805 5397 Qui

2231 5407 2372 5457 acrba
2399 5393 2536 5455 dare
2565 5403 2763 5472 difficile
2798 5413 2869 5473 est
2908 5402 3063 5473 (And.
3094 5411 3192 5454 act.
3241 5403 3289 5464 I,
3342 5416 3478 5473 scen.
3525 5398 3577 5458 ὅ,
3628 5411 3674 5446 υ.
3726 5393 3803 5473 fi).

2232 5474 2474 5528 Secundo
2510 5463 2688 5537 modo,
2729 5471 2888 5526 verba
2914 5463 3028 5539 ἰιι-ιι
3063 5463 3300 5542 oratione
3343 5469 3568 5542 dicimus
3583 5507 3606 5542 .,
3647 5463 3806 5542 verba

2235 5546 2421 5599 fecisse
2449 5533 2758 5598 Ciceronem
2787 5543 2838 5594 in
2871 5533 3036 5596 curia.
3068 5541 3247 5596 Tertio
3271 5538 3457 5600 modo,
3487 5535 3646 5590 verba
3673 5533 3804 5587 dici-

2234 5630 2349 5668 mus
2372 5630 2464 5684 pro
2487 5612 2786 5684 vulgaribus
2807 5612 3084 5668 sententiis
3103 5627 3219 5681 quae
3238 5608 3513 5680 proverbia
3537 5605 3808 5668 dicuntur,

2235 5696 2291 5740 ιιι
2314 5682 2592 5741 Terentius
2618 5682 2750 5736 dixit
2774 5700 2787 5735 :
