4138 6364
335 327 340 333 .
391 270 516 326 1597

545 391 708 448 vel-11in
731 394 844 426 tlltl..t
875 407 886 424 δ
900 401 914 423 ι
931 399 1066 448 ...Ἀλίη
1088 403 1102 423 ι
1116 397 1224 448 κιου
1245 400 1317 423 cat
1338 371 1465 448 quod
1604 369 1746 419 50181..

603 440 833 499 (teram,
854 439 975 488 Αηιί.
998 445 1092 486 act.
1115 435 1313 494 εὶίδεειι.
1337 435 1384 494 5,
1409 447 1451 484 υ.
1481 435 1578 492 15).

389 520 585 587 Quarto
629 519 806 581 modo,
845 519 1002 573 verba
1048 517 1267 572 dicimus
1311 516 1422 587 hate
1462 531 1579 583 qua:
1623 509 1950 587 decurrimus

389 581 503 644 cum
546 590 869 658 temporibus
906 597 959 642 et
992 588 1250 656 personis,
1279 595 1336 639 ut
1372 581 1560 658 clamo,
1595 583 1812 658 clamas,
1840 581 1946 632 ela-

389 667 516 712 mat.
549 651 727 713 Hic-et
753 651 1006 727 personai
1021 666 1142 710 sunt
1167 666 1292 717 tres,
1326 664 1381 706 ttt
1407 653 1728 727 elamoego,
1757 651 1952 727 clamas

389 740 463 789 tu.
491 730 681 784 clamat
707 719 831 793 ille;
860 738 912 781 et
937 738 1144 800 tempus
1167 739 1249 800 est
1274 737 1524 800 prresens.
1557 721 1752 800 Deinde
1781 719 1952 800 plura-

389 802 527 865 liter,
559 789 844 853 clamamus
868 812 983 861 nos,
1011 789 1247 850 elautatis
1276 789 1389 865 vos,
1415 794 1640 846 clamant
1668 791 1760 865 illi.
1792 789 1951 865 Tem-

390 859 524 937 pore'
545 869 808 937 praeterito
835 859 1172 937 imperfecto,
1211 863 1497 937 clamabam
1538 876 1661 937 ego,
1692 859 1955 913 clamabas

389 931 465 998 tu,
517 931 775 991 clamabat
819 931 960 1008 ille-A:
1005 931 1948 1008 et_pluraliter,__clamabamusnos,

390 1008 699 1061 clantabatis
741 1021 864 1066 vos,
908 1001 1205 1077 clamabant
1250 1004 1341 1077 illi.
1391 1001 1651 1077 Tentpore
1692 1001 1956 1077 prteterito

388 1077 648 1148 perfecto,
690 1090 908 1148 numero
920 1074 1214 1148 _singulari.
1242 1073 1460 1148 clamavi
1504 1085 1630 1148 ego,
1664 1070 1955 1122 clamavisti

390 1140 470 1210 ἰιι,
500 1140 742 1217 clamavit
780 1146 887 1217 ille.
919 1140 1180 1213 Tempore
1219 1140 1482 1217 prtctcrito
1524 1141 1796 1217 plusquam
1829 1151 1958 1217 per-

392 1207 552 1279 fecto,
581 1216 670 1270 ubi
694 1207 1178 1287 significamnsmon
1209 1207 1376 1266 solum
1407 1225 1501 1262 nos
1526 1207 1719 1287 aliquid
1749 1207 1952 1287 fecisse,

397 1287 490 1343 Sed
515 1275 672 1341 etiam
698 1275 893 1339 dudum
917 1325 932 1347 ,
961 1293 1014 1340 et
1041 1275 1261 1337 dieimus
1286 1293 1506 1334 numero
1539 1276 1822 1347 singulari,
1853 1275 1960 1328 cla-

398 1371 663 1414 Inaveram
708 1370 824 1427 ego,
871 1345 1190 1408 clatuaveras
1237 1361 1312 1414 tu,
1354 1350 1673 1427 clamavcrat
1713 1345 1800 1400 ille
1845 1353 1963 1427 :_et

401 1414 1129 1498 pluraliter,clamaveramus
1164 1436 1289 1485 nos,
1322 1417 1686 1498 clamavcratis
1709 1430 1818 1498 vos,
1848 1414 1960 1498 cla-

405 1485 792 1552 inavcrant'illi.
819 1494 1078 1566 Tempore
1110 1491 1284 1566 futttro
1314 1503 1533 1566 numero
1558 1485 1961 1566 singulare-cla-

405 1569 555 1622 lﬂ‘lbO
600 1581 716 1634 ego,
758 1555 1009 1618 clamabis
1055 1572 1127 1634 tu,
1158 1558 1533 1634 cl_amab_i_t__il|_e
1567 1573 1580 1608 :
1622 1555 1964 1634 cltttttabitttus

403 1651 496 1694 nos
517 1679 532 1699 ,
559 1623 851 1691 cla‘mabitis
879 1649 998 1696 vos,
1029 1623 1327 1704 clamabunt
1357 1628 1447 1704 illi.
1491 1623 1961 1704 Hueusquemodo

401 1696 682 1762 indicativo
731 1713 894 1758 totum
944 1704 1043 1774 hoc
1081 1701 1222 1774 quod
1267 1699 1494 1774 diximus
1543 1696 1822 1774 indicantis
1861 1701 1962 1774 est.

403 1777 525 1830 Ideo
545 1777 734 1831 dicitur
754 1762 1112 1842 imperativus:
1129 1770 1247 1838 quia
1269 1783 1454 1842 sonum
1477 1765 1634 1820 habet
1656 1762 1962 1842 imperandi.

401 1846 506 1901 Sed
551 1847 648 1899 istc
690 1839 875 1897 modus
922 1858 1022 1894 non
1062 1841 1217 1894 habet
1257 1839 1477 1907 primam
1519 1849 1818 1905 personam,
1846 1839 1966 1900 quia

403 1931 560 1969 nemo
585 1916 682 1968 sibi
717 1911 1086 1983 itnpcrathed
1112 1909 1180 1962 ad
1214 1907 1497 1983 secundam
1529 1907 1757 1983 loquitur
1786 1917 1967 1983 perso-

403 2001 523 2039 nam
567 1993 620 2038 et
677 1972 902 2038 terti'atn.
951 1972 1186 2034 Numero
1237 1977 1525 2047 singulari,
1573 1972 1637 2027 ad
1683 1972 1968 2047 secundam

403 2057 588 2117 clama,
615 2063 669 2107 et
696 2054 759 2105 ad
789 2053 990 2106 tertiam
1022 2053 1246 2103 clamet:
1278 2043 1342 2101 ρι’
1367 2045 1655 2117 pluraliter,
1687 2043 1750 2096 ad
1777 2057 1967 2115 secup-

405 2127 527 2178 dam
563 2116 818 2185 elamate,
850 2123 914 2176 ad
947 2122 1150 2174 tertiam
1187 2119 1434 2171 clament.
1473 2116 1670 2185 Futuro
1713 2122 1966 2185 tempore,

401 2195 468 2248 ad
506 2182 1070 2253 secundam'clamato,
1099 2188 1166 2242 ad
1205 2188 1409 2243 tertiam
1449 2184 1691 2239 similiter
1723 2182 1966 2236 clamato.

402 2263 504 2319 Sed
529 2279 693 2332 quare
727 2262 969 2316 similiter
993 2260 1114 2332 facit
1138 2259 1187 2310 in
1215 2255 1451 2332 secunda
1479 2263 1531 2308 et
1555 2254 1738 2332 tertia,
1766 2261 1848 2332 est
1883 2266 1969 2304 ra-

403 2335 478 2388 tio
501 2352 514 2387 :
541 2323 632 2388 sed
660 2347 797 2386 nunc
820 2327 1264 2400 prtetermitteuda
1280 2325 1477 2400 gestabit
1502 2323 1652 2400 ne_at_l
1674 2323 1773 2374 alia
1801 2329 1971 2400 trans-

403 2418 614 2466 eamus,
662 2389 939 2456 redeamus
978 2399 1043 2452 ad
1084 2413 1196 2470 rem
1245 2395 1517 2470 pluralem.
1561 2393 1640 2445 Ad
1682 2389 1972 2470 secundam

404 2461 684 2542 personam
709 2472 1015 2542 clamatote,
1047 2461 1346 2542 ad_tertiam
1374 2464 1655 2542 clamante.
1681 2461 1769 2542 Sic
1795 2468 1972 2542 autem

404 2529 696 2611 bptalivum
741 2529 1010 2599 dicimus,
1049 2536 1172 2606 quia
1217 2531 1650 2612 OplallliSJIIIOtIO
1698 2529 1971 2612 loquitur:

404 2601 574 2681 prima
600 2625 824 2678 persona
851 2601 1085 2681 tempore
1113 2601 1380 2681 prtcsenti,
1423 2601 1636 2681 utinam
1664 2601 1972 2681 clamarem,

405 2671 471 2735 ad
518 2671 796 2734 secundam
847 2671 1045 2748 utinam
1093 2671 1364 2748 clamares,
1411 2671 1474 2723 ad
1523 2671 1726 2721 tertiam
1776 2671 1974 2748 utinam

407 2751 656 2804 clamaret
686 2767 698 2802 :
727 2757 779 2803 et
805 2743 1162 2817 pluraliterad
1194 2742 1411 2817 primam
1443 2754 1744 2817 personam,
1779 2742 1974 2817 utinam

407 2823 776 2879 clamaremus,
802 2805 867 2870 ad
894 2805 1399 2879 secundaut_'utinat_n
1431 2805 1746 2870 elatuaretis,
1779 2805 1843 2879 atl
1873 2815 1978 2879 ter-

406 2872 534 2935 tiam
571 2872 776 2934 utinam
815 2879 1125 2930 clamarent.
1160 2872 1439 2928 Praeterito
1471 2885 1732 2942 tempore,
1775 2875 1840 2926 ad
1869 2877 1983 2996 lpri-

407 2964 545 2996 mam
568 2962 850 2996 net-sonam
869 2988 882 2996 .
903 2947 1102 2996 utinam
1134 2945 1449 2996 elatnassem
1472 2956 1591 2996 ego.
1615 2942 1680 2996 ad
1704 2959 1864 2996 secun
1903 2958 1983 2996 am

1903 2958 1985 2998 am

406 2964 545 3004 mam
568 2962 850 3019 personam
869 2988 882 3008 ,
903 2947 1102 3000 utinam
1134 2945 1449 3019 elatnassetu
1472 2956 1591 3019 ego,
1615 2942 1680 3016 ad
1704 2959 1864 3019 secun

408 3014 609 3073 utinam
656 3019 945 3072 clamasses
978 3025 1067 3077 tu,
1111 3015 1177 3068 ad
1210 3015 1415 3068 tertiam
1463 3014 1666 3066 utinam
1709 3014 1987 3067 clamasset

406 3089 498 3144 llle
519 3108 531 3143 :
555 3098 608 3143 et
635 3089 926 3156 pluraliter,
952 3087 1153 3140 utinam
1181 3084 1574 3156 clamasseutus
1611 3098 1742 3156 nos,
1790 3083 1986 3139 utinam

409 3153 734 3214 clamassetis
763 3173 856 3212 vos
876 3199 890 3221 ,
920 3156 1117 3208 utinam
1149 3154 1463 3206 clamassent
1494 3153 1586 3206 illi.
1617 3153 1815 3205 Futuro
1840 3159 1974 3221 tem—

409 3241 556 3296 pore,
604 3230 769 3297 prima
816 3219 1056 3297 persona,
1107 3225 1304 3297 utinam
1345 3221 1568 3297 clamem
1597 3236 1733 3297 ego,
1778 3219 1976 3297 utinam

411 3289 620 3350 clames'
634 3308 686 3350 tu
706 3339 721 3362 ,
747 3289 943 3350 utinam
985 3289 1178 3348 clamet
1215 3292 1301 3345 ille
1324 3308 1344 3362 :_
1365 3299 1417 3362 et
1444 3289 1716 3359 pluraliter
1736 3330 1757 3362 ,ᾗ
1778 3289 1976 3362 utinam

412 3357 719 3432 clamemus,
750 3365 1020 3430 elamelis,
1052 3365 1297 3417 clament.
1331 3357 1460 3432 Ideo
1478 3369 1652 3432 autem
1683 3357 1976 3432 subjuncti-

413 3451 507 3489 vus
535 3429 742 3506 dicitur,
767 3437 886 3506 quia
913 3429 1222 3506 egetaliqua
1249 3439 1406 3506 re,_nt
1431 3429 1641 3506 impleat
1663 3429 1975 3506 sententiam

413 3521 560 3558 suam
581 3547 594 3567 ,
627 3497 683 3559 ιιί
709 3497 826 3575 puta
855 3497 974 3575 cum
1005 3497 1226 3575 clamem
1245 3541 1258 3560 ,
1289 3501 1505 3564 clames,
1533 3499 1758 3575 clamet;
1788 3497 1980 3566 pendet

414 3576 499 3628 hic
547 3568 753 3642 sensus,
783 3573 1080 3642 iudigetque
1117 3571 1288 3642 aliqua
1333 3585 1410 3634 re,
1441 3578 1498 3621 ut
1535 3568 1791 3621 sententia
1830 3582 1980 3620 com-

411 3646 657 3713 pleatur:
686 3641 748 3699 ac
775 3644 818 3698 si
847 3641 1050 3713 (licam.
1079 3656 1196 3713 cum
1235 3641 1478 3713 clamem,
1511 3652 1671 3713 quare
1697 3654 1780 3691 me
1806 3645 1980 3713 tacere

413 3707 584 3768 ilicis?
611 3713 732 3768 Ideo
773 3728 897 3782 ergo
922 3710 1282 3782 conjunctivus
1319 3707 1702 3782 mod_us_dictus
1729 3714 1830 3782 est,
1858 3707 1980 3782 quia

414 3784 460 3836 ci
499 3776 1060 3854 conjungitur'aliquid
1085 3822 1098 3842 ,
1131 3789 1185 3832 ttt
1223 3779 1480 3854 sententia
1520 3777 1797 3854 locutionis
1828 3776 1981 3854 plena

414 3855 500 3906 sit.
532 3845 670 3922 Ergo
695 3845 1018 3906 declinemus
1044 3850 1180 3902 hunc
1207 3849 1417 3900 modum
1451 3856 1506 3900 ut
1533 3847 1850 3922 snpet'iores.
1885 3845 1983 3898 De-

414 3917 640 3976 clittatui-
681 3934 854 3975 autem
899 3935 992 3988 per
1039 3933 1288 3987 personas
1340 3927 1444 3970 tres
1489 3935 1501 3969 :
1553 3917 1716 3988 prima
1758 3929 1980 3984 persona

417 3993 688 4060 pra:sentis
732 3985 981 4060 temporis
1023 3985 1140 4042 cum
1185 3989 1436 4060 clamem,
1481 3985 1710 4060 secunda
1759 3999 1980 4060 persona

416 4054 535 4113 cum
566 4062 782 4124 clames,
825 4054 979 4113 tertia
1021 4073 1141 4111 cum
1183 4057 1410 4108 clamet:
1436 4063 1491 4108 et
1517 4055 1787 4124 pluraliter
1815 4054 1982 4122 prima

416 4146 637 4200 persona
665 4123 782 4184 cum
805 4130 1114 4200 clamemus,
1139 4124 1366 4179 secunda
1396 4139 1516 4200 cum
1546 4123 1802 4200 clantetis,
1833 4124 1982 4200 tertia

415 4192 535 4252 eum
577 4202 824 4254 clament.
864 4198 1135 4252 Prteterito
1173 4205 1409 4262 tempore
1448 4192 1776 4260 imperfecto,
1818 4193 1983 4260 prima

419 4284 639 4338 persena
666 4286 783 4324 cum
809 4264 1362 4338 clatnarem,_secund:_t
1387 4279 1504 4318 cum
1530 4263 1804 4323 Clamares,
1834 4263 1983 4338 tertia

416 4332 537 4392 cum
572 4341 854 4394 clamaret:
888 4346 940 4390 et
969 4334 1242 4406 pluraliter
1281 4333 1447 4406 prima
1476 4347 1696 4406 persona
1733 4347 1851 4406 cum
1879 4332 1985 4384 cla-

418 4424 706 4472 maremus,
731 4401 1101 4462 secunda'cum
1127 4401 1442 4472 clamaretis,
1471 4403 1622 4472 tertia
1647 4416 1764 4455 cum
1791 4401 1986 4454 clama-

418 4487 555 4533 rent.
605 4479 862 4547 Tempore
911 4475 1180 4547 pra'terito
1227 4471 1497 4547 perfecto,
1547 4471 1712 4547 prima
1761 4484 1986 4547 persona

419 4562 538 4600 cum
583 4540 937 4608 clamaveritu',
965 4561 1082 4599 cum
1126 4540 1454 4607 clatitaveris,
1483 4556 1601 4595 cnm
1645 4540 1981 4594 clamaverit:

415 4617 468 4663 et
494 4610 768 4678 pluraliter
793 4610 960 4679 prima
988 4623 1214 4680 persona
1242 4622 1363 4665 cum
1399 4609 1806 4680 clamaverimus
1824 4648 1840 4674 ,
1875 4623 1996 4664 cum

411 4680 803 4750 clamaveritis,
845 4695 965 4733 eum
993 4679 1377 4734 ’elamaverint.
1408 4679 1672 4748 Tempore
1719 4681 1994 4750 plusquam

415 4749 668 4817 perfecto,
694 4749 859 4817 prima
883 4764 1104 4815 persona
1133 4764 1254 4802 cum
1280 4750 1652 4804 clamavissem
1675 4792 1690 4814 ,
1728 4765 1848 4805 eum
1887 4751 1996 4804 cla-

415 4820 705 4882 mavisses,
733 4834 852 4872 cum
879 4819 1215 4872 elamavisset
1241 4835 1253 4871 :
1288 4829 1341 4872 et
1372 4819 1643 4888 pluraliter
1671 4822 1838 4889 prima
1874 4837 1997 4889 pcr-

418 4903 548 4943 sona
589 4904 707 4942 cum
757 4889 1218 4953 clamavissemus,
1259 4903 1378 4942 cum
1425 4890 1842 4953 clamavissetis,
1876 4907 1996 4944 cum

417 4960 808 5016 clamavissent.
842 4959 1105 5028 Tempore
1135 4958 1340 5022 futuro,
1392 4959 1558 5027 prima
1606 4959 1831 5028 persona
1877 4955 1996 5015 cum

417 5030 738 5092 clamavero,
767 5045 886 5083 cum
915 5029 1250 5095 elamaveris,
1287 5044 1406 5083 cum
1441 5030 1748 5083 clamaverit
1771 5049 1784 5083 :
1807 5040 1861 5084 et
1886 5032 2000 5099 plu-

418 5100 606 5153 raliter
649 5102 818 5169 prima
865 5114 1092 5170 persona
1135 5114 1254 5152 cum
1295 5099 1862 5170 clamaverimus,cum
1891 5101 2000 5154 cla-

418 5171 710 5236 maveritis,
762 5169 884 5224 cum
929 5170 1294 5224 clamaveriut.
1343 5169 1638 5224 lulinitivus
1677 5170 1868 5224 dicitur
1918 5173 1999 5225 hic

417 5240 608 5293 modus
631 5283 645 5306 ,
678 5241 798 5311 quia
827 5240 1128 5308 superiores
1165 5239 1425 5297 definiunt
1469 5254 1745 5310 personos,
1775 5241 1998 5310 primam

417 5311 700 5364 secundam
729 5321 780 5364 et
809 5312 1048 5376 tertiam;
1085 5311 1167 5364 hic
1197 5319 1370 5366 autem
1400 5311 1588 5366 modus
1618 5312 1731 5366 sine
1760 5312 2001 5381 personis

415 5389 519 5438 est.
540 5393 591 5434 ct
611 5382 771 5436 habet
798 5383 968 5436 solum
997 5390 1205 5450 tempus
1227 5382 1566 5451 praeﬁnitum,
1589 5396 1843 5451 praesens,
1867 5396 2001 5450 prsc-

419 5452 631 5505 teritum
673 5461 727 5506 et
765 5453 1028 5505 futurum:
1055 5462 1110 5506 ιιι
1143 5462 1264 5521 puta
1293 5452 1560 5517 clamare,
1603 5467 1837 5521 praesens
1876 5460 2001 5505 est:

419 5523 725 5587 clatnasses,
752 5524 1060 5592 prcteritttm
1087 5541 1099 5575 :
1126 5523 1409 5578 clamatum
1441 5524 1548 5588 ire,
1576 5521 1829 5576 futurum.
1865 5523 2003 5576 Ecce

421 5593 568 5646 vides
593 5595 872 5662 uesignare
909 5603 1111 5648 tantutn
1151 5603 1411 5662 tempora,
1440 5608 1544 5648 non
1589 5607 1860 5662 personas.
1884 5593 2005 5644 Cla-

423 5675 568 5717 tuare
612 5664 783 5724 cnim.
817 5672 871 5720 et
908 5664 1203 5724 clamasse.
1231 5673 1283 5720 ct
1308 5665 1590 5720 clamatum
1642 5664 1739 5728 ire,
1770 5663 2004 5718 nescitur

1856 261 2213 316 APPENDIX.

3485 265 3619 321 1598

2057 387 2279 444 persona
2301 414 2314 436 ,
2347 373 2444 426 uisi
2475 374 2602 427 velis
2625 373 2844 444 iungere
2874 381 2928 429 et
2951 374 3126 430 dicere
3147 415 3160 442 ,
3192 377 3421 430 clamare
3463 376 3620 431 debet
3655 369 3658 378 ’

2057 443 2180 515 ille:
2214 452 2339 515 tunc
2373 444 2521 514 quasi
2555 443 2858 515 lit’littitum.
2892 445 2946 499 Si
2983 455 3156 499 autem
3198 461 3300 499 non
3339 447 3621 515 subjungas

2058 513 2146 568 ille
2173 515 2256 567 vel
2283 513 2404 583 ipse
2422 515 2504 568 vel
2541 515 2639 568 iste
2658 555 2671 576 ,
2700 514 2756 568 fit
2786 524 2841 568 ut
2868 515 3058 570 dicitur
3083 516 3368 569 infinitivus
3395 513 3581 569 modus
3605 532 3617 566 :

2057 598 2176 654 nam
2199 593 2252 654 et
2279 598 2500 654 numero
2524 583 2772 652 singulari
2797 585 2879 638 vel
2906 585 3087 654 plurali
3113 584 3343 654 infinitus
3363 594 3464 638 est.
3487 584 3620 639 Cum

2056 653 2197 706 enim
2223 653 2361 717 dico,
2389 653 2617 707 clamare
2637 695 2652 718 ,
2680 653 2967 718 clamasse,
2995 669 3091 709 nec
3117 653 3318 707 finitum
3345 662 3424 706 est
3448 662 3622 706 utrum

2058 721 2125 776 de
2153 737 2257 776 uno
2284 737 2351 795 an
2379 723 2445 776 de
2469 723 2673 795 duobus
2699 723 2889 779 dicam.
2920 723 3008 779 Isti
3040 739 3166 795 ergo
3199 731 3322 779 sunt
3360 722 3500 778 modi
3529 738 3623 791 per

2058 807 2189 862 quos
2216 794 2392 847 omnia
2422 793 2580 847 verba
2608 803 2904 848 cursantur.

2246 883 2470 939 CAPUT
2495 883 2632 938 XIV.
2657 915 2730 925 —
2755 883 2834 938 De
2859 885 3021 956 prima
3052 884 3416 955 canjttgatione.

2129 973 2244 1028 Jam
2287 974 2352 1028 ad
2393 973 2612 1029 formam
2655 975 2808 1030 unius
2840 974 2986 1029 verbi
3023 973 3162 1044 quod
3201 974 3478 1039 currimus,
3508 988 3626 1044 per-

2060 1058 2331 1097 curramus
2369 1052 2554 1098 cetera
2593 1045 2788 1099 verba:
2821 1043 3059 1098 similiter
3085 1045 3256 1098 clamo
3280 1044 3475 1098 clamas
3511 1043 3626 1097 cla-

2065 1125 2192 1176 mat,
2222 1128 2342 1167 amo
2367 1129 2512 1168 amas
2539 1123 2702 1180 amat,
2731 1123 2885 1168 canto
2910 1124 3090 1169 cantas
3115 1122 3312 1179 cantat,
3337 1114 3488 1182 pulso
3515 1115 3629 1180 pul-

2063 1196 2149 1252 sas
2192 1185 2383 1252 pulsat,
2415 1183 2563 1238 freno
2606 1183 2779 1238 frenas
2823 1186 3010 1248 frenat,
3040 1199 3186 1237 armo
3225 1198 3398 1236 armas
3435 1193 3622 1243 armat,

2064 1251 2311 1321 impugno
2358 1255 2630 1324 impugnas
2671 1253 2966 1323 impugnat,
3010 1263 3164 1321 capto
3208 1262 3387 1323 captas
3432 1261 3626 1321 captat,

2065 1337 2191 1392 paro
2238 1338 2387 1390 paras
2434 1331 2616 1392 parat,
2666 1339 2853 1393 separo
2899 1338 3111 1393 separas
3151 1331 3394 1393 separat,
3440 1337 3629 1375 accuso

2065 1406 2280 1446 accusas
2300 1404 2526 1454 accusat,
2551 1392 2740 1445 mando
2766 1392 2983 1447 mandas
3010 1392 3238 1455 mandat,
3261 1407 3420 1460 gravo
3445 1406 3630 1460 gravas

2065 1471 2264 1530 gravat,
2288 1462 2405 1515 lavo
2435 1463 2576 1516 lavas
2602 1463 2756 1529 lavat,
2778 1478 2972 1532 genero
3000 1477 3218 1531 getteras
3244 1471 3480 1532 generat,
3507 1476 3629 1513 creo

2065 1545 2215 1611 creas
2243 1539 2405 1594 creat,
2437 1533 2540 1601 ligo
2563 1532 2693 1600 ligas
2717 1533 2862 1654 ligat,
2891 1533 3046 1601 alligo
3074 1532 3257 1600 alligas
3284 1531 3482 1599 alligat,
3510 1546 3630 1583 san-

2067 1601 2238 1654 cttfico
2266 1601 2564 1654 sanctilieas
2589 1603 2752 1654 sancti
2777 1604 2906 1654 icat.
2936 1602 3040 1654 cito
3068 1601 3198 1654 citas
3223 1601 3346 1654 citat
3369 1642 3383 1654 .
3413 1599 3630 1652 vulnere

2067 1601 2238 1654 ctifico
2266 1599 2564 1654 sanctilieas
2589 1599 2906 1666 sanctificat,
2936 1599 3040 1655 cito
3068 1599 3198 1654 citas
3223 1601 3346 1654 citat
3369 1642 3383 1667 ,
3413 1599 3630 1652 vulnere

2066 1671 2310 1724 vulneras
2341 1671 2608 1731 vulnerat,
2643 1687 2850 1725 macero
2890 1687 3125 1725 maceras
3167 1678 3429 1734 macerat,
3457 1670 3632 1722 lacero

2070 1739 2270 1795 laceras
2301 1740 2511 1804 lacerat,
2539 1755 2630 1793 aro
2652 1755 2769 1795 aras
2799 1750 2943 1806 arat,
2972 1741 3117 1794 calco
3145 1741 3316 1794 calcas
3337 1739 3524 1804 calcat,
3553 1737 3631 1790 la-

2069 1809 2158 1863 nio
2186 1810 2350 1863 lanias
2380 1809 2567 1875 laniat,
2602 1825 2835 1864 memoro
2866 1825 3126 1863 memoras
3153 1818 3426 1870 memorat,
3455 1809 3633 1862 calceo

2070 1881 2272 1933 Calceas
2301 1880 2498 1933 calceat
2517 1921 2529 1940 ,
2563 1880 2817 1948 investigo
2843 1879 3125 1947 investigas
3154 1879 3428 1947 investigat
3447 1918 3461 1941 ,
3495 1878 3636 1948 vallo

2073 1949 2238 2002 vallas
2276 1949 2426 2001 vallat
2449 1990 2464 2014 ,
2496 1949 2654 2002 domo
2693 1947 2875 2002 domas
2909 1949 3088 2002 domat
3113 1988 3127 2015 ,
3157 1948 3493 2002 circumvallo
3530 1947 3635 2015 cir-

2072 2019 2360 2072 cumvallas
2383 2019 2772 2082 circumvallat,
2799 2034 2959 2073 curvo
2986 2014 3172 2071 curvas
3198 2025 3400 2076 curvat,
3433 2014 3639 2070 medico

2073 2089 2304 2142 medicis
2329 2087 2571 2154 medical,
2594 2091 2832 2141 coasnlto
2852 2088 3119 2141 consultas
3145 2088 3426 2150 consultat,
3453 2086 3638 2138 intimo

2075 2157 2284 2211 intimas
2309 2157 2545 2220 intimat,
2579 2159 2783 2210 insinuo
2814 2159 3045 2211 insinuas
3074 2157 3336 2218 insinuat,
3367 2157 3640 2224 frequento

2075 2226 2372 2296 frequentas
2398 2227 2720 2296 frequentat,
2754 2228 2961 2282 celebro
2988 2226 3224 2280 celebras
3249 2223 3507 2288 celebrat,
3540 2223 3642 2276 mi-

2075 2297 2243 2351 nistro
2268 2297 2532 2350 ministras
2558 2297 2851 2360 ministrat,
2883 2296 3041 2366 palpo
3073 2296 3251 2364 palpas
3281 2296 3478 2364 palpat,
3510 2307 3642 2347 sono

2076 2382 2232 2420 sonas
2261 2376 2431 2430 sonat,
2462 2367 2606 2420 socio
2643 2367 2813 2419 socias
2844 2366 3029 2428 sociat,
3063 2374 3208 2420 muto
3246 2373 3415 2418 mutas
3455 2371 3640 2425 mutat,

2077 2438 2282 2504 postulo
2330 2445 2560 2504 pOSllllaS
2602 2438 2860 2504 postulat,
2909 2450 3100 2504 quasso
3143 2449 3360 2504 quassas
3406 2443 3642 2504 quassat,

2078 2502 2621 2559 eviscero‘evisccras
2664 2502 2940 2568 eviscerat,
2992 2502 3174 2558 denso’
3198 2503 3389 2559 densas
3433 2502 3641 2568 densat,

2077 2589 2273 2628 encrvo
2315 2590 2534 2628 euervas
2563 2584 2777 2628 enervat
2797 2615 2812 2638 ,
2844 2575 3066 2628 verbero
3104 2573 3352 2629 verberas
3379 2573 3642 2638 verberat,

2081 2652 2253 2698 macto
2281 2654 2477 2696 mactas
2508 2653 2716 2707 mactat,
2761 2643 2881 2713 fugo
2911 2642 3058 2711 fugas
3089 2642 3252 2711 fugat,
3291 2643 3516 2713 elimino
3547 2642 3648 2696 eli-

2083 2713 2251 2765 minas
2281 2713 2535 2783 eliminat,
2558 2713 2688 2766 cmlo
2715 2712 2869 2768 etclas
2892 2715 3060 2774 caelat,
3084 2715 3233 2781 signo
3258 2712 3435 2783 signas
3453 2713 3644 2783 signat,

2080 2783 2277 2834 vcntilo
2307 2782 2532 2834 ventilas
2558 2783 2803 2847 ventilat,
2837 2783 3092 2837 contristo
3133 2782 3413 2837 contriStas
3453 2782 3648 2836 contri-

2083 2860 2207 2913 stat,
2251 2866 2440 2904 sereno
2475 2865 2688 2904 serenas
2729 2861 2960 2910 serenat.
2988 2859 3040 2905 et
3075 2853 3218 2905 talia.
3247 2851 3365 2906 Istis
3405 2851 3651 2906 omnibus

2073 2921 2317 2990 adjicitur
2345 2937 2372 2974 r
2400 2921 2596 2986 littera,
2620 2928 2674 2974 et
2705 2920 2834 2974 fiunt
2870 2924 3096 2991 passiva,
3131 2929 3188 2974 ut
3218 2921 3420 2975 clamor
3453 2921 3653 2975 clama-

2073 2993 2148 3045 ris
2193 2992 2474 3056 clamatur,
2504 3006 2654 3044 amor
2689 2991 2886 3045 amaris
2931 2997 3157 3054 amatur,
3202 2991 3385 3060 pulsor
3431 2991 3657 3060 pulsaris

2076 3062 2332 3129 pulsatur,
2363 3075 2514 3114 secor
2537 3061 2738 3115 secaris
2760 3071 2992 3128 secatur,
3017 3076 3174 3116 cnror
3198 3061 3403 3116 curaris
3420 3069 3654 3115 curatur.

2076 3132 2165 3200 Sic
2194 3133 2369 3200 omnia
2412 3132 2738 3199 percurreris
2765 3147 2859 3200 per
2882 3133 3002 3186 illos
3043 3132 3227 3186 modos
3256 3147 3389 3200 quos
3417 3131 3661 3200 superius

2082 3198 2329 3264 diximus,
2359 3197 2694 3252 iudicativunt
2716 3242 2729 3264 ,
2760 3197 3156 3267 imperativum,
3187 3197 3496 3268 optativum,
3523 3212 3651 3251 con-

2079 3268 2369 3336 junctivum
2397 3310 2410 3333 ,
2446 3269 2778 3322 infinitivum.
2808 3268 2947 3324 Sane
2975 3285 3036 3323 ex
3069 3268 3166 3323 hoc
3191 3284 3320 3321 sono
3350 3282 3453 3334 quo
3488 3268 3648 3336 verba

2082 3335 2249 3408 activa
2281 3337 2668 3408 ortliuavimus,
2699 3339 2746 3390 id
2777 3347 2857 3392 est
2892 3354 2996 3408 quo
3050 3353 3329 3408 nosagere
3357 3335 3550 3408 aliquid
3579 3336 3650 3408 si-

2082 3405 2446 3473 gnificavimus
2467 3448 2479 3470 ,
2513 3416 2635 3460 sunt
2663 3409 2860 3462 similes
2899 3405 3048 3474 soni,
3075 3407 3167 3461 sed
3195 3405 3257 3461 ad
3301 3407 3456 3460 verba
3489 3406 3645 3474 perti-

2085 3485 2210 3528 nent
2239 3476 2513 3547 neutralia.
2545 3477 2649 3530 Sed
2689 3493 2754 3530 ne
2784 3486 2835 3531 te
2859 3485 3188 3531 commoveat
3220 3492 3380 3547 quare
3406 3474 3651 3547 dicuntur

2085 3546 2358 3607 neutralia,
2391 3545 2503 3598 ha‘c
2549 3547 2683 3600 ratio
2731 3555 2832 3612 cst,
2865 3548 2982 3616 quia
3031 3562 3201 3616 neque
3238 3543 3406 3616 agunt
3453 3543 3650 3616 aliquid

2085 3630 2254 3682 neque
2282 3616 2568 3682 patiuntur,
2599 3626 2655 3669 ut
2683 3624 2762 3670 est
2791 3614 2902 3680 sto,
2928 3617 3098 3682 jacco,
3117 3614 3298 3679 cubo,
3315 3615 3494 3669 sedeo.
3531 3614 3654 3668 llasc

2085 3685 2136 3736 in
2165 3684 2308 3736 nulla
2331 3686 2558 3748 actione,
2581 3685 2633 3738 in
2657 3686 2795 3738 nulla
2828 3686 3068 3753 passione
3092 3694 3232 3739 sunt.
3261 3686 3370 3740 Alia
3395 3685 3654 3738 neutralia

2083 3754 2248 3806 abusu
2295 3753 2454 3819 dicta,
2497 3771 2612 3822 qua:
2660 3754 2854 3808 habent
2895 3755 3177 3821 actionem,
3214 3755 3305 3808 sed
3355 3756 3659 3823 passionem.

2085 3823 2316 3876 nullam:
2351 3833 2406 3875 ttt
2443 3833 2589 3876 certo
2611 3865 2624 3888 ,
2653 3823 2809 3878 habet
2844 3825 3102 3878 actionem
3123 3866 3136 3886 ,
3169 3825 3260 3878 seti
3291 3840 3394 3879 non
3429 3824 3652 3878 dicimus

2085 3901 2292 3958 certor,
2325 3901 2379 3945 ut
2404 3908 2577 3947 curro.
2611 3894 2687 3947 Ex
2723 3908 2828 4016 quo
2857 3909 2986 3948 sono
3012 3895 3174 3947 multa
3204 3905 3322 3947 sunt
3344 3935 3358 3957 ,
3387 3911 3502 3963 quze
3531 3909 3660 3946 cum.

2086 3963 2137 4016 in
2167 3978 2198 4014 ο
2227 3972 2439 4016 exeunt.
2469 3979 2530 4016 or
2559 3980 2663 4016 non
2692 3979 2718 4014 a
2763 3964 3008 4016 mittunt.
3041 3972 3095 4016 ut
3120 3963 3232 4016 lucc
3259 3965 3414 4016 verba
3433 4006 3446 4016 .
3481 3979 3651 4016 nmmo

2086 3963 2137 4016 in
2167 3978 2198 4014 ο
2227 3972 2439 4026 exeunt,
2469 3979 2530 4016 or
2559 3980 2663 4016 non
2692 3963 3008 4027 admittunt,
3041 3972 3095 4016 ut
3120 3963 3232 4018 lucc
3259 3965 3414 4018 verba
3433 4006 3446 4028 ,
3481 3979 3651 4032 pugno

2085 4047 2285 4100 pugnas
2305 4042 2520 4100 pugnat,
2544 4033 2678 4086 bello
2700 4034 2862 4086 bellas
2883 4033 3063 4097 bellat,
3083 4048 3238 4087 emno
3258 4048 3436 4086 coenas
3456 4042 3670 4098 comat,

2087 4111 2209 4155 nato
2247 4112 2393 4154 natas
2435 4111 2605 4168 natat,
2636 4102 2848 4156 ambulo
2888 4103 3122 4157 ambulas
3165 4104 3432 4169 ambulat,
3465 4105 3653 4172 navigo

2086 4172 2298 4240 navigas
2329 4173 2567 4241 navigat,
2599 4187 2840 4226 commeo
2876 4187 3142 4226 commeas
3166 4181 3457 4238 commeat,
3488 4182 3654 4226 aestuo

2086 4249 2280 4312 aestuas
2311 4250 2516 4312 aestuat,
2548 4257 2713 4311 regno
2736 4256 2927 4312 regnas
2954 4251 3155 4312 regnat,
3188 4243 3302 4310 gelo
3328 4243 3470 4311 gelas
3494 4243 3651 4312 gelat,

2087 4309 2206 4363 dico
2235 4311 2377 4364 dicas
2415 4311 2574 4376 dicat,
2603 4309 2783 4365 exsule
2808 4309 3267 4376 exsulas'exsulat,
3299 4309 3540 4366 sacriﬁco
3567 4328 3652 4364 sa-

2087 4379 2293 4433 crificas
2321 4382 2599 4446 sacrificat,
2622 4381 2878 4434 cachinno
2901 4382 3184 4435 cachinnas
3210 4383 3507 4436 cachinnat.
3535 4384 3654 4436 llmc

2087 4449 2261 4501 omnia
2293 4452 2474 4516 prima:
2504 4450 2882 4520 conjugationis
2907 4460 3048 4515 sunt,
3076 4467 3192 4518 qute
3221 4452 3504 4506 secundam
3535 4467 3654 4520 per-

2089 4529 2271 4570 sonam
2302 4522 2484 4571 horum
2509 4520 2742 4572 omnium
2770 4519 3046 4573 verborum
3075 4521 3124 4572 in
3152 4536 3212 4576 as
3235 4521 3488 4591 syllabam
3519 4519 3652 4591 finit-

2090 4595 2226 4659 tunt,
2256 4596 2311 4641 ut
2336 4603 2456 4640 amo
2480 4602 2648 4653 amas,
2678 4597 2832 4643 canto
2861 4601 3062 4652 cantas,
3089 4591 3239 4658 pulso
3266 4590 3461 4659 pulsas,
3508 4590 3656 4643 freno

2089 4655 2285 4724 frenas,
2316 4672 2464 4710 armo
2486 4673 2681 4724 armas,
2707 4659 2954 4727 impugno
2984 4655 3280 4729 impugnas,
3309 4660 3442 4713 saltu
3471 4659 3652 4720 saltas,

2088 4741 2249 4806 curvo
2288 4739 2497 4807 curvas,
2540 4743 2970 4809 pugtto‘pttgnas.
3018 4728 3157 4809 Ergo
3202 4729 3389 4809 audisti
3437 4730 3655 4798 primam

2089 4795 2691 4866 conjugationem,’scire
2715 4795 2874 4852 debes
2898 4795 3178 4853 secundam
3207 4799 3349 4852 verbi
3380 4795 3657 4865 personam

2092 4882 2184 4932 per
2208 4882 2266 4920 as
2305 4867 2560 4934 syllabam
2593 4869 2758 4922 exire.
2788 4867 2915 4920 Nam
2949 4867 3069 4921 inde
3106 4868 3297 4921 dicitur
3325 4866 3622 4937 coniugatio
3642 4907 3656 4931 ,

2085 4940 2226 5010 quod
2254 4941 2354 4995 sibi
2384 4939 2448 5011 ad
2481 4955 2643 4994 unum
2670 4939 3048 5011 sonumgmulta
3074 4938 3530 5011 conjttttgat._ﬂzee
3550 4952 3665 5011 con.

2080 5009 2381 5081 jugatioues
2417 5009 2587 5065 Grreci
2610 5021 2826 5076 συζυγίας
2845 5010 3046 5064 dicunt.
3076 5009 3166 5064 Sic
3192 5017 3245 5063 et
3270 5009 3459 5063 similia
3491 5009 3687 5063 omnia.

2089 5081 2185 5136 hac
2209 5083 2420 5136 inventa
2445 5082 2730 5148 percurris.

2275 5171 2500 5226 CAPUT
2540 5169 2654 5223 XV.
2681 5201 2749 5208 —
2771 5168 2842 5222 De
2869 5169 3088 5222 secunda
3113 5169 3484 5240 conjugatione.

2155 5240 2392 5296 Secunda
2424 5250 2599 5295 autem
2623 5240 2925 5310 conjugatio
2943 5248 3026 5294 est
3046 5257 3163 5309 qua:
3187 5238 3236 5293 in
3261 5238 3491 5295 secunda
3517 5238 3667 5294 simi-

2087 5310 2207 5366 liter
2236 5326 2462 5380 persona
2493 5310 2767 5380 quarritur,
2800 5320 2852 5366 et
2877 5312 2985 5364 exit
3009 5327 3101 5380 per
3123 5326 3200 5375 es,
3232 5321 3288 5364 ιιι
3314 5321 3467 5366 teneo
3499 5319 3664 5373 tenes,

2087 5381 2298 5450 praebeo
2345 5382 2550 5450 prmbes
2571 5422 2585 5445 ,
2611 5398 2800 5435 moneo
2852 5397 3038 5436 tuones
3057 5423 3072 5447 ,
3103 5382 3257 5436 doleo
3288 5381 3459 5448 doles,
3489 5389 3670 5450 tergeo

2085 5460 2277 5521 terges,
2304 5467 2461 5506 arceo
2482 5467 2653 5516 arces,
2683 5467 2814 5520 egeo
2837 5466 2962 5520 eges
2980 5492 2996 5517 ,
3034 5461 3208 5506 torreo
3243 5461 3434 5518 terres,
3462 5451 3675 5506 mulceo

2086 5525 2309 5586 mulces,
2341 5521 2536 5592 impleo
2565 5523 2775 5590 imples,
2801 5523 3043 5590 compleo
3083 5523 3340 5592 comples,
3372 5522 3552 5591 repleo
3580 5537 3666 5574 re-

2087 5593 2218 5661 νιος,
2246 5593 2468 5662 supplet)
2489 5594 2722 5660 supplcs,
2752 5593 2967 5646 tuortlco
2996 5593 3229 5658 utordes,
3249 5592 3484 5662 spondeo
3504 5608 3667 5661 spon-

2087 5666 2201 5728 tles,
2230 5672 2280 5720 ct
2307 5665 2449 5717 talia.
2487 5664 2548 5718 Et
2580 5663 2660 5717 his
2688 5662 2934 5734 adjicitur
2965 5681 2989 5717 r
3019 5663 3210 5728 littera,
3231 5674 3282 5718 ct
3307 5663 3436 5718 fiunt
3459 5664 3665 5734 ριιδοίνιι
