4138 6364
503 217 640 273 1599

496 346 688 392 teneor
707 337 923 401 teneris,
945 336 1192 392 mordeor
1207 336 1486 395 morderis.
1506 347 1691 388 arceor
1705 332 1924 398 arceria,
1946 330 2076 387 mul-

496 421 625 461 ceor
649 408 917 475 mulceris,
961 409 1184 477 impleor
1221 408 1473 476 impleris.
1503 405 1796 477 Declinahis
1821 403 1934 458 ιιωο
1955 415 2076 477 pas-

496 477 608 530 siva
641 492 735 545 per
780 471 964 533 modos
1008 471 1061 532 εὶ
1090 471 1324 545 tempora
1350 485 1404 530 et
1432 490 1704 544 personas.
1737 473 1839 545 Per
1864 471 2073 536 modos,

499 556 559 600 ut
597 544 731 608 dixi,
776 547 1139 612 intlicativum,
1187 544 1574 614 imperativum,
1602 544 1912 614 optativum,
1943 556 2074 614 con-

493 616 809 682 junctivum,
844 618 1179 681 inﬁnitivum,
1213 612 1314 670 hoc
1337 624 1420 670 est
1447 614 1588 684 quod
1612 613 1720 668 dixi
1752 629 1844 683 per
1867 612 2071 684 modos.

498 680 604 740 Per
625 695 863 756 tempora
881 697 1079 752 autem,
1103 687 1153 740 id
1171 696 1251 741 est
1279 680 1558 756 praeterita,
1587 680 1866 756 praase’ntia
1891 682 1980 737 vel-
2001 680 2078 756 fu-

497 765 635 810 tura.
665 752 926 812 Personas
963 765 1139 811 autem
1183 752 1311 820 dixi,
1345 755 1531 825 prima,
1560 752 1790 808 secunda
1817 760 1870 806 et
1900 752 2074 818 tertia,

500 835 558 879 ιιι
588 836 774 882 teneor
803 826 998 882 teneris
1025 834 1260 889 tenetur;
1288 834 1342 880 et
1371 825 1644 894 pluraliter
1667 833 1909 894 tenemur
1933 831 2078 876 tene-

499 896 630 951 mini
657 905 922 951 tenentur.
967 896 1092 951 Haec
1131 896 1266 951 sicut
1291 890 1419 962 dixi,
1449 893 1772 950 observabis.
1803 890 1912 947 Sed
1947 907 2080 962 quo-

500 967 663 1051 modo
689 976 745 1022 ut
771 969 1014 1051 superius
1040 967 1170 1051 dixi,
1195 967 1362 1051 prima
1405 965 1706 1051 conjugatio
1735 961 2077 1051 rqum‘exit_iit

500 1051 582 1105 as,
604 1047 662 1093 ut
680 1054 801 1093 amo
820 1035 994 1107 a‘mas,
1014 1039 1152 1107 capit
1171 1037 1224 1092 et
1248 1037 1405 1091 verba
1429 1035 1706 1107 neutralia,
1731 1043 1786 1107 u_t
1806 1042 1956 1107 certo
1972 1047 2081 1086 cer-

501 1102 604 1172 tas,
637 1118 760 1163 nato
788 1102 1040 1168 natas—in
1061 1102 1251 1178 quibus
1277 1123 1303 1159 r
1324 1107 1504 1178 littera
1521 1119 1623 1178 non
1641 1104 1934 1178 admittitur
1951 1117 2081 1178 inec

501 1179 644 1232 enim
674 1179 898 1233 dicimus
945 1173 1137 1241 cei-tor,
1171 1186 1356 1231 nator:
1386 1177 1462 1230 sic
1491 1175 1542 1228 in
1576 1175 1674 1229 hac
1713 1173 2082 1242 coniugatione

499 1249 755 1324 secunda,
784 1264 902 1321 quae
931 1249 1038 1324 exit
1063 1248 1114 1302 in
1144 1262 1228 1312 eo,
1257 1261 1336 1311 es,
1369 1255 1424 1298 ut
1450 1260 1644 1324 moneo
1682 1241 1894 1324 mones,
1914 1241 2081 1324 doceo

502 1317 690 1386 dooes,
713 1315 836 1373 sunt
880 1319 1064 1384 multa,
1104 1333 1220 1385 (una:
1265 1330 1373 1370 non
1407 1315 1693 1379 admittunt
1718 1330 1744 1368 r
1771 1315 1998 1386 litteram
2029 1315 2080 1367 in

501 1383 944 1458 primapersona.
988 1398 1043 1441 ut
1085 1383 1232 1458 algeo
1274 1386 1440 1458 alges,
1472 1397 1648 1458 seateo
1673 1383 2084 1452 scateszalgeor

503 1455 646 1512 enim
674 1455 776 1513 n'on
806 1467 890 1513 est
917 1455 1164 1512 latinum}
1189 1459 1267 1510 sic
1297 1455 1475 1510 ferveo
1505 1456 1693 1519 ferves,
1743 1463 1926 1522 torpeo
1972 1463 2082 1506 tor-

503 1542 620 1598 pes,
646 1529 851 1597 pendeo
882 1529 1095 1597 pendes,
1131 1527 1339 1598 invideo
1379 1524 1581 1598 invides
1610 1542 1622 1579 :
1651 1524 1888 1598 quamvis
1902 1523 2084 1598 _iloraj

505 1593 614 1653 tius
641 1593 792 1668 poeta
819 1593 1042 1675 inirideor
1064 1597 1253 1675 dixerit
1275 1595 1362 1675 (In
1386 1596 1504 1649 Arte
1532 1593 1757 1675 Poetica,
1782 1610 1826 1646 υ.
1857 1594 1970 1675 iiii),
1992 1593 2082 1648 sed

505 1663 656 1722 nova'
695 1670 1076 1736 usurpatione:
1115 1669 1192 1721 sic
1233 1663 1442 1721 emineo
1485 1666 1709 1736 emines,
1740 1679 1836 1718 nec
1864 1663 2086 1736 dicimus

508 1739 765 1805 emin‘eor.
800 1733 1039 1793 llteduae
1076 1737 1468 1806 coniugationes
1519 1735 1685 1804 prima
1735 1744 1787 1787 et
1830 1733 2080 1799 secunda,

507 1823 640 1889 quas
670 1809 898 1889 diximus
939 1809 1084 1889 exire
1116 1808 1165 1861 in
1193 1822 1252 1860 as
1281 1815 1334 1860 et
1361 1807 1418 1889 in
1438 1821 1516 1870 es,
1545 1814 1602 1859 ut
1629 1819 1749 1889 amp
1773 1817 1939 1889 amas,
1967 1819 2088 1889 nio-

505 1874 610 1932 rieo
639 1895 842 1937 mones.
877 1879 1107 1933 futurum
1152 1891 1362 1944 semper
1406 1885 1612 1944 tempus
1641 1875 1695 1928 in
1722 1875 1789 1929 bo
1829 1874 2084 1943 syllabam

507 1950 744 2006 mittunt.
777 1958 830 2002 ut
859 1949 1068 2011 amabo,
1099 1948 1346 2009 monebo.

580 2019 806 2076 CAPUT
847 2015 984 2072 XVI.
1011 2047 1081 2059 ——
1098 2017 1175 2082 De
1201 2018 1342 2071 tertia
1371 2024 1417 2069 et
1440 2024 1619 2086 quarta
1645 2014 2013 2086 coniugatione.

579 2089 668 2144 Sic
695 2090 931 2144 servabis
961 2088 1274 2156 ubicumque
1301 2085 1532 2140 futurum
1571 2094 1777 2156 tempus
1803 2085 1852 2138 in
1880 2085 1948 2139 bo
1976 2085 2086 2156 syl-

506 2158 681 2234 labam
708 2160 904 2224 mittas,
933 2159 1053 2234 quia
1086 2155 1208 2212 sunt
1231 2157 1347 2234 alia:
1367 2156 1490 2234 _dua:
1519 2155 1936 2234 conjugationes,
1969 2155 2088 2234 quae

506 2227 742 2293 futurum
788 2226 993 2297 tempus
1023 2228 1074 2282 in
1117 2243 1200 2280 am
1227 2227 1484 2298 syllabam
1514 2226 1744 2298 mittant,
1776 2241 1880 2280 non
1913 2227 1964 2280 in
1995 2226 2084 2292 bo,

506 2305 564 2353 et
590 2308 842 2354 vocantur
871 2301 998 2367 ipsa:
1026 2297 1422 2366 eotijitgationes
1446 2297 1600 2355 tertia
1630 2305 1870 2367 correpta
1896 2303 1958 2367 et
1977 2305 2086 2350 ter-

504 2369 576 2422 tia
605 2366 1088 2438 producta."l’ertia
1118 2376 1360 2438 correpta
1403 2376 1501 2430 est,
1555 2383 1672 2438 quae
1722 2366 2087 2438 imperativum

505 2436 722 2494 modum
752 2441 802 2493 in
831 2455 861 2493 e
886 2448 1182 2507 correptam
1212 2437 1405 2507 mittit,
1426 2445 1480 2490 ιιι
1507 2437 1699 2507 scribe,
1732 2436 1876 2499 tolle,
1904 2452 2086 2505 carpe,

505 2509 717 2590 occide,
743 2500 1054 2590 scre,lcge.'
1080 2500 1219 2590 Ergo
1238 2500 1410 2561 vidisti
1437 2506 1800 2590 imperativum
1819 2507 1895 2560 sic
1918 2500 2085 2590 exire.

503 2578 681 2633 Tertia
705 2578 1206 2649 itaque'conjugatio
1225 2588 1307 2632 est
1333 2586 1595 2646 correpta,
1623 2592 1978 2649 quaesemper
2004 2578 2085 2649 fu-

504 2657 682 2719 turum
710 2647 915 2719 tempus
940 2647 1104 2704 inani
1131 2649 1309 2712 mittit,
1338 2662 1605 2719 nunquam
1653 2649 1702 2719 in
1749 2647 1834 2710 bo,
1868 2656 1924 2700 ut
1951 2647 2088 2701 scri-

502 2718 648 2795 bam.
695 2716 887 2795 legam,
923 2721 1126 2795 tollam,
1158 2734 1370 2795 carpam
1392 2736 1404 2770 :
1427 2719 1556 2795 _quia
1584 2716 1804 2795 latinum
1835 2731 1938 2770 non
1984 2728 2085 2795 est,

500 2789 551 2854 si,
577 2787 771 2854 dixerit
799 2792 938 2857 quis,
985 2787 1262 2854 scribebo,
1305 2788 1515 2857 legebo,
1570 2787 1783 2852 tollebo,
1836 2787 2083 2854 carpcbo.

501 2857 681 2915 Tertia
709 2861 954 2920 similiter
981 2859 1282 2929 eonjugatio
1324 2858 1575 2927 producta
1604 2873 1668 2910 ex
1708 2857 1894 2929 eodem
1925 2858 2089 2929 impe-

498 2930 673 2994 rativo
699 2931 856 2985 modo
880 2927 1165 2999 colligitur:
1199 2930 1328 2983 Cum
1360 2929 1498 2981 enim
1532 2927 1872 2999 imperativus
1898 2927 2089 2984 modus

497 3001 610 3056 exit
631 3002 680 3056 in
710 3001 724 3054 i
751 3002 1000 3064 litteram,
1023 2998 1029 2999 7
1052 2999 1204 3054 tertia
1251 2999 1549 3066 conjugatio
1593 2998 1846 3068 producta
1897 3005 1997 3057 est,
2029 3009 2087 3053 ut

497 3071 644 3137 audi,
674 3073 832 3136 nutri,
861 3072 1019 3136 senti,
1047 3070 1211 3134 muni,
1236 3070 1394 3133 sarci,
1425 3069 1553 3135 leni,
1581 3067 1634 3122 et
1661 3069 1804 3122 talia.
1829 3067 2088 3123 Similiter

498 3141 662 3195 etiam
686 3143 798 3204 hmc
822 3141 1051 3196 futurum
1079 3149 1285 3209 tempus
1307 3140 1356 3191 in
1378 3154 1463 3192 am
1487 3141 1724 3204 mittunt,
1744 3149 1802 3192 ut
1826 3141 2083 3205 muniam,

496 3211 996 3281 leniam,nutriam,
1027 3209 1258 3281 audiam.
1289 3209 1399 3281 Sed
1426 3209 1576 3262 tertia
1607 3216 1852 3281 correpta
1886 3209 1939 3262 in
1963 3210 2083 3281 inﬁ-

496 3281 613 3343 nito
641 3279 805 3337 modo.
827 3297 856 3336 e
886 3291 1184 3348 correptam
1218 3279 1374 3346 habet
1401 3288 1522 3333 ante
1553 3279 1893 3332 novissimam
1921 3280 2082 3348 sylla-

496 3350 653 3420 bam,
668 3361 724 3408 ιιι
749 3352 1001 3417 scribere,
1024 3352 1224 3418 legere,
1249 3350 1452 3412 tollere,
1478 3358 1528 3403 et
1554 3349 1672 3420 talia
1696 3365 1707 3401 :
1731 3349 1885 3420 tertia
1908 3359 2082 3404 autem

497 3417 753 3490 producta
785 3422 942 3475 habet
971 3423 1021 3474 in
1050 3417 1458 3490 autcnovissitna
1487 3419 1683 3488 syllaba
1717 3419 1779 3490 in
1812 3420 2016 3473 inﬁnito
2045 3423 2080 3485 i,

498 3489 619 3562 qua:
648 3492 1092 3562 producitur,ut_
1112 3491 1339 3562 munire,
1367 3489 1559 3562 lenire,
1587 3489 1814 3562 .autlire,
1863 3493 2079 3562 sarcire,

499 3557 718 3624 sentire,
751 3562 949 3619 venire.
982 3560 1129 3616 Unde
1157 3561 1206 3614 in
1237 3559 1482 3614 omnibus
1512 3559 1686 3613 verbis
1715 3561 1794 3612 lia:
1825 3560 2080 3629 coniuga-

497 3631 674 3687 tiones
697 3633 1069 3697 observantur,
1102 3646 1219 3700 qua:
1245 3639 1438 3684 exeunt
1468 3629 1520 3681 in
1549 3644 1607 3684 as
1625 3638 1708 3700 et
1728 3629 1786 3700 iu
1819 3645 1896 3693 es,
1942 3629 2082 3684 futu-

497 3717 616 3772 rum
649 3711 857 3772 tempus
885 3704 934 3772 in
962 3701 1028 3754 bo
1059 3697 1288 3765 mittunt,
1315 3709 1377 3772 ut
1393 3702 1586 3767 smpius
1606 3697 1731 3772 dixi.
1757 3699 1885 3766 Qua:
1906 3710 2081 3762 autem

497 3770 553 3838 in
578 3773 622 3826 is
646 3770 860 3837 exeunt,
886 3771 1114 3825 futurum
1140 3781 1345 3839 tempus
1367 3771 1416 3827 i_n
1448 3785 1530 3822 am
1555 3771 1786 3833 mittunt,
1815 3786 2081 3839 nunquam

497 3841 552 3907 in
585 3841 684 3909 bo,
705 3843 802 3898 nisi
845 3842 1155 3896 auctoritate
1183 3850 1534 3909 praesumpta:
1564 3855 1684 3893 nam
1713 3854 1802 3893 ars
1831 3839 1930 3894 hoc
1957 3856 2080 3910 pro-

497 3910 666 3975 hibet.
695 3911 798 3968 Sed
825 3914 995 3981 aliqua
1026 3911 1184 3966 verba
1213 3910 1458 3979 ponimus
1488 3910 1660 3981 tertia;
1695 3910 2081 3981 conjugationjs

498 3993 778 4052 correptae,
807 3999 870 4038 ex
900 3979 1089 4052 quibus
1116 3990 1170 4036 et
1197 3981 1297 4033 alia
1342 3980 1703 4049 consequaris.
1734 3979 1871 4052 Sunt
1904 3993 2080 4052 autem

499 4050 616 4107 haec
637 4050 810 4124 :‘lego,
837 4050 982 4116 tollo,
1007 4051 1172 4121 erige,
1201 4065 1380 4124 carpo,
1403 4063 1684 4118 cognosco,
1713 4050 1883 4119 capio,
1915 4050 2076 4124 fugin,

499 4138 704 4193 mergo,
731 4120 878 4183 sero,
908 4120 1106 4193 arguo,
1133 4120 1352 4193 accipio,
1400 4134 1561 4193 pono,
1608 4135 1776 4184 sumo,
1823 4120 2074 4193 accendo,

500 4190 986 4262 expono,'incipio.’
1010 4191 1136 4246 Htec
1180 4191 1445 4258 accipiunt
1470 4190 1768 4262 rlitteram,
1800 4199 1854 4262 ct
1882 4190 2079 4262 faciunt

499 4260 708 4332 passiva
748 4263 904 4315 Verba
937 4262 1102 4329 legor,
1153 4275 1365 4328 carpor,
1414 4260 1642 4332 capior,
1675 4269 1776 4314 etc.
1823 4261 1936 4332 Sub
1980 4262 2078 4318 hac

499 4330 670 4392 [arma
719 4339 842 4386 sunt
885 4333 1158 4391 neutralia,
1191 4345 1308 4399 qua:
1349 4345 1452 4383 non
1482 4330 1746 4398 accipiunt
1773 4331 2074 4398 rlitteram,

499 4413 559 4462 ut
587 4399 757 4464 cado:
789 4417 892 4459 non
938 4402 1080 4457 enim
1104 4401 1330 4472 dicimus
1372 4400 1550 4454 cador.
1598 4399 1723 4454 Itoni
1759 4417 1872 4465 ruo,
1907 4417 2076 4472 neque

499 4473 639 4535 enim
668 4471 888 4526 dicimus
908 4487 1038 4527 ruor
1057 4491 1074 4527 ;
1091 4471 1252 4538 facio,
1274 4486 1443 4539 neque
1467 4472 1607 4524 enim
1634 4472 1860 4525 dicimus
1890 4471 2073 4528 facior.

498 4541 630 4600 ltem
660 4541 913 4612 fulgesco,
959 4543 1184 4608 nitesco,
1225 4543 1489 4610 l'ervesco,
1534 4541 1764 4609 algesco,
1807 4552 2072 4611 torpesco,

496 4627 802 4683 Compesce,
835 4613 1096 4683 nigresco.
1133 4613 1255 4669 Ilaec
1297 4613 1470 4683 omnia
1503 4627 1530 4664 r
1554 4612 1781 4666 litteram
1829 4627 1931 4674 non
1978 4612 2074 4666 ba-

497 4681 645 4746 bent,
675 4693 728 4738 et
755 4681 1000 4738 dicuntur
1029 4683 1184 4736 verba
1215 4681 1471 4743 neutralia
1497 4697 1616 4750 qua:
1645 4693 1838 4744 exeunt
1869 4685 1918 4735 in
1957 4699 2070 4738 sco.

498 4751 639 4874 litigo
655 4755 911 4814 neutralia
931 4752 1236 4814 memineris
1257 4766 1485 4821 semper,
1511 4766 1776 4822 nunquam
1798 4752 2080 4809 admittere

498 4837 526 4874 Ι·
575 4832 802 4874 ttleram.

497 4837 526 4875 l'
557 4823 802 4876 Iitleram.

494 4889 723 4956 CAPUT
764 4893 922 4960 XVII.
952 4923 1022 4932 -—-
1049 4892 1122 4946 De
1150 4893 1293 4955 verba
1321 4892 1576 4948 communi.
1615 4891 1748 4953 unde
1785 4892 2002 4961 dicatur,
2030 4902 2075 4948 et

924 4963 986 5016 de
1012 4964 1362 5033 conjugatione
1389 4963 1634 5033 ejusdem.

570 5033 864 5088 Remanent
892 5034 996 5088 duo
1020 5031 1117 5085 alia
1149 5031 1305 5088 verba
1336 5031 1453 5102 qua:
1485 5032 1787 5088 communia
1829 5031 2081 5097 dicuntur.

497 5117 552 5159 et
591 5103 937 5172 deponentia.
980 5103 1082 5158 Sed
1129 5105 1426 5167 communia
1475 5103 1594 5158 ideo
1638 5103 1904 5168 dicuntur,
1951 5105 2072 5172 quia

497 5175 852 5229 communiter
891 5173 1045 5228 simul
1092 5181 1273 5239 tenent
1317 5174 1414 5235 sub
1463 5188 1568 5226 uno
1610 5187 1742 5227 sono
1770 5174 2002 5238 activum,
2019 5183 2075 5228 et

496 5239 783 5314 paSsivum.
831 5241 1108 5310 Quomodo
1150 5243 1204 5302 in
1251 5243 1550 5314 nominibus
1599 5258 1764 5313 genus
1791 5258 2074 5308 commune

494 5313 686 5368 dicitur
709 5315 852 5384 quod
875 5323 928 5369 et
954 5314 1297 5384 masculinum
1317 5322 1522 5384 tenetet
1537 5313 1840 5384 femininum
1854 5314 1950 5384 sub
1968 5329 2083 5377 uno.

495 5397 650 5446 sonu,
684 5383 1036 5450 ut’sacerdos,
1073 5384 1256 5451 homo,
1284 5383 1369 5440 hic
1399 5394 1451 5438 et
1482 5383 1595 5437 haec
1633 5383 1882 5438 sacerdos
1927 5383 2069 5449 facit,

494 5451 585 5507 hic
611 5463 660 5506 ct
691 5453 802 5509 haec
826 5455 1013 5519 homo;
1045 5453 1121 5508 sic
1147 5463 1200 5508 et
1222 5455 1378 5508 verba
1403 5455 1701 5520 communia
1723 5454 1998 5507 dicuntur:
2019 5463 2075 5510 ct

495 5537 766 5593 nunquam
794 5524 1064 5593 deponunt
1093 5540 1120 5578 r
1148 5525 1396 5588 litteram,
1426 5538 1494 5577 ne
1523 5538 1626 5577 non
1651 5523 1758 5577 sint
1783 5522 1962 5576 latina.
2003 5523 2073 5580 Ut

493 5591 726 5657 osculor,
758 5593 800 5648 si
833 5591 982 5648 tollas
1010 5610 1038 5649 r
1065 5595 1290 5649 litteram
1317 5600 1371 5649 et
1397 5593 1543 5648 dicas
1585 5594 1787 5659 osculo,
1832 5608 1938 5647 non
1990 5605 2072 5650 est

493 5661 735 5718 latinum.
769 5665 832 5718 Et
857 5665 1078 5720 (IICIIIIHS
1099 5681 1217 5727 cum
1237 5666 1455 5736 agimus,
1482 5665 1690 5720 osculor
1714 5675 1790 5732 te;
1821 5663 1948 5720 dum
1967 5679 2060 5720 au-

1699 217 1783 272 DE
1830 211 2274 277 GRAMMATICA
2312 218 2532 277 LIBER.

3626 219 3770 281 1400

2185 337 2292 383 tem
2317 329 2545 398 patimur
2565 335 2618 383 et
2641 328 2708 383 ab
2733 329 2837 385 alio
2853 330 3130 393 afﬁcimur,
3151 331 3376 387 dicimus
3392 332 3604 388 osculor
3625 350 3654 388 a
3681 347 3767 390 te:

2184 401 2261 454 sic
2289 399 2546 475 criminor
2573 407 2644 462 te,
2677 415 2783 455 non
2825 402 3226 475 critniuo,_cum
3255 404 3520 475 actionem
3565 405 3767 475 signiti-

2181 484 2384 536 camus,
2418 469 2467 522 id
2498 479 2580 523 est
2615 484 2735 523 cum
2761 472 2964 528 crimen
2991 473 3289 540 objicimus,
3330 472 3582 528 criminor
3607 469 3658 530 te
3680 477 3768 531 dio

2181 540 2381 613 cimus;
2409 549 2731 613 comantem
2763 543 2963 596 crimen
2990 543 3436 613 nobisobjicitur.
3467 545 3767 603 criminora

2184 618 2236 683 te
2261 609 2506 683 dicimus,
2540 609 2591 683 i_d
2621 624 2704 683 est
2731 614 2932 667 crimen
2959 627 2988 665 a
3021 621 3072 667 te
3096 609 3273 676 audio,
3305 622 3362 668 et
3387 622 3468 668 est
3502 615 3768 683 signiﬁca-

2186 681 2258 732 tio
2284 681 2514 754 passiva.
2545 681 2884 736 Declinantur
2906 691 3081 737 autem
3112 684 3272 754 verba
3292 683 3405 738 base
3423 681 3768 754 utsuperiora

2183 765 2278 823 per
2306 749 2512 823 modos,
2559 759 2795 823 tempora
2825 761 2878 807 et
2917 767 3191 821 personas.
3221 753 3486 823 Tempora
3513 749 3770 822 prtesenti

2184 820 2522 893 singulariter
2545 822 2800 875 criminor
2825 820 3129 877 criminaris
3149 820 3478 889 criminatur,
3501 820 3555 878 et
3582 825 3767 893 plura-

2186 890 2305 942 liter
2333 891 2675 944 criminamur
2702 893 3052 946 criminamiui
3086 895 3454 948 criminantur.
3487 890 3768 951 Prteteribo

2186 960 2497 1028 imperfecto
2526 961 2864 1029 singulariter
2891 963 3213 1019 criminabar
3254 965 3624 1018 criminabaris
3659 968 3768 1020 cri-

2188 1031 2505 1101 minabatur,
2538 1040 2588 1084 et
2614 1031 2884 1101 pluraliter
2911 1033 3322 1088 criminabamur
3342 1035 3771 1092 criminabamini

2185 1100 2919 1174 erimiimbantur.Praeterito
2946 1103 3182 1172 perfecto
3218 1104 3554 1174 singulariter
3589 1107 3772 1160 crimi-

2189 1178 2340 1222 natus
2369 1185 2506 1251 sum,
2534 1172 2840 1251 criminatus
2867 1188 2945 1251 es,
2975 1175 3285 1251 criminatus
3307 1172 3427 1251 est:
3456 1183 3509 1251 et
3548 1175 3771 1251 plurali-

2189 1248 2270 1293 ter
2306 1241 2568 1295 criminati
2597 1257 2804 1309 sumus,
2841 1243 3110 1298 criminati
3146 1246 3297 1308 esus,
3326 1241 3591 1299 criminati
3621 1255 3768 1300 sunt.

2189 1309 2462 1364 l'razterito
2500 1311 2774 1381 plusquam
2820 1315 3060 1382 perfecto
3093 1314 3430 1384 singulariter
3457 1317 3772 1372 criminatus

2188 1394 2355 1452 eram,
2385 1395 2536 1452 eras,
2556 1391 2669 1435 erat
2689 1401 2700 1436 :
2724 1393 2776 1437 et
2803 1385 3073 1452 pluraliter
3099 1385 3361 1438 criminati
3385 1399 3619 1450 eramus,
3646 1401 3771 1448 era,-

2191 1450 2276 1522 tis,
2299 1460 2468 1522 erant.
2499 1450 2695 1505 Futuro
2711 1450 3047 1522 singulariter
3062 1455 3383 1508 crimimbor
3401 1456 3772 1510 criminaberis

2188 1519 2553 1592 criminabitur
2583 1538 2597 1573 :
2637 1530 2691 1576 et
2719 1519 2990 1592 pluraliter
3029 1525 3426 1578 criminabimur
3463 1525 3771 1580 criminabi-

2190 1590 2316 1664 mini
2338 1590 2774 1664 criminabantur.
2795 1593 3139 1663 lmperativus
3158 1603 3331 1648 autem
3354 1594 3543 1648 modus
3557 1609 3771 1664 seraper

2191 1660 2444 1731 ingverbis
2473 1661 2526 1715 in
2573 1677 2631 1716 re
2659 1663 2782 1725 exit,
2814 1660 3046 1719 ut'dicas
3085 1665 3368 1719 criminare
3399 1665 3565 1731 illum,
3611 1667 3660 1719 id
3676 1660 3770 1720 est

2190 1729 2391 1784 crimen
2420 1731 2492 1784 illi
2538 1731 2736 1800 ingere.
2765 1734 3008 1801 Optativo
3033 1733 3192 1789 modo
3221 1735 3319 1800 sic,
3347 1729 3559 1789 utinam
3587 1737 3769 1790 crimi-

2192 1816 2347 1873 narer
2371 1801 2730 1856 criminareris
2756 1805 3158 1858 criminaretur:
3188 1814 3241 1859 et
3270 1805 3540 1873 pluraliter
3566 1807 3768 1860 utinam

2190 1871 2592 1926 criminaremur
2611 1874 3020 1928 criminaremini
3040 1871 3464 1929 criminarentur.
3494 1875 3788 1932 Praeterito.

2192 1940 2426 2009 perfecto
2455 1942 2794 2012 singulariter
2818 1945 3013 1998 utinam
3041 1945 3349 2000 criminatus
3369 1960 3566 2009 essem,
3588 1947 3771 2000 crimi-

2193 2021 2344 2064 natus
2371 2013 2879 2084 esses,gcriminatus
2907 2024 3082 2070 esset:
3105 2024 3156 2068 et
3192 2016 3462 2084 pluraliter
3500 2017 3770 2071 criminati

2192 2096 2451 2144 essemus,
2491 2082 2757 2138 criminati
2786 2085 2995 2151 essetis,
3027 2082 3294 2139 criminati
3330 2095 3525 2140 essent.
3569 2086 3782 2142 Futuro.

2192 2151 2527 2219 singulariter
2549 2153 2748 2207 utinam
2773 2155 3024 2210 criminer
3037 2157 3336 2210 crimineris
3357 2158 3696 2210 criminetur:
3715 2167 3771 2213 et

2193 2221 2467 2301 pluraliter
2494 2223 2838 2301 criminemur
2861 2225 3213 2301 e_riminemini
3242 2227 3770 2301 criminentur._Con-

2187 2291 2426 2364 junctivo
2464 2292 2622 2364 modo
2650 2295 2987 2364 singulariter
3025 2311 3145 2349 cum
3191 2297 3442 2351 criminer
3469 2297 3783 2354 criminerio-

2191 2361 2520 2435 criminetur.
2551 2361 2825 2435 Praeterito
2846 2366 3156 2435 imperfecto
3173 2367 3507 2434 singulariter
3520 2383 3639 2421 cum
3660 2369 3772 2422 cri-.

2193 2431 2810 2507 minarercriminareris
2834 2431 3222 2491 criminaretur.
3251 2431 3523 2492 Pmterito
3539 2437 3774 2507 perfecto

2193 2502 2528 2573 singulariter
2543 2519 2674 2558 .cum
2702 2505 3010 2562 criminatus
3052 2508 3170 2570 sim,
3201 2507 3510 2562 criminatus
3535 2502 3629 2573 sis,
3657 2510 3770 2563 cri-

2194 2572 2426 2644 minatus
2454 2573 2554 2627 sit:
2582 2583 2634 2628 et
2666 2575 2938 2642 pluraliter
2978 2577 3240 2631 criminati
3285 2578 3474 2644 simus,
3502 2572 3771 2635 criminati

2192 2642 2327 2717 sitis,
2347 2644 2619 2717 _criminati
2646 2645 2770 2717 sint.
2799 2645 3075 2701 Przeterito
3105 2648 3380 2717 plusquam
3409 2642 3640 2717 perfecto
3658 2651 3770 2704 sin-

2193 2713 2445 2784 gulariter
2463 2729 2580 2768 cum
2607 2715 2914 2770 criminatus
2937 2713 3128 2781 essem,
3157 2713 3466 2772 criminatus
3484 2732 3650 2784 esses,
3667 2720 3771 2774 cri-

2196 2781 2424 2858 minatus
2447 2793 2588 2858 esset
2608 2786 2991 2858 :_et_pluraliter
3013 2788 3273 2858 criminati
3302 2802 3562 2855 essemus,
3583 2781 3767 2858 crimi-

2195 2853 2306 2931 _nat_i
2328 2854 2535 2918 essetis,
2563 2855 2825 2931 criminati
2852 2866 3046 2912 essent.
3079 2857 3344 2931 Tempore
3383 2853 3559 2931 futuro
3584 2855 3767 2931 singu-

2191 2921 2374 2976 lariter
2403 2938 2533 3000 _cum
2576 2926 2888 3000 criminatus
2915 2942 3028 3000 ero,
3075 2921 3388 3000 eris,'erit:_
3403 2937 3457 3000 et
3498 2921 3772 3000 pluraliter

2192 3008 2312 3046 cum
2343 2995 2602 3068 criminati
2644 2997 2862 3068 erimus,
2907 2998 3077 3062 eritis,
3124 3007 3296 3053 erunt.
3341 2995 3512 3054 Modo’
3539 2995 3768 3068 inﬁnito,

2193 3079 2348 3141 quem
2371 3063 2601 3141 diximus
2621 3067 2790 3141 nullas
2805 3063 3100 3141 signiﬁcare
3123 3083 3395 3141 personas,
3419 3069 3543 3136 facit
3562 3063 3616 3124 in
3634 3063 3772 3141 pra}:

2192 3135 2350 3211 scnti,
2396 3136 2696 3211 criminari;
2731 3138 2794 3211 in!
2813 3135 3101 3211 praeterito,
3124 3135 3479 3211 criminatum
3522 3135 3686 3211 esse;
3711 3140 3768 3196 in

2193 3203 2387 3272 futuro,
2417 3203 2866 3273 criminatumiri.
2899 3208 2980 3262 Ad
3021 3203 3157 3266 hanc
3200 3208 3422 3263 formam
3469 3203 3772 3274 communia

2191 3274 2350 3329 verba
2381 3275 2668 3332 declinabis
2697 3278 2805 3333 sic:
2831 3277 3030 3344 hortor,
3061 3279 3287 3346 jaculor,
3317 3282 3554 3348 osculor,
3589 3281 3767 3338 nidiﬁ-

2190 3360 2302 3409 cor,
2329 3353 2489 3422 tutor,
2522 3349 2786 3422 consolor,
2811 3359 3037 3422 scrutor,
3058 3365 3260 3422 _moror,
3293 3349 3528 3418 feneror,
3559 3355 3766 3422 ample-

2190 3425 2324 3480 ctor,
2351 3425 2404 3492 et
2431 3417 2594 3483 furor,
2612 3421 2764 3492 _unde
2785 3429 2866 3474 est
2888 3420 3030 3474 furor
3051 3419 3240 3474 furaris
3273 3422 3498 3492 furatur,
3515 3417 3768 3492 comi-tor,

2191 3485 2459 3564 recordor,
2493 3489 2837 3556 reminiscor,
2866 3499 3210 3559 percunctor,
3229 3491 3423 3564 minor,
3451 3485 3647 3564 gestor,
3689 3485 3770 3563 pi;

2191 3571 2328 3618 scor,
2359 3557 2572 3621 odoror,
2603 3557 3082 3633 aucuporfveuor,
3113 3557 3764 3633 contemplerIspeculor,

2190 3634 2383 3699 sector,
2409 3630 2884 3699 veneror,_dignor,
2909 3645 3114 3698 precor,
3141 3631 3378 3698 miseror,
3403 3630 3581 3698 trador,
3606 3633 3657 3689 id
3677 3630 3769 3697 est

2191 3698 2430 3774 lidedico,
2464 3698 2773 3774 calumnio‘r,
2793 3711 2865 3774 _ct
2893 3701 3019 3754 talia
3049 3717 3457 3774 quzenunquam
3486 3702 3766 3774 deponunt

2190 3783 2216 3821 r
2242 3768 2645 3841 litterammam
2691 3770 2735 3823 si
2776 3768 3078 3840 deponunt,
3102 3771 3260 3825 latina
3303 3768 3406 3826 non
3447 3768 3586 3827 sunt'.
3630 3773 3776 3841 Quis,

2187 3839 2324 3913 enim
2345 3839 2492 3913 _dicat
2516 3839 2817 3913 reminisco,
2846 3839 2936 3894 aut
2969 3841 3211 3906 recordo,
3247 3843 3324 3896 vel
3353 3843 3533 3910 digno,
3565 3839 3773 3913 vel—see.

2185 3909 2310 3988 cto?
2342 3910 2479 3980 Ergo
2515 3911 2818 3966 memineris
2841 3912 2951 3966 lucc
2972 3925 3183 3982 semper
3206 3927 3327 3968 cum
3348 3929 3375 3967 r
3400 3909 3572 3968 littera
3597 3911 3768 3977 cunne.

2187 3987 2334 4035 nare.

2408 4048 2633 4122 CAPUT
2673 4051 2855 4122 XVIII.
2879 4083 2947 4092 —
2970 4051 3047 4106 De
3071 4053 3216 4110 verbo
3242 4053 3528 4122 deponenti.

2255 4120 2436 4175 Restat
2476 4121 2694 4192 verbum
2724 4121 3021 4191 deponens,
3062 4123 3201 4192 quod
3239 4120 3360 4182 ideo
3388 4124 3600 4190 dicitur,
3642 4125 3760 4192 quia

2182 4189 2400 4259 deponit
2425 4191 2619 4262 aliquid
2656 4191 2721 4245 de
2759 4189 3051 4262 quantitate
3080 4189 3391 4254 communis
3435 4195 3600 4248 verbi.
3632 4189 3762 4256 Nam

2182 4276 2301 4315 cum
2353 4261 2619 4330 participia
2666 4261 2892 4332 quatuor
2937 4263 3125 4317 habeat
3179 4264 3399 4328 verbum
3443 4280 3758 4320 commune:

2183 4347 2437 4404 pra-scus,
2472 4343 2527 4404 ut
2553 4332 2868 4404 criminans;
2900 4333 3150 4396 futurum,
3194 4335 3597 4400 criminaturus;
3627 4350 3763 4404 prte-

2182 4402 2414 4475 teritum,
2437 4402 2777 4475 criminatus;
2805 4403 3056 4475 futurum,
3083 4404 3445 4475 criminandus
3467 4421 3530 4471 :‘a
3555 4402 3759 4475 paésiva

2180 4473 2562 4541 significatione
2583 4474 2962 4540 eriminandus,
2987 4473 3086 4528 hoc
3111 4490 3215 4529 non
3245 4474 3400 4530 habet
3428 4473 3646 4530 verbum
3669 4476 3761 4535 des-

2181 4557 2413 4616 ponens.
2434 4543 2498 4596 Et
2518 4543 2637 4616 ideo
2666 4543 2857 4616 dicitur
2893 4543 3184 4616 deponens,
3209 4545 3328 4616 quia
3355 4545 3570 4614 deponit
3599 4561 3760 4616 unum

2181 4612 2700 4695 participiuinfuturi
2727 4615 2976 4695 temporis
2996 4629 3034 4695 _a
3065 4612 3240 4695 verbo'
3254 4612 3480 4695 passivo,
3500 4615 3638 4695 quod
3654 4616 3763 4670 exit

2181 4683 2233 4738 in
2261 4683 2658 4755 dus’syllabam,
2693 4693 2748 4738 ut
2775 4683 2896 4754 puta
2923 4685 3112 4753 opinor
3135 4685 3214 4738 vel
3250 4687 3424 4738 minor
3451 4683 3608 4740 verba
3639 4695 3762 4740 sunt

2179 4755 2514 4824 deponentia.
2545 4755 2700 4824 Venit
2726 4771 2754 4807 a
2789 4755 3060 4824 participio
3088 4757 3362 4822 przesentis
3403 4755 3676 4824 temporis,
3710 4765 3765 4811 et

2179 4823 2304 4905 facit
2354 4826 2596 4906 minans,
2644 4823 2819 4906 futh
2852 4833 3088 4904 tempore
3124 4825 3247 4906 facit
3286 4823 3595 4906 minaturns,
3624 4842 3764 4906 pra:-

2178 4897 2335 4964 terito
2352 4894 2474 4954 facit
2497 4895 2742 4964 minatus.
2765 4894 2965 4949 Futuro
2989 4910 3017 4947 a
3045 4895 3422 4964 signiﬁcatione
3444 4894 3636 4964 passivi
3656 4911 3762 4949 non

2177 4963 2302 5033 facit
2329 4963 2606 5035 tniuandus
2629 4981 2641 5016 :
2669 4965 2747 5018 sic
2771 4965 2993 5035 opinans
3018 4963 3328 5034 Opinaturus
3353 4963 3617 5035 opinatus,
3647 4967 3764 5035 opi-

2178 5035 2382 5088 nandus
2403 5049 2506 5087 non
2534 5033 2657 5093 facit
2680 5053 2691 5086 :
2716 5035 2796 5087 vel
2828 5036 2870 5088 si
2898 5034 3042 5094 dicas
3061 5033 3293 5093 moriens
3314 5033 3761 5094 moriturusmor-

2177 5113 2322 5169 tuus,
2351 5121 2454 5174 non
2482 5104 2606 5158 facit
2632 5104 2958 5166 moriendus,
2987 5104 3105 5172 quia
3135 5120 3238 5167 non
3265 5106 3598 5160 cstlatiuum.
3620 5105 3762 5174 Ergo

2177 5175 2356 5228 ethoc
2383 5173 2654 5242 deponens
2682 5174 2901 5245 verbum
2940 5175 3302 5245 sicpercurrit
3352 5191 3445 5244 per
3491 5173 3761 5230 modoset

2177 5252 2414 5312 tempora
2431 5253 2482 5319 et
2505 5259 2779 5319 personas:
2797 5244 3256 5319 Quoniodo__supra
3275 5245 3472 5319 dictum
3490 5255 3591 5310 est,
3614 5260 3752 5319 cont-

2176 5329 2334 5368 mune
2361 5314 2578 5368 verbum
2616 5330 2719 5367 non
2748 5313 2992 5383 deposita
3019 5330 3044 5368 r
3073 5313 3244 5372 littera
3285 5317 3498 5369 latinum
3527 5324 3629 5378 est,
3661 5315 3760 5369 de-

2175 5385 2354 5454 posita~
2372 5393 2546 5456 autem
2576 5383 2790 5456 latinum
2837 5400 2940 5438 non
2971 5393 3083 5456 est:
3109 5385 3196 5456 psic
3237 5385 3394 5445 etiam
3442 5385 3761 5456 deponentia

2175 5451 2298 5525 cum
2326 5453 2649 5522 perdiderint
2687 5471 2713 5508 r
2753 5457 3000 5525 litteram,
3034 5455 3193 5516 latina
3220 5471 3322 5509 non
3350 5465 3492 5510 sunt.
3512 5451 3761 5525 ‘Subjicio,

2176 5524 2350 5593 itaque
2375 5539 2512 5591 nunc
2537 5539 2700 5594 pauca
2727 5525 2884 5579 verba
2913 5524 3248 5594 deponentia,
3275 5535 3466 5579 ctetera
3490 5541 3616 5579 usus
3635 5524 3762 5578 lati-

2177 5591 2281 5666 nus
2304 5591 2699 5666 doceiliithunt
2723 5604 2898 5666 autem
2921 5611 2932 5647 :
2960 5591 3166 5663 opinor,
3195 5595 3388 5658 minor,
3417 5605 3617 5666 grator,
3639 5610 3762 5663 grana

2184 5664 2343 5734 tulor,
2373 5665 2619 5732 arbitror,
2643 5665 2930 5735 gratiﬁcer,
2959 5666 3219 5737 auspicor,
3252 5664 3524 5733 misereor,
3559 5666 3762 5732 lenoci-
