4138 6364
351 313 380 366 ³1
391 311 491 366 409

498 743 724 799 CAPUT
763 741 1047 797 PRIMUM.
1080 771 1150 782 —
1177 739 1252 794 De
1271 739 1576 810 simplicibus
1598 739 1776 794 verbis.

435 815 717 869 Dialectica
747 821 829 868 est
857 813 989 866 bime
1004 811 1300 879 diSputandi
1326 812 1564 864 scientia.
1595 810 1928 878 Disputamus

355 896 536 939 autem
579 883 776 958 verbis.
823 881 995 958 Verba
1033 882 1189 950 igitur
1216 888 1306 934 aut
1339 880 1610 958 simplicia
1637 887 1758 958 sunt
1781 920 1804 958 ,ο
1839 886 1930 958 aut

359 955 662 1023 conjuncta.
696 951 960 1023 Simplicia
990 948 1132 1016 sunt,
1158 967 1274 1020 qua:
1300 948 1459 1004 unum
1491 948 1737 1023 quiddam
1765 949 1929 1023 signi-

361 1019 523 1078 ﬁcant
555 1040 566 1075 :
601 1033 797 1077 utcum
821 1021 1044 1074 dicimus
1066 1019 1240 1074 homo.
1266 1035 1451 1090 equus,
1472 1019 1926 1090 diSputat,currit.

359 1096 468 1148 Nec
498 1093 706 1147 mireris
733 1091 898 1160 quod,
928 1091 1180 1160 disputat,
1211 1088 1450 1159 quamvis
1476 1105 1538 1143 ex
1564 1088 1768 1142 duobus
1795 1102 1931 1142 com-

400 1164 589 1218 ositum
621 1163 727 1226 sit,
773 1171 948 1216 tamen
988 1162 1125 1214 inter
1162 1161 1416 1229 simplicia
1452 1169 1783 1212 numeratum
1827 1168 1926 1229 est.

393 1233 492 1288 iam
520 1249 606 1288 res
647 1231 954 1286 deﬁnitione
988 1228 1295 1285 illustratur.
1330 1230 1532 1283 Dictum
1565 1239 1645 1282 est
1677 1238 1850 1281 autem
1878 1228 1930 1281 id

361 1319 479 1358 esse
508 1303 734 1371 simplex
757 1344 772 1367 ,
804 1300 942 1371 quod
969 1317 1132 1371 unum
1166 1298 1412 1368 quiddam
1440 1299 1721 1371 signiﬁcet.
1754 1299 1930 1371 Itaque

361 1374 463 1428 hoc
488 1369 802 1427 includimus
822 1369 928 1425 hac
949 1370 1259 1425 deﬁnitione
1277 1411 1291 1433 ,
1319 1369 1458 1438 quod
1487 1384 1587 1422 non
1613 1369 1929 1422 includimus

363 1459 484 1501 cum
518 1444 777 1506 dicimus,
823 1442 1027 1510 loquor.
1069 1441 1320 1505 Quamvis
1356 1441 1494 1494 enim
1525 1455 1682 1492 unum
1713 1439 1931 1510 verbum

363 1514 452 1576 sit,
484 1527 586 1567 non
607 1512 764 1566 habet
783 1519 954 1565 tamen
981 1511 1271 1581 simplicem
1293 1509 1747 1581 signiﬁcationem,
1771 1509 1932 1581 siqni-

364 1584 484 1639 dem
525 1581 786 1652 significat
826 1582 985 1636 etiam
1014 1579 1324 1652 personam,
1353 1579 1468 1652 qtae
1516 1580 1763 1648 loquitur.
1811 1579 1932 1652 Ideo

359 1653 468 1722 jam
499 1650 782 1707 obnoxium
812 1660 892 1706 est
915 1651 1120 1722 veritati
1147 1661 1236 1704 aut
1263 1651 1500 1716 falsitati;
1529 1665 1649 1703 nam
1679 1658 1732 1704 et
1753 1650 1931 1722 negari

364 1718 419 1777 et
453 1723 934 1793 afﬁrmaripotest.
977 1720 1158 1793 Omnis
1196 1722 1374 1793 itaque
1417 1721 1585 1793 prima
1612 1729 1666 1774 et
1703 1718 1931 1774 secunda

363 1807 588 1862 persona
616 1790 762 1847 verbi
791 1792 1031 1862 quamvis
1069 1791 1374 1859 singillatim
1405 1790 1726 1862 enuntietur,
1758 1800 1931 1862 tamen

365 1860 503 1917 inter
529 1860 820 1932 conjuncta
851 1862 1011 1915 verba
1041 1862 1403 1932 numerabitur
1422 1903 1435 1926 ,
1476 1876 1594 1932 quae
1641 1860 1932 1932 simplicem

366 1947 470 1987 non
507 1931 704 1987 habent
729 1932 1191 2002 significationem._
1214 1931 1482 2000 Siquidem
1511 1931 1746 2000 quisquis
1772 1931 1930 1993 dicat,

365 2003 612 2068 ambulo;
649 2011 702 2058 et
735 2000 1144 2057 ambulationem
1170 2000 1296 2054 facit
1320 2002 1536 2070 intelligi
1560 2042 1573 2063 ,
1615 2010 1668 2054 et
1701 2002 1933 2067 seipsum

366 2074 454 2142 qui
486 2072 735 2126 ambulat.
780 2073 844 2126 Et
866 2073 1102 2142 quisquis
1130 2072 1286 2135 dicit,
1310 2072 1545 2125 ambulas
1571 2087 1586 2130 ;
1617 2071 1859 2142 similiter
1883 2079 1936 2142 et

366 2141 480 2196 rem
508 2159 625 2212 quae
655 2143 740 2206 ﬁt,
772 2151 968 2198 etcum
996 2144 1084 2210 qui
1116 2142 1258 2204 facit,
1291 2141 1569 2209 signiﬁcat.
1599 2141 1666 2194 At
1693 2157 1820 2212 vero
1847 2141 1934 2209 qui

368 2211 812 2280 dicit,’ambttlat;
844 2213 973 2266 nihil
999 2213 1139 2265 aliud
1165 2227 1320 2280 quam
1348 2213 1512 2280 ipsam
1540 2211 1797 2280 signiﬁcat
1824 2226 1937 2264 am-

369 2282 710 2336 bulationem.
739 2282 1091 2348 Quamobrem
1123 2283 1274 2335 tertia
1305 2297 1527 2348 persona
1555 2282 1699 2335 verbi
1726 2297 1936 2351 semper

370 2353 508 2406 inter
533 2352 787 2420 simplicia
815 2353 1177 2406 numerabitur
1200 2367 1217 2420 ί
1246 2361 1299 2405 et
1328 2351 1558 2405 nondum
1580 2350 1935 2405 autafﬁrmari

370 2393 661 2492 autfiie'gar'i
690 2431 883 2491 potest,
910 2423 1009 2476 nisi
1042 2423 1158 2476 talia
1185 2393 1344 2476 tierba
1367 2424 1494 2486 sint,
1526 2422 1716 2490 quibus
1745 2438 1935 2476 neces-

370 2493 510 2546 sario
549 2491 782 2546 cohaeret
821 2506 1059 2562 persona:
1099 2491 1411 2562 signiﬁcatio
1454 2493 1834 2547 consuetudine
1861 2493 1938 2546 lo-

371 2562 587 2630 quendi,
613 2571 668 2616 ut
693 2579 810 2616 cum
832 2562 1075 2627 dicimus,
1107 2561 1239 2630 pluit
1267 2571 1356 2615 aut
1375 2562 1568 2630 ningit,
1599 2562 1804 2616 etiamsi
1832 2577 1936 2616 non

375 2631 598 2686 addatur
622 2633 739 2702 quis
758 2633 900 2702 pluat
928 2641 1016 2685 aut
1041 2633 1239 2701 ningat,
1270 2640 1443 2686 tamen
1465 2631 1586 2701 quia
1613 2632 1935 2702 intelligitur,

375 2717 482 2755 non
513 2712 687 2771 potest
717 2704 854 2755 inter
883 2702 1137 2770 simplicia
1164 2703 1448 2756 numerari.

705 2772 924 2842 CAPUT
954 2771 1016 2824 ll.
1038 2801 1109 2811 —
1146 2772 1615 2842 Verbaconjuncta.

446 2839 732 2912 Conjnncta
763 2841 919 2895 verba
944 2849 1094 2906 sunt,
1122 2857 1238 2912 qua:
1264 2841 1361 2895 sibi
1385 2839 1621 2912 connexa
1650 2858 1738 2898 res
1764 2843 1942 2912 plures

377 2910 692 2980 signiﬁcant,
725 2919 782 2965 ut
806 2927 922 2966 cum
944 2912 1188 2975 dicimus,
1212 2910 1370 2964 homo
1393 2911 1641 2974 ambulat,
1670 2910 1944 2967 aut—homo

377 2980 630 3035 festinans
673 2982 726 3036 in
769 2991 1001 3035 montem
1049 2981 1317 3044 ambulat,
1348 2990 1402 3035 et
1442 2982 1484 3034 si
1521 2981 1644 3050 quid
1686 2983 1808 3037 tale.
1837 2981 1943 3036 Sed

377 3051 774 3121 conjunctorum
815 3053 1094 3106 verborum
1131 3051 1231 3104 alia
1275 3061 1433 3118 sunt,
1475 3067 1592 3120 qua:
1633 3053 1945 3107 sententiam

377 3121 863 3192 comprehendunt,
898 3130 954 3175 ut
991 3137 1050 3176 ea
1085 3137 1202 3191 quae
1230 3121 1367 3176 dicta
1395 3130 1547 3186 sunt;
1573 3122 1673 3175 alia
1700 3138 1816 3192 quae
1841 3137 1946 3176 non

377 3191 848 3262 comprehendunt,
870 3192 962 3246 sed
979 3192 1492 3262 exspectantaliquid
1513 3207 1527 3256 ;
1551 3201 1608 3246 ut
1631 3191 1813 3246 eadem
1837 3192 1946 3262 ipsa

378 3275 495 3329 qua:
521 3261 769 3328 diximus,
795 3262 838 3315 si
866 3261 1142 3316 subtrahas
1173 3263 1392 3317 verbum
1421 3263 1562 3331 quod
1591 3263 1817 3330 positum
1844 3261 1945 3326 est,

378 3331 612 3400 ambulat
641 3359 654 3385 ε
685 3332 921 3400 quamvis
950 3333 1088 3387 enim
1120 3333 1280 3387 verba
1309 3333 1586 3400 conjuncta
1617 3332 1755 3398 sint,
1787 3333 1946 3386 homo

378 3399 633 3455 festinans
663 3399 714 3455 in
738 3411 1006 3462 montem;
1036 3411 1207 3456 tamen
1234 3399 1621 3471 adhuc’pendet
1641 3403 1830 3456 oratio.
1856 3402 1951 3457 Sea

380 3472 574 3539 paratis
603 3472 759 3541 igitur
784 3471 864 3525 his
896 3472 1068 3526 verbis
1089 3489 1206 3539 quae
1231 3488 1333 3527 non
1365 3472 1584 3540 implent
1611 3474 1946 3537 sententiam,

379 3549 581 3612 restant
619 3557 682 3596 ea
709 3543 865 3597 verba
895 3543 1168 3611 conjuncta
1199 3558 1316 3612 qua:
1357 3543 1675 3597 sententiam
1705 3558 1948 3612 compre-

379 3609 618 3665 hendunt
642 3630 653 3664 :
679 3612 868 3666 horum
896 3609 1022 3666 item
1043 3612 1160 3667 dure
1184 3609 1387 3681 species
1414 3622 1553 3667 sunt.
1583 3616 1684 3667 Aut
1711 3609 1851 3667 enim
1874 3614 1952 3667 sic

379 3683 637 3752 sententia
667 3683 1150 3752 comprehenditur,
1183 3692 1241 3736 ut
1266 3699 1392 3736 vero
1421 3693 1509 3736 aut
1549 3683 1678 3738 falso
1711 3691 1952 3736 teneatur

381 3751 626 3816 obnoxia,
673 3761 729 3806 ut
777 3751 879 3817 est,
923 3754 1094 3806 omnis
1141 3753 1301 3807 homo
1344 3753 1606 3818 ambulat;
1639 3762 1748 3819 aut,
1779 3755 1952 3807 omnis

380 3819 540 3892 homo
564 3837 667 3876 non
694 3823 957 3886 ambulat;
987 3831 1040 3876 et
1063 3825 1106 3876 si
1132 3824 1254 3892 quid
1279 3823 1598 3892 hujusmodi.
1628 3827 1734 3878 Aut
1757 3825 1835 3878 sic
1855 3825 1953 3878 im-

382 3891 552 3962 pletur
577 3893 828 3945 sententia
852 3931 867 3956 ,
895 3903 952 3944 ut
979 3894 1097 3946 licet
1126 3891 1362 3961 perﬁciat
1399 3895 1721 3962 prepositum
1752 3893 1948 3961 animi,

379 3958 631 4014 affirmari
663 3971 832 4014 tamen
863 3958 1236 4031 negarive'non
1267 3958 1466 4032 possit:
1492 3958 1548 4016 ut
1571 3978 1690 4016 cum
1722 3958 1952 4032 impera;

379 4043 528 4099 mus,
551 4045 668 4083 cum
699 4041 941 4099 optamus
962 4072 976 4095 ,
1005 4047 1124 4085 cum
1155 4047 1514 4097 exsecramur,
1546 4041 1600 4086 et
1629 4033 1710 4087 his
1738 4035 1948 4089 similia.

379 4097 579 4174 Nam__si
606 4101 722 4169 quis
738 4097 1089 4174 _dicat,perge
1117 4101 1183 4155 ad
1210 4103 1407 4174 villam,
1437 4103 1520 4157 vel
1548 4103 1748 4157 utinam
1772 4115 1954 4174 pergat

381 4168 448 4222 ad
473 4168 684 4243 villam,
713 4180 832 4243 aut,
875 4168 949 4224 dii
996 4168 1167 4243 illum
1191 4173 1441 4243 perdant;
1474 4187 1579 4226 non
1608 4168 1952 4243 potest'argui

381 4239 521 4310 quod
566 4242 868 4306 mentiatur,
897 4250 988 4294 aut
1029 4239 1361 4310 credi'quod
1400 4258 1580 4297 verum
1608 4239 1780 4297 'dicat.
1813 4239 1951 4298 Nihil

379 4309 521 4381 enim
550 4310 828 4365 afﬁrmavit
857 4312 931 4364 vel
959 4313 1167 4380 negavit
1195 4331 1206 4365 :
1237 4309 1363 4381 ergo
1394 4328 1493 4367 nec
1521 4314 1652 4367 tales
1677 4314 1952 4369 sententia:

380 4379 802 4452 ipquaestionem
832 4379 1073 4444 veniunt,
1107 4393 1196 4436 aut
1236 4379 1618 4451 disputatorem
1656 4385 1951 4452 requirunt.

379 4447 912 4523 CAj’UT_ll|.——Quw
938 4452 1188 4523 simplices
1212 4447 1484 4516 sententiae,
1515 4469 1624 4521 quae
1652 4447 1948 4523 corijunctw.

449 4517 553 4592 Sed
584 4521 687 4575 illa:
712 4538 828 4592 qua:
857 4517 1216 4590 requiruntur,
1249 4531 1340 4576 aut
1380 4517 1647 4592 simplices
1684 4517 1832 4588 sunt,
1862 4535 1953 4578 aut

381 4589 694 4662 conjunctaz.
718 4589 994 4659 Simplices
1022 4602 1163 4658 sunt,
1195 4609 1311 4662 qua:
1340 4593 1454 4647 sine
1483 4589 1588 4646 ulla
1617 4594 1952 4662 copulatione

381 4660 891 4732 sentcntim‘alterius
917 4660 1254 4732 enuntiantur
1278 4680 1289 4716 :
1320 4672 1376 4716 ut
1400 4673 1482 4716 est
1510 4663 1635 4716 illud
1659 4660 1798 4732 quod
1823 4664 1951 4718 dici-

380 4728 709 4802 mus,_on_mis
731 4728 888 4802 homo
908 4731 1160 4784 ambulat.
1180 4733 1484 4800 (lonjunctte
1504 4742 1626 4786 sunt
1645 4728 1710 4788 de
1730 4749 1949 4802 quarum

380 4798 714 4869 copulatione
751 4799 1014 4866 judicatur
1039 4819 1049 4852 :
1079 4811 1132 4853 ut
1160 4813 1241 4855 est
1263 4798 1351 4865 {si
1390 4803 1654 4869 ambulat,
1685 4798 1948 4858 movetur.

379 4865 484 4920 Sed
509 4883 630 4942 cum
657 4868 721 4921 de
751 4865 1146 4942 conjunctione
1166 4872 1543 4942 sententiarum
1588 4865 1844 4942 judicium
1869 4876 1946 4941 ﬁt,

381 4936 578 4989 tamdiu
617 4947 698 4990 est
735 4937 904 4992 donec
935 4939 1272 5007 perveniatur
1318 4941 1382 4993 ad
1424 4936 1702 4995 summam.
1733 4936 1949 4999 Summa

379 5015 554 5078 autem
586 5015 668 5078 est
695 5023 812 5075 qua:
836 5005 1111 5062 coniicitur
1130 5025 1191 5064 ex
1215 5011 1499 5064 concessis.
1523 5012 1674 5078 Quod
1700 5014 1820 5068 dico
1847 5017 1949 5070 tale

376 5074 601 5148 estLQui
630 5074 778 5148 dicit,
807 5077 860 5131 Si
892 5079 1142 5145 ambulat,
1175 5089 1432 5145 movetur,
1463 5074 1686 5148 probare
1711 5085 1822 5137 vult
1849 5087 1948 5138 ali-

376 5143 534 5221 quid,
569 5155 622 5199 ut
648 5145 751 5221 hoc
773 5162 1043 5211 concesso,
1071 5143 1254 5202 verum
1284 5143 1599 5204 esse'restet
1625 5151 1696 5204 illi
1739 5153 1944 5221 dicere,

375 5215 514 5292 quod
554 5216 789 5271 ambulet
819 5226 920 5292 :-et_
939 5234 1141 5272 summa
1170 5229 1542 5292 consequatur,
1574 5237 1691 5292 quae
1714 5223 1825 5291 jam
1856 5215 1948 5280 ne;

372 5285 488 5352 gari
518 5301 622 5339 non
651 5295 844 5362 potest,
866 5289 922 5362 id
953 5297 1035 5342 est
1063 5288 1213 5362 quod
1237 5285 1513 5344 mov—ctur:
1543 5285 1660 5362 qua:
1686 5285 1812 5347 item
1842 5309 1946 5348 non

373 5362 546 5423 potest
573 5358 823 5422 concedi,
863 5357 917 5412 id
955 5368 1035 5413 est
1078 5359 1218 5430 quod
1253 5377 1358 5415 non
1388 5357 1640 5416 ambulet.
1670 5362 1873 5418 Rursus
1902 5366 1946 5419 si

430 5543 504 5605 ra)
529 5539 819 5605 (musculum
862 5539 989 5590 istud
1035 5541 1320 5605 castigatum
1362 5546 1437 5590 est
1471 5540 1534 5605 de
1576 5555 1700 5605 novo
1743 5543 1800 5592 ad
1839 5552 1942 5594 mss.

369 5603 582 5666 quinque
627 5605 676 5650 in
718 5604 894 5665 quibus
931 5604 1201 5666 inscribitur
1224 5611 1468 5651 tractatus
1497 5603 1560 5651 de
1597 5604 1866 5662 Dialecti.a,
1896 5616 1947 5656 et

371 5665 631 5724 Augustino
654 5666 896 5724 tribuitur.
936 5665 1147 5712 AttIhirii
1185 5666 1498 5712 [fortunatiani
1538 5668 1729 5715 nomine
1763 5669 1943 5717 editum

373 5722 668 5775 est—Basileae
685 5740 760 5776 an.

1367 302 1708 358 'I‘RiNCIPIA
1753 301 2201 358 DIALECTICIE.
2255 301 2614 358 APPENDIX.

838 552 1798 672 PRINCIPIA
1850 546 2958 664 DIALEGTICE
3018 549 3158 676 (α).

3475 299 3608 364 Mlti

3192 438 3599 458 ..κλῇ-υ.

2037 735 2140 790 hoc
2167 735 2326 814 modo
2362 736 2489 790 velit
2528 735 2725 814 dicere,
2761 737 2920 793 homo
2962 740 3062 795 iste
3098 742 3355 808 ambulat,
3385 743 3607 814 simplex

2036 806 2296 881 sententia
2323 815 2404 859 est
2431 823 2446 858 :
2474 822 2630 881 quam
2658 809 2702 860 si
2729 824 3073 881 concessero,
3101 821 3156 865 et
3183 806 3347 866 aliam
3363 806 3605 881 quae'alic

2036 877 2158 951 quid
2177 886 2449 951 exspectat
2477 877 2541 929 ad
2571 878 2976 951 completionem
2995 882 3268 936 sententia:
3285 877 3606 951 adjitnxerit:

2035 947 2274 1014 quiSq‘ﬁS
2298 954 2472 1000 autem
2503 947 2768 1010 ambulat,
2801 957 3058 1003 movetur.
3093 951 3158 1004 Et
3187 953 3322 1006 hanc
3348 947 3521 1006 'etiam
3564 956 3609 1007 si

2036 1029 2371 1091 concessero,
2402 1030 2466 1069 ex
2507 1015 2606 1091 bac
2643 1017 2916 1086 junctione
2945 1021 3328 1076 sententiarum
3368 1025 3611 1091 quamvis

2036 1085 2337 1153 singillatim
2366 1085 2754 1141 enuntiatarum
2781 1098 2834 1142 et
2861 1103 3253 1156 concessarum,
3287 1093 3373 1145 illa
3387 1085 3607 1146 summa

2037 1156 2293 1237 sequitur,
2325 1171 2442 1237 qua:
2465 1156 2572 1225 jam
2602 1159 2902 1237 necessario
2927 1159 3266 1228 concedatur,
3301 1162 3352 1216 id
3378 1170 3479 1228 est,
3508 1162 3608 1232 igi-

2039 1234 2124 1278 tur
2151 1224 2310 1278 homo
2336 1224 2434 1279 iste
2453 1224 2713 1280 movetur.

2130 1294 2355 1366 CAPUT
2384 1295 2471 1366 iV.
2500 1326 2571 1335 —
2595 1296 2898 1366 Conjunctas
2923 1299 3192 1352 sententias
3221 1300 3508 1356 subdividit.

2109 1363 2202 1439 ilis
2231 1365 2644 1439 igitur_breviter
2668 1363 2994 1439 constitutis,
3021 1370 3254 1439 singulas
3280 1382 3456 1439 partes
3480 1387 3609 1428 con-

2036 1433 2349 1512 sideremus.
2386 1434 2522 1512 ﬁam
2569 1447 2706 1512 sunt
2731 1438 2924 1512 primae
2959 1433 3077 1512 dua:
3098 1433 3136 1503 ,’
3156 1455 3256 1512 una
3280 1433 3362 1512 'die
3405 1443 3468 1496 iis
3493 1458 3610 1512 qua:

2038 1505 2632 1578 simplicitcrdicuntur,
2658 1505 2754 1578 ubi
2771 1517 2851 1560 est
2876 1510 3020 1576 quasi
3049 1510 3264 1562 materia
3286 1505 3607 1578 dialectiéaz;

2037 1575 2201 1628 altera
2231 1574 2297 1628 de
2339 1575 2401 1627 iis
2422 1590 2540 1653 qttte
2581 1576 2863 1653 conjuncta
2893 1574 3164 1653 dicuntur,
3199 1579 3284 1633 ubi
3318 1581 3432 1653 jam
3460 1574 3610 1653 quasi

2038 1653 2428 1722 opusapparet.
2453 1645 2670 1722 Qutede
2692 1648 3037 1722 simplicibus,
3059 1657 3278 1722 vocatur
3298 1645 3365 1705 de
3393 1645 3613 1722 loquen-

2038 1713 2243 1789 d_o_._l|la
2271 1729 2397 1789 vero
2422 1730 2540 1784 qua}
2569 1714 2634 1769 de
2653 1713 2957 1789 conjunctis
2982 1728 3083 1785 est,
3116 1720 3165 1772 in
3195 1729 3302 1773 tres
3334 1713 3508 1789 partes
3533 1723 3612 1776 di—

2038 1783 2252 1861 vidit_ur.
2277 1783 2538 1861 _Separata
2577 1783 3130 1861 enini__conjunctione
3175 1783 3454 1861 verborum
3493 1803 3613 1861 qua:

2038 1870 2144 1908 non
2166 1854 2348 1927 implet
2362 1855 2701 1927 sententiam,
2722 1856 2804 1908 illa
2826 1854 2944 1927 qua:
2962 1860 3038 1911 sic
3065 1858 3247 1927 implet
3272 1854 3609 1927 sententiam,

2040 1934 2096 1977 ut
2116 1925 2346 1978 nondum
2369 1924 2909 2000 faciatquzestionein
2924 1927 3004 1980 vel
3028 1924 3408 1996 disp'utatorem
3431 1924 3610 2000 requiQ

2041 2003 2143 2059 rat,
2173 2002 2389 2048 vocatur
2412 1995 2479 2069 de
2507 1996 2834 2069 eloquendo.
2857 1997 2946 2069 illa
2988 1995 3126 2069 vero
3152 2014 3270 2069 qua:
3312 2000 3389 2055 sic
3432 1995 3615 2069 implet

2039 2079 2252 2136 sensum
2275 2105 2289 2127 ,
2320 2073 2376 2117 ut
2399 2064 2465 2120 de
2495 2067 2769 2120 sententiis
2797 2067 3122 2135 simplicibus
3142 2064 3425 2136 judicetur,
3452 2064 3614 2124 voca-

2042 2141 2127 2188 tur
2154 2135 2220 2206 de
2250 2136 2629 2206 proloquendo.
2665 2136 2755 2190 Illa
2784 2153 2900 2204 quae
2938 2138 3014 2190 sic
3053 2135 3453 2206 comprehendit
3496 2156 3616 2196 sen-

2042 2205 2282 2276 tentiam,
2305 2215 2360 2256 ut
2379 2205 2445 2258 de
2473 2206 2583 2273 ipsa
2609 2206 2765 2259 etiam
2789 2207 3121 2276 copulatione
3139 2205 3423 2276 judicctur,
3447 2210 3617 2265 donec

2042 2275 2382 2350 perveniatur
2429 2278 2495 2328 ad
2543 2291 2824 2350 summam,
2856 2275 3075 2331 vocatur
3111 2275 3188 2350 die
3221 2280 3615 2350 proloquiorum

2040 2359 2267 2397 summa.
2301 2345 2407 2398 llas
2448 2359 2575 2415 ergo
2613 2347 2844 2416 singulas
2881 2357 3058 2416 partes
3101 2345 3408 2420 diligentius
3447 2351 3616 2420 expli-

2041 2429 2240 2468 cemus.

2041 2485 2263 2556 CAPUT
2296 2483 2360 2539 V.
2391 2514 2462 2524 —
2496 2485 2757 2550 Quomodo
2787 2485 2850 2540 de
2879 2486 3057 2553 rebus,
3085 2488 3276 2556 verbis,
3307 2489 3619 2556 dicibilibus,

2113 2555 2429 2675 dic‘ttionjbus,
2458 2565 2694 2609 tractetur
2744 2556 2798 2609 in
2852 2557 3032 2627 logica.
3075 2557 3330 2625 Differam
3375 2555 3617 2624 dicibilc,

2113 2633 2159 2675 et
2222 2634 2354 2675 ιειιο.

2113 2633 2159 2675 et
2187 2625 2354 2677 dictio.

2117 2693 2347 2748 Verbum
2372 2702 2453 2768 est
2478 2695 2886 2768 uniuscujusque
2911 2697 2990 2751 rei
3019 2698 3246 2767 signum,
3271 2698 3410 2768 quod
3439 2699 3507 2754 ab
3527 2716 3620 2753 au-

2045 2761 2223 2837 diente
2250 2764 2433 2837 possit
2449 2761 2708 2837 “intelligi
2722 2805 2736 2829 ,
2751 2761 2815 2837 Δειῐ
2829 2761 3381 2837 ιοίιυεηιιῖρνοιὰιὺιη.
3412 2771 3514 2824 lies
3541 2780 3621 2826 est

2046 2833 2298 2910 quidquid
2339 2833 2660 2910 intelligitur
2684 2835 2764 2910 vel
2809 2833 3034 2890 sentitur
3054 2833 3146 2910 vel
3176 2840 3320 2910 latet.
3351 2839 3621 2910 [Sciuntur

2048 2905 2509 2976 enim__corporalia
2531 2945 2557 2976 ,_
2585 2905 2952 2976 intelliguntur
2989 2907 3311 2976 spiritualia;
3342 2905 3468 2964 latet
3496 2926 3623 2966 vero

2050 2973 2162 3040 ipse
2193 2973 2334 3027 Deus
2353 3015 2366 3037 ,
2399 2981 2453 3027 et
2479 2973 2718 3049 informis
2746 2973 2983 3049 materia.
3009 2973 3150 3032 Deus
3175 2987 3256 3031 est
3284 2973 3427 3048 quod
3454 2995 3625 3049 neque

2050 3056 2242 3117 corpus
2269 3052 2370 3107 est,
2397 3058 2570 3111 neque
2587 3045 2781 3117 animal
2808 3054 2909 3117 est,
2933 3062 3104 3117 neque
3125 3045 3318 3102 sensus
3335 3057 3436 3115 est,
3455 3045 3626 3116 neque

2053 3111 2350 3189 intellectus
2378 3121 2477 3174 est,
2503 3129 2673 3189 neque
2700 3115 2918 3189 aliquid
2929 3111 3074 3189 quod
3111 3120 3397 3189 excogitari
3425 3111 3622 3189 potest.

2054 3181 2297 3235 Informis
2332 3184 2550 3254 materia
2587 3181 2668 3237 est
2704 3181 3030 3241 mutabilitas
3062 3181 3391 3242 mutabilium
3425 3181 3624 3254 rerum,

2053 3266 2214 3333 capax
2241 3253 2476 3334 omnium
2509 3253 2794 3307 formarum
2817 3255 2880 3327 ⁸.]
2905 3255 3124 3338 Signum
3155 3265 3237 3338 est
3264 3268 3318 3312 et
3355 3261 3497 3328 quod
3537 3274 3626 3338 sev-

2054 3322 2223 3395 i_psum
2268 3323 2473 3387 sensui,
2513 3333 2566 3395 et
2599 3333 2790 3392 prirtcr
2824 3322 2883 3380 se
2921 3322 3116 3395 aliquid
3153 3329 3330 3381 animo
3372 3322 3624 3384 ostendit.

2054 3391 2228 3465 Loqui
2248 3401 2330 3446 est
2354 3391 2627 3465 articulata
2653 3409 2783 3449 voce
2811 3391 3022 3465 signum
3047 3396 3193 3452 dare.
3218 3397 3506 3452 Articulata
3533 3415 3628 3454 au-o

2057 3473 2162 3515 tem
2182 3462 2300 3516 dico
2319 3463 2456 3533 quod
2481 3462 3071 3534 coniprehendi'litteris
3093 3474 3282 3534 potest.
3306 3469 3428 3523 Haac
3449 3479 3628 3525 autem

2054 3534 2230 3586 omnia
2257 3548 2372 3601 qua:
2392 3533 2606 3588 definita
2636 3543 2774 3599 sunt,
2804 3546 2979 3590 utrum
3008 3533 3152 3592 recte
3177 3537 3392 3593 deﬁnita
3423 3540 3548 3604 sint,
3573 3550 3628 3596 et

2055 3613 2231 3655 utrum
2278 3605 2532 3658 hactenus
2560 3605 2715 3659 verba
2750 3606 3070 3661 deﬁnitionis
3096 3608 3212 3662 aliis
3239 3608 3629 3664 deﬁnitionibus

2058 3673 2641 3749 prosequendafuerint
2660 3715 2673 3738 ,
2704 3675 3080 3749 ille'in_d_ical_iit
3109 3678 3256 3749 locus
3283 3679 3334 3732 in
3364 3696 3468 3749 quo
3493 3680 3629 3734 deﬁ-

2056 3743 2234 3820 piendi
2261 3743 2534 3820 disciplina
2574 3754 2845 3820 tractatur.
2873 3746 3022 3801 Nunc
3051 3747 3190 3820 quod
3221 3743 3408 3814 instat,
3447 3751 3631 3820 accipe

2057 3812 2306 3867 intentus.
2352 3812 2522 3869 Oinne
2569 3815 2790 3868 verbum
2843 3826 3016 3871 sonat.
3067 3812 3201 3872 Cum
3246 3812 3402 3873 enim
3441 3830 3523 3874 est
3564 3812 3630 3876 in

2057 3884 2277 3960 scripto,
2314 3899 2421 3960 non
2455 3884 2706 3960 verbum,
2735 3885 2831 3960 sed
2859 3888 3002 3941 verbi
3044 3889 3251 3960 signum
3296 3896 3396 3944 est.
3426 3891 3631 3960 Quippe

2057 3952 2310 4022 inspectis
2338 3969 2367 4007 a
2393 3954 2599 4029 legente
2623 3955 2830 4029 litteris,
2854 3952 3302 4029 occurrit'animo,
3333 3952 3474 4029 quod
3498 3952 3630 4016 voce

2057 4024 2548 4100 prprumpat.__Quid
2587 4025 2728 4078 enim
2767 4027 2906 4081 aliud
2947 4027 3136 4100 littera:
3175 4024 3422 4099 scriptie,
3471 4047 3630 4100 quam

2058 4095 2258 4162 seipsas
2284 4095 2452 4148 oculis
2472 4137 2486 4158 ,
2517 4104 2570 4149 et
2601 4104 2790 4164 printer
2829 4112 2887 4151 se
2923 4098 3101 4152 animo
3128 4095 3299 4154 voces
3313 4095 3632 4156 ostendunt?

2057 4164 2187 4229 Quia
2209 4174 2262 4240 e_t
2283 4165 2440 4233 paulo
2459 4176 2581 4220 ante
2596 4166 2845 4240 diximus,
2869 4168 3076 4240 signum
3098 4183 3217 4224 esse
3237 4170 3376 4239 quod
3397 4173 3630 4240 seipsum

2057 4236 2336 4312 sensui,_et_
2359 4245 2552 4304 prmter
2580 4251 2637 4290 se
2667 4237 2845 4312 animo
2874 4236 3329 4312 aliquidostendit
3360 4258 3372 4294 :
3405 4236 3523 4312 quae
3553 4242 3634 4297 le-

2055 4303 2228 4380 gimus
2271 4303 2451 4380 igitur,
2477 4321 2578 4358 non
2617 4307 2775 4360 verba
2806 4303 2974 4380 sunt,
3004 4309 3096 4363 sed
3139 4311 3288 4380 signa
3326 4303 3630 4368 verborum.

2058 4373 2165 4447 Sed
2197 4383 2252 4426 ut
2280 4375 2396 4447 ipsa
2421 4375 2614 4440 littera,
2639 4391 2760 4431 cum
2791 4378 2858 4431 sit
2882 4373 3004 4447 pars
3032 4373 3246 4434 minima
3275 4383 3416 4435 vocis
3441 4384 3633 4438 articu-

2060 4441 2214 4521 ialm,
2257 4441 2522 4521 abutimur
2561 4455 2734 4499 tamen
2779 4441 3164 4521 hoc-vocabulo
3210 4460 3266 4504 ut
3307 4453 3633 4521 appellemus

2057 4512 2317 4591 litteram,
2366 4514 2528 4591 etiam
2577 4530 2695 4568 cum
2750 4519 3001 4591 scriptam
3054 4520 3293 4575 videmus
3326 4512 3634 4591 {quamvis

2056 4583 2275 4662 omnino
2307 4585 2461 4662 tacita
2487 4585 2586 4652 sit,
2616 4602 2788 4662 neque
2813 4583 2914 4640 ul‘ia
2933 4603 3066 4662 pars
3098 4592 3240 4644 vocis
3259 4633 3274 4657 ,
3302 4583 3632 4662 sed-signum

2058 4653 2223 4720 partis
2262 4655 2408 4731 vocis
2437 4653 2728 4724 appareat}
2759 4657 2826 4731 ita
2874 4653 3031 4712 etiam
3078 4653 3296 4715 verbum
3342 4653 3635 4731 appellatur

2056 4736 2176 4801 eum
2208 4723 2592 4801 scriptumcst,
2621 4729 2861 4801 quamvis
2887 4731 3030 4782 vrrbi
3061 4732 3267 4801 signum
3291 4723 3635 4801 signiﬁcantis

2059 4794 2202 4868 vocis
2233 4809 2336 4846 non
2366 4794 2780 4868 eluceataErgo,
2825 4807 2881 4851 ut
2924 4794 3188 4868 coeperam
3218 4794 3392 4855 dicere
3417 4843 3431 4868 ,
3475 4817 3634 4858 omne

2057 4863 2274 4935 verbum
2305 4874 2476 4918 sonat.
2509 4865 2616 4920 Sed
2642 4863 2780 4935 quod
2812 4879 2959 4922 sonat
2983 4863 3156 4934 [nihil
3185 4870 3249 4923 ad
3269 4863 3633 4926 dialecticam.

2059 4933 2132 5008 De
2161 4947 2295 5008 sono
2330 4936 2472 4988 enim
2501 4933 2671 4990 verbi
2689 4938 2878 5006 agitur,
2903 4933 3023 4991 cum
3060 4941 3332 5008 quaeritur,
3356 4943 3438 4996 vel
3465 4942 3636 4998 anim-

2056 5003 2369 5080 advertitur,
2396 5017 2589 5080 quanta
2615 5003 2875 5080 vocalium
2904 5009 2984 5062 vel
3011 5003 3357 5078 dispositione
3386 5013 3636 5080 leniatur,

2057 5074 2140 5127 vel
2169 5076 2516 5130 concursione
2544 5076 2818 5138 dehiscat;
2849 5078 2974 5132 item
3005 5074 3409 5136 consonantium
3436 5085 3520 5138 vel
3553 5074 3638 5140 in;

2059 5145 2690 5222 terposit_ione__r_iodetur_,
2723 5147 2814 5222 _v_cl
2855 5151 3198 5217 congestione
3237 5165 3550 5222 asperetur;
3585 5165 3640 5211 et

2059 5224 2188 5280 quot
2208 5215 2291 5268 vel
2312 5215 2556 5296 qualibus
2586 5216 2804 5286 syllabis
2828 5215 3054 5296 constet,
3072 5221 3165 5296 ubi
3189 5215 3428 5296 poeticus
3453 5225 3638 5296 rhyth-

2057 5297 2176 5335 mus
2200 5294 2553 5356 acceptusque
2575 5301 2604 5340 a
2629 5291 2988 5356 grammaticis
3007 5293 3124 5346 solo
3151 5294 3354 5348 aurium
3385 5291 3638 5348 tractatur

2058 5355 2287 5433 pegotio.
2317 5355 2382 5406 Et
2408 5367 2583 5410 tamen
2610 5355 2730 5433 cum
2751 5357 2931 5433 dehis
2954 5359 3275 5430 disputatur,
3307 5374 3500 5433 prmle
3525 5366 3638 5418 dia-

2058 5422 2294 5502 lecticam
2334 5436 2581 5502 nonest:
2613 5426 2727 5482 haec
2755 5429 2897 5502 enim
2936 5422 3152 5485 scientia
3192 5422 3490 5502 disputandi
3531 5444 3632 5490 est.

2059 5493 2163 5547 Sed
2212 5504 2333 5547 tunc
2371 5496 2528 5550 verba
2573 5507 2696 5551 sunt
2742 5499 2889 5569 signa
2932 5516 3133 5570 rerum,
3161 5493 3371 5573 quando
3412 5504 3479 5560 de
3508 5506 3636 5575 ipsis

2065 5746 2080 5779 ὶ
2099 5672 2132 5781 at
2164 5672 2329 5740 lsthtcc
2361 5684 2472 5738 quae
2496 5673 2634 5750 uncis
2655 5670 2856 5737 inclusa,
2879 5675 3054 5727 absunt
3084 5690 3110 5728 a
3143 5684 3249 5727 Mss.
3271 5681 3410 5730 corb.
3442 5687 3490 5732 et
3513 5687 3629 5733 Ger-

2086 5749 2096 5779 ι
2129 5747 2285 5781 “Cibi.

2051 5747 2285 5782 mane-nsi.
