4138 6364
349 321 487 378 UB

352 438 496 496 tiam,
524 439 578 484 nt
606 429 706 484 hac
735 428 904 498 ipsum
927 442 958 498 a
989 425 1222 482 fmditate
1248 424 1411 496 porci,
1447 440 1538 494 per
1563 441 1714 498 quem
1746 425 1917 498 rudus

349 504 602 562 el'ﬁcitur;
632 509 720 552 aut
749 496 839 568 per
868 497 1132 568 clIectttm,
1160 505 1216 550 ut
1245 505 1446 565 puteus,
1481 496 1617 568 quod
1647 496 1759 568 ejus
1784 496 1915 550 elTe-

349 583 466 628 ctus
489 573 684 642 potatio
705 566 804 642 est,
835 567 1254 642 crediturdictus
1275 582 1289 630 ;
1308 576 1403 642 aut
1431 582 1524 633 per
1550 566 1600 642 id
1626 567 1765 634 quod
1790 581 1917 642 con:

353 637 513 707 linet',
550 654 607 694 ut
654 641 834 693 urbem
859 678 873 697 ,
909 638 973 690 ab
1010 639 1136 690 orbe
1172 637 1482 705 appellatam
1522 637 1735 699 volunt,
1774 637 1914 705 quod

351 714 620 780 auspicato
664 711 778 780 loco
817 707 1136 780 circumduci
1178 717 1352 780 aratro
1387 707 1517 780 solet
1545 707 1730 780 :cujus
1757 707 1829 758 rei
1864 715 1915 760 et

351 777 598 850 Virgilius
626 777 1014 850 meminitLubi
1042 777 1239 830 Aiueas
1265 777 1444 850 urbem
1475 777 1707 850 designat
1739 787 1914 829 aratro

350 845 762 920 (Αῦῖιρὶιιτιὶὁῶ,
788 864 834 899 υ.
868 847 987 914 755)
1019 863 1030 897 :
1059 855 1265 920 antper
1289 846 1336 899 id
1362 845 1498 920 quod
1528 846 1915 920 eoutiuetnr,ut

349 914 392 974 si
433 921 548 989 quis
588 919 834 972 horreum
871 916 1120 989 mutatad
1150 916 1320 989 littera
1351 917 1574 969 afﬁrmet
1615 916 1681 989 al)
1716 914 1913 989 hordeo

348 985 707 1048 nominatum;
755 994 843 1039 aut
890 1002 982 1054 per
1027 987 1364 1051 abusionem,
1404 995 1458 1037 ut
1499 1000 1614 1038 cum
1659 985 1912 1039 hordeum

343 1063 596 1122 dicimus,
623 1065 676 1111 et
701 1056 771 1110 ibi
801 1055 1025 1110 triticum
1056 1056 1329 1120 conditur;
1361 1055 1442 1108 vel
1472 1071 1498 1106 a
1529 1065 1676 1126 parte
1708 1064 1872 1108 totum
1893 1096 1907 1119 ,

349 1140 405 1184 ut
434 1128 700 1184 nmcronis
726 1127 964 1189 nomine,
989 1141 1104 1194 quae
1131 1141 1332 1178 summa
1362 1141 1480 1194 pars
1505 1135 1583 1178 est
1608 1125 1760 1192 gladii
1783 1167 1796 1188 ,
1827 1134 1910 1178 to-

343 1210 458 1254 tum
483 1199 712 1268 gladium
739 1207 959 1268 vocant;
987 1197 1065 1268 vel
1093 1211 1122 1247 a
1151 1204 1258 1248 toto
1282 1203 1500 1268 p_ars,_ut
1522 1195 1738 1268 capillus
1763 1195 1909 1268 quasi

349 1264 533 1340 capitis
579 1269 735 1340 pilus.
777 1265 910 1331 Quid
959 1266 1093 1318 ultra
1127 1264 1721 1340 provehar?Quidquid
1767 1264 1910 1318 aliud

349 1335 682 1394 annumerari
731 1344 934 1405 putest,
979 1345 1066 1387 aut
1096 1335 1433 1387 similitudine
1470 1351 1641 1387 rerum
1674 1343 1725 1387 et
1749 1350 1909 1388 sono-

350 1427 495 1473 rum,
525 1416 614 1460 aut
639 1405 977 1460 similitudine
1004 1419 1176 1456 rermn
1207 1405 1468 1472 ipsarum,
1497 1413 1586 1457 aut
1614 1405 1904 1470 vicinitate,

348 1489 438 1533 aut
465 1478 748 1536 contrario,
773 1473 1026 1527 contineri
1057 1474 1254 1527 videbis
1280 1475 1533 1542 originem
1560 1475 1723 1539 verbi,
1753 1491 1908 1543 quam

350 1549 602 1618 prosequi
623 1562 724 1618 non
753 1545 959 1614 quidem
991 1545 1121 1596 ultra
1154 1543 1267 1618 soni
1293 1543 1687 1618 similitudinem
1721 1560 1906 1611 possu-

350 1614 494 1682 inus;
517 1614 608 1671 sed
641 1617 739 1670 hoc
765 1631 868 1668 non
895 1629 1103 1682 semper
1131 1614 1306 1682 utique
1334 1628 1626 1682 possumus.
1661 1615 1906 1669 Innume-

349 1689 530 1742 rabilia
558 1688 697 1742 enim
724 1694 846 1740 sunt
871 1685 1049 1738 verba.
1079 1699 1299 1752 quorum
1325 1685 1456 1737 ratio
1486 1684 1628 1737 reddi
1658 1700 1759 1737 non
1790 1700 1910 1750 pos-

348 1766 416 1812 sit
447 1778 458 1812 :
489 1768 578 1812 aut
604 1773 706 1811 non
736 1763 845 1820 est,
875 1763 932 1808 ut
954 1769 1051 1824 ego
1075 1755 1331 1819 arbitror;
1361 1762 1451 1807 aut
1477 1754 1601 1807 latet
1622 1795 1636 1817 ,
1664 1766 1721 1807 ut
1745 1755 1907 1809 Stoici

348 1832 689 1883 contendunt.
716 1825 842 1878 Vide
888 1834 1058 1877 tamen
1101 1824 1363 1890 paululum
1387 1865 1402 1886 ,
1431 1824 1693 1893 quomodo
1721 1841 1907 1892 perve-

347 1900 450 1954 niri
482 1907 664 1967 putant
687 1895 752 1950 ad
779 1895 866 1967 illa
887 1895 1166 1948 verborum
1196 1895 1471 1967 cunabula,
1499 1894 1581 1967 vel
1601 1893 1665 1947 ad
1687 1895 1906 1967 stirpem

351 1963 522 2038 potius
548 1977 703 2037 atque
729 1966 860 2019 adeo
883 1973 1196 2038 sementum,
1223 1963 1358 2016 ultra
1383 1963 1533 2038 quod
1551 1965 1712 2038 qnaéri
1743 1965 1905 2038 origi-

349 2034 468 2093 nem
497 2034 703 2101 vetant,
729 2051 828 2090 nec
853 2036 894 2087 si
935 2035 1050 2103 quis
1072 2034 1223 2096 velit,
1251 2043 1423 2102 potest
1450 2034 1730 2103 quidquam
1760 2035 1906 2089 inve-

348 2111 482 2163 nire.
507 2108 669 2162 Nemo
689 2105 904 2174 ambigit
927 2103 1172 2174 syllabas,
1201 2103 1251 2156 in
1273 2103 1512 2174 quibusv
1535 2104 1705 2157 littera
1734 2105 1904 2158 locum

347 2179 548 2233 obtinet
572 2175 930 2240 consonantis,
960 2173 1014 2227 ut
1043 2182 1164 2228 sunt
1189 2174 1238 2227 in
1269 2173 1348 2227 his
1375 2173 1564 2237 verbis,
1587 2182 1791 2238 venter,
1817 2190 1908 2228 va-

350 2248 444 2311 fer,
470 2249 674 2313 velum,
701 2247 878 2299 vinum
898 2286 911 2307 ,
941 2245 1139 2307 vomis,
1172 2243 1386 2306 vulnus,
1419 2259 1653 2297 crassum
1680 2252 1732 2297 et
1757 2245 1905 2312 quasi

347 2318 572 2372 validum
599 2331 785 2370 sonum
812 2314 986 2368 edere.
1011 2313 1158 2380 Quod
1188 2314 1443 2381 approbat
1471 2315 1629 2367 etiam
1663 2315 1908 2382 loquendi

346 2387 689 2452 consuetudo,
715 2402 833 2439 rum
861 2383 1170 2453 quibusdam
1196 2383 1366 2437 verbis
1392 2398 1482 2436 eas
1509 2383 1866 2439 subtraliimus
1886 2425 1902 2451 ,

348 2475 412 2511 ne
434 2466 653 2513 onerent
671 2471 872 2510 aurem.
893 2453 1020 2507 Nam
1050 2453 1167 2506 inde
1190 2462 1269 2506 est
1292 2453 1429 2519 quod
1451 2453 1635 2506 amasti
1661 2453 1906 2508 libentius

345 2527 566 2582 dicimus
607 2542 761 2596 quam
804 2524 1039 2596 amavisti
1064 2563 1089 2596 ,_
1120 2532 1172 2575 et
1194 2523 1368 2596 abiit;
1403 2524 1738 2596 non‘abivit;
1770 2533 1822 2578 et
1852 2525 1904 2578 in

347 2599 483 2652 hunc
510 2592 718 2651 modum
749 2593 1164 2648 innumerahtlia.
1194 2593 1329 2658 Ergo
1356 2607 1474 2645 eum
1502 2592 1745 2656 dicimus,
1776 2595 1901 2659 vim,

345 2682 506 2721 sonus
529 2666 690 2729 verbi,
716 2677 770 2717 ut
796 2665 988 2718 dictum
1019 2673 1118 2726 est,
1140 2662 1288 2728 quasi
1314 2662 1517 2715 validus
1540 2663 1778 2733 congruit
1806 2663 1902 2727 rei,

344 2754 462 2805 qua:
490 2738 827 2805 signiﬁcatur.
854 2733 967 2787 Jam
989 2748 1069 2805 rex
1114 2733 1198 2805 _i:'l_a
1227 2733 1494 2786 vicinitate
1538 2732 1744 2805 per’id
1767 2734 1905 2805 quod

344 2802 613 2871 efﬁciunt,
654 2805 752 2859 hoc
793 2813 872 2858 est
915 2803 1034 2870 quia
1077 2803 1302 2856 violenta
1343 2811 1492 2864 sunt,
1533 2802 1668 2856 dicta
1701 2803 1906 2856 vincula

346 2885 564 2946 possunt
597 2875 796 2946 videri,
829 2881 882 2946 et
910 2873 1080 2946 vimen
1111 2887 1218 2946 quo
1246 2871 1440 2946 aliquid
1469 2873 1742 2946 vinciatur.
1780 2873 1906 2946 Inde

345 2940 512 3011 vites,
555 2946 692 3014 quod
740 2943 1070 2996 adminiculis
1115 2940 1644 3014 quibushvinciantur
1689 2943 1906 2996 nexibus

347 3010 593 3084 pendent.
623 3016 752 3068 llinc
772 3015 925 3084 etiam
950 3010 1164 3084 propter
1188 3010 1603 3084 similitudinem,
1635 3011 1905 3065 incurvmn

345 3080 525 3140 senem
559 3087 753 3140 vietum
790 3083 1068 3137 Terentius
1097 3081 1394 3150 appellavit.
1430 3080 1559 3134 IIine
1588 3089 1757 3146 terra,
1791 3095 1907 3150 qua)

347 3157 564 3223 pedibus
590 3153 941 3209 itinerantium
969 3151 1199 3223 ﬂexuosa
1235 3160 1286 3205 et
1321 3152 1442 3204 trita
1466 3159 1563 3214 est,
1591 3153 1670 3223 via
1696 3152 1902 3223 dicitur.

345 3221 396 3280 Si
426 3237 596 3279 autem
626 3226 728 3289 via,
757 3239 874 3292 qua:
905 3222 950 3274 vi
982 3222 1170 3290 pedum
1201 3224 1320 3292 trita
1350 3231 1456 3292 est,
1483 3221 1715 3275 creditur
1741 3221 1902 3287 dicta,

346 3297 480 3349 redit
506 3297 652 3365 origo
680 3295 744 3348 ad
776 3290 916 3365 illam
938 3293 1276 3365 vicinitatem.
1301 3290 1405 3365 Sed
1435 3292 1736 3365 l'aeiamusa
1763 3293 1908 3345 simi-

347 3366 565 3422 litudine
592 3361 710 3419 vilis
736 3363 817 3416 vel
843 3362 1071 3423 viminis,
1097 3363 1194 3414 hoc
1216 3370 1295 3415 est
1319 3378 1346 3412 a
1377 3361 1511 3415 llexu
1537 3377 1654 3416 esse
1675 3362 1902 3416 dictam:

345 3440 531 3505 quasrit
574 3450 701 3505 ergo
742 3449 826 3488 me
871 3433 1158 3505 quispiam,
1195 3447 1358 3505 quare
1387 3432 1466 3505 via
1497 3431 1633 3485 dicta
1663 3442 1785 3505 est:
1818 3448 1904 3486 re-

344 3502 598 3574 spondeo,
627 3502 654 3557 a
684 3504 839 3568 ﬂexu,
868 3503 987 3574 quia
1020 3504 1210 3574 llexmn
1240 3502 1381 3574 velut
1409 3503 1683 3574 incurvum
1708 3503 1904 3574 vietum

344 3571 551 3630 veteres
570 3575 813 3629 dixerunt
836 3591 846 3625 :
870 3571 1008 3626 unde
1028 3572 1194 3624 vietos
1214 3573 1351 3640 quod
1373 3573 1562 3626 cantho
1584 3573 1902 3637 ambiantur,

345 3655 578 3699 rotarum
627 3645 764 3712 ligna
809 3650 1014 3696 vocant.
1064 3641 1400 3712 Persequitur
1446 3658 1716 3708 quaerere,
1769 3643 1906 3696 unde

347 3715 540 3769 vietum
569 3711 760 3769 ﬂexum
786 3713 990 3766 dicatur
1014 3729 1025 3764 :
1055 3719 1108 3765 et
1138 3711 1224 3764 hic
1252 3713 1540 3779 respondeo
1559 3753 1572 3774 ,
1603 3727 1632 3764 a
1659 3712 1904 3766 similitu-

346 3783 468 3839 dine
497 3785 634 3839 vitis.
666 3782 829 3837 Instat
858 3790 1014 3852 atque
1040 3782 1198 3849 exigit
1226 3781 1364 3836 unde
1395 3781 1533 3834 istud
1563 3782 1629 3834 sit
1661 3781 1779 3834 vitis
1808 3797 1902 3836 no-

350 3870 469 3909 men
494 3871 506 3906 :
531 3854 648 3908 dico
673 3854 790 3922 quia
821 3853 980 3905 vincit
1007 3867 1067 3922 ea
1097 3867 1216 3922 quae
1240 3853 1716 3922 comprehenderit.
1744 3854 1904 3906 Scru-

349 3933 485 3997 tatur
510 3920 923 3997 ipsum‘vincire,
948 3921 1096 3997 unde
1124 3921 1317 3997 dictum
1348 3923 1415 3975 sit
1446 3920 1741 3997 :,di_ce_mus,
1774 3922 1904 3997 avi.

349 3993 439 4047 Vis
481 3989 645 4062 quare
690 3993 765 4046 sic
811 3991 1126 4062 appellatur,
1166 3991 1396 4062 requiret
1424 3989 1701 4062 :Aredditur
1741 3989 1902 4062 ra'tio,

348 4063 468 4132 quia
493 4059 709 4116 robusto
733 4061 976 4132 etivalido
1003 4073 1133 4132 sono
1153 4061 1366 4132 verbum
1393 4059 1488 4120 rei,
1511 4074 1632 4132 quae
1649 4060 1907 4132 signiﬁca-

351 4129 454 4197 tur,
479 4132 736 4200 congruit.
764 4131 906 4185 Ultra
947 4129 1083 4196 quod
1133 4130 1361 4197 requirat
1401 4145 1503 4200 non
1554 4130 1728 4182 habet.
1767 4131 1907 4198 Quot

351 4203 519 4256 modis
548 4199 721 4255 autem
757 4201 902 4270 origo
935 4201 1212 4270 verborum
1240 4199 1574 4270 corruptione
1606 4214 1795 4252 vocum
1821 4217 1910 4253 va-

351 4271 534 4338 rietur,
564 4271 798 4340 ineptum
829 4268 906 4324 est
935 4269 1175 4340 prosequi
1207 4286 1218 4320 :
1250 4283 1369 4321 nam
1397 4276 1449 4320 et
1472 4268 1707 4340 longum,
1731 4278 1784 4323 et
1810 4271 1906 4324 iiii-

351 4287 534 4338 rietur,
564 4287 798 4340 ineptum
829 4287 1175 4392 CSIJII'USCQUI
1207 4287 1218 4320 :
1250 4287 1369 4321 nam
1397 4287 1449 4320 et
1472 4287 1707 4337 iongnm,

350 4357 448 4397 nus
474 4357 628 4412 quam
660 4339 1602 4412 illa_qua‘-.Afﬁcia_sunt,‘neeessa_rium
1631 4350 1730 4393 est.

280 4416 287 4425 ’
489 4406 505 4412 ’
731 4406 951 4465 CAPUT
989 4406 1096 4462 VII.
1119 4406 1280 4461 —De
1303 4409 1347 4460 vi
1369 4407 1516 4460 verbi.

418 4479 568 4535 Nune
589 4483 690 4534 vim
723 4481 1020 4543 verborum,
1044 4484 1292 4547 quantum
1325 4493 1410 4532 res
1433 4477 1644 4546 patitur,
1676 4477 1909 4534 breviter

350 4551 764 4606 consideremus.
791 4550 878 4603 Vis
919 4549 1060 4603 verbi
1089 4556 1190 4610 est,
1245 4563 1344 4615 qua
1384 4549 1715 4618 cognoscitur
1744 4566 1910 4618 quan-

351 4628 460 4674 tum
489 4621 847 4674 valeatzvalet
870 4629 1042 4674 autem
1075 4626 1294 4680 tantum,
1327 4629 1576 4685 quantum
1610 4620 1906 4674 audientem

352 4705 561 4743 movere
582 4699 769 4758 potest.
796 4689 956 4742 I’orro
977 4699 1152 4742 movet
1177 4688 1494 4758 audientem,
1509 4697 1600 4741 aut
1620 4689 1906 4743 secundum

350 4774 429 4824 se,
460 4768 549 4813 aut
582 4757 866 4828 Secundum
899 4758 948 4810 id
979 4758 1116 4825 quod
1158 4757 1434 4826 signiﬁcat,
1473 4768 1563 4811 ant
1591 4774 1654 4812 ex
1687 4769 1910 4828 utroque

349 4830 718 4884 comnmniter.
747 4826 851 4881 Sed
880 4841 998 4880 cum
1019 4827 1303 4879 secundum
1331 4841 1387 4880 se
1413 4838 1605 4893 movet,
1635 4829 1800 4882 autad
1825 4826 1910 4883 so-

351 4899 456 4968 lum
483 4907 694 4954 sensum
718 4897 963 4966 pertinet,
987 4906 1077 4949 aut
1113 4895 1176 4948 ad
1205 4905 1390 4960 artem,
1415 4905 1503 4950 aut
1523 4897 1586 4950 ad
1610 4907 1906 4968 utrumque.

348 4967 548 5023 Sensus
569 4975 740 5020 autem
769 4976 854 5019 aut
879 4976 1058 5018 natura
1087 4974 1346 5030 movetur,
1387 4975 1476 5019 aut
1509 4967 1904 5024 consuetudine.

351 5038 540 5092 Natura
580 5047 820 5093 mevetnr
849 5037 898 5089 in
925 5052 1006 5096 eo,
1038 5035 1174 5106 quod
1205 5034 1485 5088 olTenditur
1519 5036 1562 5089 si
1589 5037 1705 5106 quis
1736 5039 1907 5092 nomi-

351 5119 439 5161 nct
475 5109 816 5164 Artaxerxem
849 5121 1043 5175 regem,
1068 5105 1149 5158 vel
1198 5106 1453 5175 mulcetur
1481 5105 1772 5160 eumaudit
1802 5109 1908 5162 Eu-

350 5177 571 5247 ryalum.
602 5177 729 5247 Quis
769 5174 922 5230 enim
943 5175 1146 5247 etiarnsi
1178 5174 1304 5227 nihil
1336 5180 1511 5247 utique
1539 5176 1605 5229 de
1631 5175 1710 5229 his
1737 5175 1908 5230 homi-

350 5245 504 5301 nibus
532 5246 773 5309 audierit,
804 5261 1024 5315 quorum
1054 5245 1149 5298 ista
1177 5254 1299 5299 sunt
1337 5246 1566 5310 nomina,
1600 5262 1701 5300 non
1735 5256 1906 5301 tamen

349 5317 399 5370 in
441 5317 532 5372 illo
557 5314 892 5385 asperitatem
923 5316 1224 5377 maximam,
1268 5324 1318 5367 et
1351 5314 1403 5368 in
1452 5315 1549 5370 hoc
1566 5315 1767 5384 judieet
1792 5333 1908 5372 esse

348 5387 650 5442 lenitatem?
690 5385 1077 5439 Consuetudine
1107 5393 1346 5438 movetur
1367 5398 1571 5447 sensus,
1595 5400 1715 5439 cum
1743 5386 1905 5441 θηρη-

347 5457 484 5511 ditur
506 5473 623 5511 cum
638 5455 780 5510 audit
809 5454 1052 5524 quiddam
1084 5469 1097 5506 :
1135 5469 1250 5507 nam
1270 5453 1354 5508 hic
1377 5454 1440 5508 ad
1466 5456 1771 5509 suavitatem
1793 5459 1907 5512 soni

349 5528 425 5581 vel
455 5527 819 5580 insuavitatem
862 5525 991 5578 nihil
1021 5525 1270 5587 interest;
1294 5524 1387 5577 sed
1414 5533 1585 5580 tamen
1615 5527 1788 5579 valent
1811 5543 1908 5581 au-

345 5597 482 5650 rium
510 5595 791 5666 penetralia
821 5611 1054 5658 movere,
1082 5602 1250 5666 utrum
1277 5606 1370 5662 per
1391 5609 1449 5648 se
1474 5603 1803 5666 transeuntes
1831 5614 1909 5651 so-

346 5682 443 5719 nos
480 5665 625 5736 quasi
665 5666 1095 5746 liospites__notos,
1125 5677 1190 5716 an
1219 5665 1423 5744 ignotos
1460 5665 1731 5746 recipiant:
1783 5667 1908 5723 Arte

345 5733 520 5790 autem
551 5733 788 5791 movetur
813 5735 1038 5804 auditor,
1062 5749 1180 5788 cum
1203 5733 1470 5788 enuntiato
1491 5733 1588 5789 sibi
1618 5736 1798 5806 verbo,
1830 5747 1907 5793 at-

1780 308 2140 364 AI’I’EN‘DIX.

3458 324 3593 381 MM

2027 428 2334 502 tendit-qum
2371 427 2438 482 sit
2475 442 2594 502 pars
2625 428 2904 502 orationis,
2921 430 3002 484 vel
3029 431 3072 486 si
3102 432 3227 502 quid
3249 434 3388 489 aliud
3419 436 3472 489 in
3505 439 3589 494 his

2023 498 2334 564 disciplinis,
2367 514 2484 571 quire
2510 498 2577 553 de
2601 499 2770 553 verbis
2798 500 3087 566 traduntur,
3119 498 3340 571 accepit.
3370 506 3436 558 At
3461 522 3588 562 vero

2022 583 2084 621 ex
2116 578 2358 643 utroque,
2379 569 2426 643 id
2457 579 2536 622 est
2557 577 2610 623 et
2637 585 2790 643 sensu
2817 581 2867 623 et
2897 582 3011 625 arte
3031 572 3096 643 de
3113 569 3274 626 verbo
3297 575 3584 643 iudicatur,

2022 653 2138 690 cum
2171 640 2240 697 id,
2265 639 2401 706 quod
2424 653 2578 692 aures
2606 639 2911 704 metiuntur,
2944 641 3079 694 ratio
3122 639 3361 706 notatfet
3394 639 3585 702 nomen

2025 707 2090 759 ita
2117 708 2360 784 ponitur;
2394 717 2448 762 ut
2463 708 2676 784 dicitur,
2699 711 2928 784 Optimus
2953 729 2965 763 :
2992 726 3110 784 mox
3135 723 3189 784 ut
3219 728 3396 766 aurem
3428 715 3582 784 longa

2023 793 2122 851 una
2145 778 2339 848 syllaba
2367 787 2420 832 et
2445 778 2562 832 dum
2581 779 2773 851 breves
2789 780 2940 851 hujus
2961 781 3189 834 nominis
3207 778 3580 851 percusseriiit,

2020 848 2226 901 animus
2251 863 2315 902 ex
2343 857 2453 901 arte
2475 848 2648 920 statim
2677 849 2865 916 pedem
2891 850 3155 920 dactylum
3174 848 3424 920 agnoscit.
3444 848 3581 908 Sen;

2021 931 2137 992 sum
2167 933 2290 972 vero
2318 933 2422 992 non
2448 917 2734 972 secundum
2757 920 2941 992 se,sed
2973 917 3257 992 secundum
3285 922 3334 976 id
3357 923 3493 992 quod
3512 925 3582 977 si-

2017 988 2230 1061 gnificat
2262 987 2476 1061 verbum
2509 997 2703 1061 movet,
2735 989 2945 1061 quando
2985 1006 3075 1057 per
3114 991 3328 1045 verbum
3365 987 3581 1061 accepto

2021 1056 2187 1125 signo,
2219 1059 2424 1112 animus
2472 1058 2598 1111 nihil
2629 1056 2765 1111 aliud
2789 1074 2945 1128 quam
2974 1056 3139 1128 ipsam
3184 1077 3293 1114 rem
3324 1056 3576 1128 intuetur,

2017 1128 2167 1202 cujus
2189 1128 2315 1202 illud
2350 1128 2566 1202 signum
2584 1139 2663 1202 est
2691 1129 2827 1202 quod
2872 1130 3074 1199 accepit
3101 1149 3112 1183 :
3143 1139 3355 1202 utcum,
3400 1134 3578 1202 Augu-

2017 1197 2154 1270 stino
2180 1199 2467 1270 nominato,
2498 1197 2631 1270 nihil
2667 1199 2804 1270 aliud
2835 1197 3124 1270 quamiegoﬁ
3153 1200 3261 1270 ipse
3289 1197 3580 1270 cogitor'ab

2019 1267 2154 1335 ipso,
2186 1269 2442 1322 cuinotus
2465 1284 2579 1323 sum
2613 1269 2684 1337 (η)
2711 1286 2723 1320 :
2752 1277 2840 1321 aut
2865 1267 3082 1338 quilibet
3113 1267 3378 1323 hominum
3417 1272 3580 1327 menti

2016 1339 2336 1410 occurrit,_si
2363 1339 2636 1410 forte‘hoe
2675 1354 2885 1410 nomen,
2914 1339 2999 1410 vel
3026 1339 3114 1407 qui
3144 1355 3227 1392 me
3256 1340 3460 1410 ignorat
3485 1357 3578 1395 au-

2015 1405 2188 1478 dierit,
2213 1407 2295 1460 vel
2340 1408 2429 1476 qui
2457 1407 2616 1478 alium
2655 1409 2818 1469 novit,
2859 1409 2946 1477 qui
2977 1405 3300 1478 Augustinus
3343 1420 3576 1466 vocetur.

2013 1473 2143 1529 Cum
2169 1473 2527 1530 autem—simul
2551 1487 2602 1530 et
2627 1473 2913 1532 secundum
2937 1494 2994 1532 se
3020 1473 3237 1532 vérbum
3280 1489 3456 1534 movet
3480 1497 3578 1535 au-

2013 1545 2264 1619 dientem,
2293 1547 2645 1619 etsecundum
2672 1548 2724 1619 id
2755 1548 2896 1619 quod
2923 1549 3214 1618 signiﬁcat;
3247 1557 3367 1604 tunc
3394 1560 3445 1604 et
3465 1551 3577 1619 ipsa

2014 1617 2338 1686 enuntiatio.
2372 1625 2425 1670 et
2463 1616 2512 1670 id
2551 1616 2686 1686 quod
2720 1616 2786 1670 ab
2815 1634 2878 1669 eo
2918 1616 3253 1683 enuntiatur,
3291 1621 3444 1674 simul
3484 1616 3578 1674 ad-

2013 1689 2254 1741 vertitur.
2289 1685 2436 1741 Unde
2474 1685 2614 1738 eniin
2653 1685 2709 1738 ﬁt
2745 1688 2882 1756 quod
2927 1704 3028 1740 non
3065 1689 3345 1744 offenditur
3370 1691 3576 1744 aurium

2012 1757 2256 1828 castitas,
2288 1772 2408 1810 cum
2448 1756 2611 1828 audit,
2664 1756 2836 1828 Manu,
2877 1770 3080 1823 ventre,
3130 1774 3281 1826 pene,
3313 1759 3445 1813 bona
3486 1776 3577 1828 pa-

2014 1825 2110 1878 tria
2136 1827 2488 1897 laceraverat;
2521 1826 2875 1880 offenderetur
2902 1838 3076 1880 autem
3107 1825 3149 1880 si
3173 1829 3421 1884 obscaena
3452 1825 3574 1897 pars

2012 1896 2249 1966 corporis
2289 1896 2503 1951 sordido
2529 1912 2590 1948 ae
2619 1897 2816 1966 vulgari
2857 1897 3067 1950 nomine
3105 1896 3492 1966 appellaretur?
3522 1901 3574 1952 in

2015 1963 2113 2035 hoc
2140 1973 2312 2019 autem
2357 1981 2566 2020 sensum
2602 1963 2937 2035 animumque
2975 1963 3243 2034 utriusque
3270 1967 3576 2024 deformitas

2013 2033 2323 2105 oll‘enderet,
2353 2037 2450 2089 nisi
2491 2037 2576 2088 illa
2613 2033 2876 2104 turpitudo
2906 2037 2979 2090 rei
3006 2052 3123 2105 qua:
3151 2033 3435 2104 signiﬁcata
3472 2047 3571 2104 est,

2014 2104 2206 2175 decore
2229 2107 2375 2159 verbi
2406 2107 2746 2175 signiﬁcantis
2765 2104 3078 2174 operiretur,
3122 2121 3242 2159 cum
3278 2121 3363 2160 res
3391 2107 3574 2162 eadem

2012 2174 2097 2237 sit,
2128 2175 2275 2243 cujus
2313 2174 2592 2244 utrumque
2634 2176 2941 2230 vocabulum
2972 2185 3052 2230 est
3079 2176 3278 2230 :veluti
3325 2192 3426 2230 non
3472 2177 3574 2231 alia

2013 2247 2282 2316 meretrix,
2303 2245 2395 2299 sed
2421 2246 2575 2316 aliter
2602 2254 2776 2300 tamen
2801 2246 3011 2299 videtur
3034 2260 3098 2299 eo
3126 2247 3291 2309 cultu,
3323 2262 3426 2316 quo
3451 2255 3574 2302 ante

2006 2314 2237 2386 judicem
2271 2324 2410 2369 stare
2426 2315 2652 2386 assolet,
2684 2317 2912 2370 alitereo
2937 2331 3042 2386 quo
3070 2316 3124 2369 in
3151 2314 3399 2370 luxuriosi
3430 2317 3574 2371 cubi-

2009 2385 2128 2455 culo
2161 2383 2380 2454 jaceret.
2411 2385 2543 2440 Cum
2590 2387 2745 2455 igitur
2775 2383 2970 2440 tantam
3000 2386 3104 2441 vim
3156 2395 3366 2455 tamque
3393 2387 3574 2441 multi-

2011 2453 2199 2521 plicem
2246 2464 2492 2524 appareat
2535 2453 2651 2510 esse
2697 2456 3002 2521 verborum,
3035 2471 3189 2524 quam
3221 2453 3449 2512 breviter
3476 2471 3571 2524 pro

2010 2533 2248 2596 tempore
2271 2527 2674 2594 summatimque
2703 2526 2997 2596 attigimus;
3025 2525 3216 2594 duplex
3249 2525 3335 2579 hic
3363 2541 3427 2579 ex
3448 2542 3575 2580 con-

2010 2593 2328 2664 sideratione
2354 2610 2544 2650 sensus
2569 2593 2842 2650 nascitur':
2870 2595 3054 2664 partim
3081 2593 3289 2664 propter
3317 2597 3576 2664 explican-

2009 2661 2128 2716 dam
2177 2665 2471 2729 veritatem,
2504 2667 2690 2733 partim
2718 2661 2932 2734 propter
2961 2661 3272 2718 servandum
3305 2661 3572 2731 decorem,

2009 2748 2229 2801 quorum
2263 2734 2484 2802 primum
2509 2735 2573 2788 ad
2600 2733 2954 2798 dialecticum,
2989 2733 3274 2788 secundum
3306 2735 3369 2788 ad
3394 2744 3574 2790 orato-

2010 2818 2120 2856 rem
2153 2804 2381 2857 maxime
2419 2805 2664 2872 pertinet.
2697 2805 2945 2870 Quamvis
2971 2805 3110 2856 enim
3143 2818 3238 2857 nec
3264 2804 3574 2872 disputatio-

2008 2887 2130 2925 nem
2155 2872 2338 2943 deceat
2364 2873 2615 2943 ineptam,
2656 2888 2754 2927 nec
2799 2873 3147 2942 eloquentiam
3189 2883 3428 2941 oporteat
3455 2890 3575 2930 esse

2009 2942 2316 2995 mendacem
2338 2960 2372 3024 ξ.
2399 2942 2578 3024 tamen
2615 2953 2669 3024 et
2688 2944 2763 3024 _in
2794 2943 2878 3024 illa
2931 2958 3071 3024 sepe
3091 2951 3247 3024 atque
3277 2944 3410 2997 adeo
3441 2961 3576 3024 pene

2009 3025 2219 3079 semper
2256 3011 2498 3066 audiendi
2548 3013 2763 3067 delicias
2787 3011 3022 3065 discendi
3061 3011 3248 3081 cupido
3269 3011 3572 3081 contemnit,

2010 3088 2061 3134 et
2094 3082 2144 3134 in
2191 3081 2287 3134 hac
2314 3081 2605 3148 imperitior
2647 3081 2922 3135 multitudo
2951 3081 3089 3150 quod
3130 3090 3314 3136 ornate
3361 3083 3573 3145 dicitur,

2009 3150 2341 3223 etiamrvere
2363 3151 2465 3204 dici
2507 3151 2808 3205 arbitratur.
2839 3152 3125 3223 Ergorum
3153 3165 3401 3220 appareat
3447 3155 3572 3223 quid

2011 3221 2081 3274 sit
2108 3221 2514 3292 ui'iiuseujusque
2547 3223 2836 3292 proprium,
2857 3220 3188 3274 manifestum
3221 3231 3300 3276 est
3326 3220 3580 3292 ctdispu-

2009 3299 2253 3352 tatorem,
2274 3291 2315 3344 si
2343 3306 2441 3360 qua
2472 3293 2518 3345 ei
2541 3291 2833 3346 delectandi
2864 3306 2987 3344 cura
3013 3297 3114 3356 est,
3144 3292 3408 3346 rhetorico
3429 3291 3576 3346 colo-

2011 3375 2068 3414 re
2083 3361 2462 3430 aspergendum
2484 3377 2498 3425 ;
2518 3371 2569 3415 et
2595 3370 2879 3424 oratorem,
2901 3360 2943 3414 si
2973 3361 3243 3414 veritatem
3261 3361 3576 3429 persuadere

2011 3431 2144 3492 vult,
2175 3431 2464 3485 dialecticis
2490 3433 2636 3500 quasi
2666 3432 2842 3485 nervis
2862 3440 3016 3498 atque
3041 3431 3245 3484 ossibus
3271 3447 3388 3485 esse
3421 3432 3578 3485 robo-

2016 3501 2258 3565 randum,
2277 3517 2393 3568 qua:
2424 3499 2532 3569 ipsa
2575 3511 2757 3554 natura
2785 3501 3096 3568 corporibus
3125 3499 3450 3566 nostris,nec
3491 3505 3578 3555 lir-

2009 3570 2176 3623 mitati
2204 3571 2390 3624 virium
2430 3571 2740 3626 subtrahere
2771 3572 2956 3639 potuit,
2988 3586 3084 3624 nec
3108 3569 3380 3624 oculorum
3411 3571 3579 3625 offen-

2010 3640 2142 3709 sioni
2178 3648 2356 3706 patere
2387 3641 2564 3708 permis
2583 3641 2640 3709 it.
2696 3640 2874 3709 Itaque
2902 3655 3038 3694 ltltttC
3066 3649 3279 3709 propter
3303 3642 3577 3695 veritatem

2010 3707 2871 3780 dijudicandani,quod'dialcct‘iea
2913 3707 3206 3777 profitetur,
3233 3725 3297 3763 ex
3327 3710 3425 3765 hac
3454 3729 3576 3765 ver-

2008 3778 2193 3851 borum
2224 3780 2291 3842 vi,
2327 3778 2475 3848 cujus
2500 3781 2737 3848 qnardam
2767 3781 2964 3833 semina
2991 3781 3298 3850 sparsimus,
3326 3795 3443 3851 qua:
3481 3783 3579 3835 im-

2011 3849 2304 3916 pedimenta
2334 3859 2611 3903 nascantur
2633 3851 2920 3904 videamus.

2008 3938 2232 3995 CAPUT
2276 3939 2404 3994 VIII.
2436 3971 2504 3979 ——
2536 3941 2812 4011 Obscuram
2841 3954 2886 3994 et
2923 3939 3234 4011 ambiguum.
3266 3939 3579 4008 Dilferenliw

2150 4011 2346 4064 obscuri
2373 4022 2417 4064 et
2450 4012 2686 4080 ambigui.
2723 4010 2842 4064 Tria
2883 4010 3434 4080 genera’obscurorum.

2079 4099 2301 4168 Impedit
2323 4100 2614 4154 auditorem
2635 4100 2700 4154 ad
2721 4101 2992 4154 veritatem
3011 4099 3287 4154 videndam
3304 4100 3355 4153 in
3381 4100 3576 4165 verbis,

2009 4181 2099 4222 aut
2123 4169 2418 4225 obscuritas
2443 4179 2531 4224 aut
2558 4171 2891 4239 ambiguitas.
2925 4171 3062 4222 Inter
3087 4170 3370 4224 obscurum
3391 4179 3442 4224 et
3462 4186 3578 4223 am-

2012 4239 2224 4308 biguum
2259 4241 2358 4294 hoc
2383 4241 2621 4304 interest,
2640 4241 2778 4306 quod
2795 4242 2844 4293 in
2873 4241 3119 4308 ambiguo
3145 4240 3292 4308 plura
3313 4254 3371 4292 se
3397 4251 3581 4294 osten-

2010 4307 2158 4380 dunt,
2177 4324 2400 4377 quorum
2429 4310 2551 4378 quid
2581 4311 2754 4379 potius
2785 4307 3158 4380 aceipiendum
3173 4309 3242 4363 sit
3275 4310 3580 4379 ignoratur;

2011 4378 2063 4430 in
2099 4378 2325 4448 obscuro
2351 4389 2524 4433 autem
2572 4378 2721 4443 nihil,
2753 4389 2844 4432 aut
2876 4378 3056 4447 parum
3087 4380 3228 4448 quod
3258 4378 3579 4442 attendatur,

2011 4455 2246 4515 apparet.
2276 4447 2377 4501 Sed
2410 4449 2495 4501 ubi
2530 4464 2712 4516 parum
2744 4460 2825 4502 est
2852 4449 2991 4517 quod
3020 4447 3258 4518 apparet,
3297 4449 3582 4504 obscurum

2013 4525 2095 4570 est
2117 4518 2362 4586 ambiguo
2387 4519 2557 4572 simile
2588 4535 2600 4572 :
2635 4520 2789 4570 veluti
2815 4519 2858 4571 si
2883 4519 3001 4587 quis
3030 4518 3330 4587 ingrediens
3350 4521 3466 4583 iter,
3489 4535 3583 4573 (εις-

2011 4588 2236 4654 cipiatur
2259 4588 2437 4656 aliquo
2467 4589 2628 4652 bivio,
2661 4589 2741 4642 vel
2771 4589 2946 4652 trivio,
2978 4589 3061 4641 vel
3091 4589 3267 4652 etiam,
3301 4598 3358 4642 ut
3400 4589 3471 4643 ita
3499 4589 3582 4642 di-

2012 4671 2150 4719 cam,
2183 4657 2420 4710 multivio
2437 4658 2572 4718 loco,
2596 4658 2686 4712 sed
2713 4658 2972 4712 densitate
2995 4658 3210 4714 nebulae.
3227 4659 3356 4712 nihil
3382 4659 3582 4712 viarum

2011 4726 2149 4794 quod
2167 4738 2266 4793 est,
2296 4727 2498 4798 eluceat
2529 4745 2542 4779 :
2572 4743 2698 4798 ergo
2734 4743 2762 4780 a
2791 4729 3056 4797 pergendo
3083 4730 3228 4796 prius
3264 4729 3586 4782 obscuritate

2013 4805 2239 4849 tenetur.
2291 4797 2358 4849 At
2386 4797 2475 4850 ubi
2505 4797 2825 4866 aliquantum
2855 4813 3129 4853 rarescere
3175 4797 3380 4852 nebulas
3409 4812 3587 4866 cmpe-

2012 4867 2136 4927 rint,
2182 4867 2390 4938 rvidetur
2427 4867 2644 4938 aliquid,
2670 4869 2809 4938 quod
2839 4875 3013 4921 utrum
3055 4868 3134 4920 via
3187 4868 3275 4938 sit,
3323 4881 3388 4920 an
3429 4876 3586 4922 terra}

2014 4937 2257 5004 preprins
2285 4945 2337 4990 et
2382 4937 2596 4990 nitidior
2623 4936 2771 4992 color
2814 4938 3071 4991 incertum
3101 4947 3182 4991 est
3211 4954 3224 4989 :
3264 4936 3365 4991 hoc
3387 4947 3468 4991 est
3493 4941 3586 4992 ob-

2013 5019 2225 5059 scurum
2263 5008 2510 5076 ambiguo
2544 5009 2737 5061 simile.
2768 5007 3132 5060 Dilucescente
3160 5007 3297 5061 caelo
3323 5018 3585 5075 quantum

2011 5076 2180 5129 oculis
2221 5077 2347 5130 satis
2392 5079 2478 5137 sit,
2507 5077 2614 5144 jam
2660 5078 2894 5131 omnium
2932 5077 3136 5131 viarum
3167 5076 3413 5131 deductio
3443 5078 3585 5132 clara

2012 5154 2121 5216 est;
2149 5145 2240 5199 sed
2261 5161 2360 5216 qua
2390 5147 2456 5199 sit
2485 5147 2829 5216 pergendum,
2856 5162 2959 5200 non
2987 5148 3325 5208 obscuritate,
3347 5147 3440 5202 sed
3472 5164 3587 5200 am-

2012 5213 2262 5283 biguitate
2277 5213 2562 5269 dubitatur.
2585 5213 2708 5270 Item
2737 5217 3219 5272 suntobseurorum
3233 5233 3427 5286 genera
3453 5219 3547 5270 tria
3573 5234 3583 5266 :

2014 5299 2174 5337 unum
2205 5286 2443 5353 estquod
2474 5288 2650 5339 sensui
2669 5295 2831 5354 patet,
2859 5287 3038 5340 animo
3066 5287 3300 5340 clausum
3329 5297 3440 5352 est;
3475 5297 3588 5339 tan-

2012 5369 2168 5422 quam
2198 5354 2241 5408 si
2271 5355 2390 5424 quis
2418 5355 2610 5409 malum
2642 5357 2887 5426 punicum
2922 5357 3117 5425 pictum
3143 5356 3344 5420 videat,
3373 5359 3464 5426 qui
3495 5373 3579 5410 ne-

2073 5505 2144 5576 (a)
2181 5510 2245 5576 Ex
2263 5505 2353 5576 hoc
2371 5503 2475 5576 loco
2495 5501 2678 5557 diserte
2699 5509 3188 5576 _sequitur_au_e_torem
3211 5507 3412 5576 hujusce
3432 5506 3587 5576 iibelh

2011 5566 2244 5640 puluinari
2266 5569 2610 5640 augustipum..
2627 5571 2739 5628 Quis
2761 5566 2878 5640 vero
2898 5570 2961 5618 sit
2993 5568 3078 5640 ille
3111 5566 3400 5640 Augustinus
3430 5569 3586 5640 ineer-o

2011 5633 2113 5676 tum
2137 5634 2228 5677 est.
2269 5629 2555 5685 Quibusdam
2599 5630 2645 5678 in
2686 5637 2903 5681 mentem
2936 5631 3071 5680 venit
3107 5629 3332 5680 eumdem
3368 5643 3478 5680 esse
3510 5630 3588 5678 cui

2011 5690 2289 5798 trigménttct:
2307 5686 2415 5798 libri
2443 5689 2508 5740 de
2541 5690 2830 5741 Mirabilihus
2850 5699 2894 5740 s.
2918 5693 3171 5754 Scriptura:
3193 5692 3243 5741 in
3275 5693 3590 5754 appendicem

2035 5783 2048 5795 .
2171 5763 2226 5798 .ie
2279 5765 2309 5797 ι.
2419 5789 2430 5798 .

2011 5757 2048 5798 t.
2073 5750 2104 5798 5
2123 5750 2309 5812 rejecti.
2373 5757 2430 5802 Μ.
