4138 6364
555 326 693 384 ωδ

559 446 662 510 aue
693 438 882 494 viderit
901 434 1200 508 aliquando,
1234 449 1334 510 nec
1356 432 1572 510 omnino
1601 433 1750 510 quale
1780 441 1920 510 esset
1943 432 2123 510 audie-

559 503 662 573 rit;
694 524 794 563 non
819 503 1091 564 oculorum
1111 503 1212 570 est,
1244 506 1334 561 sed
1353 504 1532 569 animi,
1561 503 1698 573 quod
1716 503 1927 572 cujusce
1955 505 2026 556 rei
2048 504 2124 570 pi-

560 590 707 632 ctura
732 580 819 644 sit,
844 580 1028 632 nescit.
1053 579 1287 632 Alterum
1312 589 1476 643 genus
1501 584 1600 637 est,
1626 573 1712 644 ubi
1735 589 1819 626 res
1839 573 2016 626 animo
2037 588 2123 644 pa.-

559 658 714 715 teret,
743 643 840 703 niSi
862 649 1036 704 sensui
1069 646 1418 707 clauderetur,
1447 648 1580 698 sicut
1601 643 1859 715 esthomo
1876 644 2044 715 pictus
2072 643 2122 695 in

561 711 794 776 tenebris
817 737 830 773 :
853 734 972 772 nam
1006 718 1092 772 ubi
1121 717 1286 770 oculis
1305 713 1770 781 apparuerit,nihil
1800 715 2002 765 animus
2030 711 2124 765 ho-

563 791 760 845 minem
792 791 986 859 pictum
1017 786 1290 859 dubitabit.
1337 783 1571 859 Tertium
1601 798 1778 859 genus
1812 792 1912 859 est2
1943 783 1993 834 in
2020 796 2124 851 quo

559 861 719 916 etiam
749 851 924 914 sensui
963 856 1321 921 absconditur,
1357 854 1497 925 quod
1524 851 1696 925 tamen
1737 853 1778 906 si
1826 851 2121 925 itidaretur,

559 930 724 1008 nihilo
745 930 906 1008 magis
927 928 1104 982 animo
1131 923 1428 1008 emineret:
1450 923 1589 1008 quod
1614 933 1779 1008 genus
1795 923 2123 1003 estomninm

560 993 1012 1062 obseurissimum,
1033 1007 1082 1050 ut
1101 998 1142 1050 si
1159 995 1430 1064 imperitus
1447 995 1638 1047 malum
1654 993 1776 1046 illud
1791 993 2034 1064 punicum
2050 993 2128 1059 pi-

563 1078 703 1124 ctum
721 1070 880 1122 etiam
897 1069 948 1121 in
967 1061 1193 1122 tenebris
1206 1061 1481 1134 cogeretur
1492 1078 1796 1134 agnoscere.
1817 1061 1974 1134 [lefer
1989 1072 2126 1116 nunc

558 1139 790 1193 animum
820 1138 884 1191 ad
906 1137 1084 1199 Verba,
1101 1132 1324 1206 quorum
1350 1135 1462 1188 istm
1482 1132 1604 1206 sunt
1618 1132 1984 1185 similitudines
2000 1146 2127 1206 con-

559 1210 772 1263 stitutaz.
806 1208 947 1261 Pone
973 1201 1268 1276 quempiam
1291 1204 1707 1273 grammaticum,
1741 1201 2128 1276 convocatis_di-

561 1279 796 1345 scipulis,
829 1271 1066 1345 factoque
1093 1271 1597 1345 silentio'suppressa
1615 1287 1744 1326 voce
1771 1272 1988 1345 dixisse,
2020 1271 2126 1325 Te-

559 1340 757 1402 metum
784 1340 802 1401 'z
831 1348 967 1415 quod
985 1340 1062 1399 ab
1110 1356 1176 1400 eo
1218 1340 1442 1406 dictum,
1473 1344 1558 1412 qui
1587 1357 1753 1412 prope
1797 1340 2124 1415 assidebam,

558 1418 689 1471 satis
709 1412 1013 1480 audierunt;
1042 1417 1128 1484 qui
1158 1416 1428 1475 remotius,
1465 1429 1686 1484 parum;
1717 1412 1808 1484 qui
1832 1420 2005 1484 autem
2036 1426 2124 1465 re-

561 1487 855 1541 motissimc‘
900 1487 1035 1541 nulla
1061 1480 1281 1538 omnino
1310 1500 1439 1538 voce
1468 1480 1898 1551 perstrictisunt.
1929 1480 2127 1534 [lorum

560 1566 736 1610 autem
765 1557 954 1626 partim
977 1557 1228 1618 sciebant,
1255 1555 1326 1609 illi
1357 1555 1555 1608 scilicet
1573 1553 1659 1620 qui
1676 1551 1852 1626 nescio
1876 1565 1980 1620 quo
2003 1565 2128 1605 casu

561 1621 873 1681 remotidres
889 1635 1058 1687 erant,
1089 1625 1210 1694 quid
1238 1633 1381 1678 esset
1406 1631 1691 1694 temetum;
1720 1621 2130 1694 reliquos_pror-

561 1711 652 1750 sas
682 1697 878 1750 latebat
906 1715 918 1748 :
948 1691 1132 1749 omnes
1152 1694 1469 1748 obscuritate
1496 1692 1930 1762 impediebantur.
1957 1691 2129 1762 Etliic

557 1765 664 1834 jam
706 1767 959 1835 perspicis
981 1765 1156 1818 omnia
1204 1765 1291 1818 illa
1319 1779 1509 1835 genera
1555 1759 1954 1835 obscuritatum.
1996 1759 2127 1814 Nam

561 1831 649 1902 qui
677 1831 857 1889 auditu
887 1836 1012 1888 nihil
1040 1831 1378 1898 dubitabant,
1410 1834 1635 1902 primum
1677 1831 1803 1884 illud
1841 1845 2004 1898 genus
2033 1845 2126 1902 pa-

563 1900 842 1968 tiebantur,
873 1906 954 1958 cui
985 1905 1153 1958 simile
1184 1914 1282 1968 est,
1331 1900 1523 1965 malum
1554 1902 1798 1969 punicum
1838 1900 2127 1967 ignoranti-

563 1974 681 2038 bus,
708 1975 800 2029 sed
829 1977 880 2028 in
924 1975 1037 2029 luce
1079 1976 1297 2044 pictum.
1329 1974 1427 2039 Qui
1468 1981 1720 2025 noverant
1766 1972 2004 2034 verbum,
2035 1969 2130 2024 sed

563 2045 776 2099 auribus
792 2054 880 2114 aut
896 2051 1080 2113 parum
1105 2045 1426 2114 automnino
1452 2056 1553 2096 non
1583 2049 1894 2114 acceperant
1915 2053 2126 2114 vocem;

563 2115 798 2169 secundo
825 2111 914 2168 illo
933 2125 1127 2183 genere
1155 2113 1482 2178 laborabant,
1525 2112 1608 2183 cui
1637 2111 1821 2183 similis
1851 2118 1931 2162 est
1955 2111 2128 2183 homi-

563 2185 646 2254 nis
670 2185 860 2254 imago,
883 2180 976 2239 sed
1004 2200 1106 2238 non
1127 2185 1178 2236 in
1196 2183 1500 2254 constdcuo,
1517 2181 1607 2234 sed
1625 2180 1838 2254 omnino
1853 2180 2131 2254 tenebroso

564 2253 700 2307 loco.
725 2249 823 2321 Qui
844 2249 1015 2309 autem
1047 2270 1150 2307 non
1189 2249 1358 2306 solum
1384 2252 1545 2314 vocis,
1575 2251 1665 2303 sed
1699 2258 1756 2304 et
1797 2249 2133 2321 signiﬁcatio-

563 2325 646 2377 nis
666 2319 811 2378 verbi
831 2333 1080 2392 expertes
1109 2331 1292 2385 erant;
1327 2322 1462 2378 tertii
1491 2321 1717 2392 generis,
1755 2319 1892 2392 quod
1913 2319 2135 2392 omnino

562 2389 920 2448 deterrimum
933 2405 1034 2457 est,
1065 2393 1303 2447 cmcitate
1331 2391 1746 2446 involvebantur.
1776 2389 1924 2454 Quod
1957 2399 2132 2443 autem

563 2464 759 2534 dictum
787 2474 887 2529 est,
937 2463 1200 2534 quoddam
1239 2464 1524 2534 obscurum
1560 2462 1805 2527 ambiguo
1839 2460 2045 2534 simile,
2079 2460 2132 2514 in

563 2532 648 2587 his
675 2535 899 2603 perspici
938 2530 1137 2603 potest,
1169 2534 1357 2603 quibus
1401 2533 1619 2585 verbum
1661 2539 1773 2584 erat
1803 2530 2012 2603 quidem
2041 2545 2135 2583 no-

564 2599 696 2668 tum,
726 2599 819 2658 sed
837 2599 1018 2659 vocem
1044 2599 1254 2672 penitus
1282 2603 1497 2665 nullam,
1529 2611 1617 2654 aut
1645 2617 1747 2654 non
1771 2599 2136 2672 :omninoreer-

564 2681 670 2728 tam
702 2669 1060 2742 perceperant:
1086 2674 1272 2728 Omnia
1318 2674 1473 2741 igitur
1509 2673 1729 2742 obseura
1769 2669 2011 2742 loquendi
2040 2684 2134 2738 ge-

562 2741 922 2805 nera’vitabit,
943 2744 1032 2812 qui
1066 2752 1119 2797 et
1147 2757 1273 2796 voce
1298 2750 1549 2810 quantum
1574 2741 1702 2793 satis
1731 2741 1994 2812 estclara,
2038 2755 2136 2812 nec

561 2813 938 2883 oreimpedito,
957 2809 1202 2883 etverbis
1229 2809 1519 2865 notissimis
1547 2819 1738 2883 tutetur.
1774 2809 1899 2883 Vide
1922 2819 2058 2883 nunc
2083 2810 2132 2864 in

562 2879 756 2935 eodem
777 2881 1107 2949 grammatici
1137 2883 1397 2948 exemplo,
1428 2891 1583 2949 quam
1608 2880 1762 2949 longe
1805 2879 2132 2949 aliasimpe-

561 2952 671 3004 diat
695 2947 1010 3019 ambiguitas
1036 2967 1192 3021 quam
1217 2947 1709 3021 obScurit_as__verbi.
1746 2947 1850 3002 Fac
1877 2948 2016 3021 enim
2041 2962 2136 3004 eos

561 3022 650 3090 qui
684 3018 905 3076 aderant
931 3031 986 3075 et
1014 3018 1142 3075 satis
1168 3035 1326 3090 sensu
1361 3018 1628 3090 accepisse
1664 3033 1846 3073 vocem
1875 3019 2131 3090 magistri,

564 3087 620 3144 et
647 3091 794 3145 illum
825 3091 1045 3144 verbum
1077 3089 1400 3155 cuuntiasse,
1431 3089 1572 3160 quod
1602 3097 1745 3143 esset
1764 3087 2007 3160 omnibus
2033 3104 2132 3160 no-

563 3167 672 3213 tum
696 3179 708 3224 ;
737 3171 793 3215 ut
814 3169 957 3228 puta,
992 3161 1072 3214 {ac
1095 3177 1215 3213 eum
1253 3157 1471 3220 dixisse,
1500 3159 1733 3228 Magnus,
1767 3167 1820 3211 et
1843 3157 2034 3213 deinde
2059 3159 2132 3212 si-

559 3228 720 3285 luisse
736 3249 746 3283 :
762 3231 971 3284 attende
987 3231 1108 3299 quid
1133 3230 1337 3294 incerti,
1362 3230 1461 3283 hoc
1478 3229 1657 3283 audito
1682 3229 1914 3299 nomine,
1935 3230 2134 3296 patian-

565 3309 668 3370 tur.
685 3301 819 3368 Quid
847 3301 889 3356 si
916 3298 1150 3354 dicturus
1174 3308 1276 3365 est,
1301 3302 1428 3365 Quze
1450 3314 1573 3370 pars
1601 3298 1851 3370 orationis
1864 3299 2132 3370 est?Quid

559 3364 602 3423 si
628 3364 899 3426 deinetris
918 3364 1604 3440 quaesiturus,quisit'pes?
1624 3369 1757 3435 Quid
1786 3368 1828 3422 si
1861 3364 2130 3440 historiam

558 3438 997 3509 interrogaturus,
1027 3448 1084 3493 ut
1107 3449 1248 3509 puta,
1279 3455 1498 3508 magnus
1528 3439 1809 3506 Pompeius
1833 3447 1962 3508 quot
1990 3438 2131 3494 bella

555 3512 814 3579 gesserit?
841 3512 974 3578 Quid
1015 3512 1059 3564 si
1085 3509 1623 3564 commendandorum
1654 3511 1945 3562 carminum
1964 3511 2127 3578 gratia

555 3580 794 3650 dicturus
831 3589 933 3647 est,
963 3581 1178 3650 Magnus
1215 3589 1267 3634 et
1309 3594 1442 3649 pene
1482 3580 1627 3632 solus
1663 3590 1812 3650 poeta
1845 3579 2131 3650 Virgilius?

556 3648 691 3716 Quid
731 3652 774 3706 si
805 3647 1174 3719 objurgaturus
1221 3647 1590 3719 negligentiam
1639 3647 2038 3719 discipulorum,
2078 3650 2128 3703 in

558 3719 674 3790 haec
693 3718 882 3776 deinde
905 3718 1063 3775 verba
1085 3718 1413 3790 prorumpat,
1441 3719 1654 3788 Magnus
1680 3734 1772 3772 vos
1812 3721 1879 3772 ob
1900 3718 2129 3790 studium

556 3788 848 3858 disciplinae
872 3788 1296 3859 torpor-invasit?
1330 3790 1552 3859 Videsne
1585 3795 1786 3843 remota
1808 3790 1996 3843 nebula
2031 3789 2130 3842 ob-

557 3860 844 3925 scuritatis,
872 3858 997 3914 illud
1020 3859 1157 3929 quod
1187 3875 1342 3928 supra
1364 3858 1560 3929 dictum
1582 3860 2129 3927 estquasieminuisse

557 3929 892 3984 multivium?
913 3928 1048 3984 Nam,
1071 3931 1170 3984 hoc
1201 3946 1359 3982 unum
1373 3929 1509 3998 quod
1531 3928 1728 3982 dictum
1755 3937 1856 3994 est,
1887 3944 2126 3998 magnus,

557 4009 609 4069 et
641 4016 830 4055 nomen
857 4011 967 4065 est,
993 4009 1047 4054 et
1069 4014 1160 4069 pes
1184 3999 1398 4052 chorius
1415 4009 1515 4064 est,
1543 4007 1595 4052 et
1625 3999 1903 4068 Pompeius
1944 4007 2044 4069 est,
2080 4006 2133 4053 et

555 4067 806 4139 Virgilius
833 4080 932 4133 est,
960 4081 1014 4126 et
1037 4067 1368 4139 ncgligentia:
1404 4078 1604 4137 torpor.
1641 4069 1702 4120 Et
1728 4069 1772 4122 si
1792 4083 1894 4136 qua
1921 4068 2023 4121 alia
2048 4070 2130 4122 Vel

556 4139 958 4194 innumerabilia
1003 4157 1110 4193 non
1159 4147 1570 4193 connnemorata
1602 4147 1743 4201 sunt,
1789 4153 1907 4206 quae
1955 4146 2132 4193 tamen

559 4223 656 4278 per
693 4209 829 4263 hanc
853 4211 1268 4262 enuntiationem
1298 4209 1440 4261 verbi
1462 4217 1684 4276 possunt
1711 4208 1952 4276 intelligi.

732 4279 957 4333 CAPUT
997 4279 1087 4332 IX.
1115 4308 1185 4317 —
1210 4279 1604 4333 Ambiauitatum
1622 4294 1804 4333 aeuera
1825 4278 1950 4332 duo.

630 4345 810 4418 Itaque
856 4349 1152 4402 rectissime
1191 4364 1218 4401 a
1266 4345 1557 4418 dialecticis
1601 4345 1798 4401 dictum
1833 4357 1934 4414 est,
1965 4349 2134 4402 ambia

557 4433 717 4487 guum
745 4432 863 4472 esse
889 4433 1047 4472 omne
1081 4419 1315 4472 verbum.
1347 4417 1453 4472 Nec
1474 4427 1683 4471 moveat
1710 4418 1850 4486 quod
1876 4419 2012 4487 apud
2041 4420 2133 4472 Ci-

556 4502 806 4542 ceronem
827 4489 1176 4542 calumniatur
1208 4489 1538 4552 Hortensius,
1577 4487 1677 4541 hoc
1712 4489 1871 4542 modo
1906 4507 1918 4542 :
1957 4488 2134 4541 Ambi-

554 4574 656 4628 gua
681 4575 734 4613 se
760 4560 899 4628 aiunt
929 4560 1103 4610 audi-re
1118 4571 1280 4623 acute,
1305 4558 1557 4627 explicare
1578 4558 1794 4610 dilucide
1819 4559 1972 4612 :itcm
1991 4575 2136 4611 omne

554 4627 756 4682 uerbum
784 4627 1071 4697 ambiguum
1093 4645 1196 4681 esse
1222 4629 1414 4692 dicunt,
1442 4628 1690 4697 quomodo
1715 4630 1871 4696 igitur
1899 4629 2134 4698 ambigua

554 4699 803 4768 ambiguis
829 4698 1191 4768 explicabunt?
1217 4715 1332 4750 nam
1364 4698 1454 4750 hoc
1481 4708 1550 4749 est
1593 4699 1645 4750 in
1689 4699 1912 4751 tenebras
1938 4701 2129 4751 exstin-

554 4777 688 4821 ctum
734 4770 900 4821 lumen
941 4770 1143 4838 inferre.
1188 4768 1364 4838 Facile
1399 4768 1609 4838 quidem
1649 4777 1806 4836 atque
1835 4768 2020 4822 callide
2045 4768 2132 4821 di-

554 4849 718 4892 ctum.
753 4839 854 4892 Sed
903 4837 1004 4891 hoc
1046 4847 1126 4891 est
1174 4837 1310 4906 quod
1352 4837 1488 4903 apud
1535 4838 1778 4890 eumdem
1821 4838 2131 4891 Ciceronem

554 4908 669 4963 Sea:
679 4908 807 4962 volzc
820 4909 947 4961 dicit
972 4908 1231 4961 Antonius
1253 4925 1264 4957 :
1283 4907 1510 4975 Denique
1523 4916 1575 4958 ut
1599 4907 1906 4974 sapientibus
1931 4908 2130 4971 diserte,

551 4979 721 5032 stultis
754 4979 903 5031 etiam
927 4994 1038 5031 vere
1064 4977 1276 5030 videaris
1312 4978 1492 5030 dicere.
1519 4976 1653 5042 Quid
1679 4978 1820 5030 enim
1847 4977 1984 5029 aliud
2016 4977 2132 5031 loco

555 5050 646 5104 illo
696 5047 820 5101 facit
849 5049 1177 5112 Hortensius,
1227 5048 1326 5101 nisi
1369 5048 1614 5100 acumine
1644 5047 1838 5114 ingenii
1875 5056 1929 5099 et
1954 5047 2134 5114 lepore

554 5120 838 5180 sermonis,
870 5118 1020 5186 quasi
1045 5132 1255 5171 meraco
1283 5125 1336 5172 et
1365 5119 1510 5171 suavi
1535 5117 1725 5186 poculo
1752 5117 2009 5184 imperitis
2038 5132 2132 5170 ca-

557 5188 770 5258 liginem
811 5187 1071 5242 oll'undit?
1096 5187 1246 5258 Quod
1295 5187 1434 5258 enim
1475 5186 1673 5258 dictum
1700 5196 1996 5258 _cst,omne
2018 5202 2133 5239 ver-

554 5255 680 5312 hum
706 5259 1006 5327 ambiguum
1036 5272 1176 5320 esse,
1207 5256 1274 5327 de
1303 5257 1521 5326 singulis
1566 5256 1742 5310 verbis
1783 5255 1981 5309 dictum
2029 5265 2128 5309 est.

556 5326 906 5397 Explicantur
925 5328 1165 5396 ambigua
1192 5326 1528 5397 disputando,
1557 5335 1610 5380 et
1638 5338 1795 5380 nemo
1815 5328 1995 5393 utique
2015 5342 2134 5378 ver-

556 5395 888 5467 bis’singulis
914 5395 1164 5466 diSputat.
1197 5395 1360 5450 Nemo
1389 5397 1544 5466 igitur
1570 5397 1810 5465 ambigua
1835 5397 1990 5449 verba
2011 5411 2134 5467 fver-

557 5465 927 5537 bisambiguis
955 5465 1257 5536 eitplieabit.
1288 5467 1352 5520 Et
1379 5465 1551 5520 tamen
1580 5481 1700 5519 cum
1729 5481 1886 5537 omne
1917 5466 2130 5537 verbum

557 5535 860 5604 ambiguum
881 5538 969 5603 sit,
985 5535 1139 5593 nemo
1160 5537 1376 5590 verbum
1389 5537 1688 5604 ambiguum
1707 5536 1806 5589 nisi
1827 5535 2020 5594 verbis.
2040 5535 2131 5589 sed

557 5609 717 5677 etiam
745 5608 1063 5677 conjunctis,
1096 5621 1214 5677 quae
1249 5607 1358 5676 jam
1385 5605 1628 5677 ambigua
1654 5620 1758 5659 non
1789 5614 1930 5677 sunt,
1959 5606 2130 5674 expli-

555 5673 716 5731 cabit.
763 5673 1015 5731 Ut‘enim
1052 5673 1130 5731 isi'
1151 5673 1437 5732 diceretur.
1469 5673 1652 5730 omnis
1679 5677 1831 5730 miles
1854 5676 2001 5745 bipes
2029 5673 2128 5740 est,

556 5763 661 5801 non
683 5763 746 5803 ex
777 5762 842 5802 eo
870 5755 1196 5816 sequeretur,
1231 5757 1284 5800 ut
1310 5745 1500 5802 cohors
1530 5763 1591 5802 ex
1631 5747 1882 5801 militibus
1926 5745 2128 5814 bipedi-

1779 318 2106 375 PillNClPlA
2153 318 2570 375 Di.\LECTl(‘..-E

3681 321 3825 380 κισ

2230 433 2325 486 bus
2355 441 2461 488 tota
2488 443 2774 489 constaret.
2801 432 2869 486 lta
2898 447 3016 487 cum
3037 432 3156 487 dico
3178 434 3475 504 ambiguum
3498 452 3656 493 omne
3684 454 3826 492 ver-

2229 504 2372 576 bum.
2407 505 2658 576 nondico
2685 505 3019 567 sententiam,
3053 520 3156 576 non
3179 505 3583 572 diSputationem
3609 524 3815 576 quam-

2231 574 2309 626 vis
2329 574 2506 646 verbis
2521 575 2615 626 ista
2637 576 3072 646 texanturpmne
3096 574 3252 643 igitur
3270 576 3568 646 ambiguum
3587 574 3824 631 verbum

2234 658 2340 696 non
2372 645 2611 710 ambigua
2658 643 3011 714 diSptttatioue
3057 643 3436 714 explicabitur:
3472 646 3617 701 Nunc
3641 648 3826 701 ambi-

2227 715 2481 780 guitatum
2523 726 2716 781 genera
2765 713 3052 768 videamus.
3107 715 3234 781 ane
3284 717 3448 784 prima
3493 716 3595 769 duo
3639 726 3764 769 sunt
3803 734 3823 770 :

2232 799 2391 854 unum
2420 785 2469 854 in
2497 784 2560 836 iis
2579 785 2760 854 etiam,
2788 784 3203 854 quzedtcuntur;
3235 788 3458 854 alterum
3489 788 3627 854 quod
3657 787 3712 839 in
3740 787 3817 840 iis

2230 853 2377 924 solis,
2401 846 2518 924 qua:
2545 846 2872 924 scribuntur,
2897 853 3276 907 dubitationem
3304 853 3447 908 facit.
3472 846 3599 909 Nam
3620 857 3663 910 si
3691 857 3821 924 quis

2231 922 2476 992 audierit,
2523 923 2701 987 Acies,
2733 933 2787 976 et
2834 923 2878 976 si
2931 925 3047 992 quis
3079 924 3285 992 legerit,
3317 926 3512 992 poterit
3539 922 3818 980 incertum

2233 991 2448 1057 habere,
2500 992 2598 1046 nisi
2647 1000 2742 1062 'per
2787 991 3100 1047 sententiam
3132 991 3408 1060 clarescat,
3453 1005 3624 1048 utrum
3663 997 3817 1050 acies

2232 1063 2478 1128 militum,
2507 1077 2574 1115 an
2606 1062 2748 1133 ferri,
2789 1077 2854 1115 an
2879 1065 3148 1116 oculorum
3191 1064 3328 1117 dicta
3357 1064 3436 1117 vel
3477 1067 3667 1133 scripta
3715 1069 3809 1119 sit.

2230 1133 2299 1184 At
2319 1145 2443 1186 vero
2471 1133 2514 1186 si
2530 1132 2647 1201 quis
2665 1133 2892 1186 inveniat
2913 1133 3183 1202 scriptum,
3208 1134 3354 1188 verbi
3375 1149 3529 1204 causa
3548 1132 3812 1204 leporem,

2233 1217 2333 1272 nec
2351 1210 2599 1271 appareat
2627 1217 2726 1271 qua
2759 1204 3018 1257 sententia
3049 1204 3274 1271 positum
3294 1204 3380 1265 sit,
3405 1203 3640 1272 profecto
3654 1204 3815 1258 dubi-

2233 1271 2381 1344 tabit,
2411 1283 2583 1344 utrum
2605 1272 3076 1344 penultima‘liujus
3101 1273 3247 1327 verbi
3273 1271 3475 1344 syllaba
3511 1274 3812 1344 producen-

2231 1340 2298 1393 da
2325 1343 2412 1406 sit,
2443 1341 2510 1396 ab
2536 1357 2601 1396 eo
2627 1341 2766 1412 quod
2795 1352 2875 1396 est
2895 1340 3044 1411 lepbs
3068 1358 3082 1407 ;
3113 1359 3178 1396 an
3200 1344 3267 1396 ab
3293 1340 3357 1398 eo
3382 1340 3522 1412 quod
3549 1353 3630 1398 est
3659 1345 3816 1412 lepus

2231 1357 2298 1393 ua
2325 1357 2412 1406 su,
2443 1357 2510 1396 at)
2536 1357 2601 1396 eo
2665 1357 2766 1396 uoa
2795 1357 2875 1396 ρει
2899 1357 3044 1411 lepos
3068 1358 3082 1407 ;
3113 1359 3178 1396 an
3200 1357 3267 1396 at)
3293 1360 3357 1398 eo
3382 1357 3520 1412 quoa
3549 1357 3630 1398 est
3660 1357 3806 1412 lepus

2231 1412 2582 1484 corripienda.
2627 1357 2796 1479 Euam
2842 1413 3043 1484 scilicet
3074 1427 3176 1466 non
3209 1422 3476 1481 pateretur
3505 1415 3806 1484 ambagem,

2232 1481 2275 1533 si
2296 1482 2650 1553 accusativum
2692 1483 2852 1553 hujus
2894 1483 3122 1553 nominis
3157 1498 3339 1537 casum
3388 1498 3517 1538 voce
3545 1481 3814 1553 loquentis

2231 1553 2514 1619 acciperet.
2557 1551 2709 1622 Quod
2740 1553 2783 1606 si
2823 1552 2941 1621 quis
2965 1553 3124 1618 dicat,
3159 1554 3455 1622 loquentem
3505 1551 3641 1608 male
3687 1570 3815 1621 pro-

2234 1623 2478 1692 nuntiare
2511 1621 2771 1690 potuisse;
2811 1623 2918 1692 jam
2949 1639 3052 1676 non
3082 1621 3445 1692 ambiguitate,
3493 1623 3585 1677 sed
3614 1625 3811 1677 obscu-

2233 1690 2388 1744 ritate
2411 1692 2754 1760 impediretur
2772 1690 2997 1746 auditor.
3028 1693 3100 1745 Ex
3137 1690 3427 1748 illo'uunen
3454 1707 3650 1762 genere
3669 1693 3812 1762 quod

2232 1763 2476 1830 ambiguo
2519 1762 2691 1816 simile
2732 1771 2834 1827 est,
2885 1764 3007 1831 quia
3049 1764 3187 1816 male
3226 1763 3384 1816 latine
3415 1763 3812 1830 pronuntiatum

2232 1830 2605 1902 verbum,inon
2638 1832 2688 1902 in
2717 1830 2952 1885 diversas
2995 1833 3229 1886 rationes
3276 1831 3433 1885 trahit
3469 1833 3807 1902 cogitantem,

2233 1899 2325 1954 sed
2353 1901 2417 1954 ad
2449 1901 2499 1954 id
2543 1901 2680 1970 quod
2725 1910 2942 1970 apparet
2967 1902 3207 1971 impellit.
3239 1903 3366 1955 Cum
3395 1899 3556 1970 igitur
3575 1904 3673 1957 ista
3703 1903 3811 1955 duo

2233 1985 2425 2037 genera
2456 1972 2592 2024 inter
2617 1988 2672 2024 se
2702 1971 2980 2039 pltu‘imum
3008 1972 3222 2035 distent,
3243 1973 3469 2040 primum
3497 1988 3660 2040 genus
3685 1988 3805 2026 rur-

2235 2054 2326 2111 sus
2372 2041 2423 2094 iu
2454 2041 2558 2094 duo
2587 2041 2836 2095 dividitur
2868 2058 2879 2092 :
2927 2057 3047 2094 nam
3075 2041 3326 2111 quidquid
3355 2042 3564 2106 dieittir,
3610 2040 3663 2096 et
3715 2059 3810 2110 per

2235 2108 2386 2178 plura
2433 2112 2647 2181 intelligi
2697 2120 2888 2178 potest,
2939 2108 3122 2165 eadem
3168 2108 3369 2166 scilicet
3415 2113 3561 2181 plura
3588 2121 3678 2166 aut
3705 2108 3809 2165 uno

2237 2181 2493 2234 vocabulo
2519 2189 2572 2235 et
2601 2197 2702 2250 una
2736 2181 3203 2250 interpretatione;
3233 2191 3321 2235 aut
3359 2191 3562 2235 tantum
3591 2198 3695 2236 uno
3725 2192 3805 2236 tc-

2238 2259 2429 2304 nentur
2453 2249 2726 2316 vocabulo,
2775 2249 2888 2304 sed,
2913 2251 3136 2322 diversis
3189 2252 3610 2319 expeditionibus
3636 2254 3807 2322 expli-

2238 2331 2443 2374 cantur.
2477 2322 2552 2375 Ea
2593 2337 2710 2391 qua:
2756 2337 2859 2375 una
2900 2321 3135 2375 delinitio
3166 2328 3338 2390 potest
3369 2322 3656 2387 includere,
3690 2323 3809 2376 uni-

2239 2405 2368 2444 voca
2401 2393 2738 2445 nominantur
2765 2408 2776 2443 :
2822 2391 2925 2444 illis
2968 2402 3142 2446 autem
3174 2406 3289 2460 qua:
3318 2392 3416 2446 sub
3464 2407 3568 2445 uno
3597 2393 3810 2446 neruine

2240 2475 2458 2531 necesse
2501 2470 2583 2516 est
2625 2462 2846 2516 deﬁnire
2881 2461 3108 2525 diverse,
3159 2463 3412 2531 arqui'voci
3462 2471 3651 2516 nomen
3703 2474 3806 2516 est.

2242 2529 2394 2600 Prius
2419 2544 2543 2600 ergo
2571 2532 2969 2585 consideremus
2998 2529 3237 2597 uni'voca,
3265 2543 3315 2586 ut
3344 2533 3611 2600 quomodo
3639 2545 3808 2598 genus

2241 2599 2342 2654 hoc
2375 2599 2825 2671 jam'patel‘actum
2853 2611 2954 2669 est,
2987 2603 3277 2656 illustretur
3306 2599 3582 2671 exemplis.
3625 2603 3811 2656 Hemi-’-

2240 2683 2361 2724 nem
2399 2686 2516 2725 cum
2549 2671 2792 2737 dicimus,
2825 2680 2928 2726 tam
2963 2688 3184 2744 puerum
3227 2673 3633 2744 dicimusquam
3658 2673 3810 2742 juve-

2243 2755 2385 2804 nem,
2413 2753 2569 2810 quam
2591 2755 2790 2808 senem,
2812 2750 2916 2796 tam
2946 2743 3160 2796 stultum
3182 2751 3338 2812 qnam
3365 2742 3677 2812 sapientem,
3702 2753 3808 2797 tam

2240 2824 2485 2881 magnum
2507 2827 2661 2880 quam
2688 2827 2925 2879 parvum,
2949 2821 3052 2865 tam
3080 2812 3245 2867 civem
3271 2821 3428 2882 quam
3453 2814 3808 2882 peregrinum,

2239 2888 2348 2952 tam
2379 2883 2634 2936 urbanum
2663 2896 2816 2950 quam
2847 2891 3128 2952 agrestem,
3161 2892 3264 2936 tam
3290 2881 3380 2952 qui
3401 2883 3506 2952 jam
3533 2881 3628 2936 fuit
3652 2898 3810 2952 quam

2239 2951 2326 3020 qui
2356 2961 2496 3004 nunc
2524 2962 2624 3017 est,
2649 2960 2753 3004 tam
2781 2951 3052 3008 sedentem
3083 2968 3236 3020 quam
3264 2951 3511 3015 stantem,
3542 2961 3647 3007 tam
3671 2951 3810 3006 divi—

2241 3029 2344 3074 tem
2367 3035 2521 3091 quam
2552 3037 2854 3092 pauperem,
2883 3031 2985 3075 tam
3016 3031 3256 3092 agentem
3279 3023 3475 3092 aliquid
3505 3038 3661 3092 quam
3695 3037 3808 3077 ces-

2237 3099 2463 3155 santem,
2483 3099 2587 3144 tam
2608 3091 2920 3160 gaudentem
2941 3091 3095 3160 quam
3116 3091 3422 3147 maerentem
3442 3091 3806 3147 Velneutrum.

2239 3161 2343 3231 _Sed
2372 3161 2423 3214 in
2451 3161 2531 3214 his
2554 3161 2799 3216 omnibus
2820 3162 3138 3217 dictionibus
3169 3163 3296 3216 nihil
3321 3174 3422 3229 est,
3454 3163 3594 3231 quod
3625 3177 3725 3216 non
3754 3173 3809 3217 ut

2237 3229 2467 3285 hominis
2491 3245 2681 3284 nomen
2706 3232 2925 3300 accepit,
2951 3232 3022 3286 ita
3057 3233 3215 3286 etiam
3247 3229 3484 3286 hominis
3502 3232 3807 3287 deﬁnitione

2237 3301 2509 3355 claudatur
2539 3320 2551 3354 :
2584 3317 2701 3354 nam
2733 3299 2967 3355 deﬁnitio
3007 3302 3234 3355 hominis
3263 3307 3366 3368 est,
3403 3303 3609 3356 Animal
3640 3303 3805 3356 ratio-

2236 3371 2374 3436 nale,
2405 3371 2625 3442 mortale
2659 3388 2670 3423 :
2704 3385 2807 3425 non
2841 3383 2967 3441 ergo
2992 3371 3262 3441 quisquam
3292 3382 3465 3442 potest
3488 3371 3662 3428 dicere
3689 3373 3806 3426 ani«

2236 3442 2339 3493 mal
2391 3441 2644 3495 rationale
2689 3442 2911 3496 mortale
2953 3444 3202 3510 juvenem
3231 3441 3454 3507 tantum,
3501 3458 3605 3496 non
3643 3443 3805 3497 etiam

2244 3523 2423 3565 senem
2468 3521 2521 3564 et
2577 3519 2819 3582 puerum,
2872 3514 2999 3575 etc.,
3027 3521 3117 3566 aut
3165 3513 3456 3582 sapientem
3519 3527 3639 3567 esse
3693 3521 3807 3566 tan-

2240 3591 2367 3644 tum,
2402 3597 2504 3634 non
2548 3581 2706 3634 etiam
2733 3582 2978 3647 stultum;
3010 3583 3116 3636 imo
3139 3591 3194 3636 et
3235 3581 3331 3636 ista
3358 3593 3410 3637 et
3437 3590 3645 3648 cmtcra,
3685 3591 3807 3650 qua:

2235 3660 2509 3704 uulnerata
2544 3660 2680 3713 sunt,
2714 3653 2849 3705 sicut
2873 3651 3100 3706 hominis
3130 3654 3359 3716 nomine,
3391 3653 3458 3706 ita
3482 3653 3637 3705 etiam
3665 3650 3806 3704 deii—

2236 3721 2434 3774 nitione
2459 3723 2794 3775 continentur
2822 3739 2834 3775 :
2869 3737 2989 3775 nam
3012 3723 3122 3775 sive
3145 3738 3292 3791 puer,
3318 3724 3424 3775 sive
3449 3721 3659 3791 stultus,
3684 3721 3805 3776 sive

2236 3806 2452 3860 pauper,
2467 3791 2576 3845 sive
2590 3791 2746 3844 etiam
2772 3791 3060 3858 dormiens,
3080 3791 3122 3846 si
3138 3790 3326 3845 animal
3342 3790 3591 3844 rationale
3605 3799 3805 3860 mortua

2234 3861 2284 3915 le
2301 3859 2404 3914 neu
2423 3869 2531 3925 est;
2555 3876 2653 3914 nec
2669 3861 2826 3914 homo
2841 3862 3040 3916 est.Est
3053 3872 3225 3916 autem
3247 3861 3432 3927 homo;
3450 3861 3536 3914 illa
3550 3860 3709 3930 igitur
3717 3859 3805 3914 de-

2236 3931 2472 3985 ﬁnitione
2492 3932 2828 3984 contineatur
2858 3946 3072 3986 necesse
3092 3942 3189 3985 eSt.
3213 3932 3278 3986 Et
3292 3931 3358 3985 de
3371 3932 3576 3984 czeteris
3590 3929 3805 3986 quidem

2235 4001 2366 4055 nihil
2386 4001 2668 4071 ambigitur
2701 4018 2713 4052 :
2743 4001 2808 4055 de
2835 4017 2998 4070 puero
3027 4010 3199 4056 autem
3224 4017 3384 4071 parvo
3405 4010 3493 4054 aut
3519 3999 3698 4064 stulto,
3727 3999 3803 4071 si-

2235 4086 2300 4125 ve
2328 4069 2544 4139 prorsus
2571 4070 2732 4135 l‘atuo,
2765 4069 2852 4125 aut
2891 4072 2957 4125 de
2981 4069 3298 4136 dormiente,
3321 4071 3405 4126 \‘e'l
3426 4071 3592 4132 ebrio,
3618 4071 3698 4123 vel
3723 4069 3804 4123 fu-

2236 4150 2388 4196 rente
2417 4141 2643 4195 dubitari
2689 4150 2880 4209 potest,
2911 4142 3174 4210 quomodo
3205 4150 3423 4210 possunt
3447 4154 3566 4210 esse
3591 4139 3802 4210 anima-

2236 4211 2304 4265 lia
2330 4211 2622 4275 rationalia,
2651 4211 2808 4264 etiam
2839 4211 2881 4264 si
2907 4209 3069 4280 possit
3091 4209 3326 4276 defendi,
3351 4211 3443 4264 sed
3471 4209 3536 4264 ad
3557 4209 3653 4280 alia
3677 4224 3800 4280 pro-

2241 4281 2547 4350 perantibus
2576 4281 2785 4349 longUm
2817 4279 2916 4351 est.
2953 4281 3032 4335 Ad
3054 4281 3105 4336 id
3135 4281 3275 4351 quod
3310 4281 3482 4349 agitur
3519 4279 3642 4334 illud
3673 4279 3800 4351 satis

2236 4349 2337 4417 est,
2367 4363 2470 4404 non
2499 4365 2618 4404 esse
2644 4352 2797 4404 istaut
2824 4349 3181 4406 deﬁnitionem
3213 4351 3442 4404 hominis
3470 4359 3688 4412 rectam,
3713 4349 3798 4401 ni-

2237 4421 2355 4474 siet
2381 4421 2552 4474 omnis
2572 4420 2731 4474 homo
2751 4421 2934 4475 eadem
2961 4423 3310 4486 contineatur,
3342 4429 3398 4475 et
3422 4429 3610 4488 praeter
3634 4418 3796 4488 homi-

2238 4507 2358 4546 nem
2408 4491 2555 4544 nihil.
2590 4490 2712 4544 llaec
2755 4501 2876 4544 sunt
2911 4492 3064 4559 igitur
3089 4492 3326 4552 univoca,
3355 4487 3473 4558 quin
3503 4504 3606 4543 non
3633 4487 3796 4559 solum

2237 4562 2448 4631 nomine
2490 4575 2618 4620 uno,
2651 4559 2744 4614 sed
2775 4577 2874 4614 una
2903 4557 3058 4614 etiam
3089 4561 3321 4631 ejusdem
3354 4557 3582 4631 nominis
3618 4557 3794 4631 deﬁni-

2240 4631 2380 4684 tione
2407 4630 2720 4699 clauduntur
2745 4647 2757 4682 :
2786 4632 3023 4699 quamvis
3048 4641 3100 4685 et
3117 4628 3264 4684 inter
3285 4645 3343 4684 se
3371 4630 3596 4698 propriis
3624 4628 3799 4681 nomi-

2239 4702 2391 4754 nibus
2441 4709 2496 4754 et
2546 4698 3250 4771 deﬁnitionibusdistingui
3289 4708 3527 4768 possunt.
3579 4698 3794 4771 Diversa

2237 4771 2378 4823 enim
2422 4769 2652 4837 nomina,
2684 4785 2832 4838 puer,
2863 4767 3190 4832 adolescens,
3222 4767 3369 4823 dives
3393 4778 3448 4823 et
3479 4782 3694 4837 pauper,
3734 4767 3799 4820 li-

2239 4840 2332 4894 ber
2353 4851 2404 4893 et
2427 4855 2632 4902 servus,
2659 4847 2713 4894 et
2735 4840 2779 4892 si
2805 4841 2944 4908 qdod
2987 4841 3131 4894 aliud
3155 4839 3566 4895 diilcrentiarum
3593 4846 3714 4908 est,
3749 4845 3800 4889 et

2241 4909 2376 4962 inter
2403 4924 2460 4963 se
2504 4910 2622 4962 ideo
2654 4907 2887 4978 preprias
2913 4909 3244 4964 deﬁnitiones
3271 4908 3540 4962 habebunt
3568 4925 3581 4978 ξ
3627 4907 3719 4960 sed
3748 4914 3800 4960 ut

2241 4980 2341 5032 illis
2369 4996 2528 5034 unutn
2571 4976 2852 5034 commune
2879 4995 3069 5034 nomen
3090 4989 3171 5034 est
3197 4980 3374 5042 homo,
3404 4981 3479 5032 sic
3501 4976 3693 5031 animal
3725 4991 3799 5029 ras

2240 5049 2436 5104 tionale
2457 5049 2678 5102 mortale
2705 5048 2942 5103 delinitio
2968 5066 3068 5103 una
3097 5049 3390 5104 conununis
3419 5057 3518 5101 est.

2366 5118 2589 5174 CAPUT
2630 5116 2694 5171 Χ.
2713 5147 2784 5157 ——
2811 5119 3120 5189 Ambiguitas
3149 5135 3210 5173 ea:
3248 5117 3510 5186 wquivocis
3539 5115 3696 5189 varia.

2308 5187 2458 5242 Nunc
2477 5189 2745 5256 :equivoca
2771 5186 3058 5252 videamus,
3089 5191 3155 5258 in,
3180 5189 3368 5258 quibus
3407 5186 3802 5256 ambiguitatum

2240 5259 2512 5328 perplexio
2531 5273 2697 5328 prope
2727 5258 2923 5328 inﬁnita
2953 5257 3230 5314 silvescit:
3257 5259 3488 5311 conabor
3523 5267 3696 5309 tamen
3718 5269 3802 5308 eas

2238 5327 2290 5382 in
2334 5327 2539 5398 genera
2571 5336 2720 5399 certa
2741 5327 3082 5398 distinguere.
3117 5328 3306 5399 Utrum
3318 5397 3324 5399 _
3349 5335 3805 5399 autemconatum

2241 5394 2414 5452 meum
2449 5399 2559 5451 hare
2591 5394 3109 5467 facultasscquatur,
3143 5407 3194 5451 tu
3217 5395 3495 5466 judicabis.
3523 5394 3814 5467 Ambigui~~

2241 5477 2401 5522 tatum
2430 5469 2606 5537 igitur,
2638 5483 2754 5536 quae
2783 5466 2849 5521 ab
2885 5466 3168 5537 (equivocis
3191 5467 3424 5524 veniunt,
3453 5466 3623 5536 primo
3647 5478 3802 5537 gene«

2239 5555 2293 5612 ra
2322 5539 2416 5591 tria
2439 5535 2562 5590 sunt
2592 5535 2797 5612 :Aunum
2824 5540 2890 5593 ab
2918 5535 3048 5612 arte,
3078 5539 3300 5592 alterum
3341 5538 3407 5590 ab
3433 5535 3554 5612 usu,
3599 5535 3806 5612 tertium

2238 5607 2305 5660 ab
2333 5621 2586 5677 utroque.
2607 5609 2734 5661 Arte
2779 5624 2918 5663 nunc
2953 5608 3093 5669 dico.
3123 5617 3339 5677 propter
3383 5606 3592 5677 nomina
3619 5606 3807 5677 qua:_ir.

2243 5671 2528 5732 verborum
2559 5676 2851 5746 disciplinis
2893 5695 2940 5732 Vt
2961 5679 3068 5732 rbis
3097 5671 3455 5744 it'nponuntur.
3480 5671 3653 5728 Aliter
3671 5671 3802 5746 enin

2240 5747 2488 5804 delinitur
2518 5748 2652 5819 apud
2679 5741 3052 5819 grammaticos
3083 5741 3205 5818 quid
3237 5748 3302 5800 sit
3331 5747 3682 5816 aequivocum,
3713 5741 3780 5793 ali
