4138 6364
358 299 498 360 ΝΠ
1824 292 2190 355 APPENDIX.

355 423 443 472 ter
465 411 606 485 apud
626 409 936 468 dialecticos
961 423 977 476 ;
1008 417 1063 466 et
1086 414 1269 485 tamen
1292 390 1406 485 hoc
1448 422 1617 464 unum
1646 409 1787 485 quod
1813 411 1955 480 dico,

353 480 578 552 Tullius,
601 495 655 540 et
682 500 877 540 nomen
903 490 1005 549 est,
1035 490 1089 537 et
1117 497 1211 552 pes
1233 480 1575 552 dactylus,et
1598 483 1955 552 aequivocum.

3514 312 3652 385 1418

2066 416 2273 506 litate,-
2301 415 2608 506 Secundum
2637 417 2797 506 ίείειξτ
2820 435 3008 506 genus
3032 426 3173 497 αυοά
3192 428 3303 506 iam
3329 442 3544 506 propter
3563 437 3650 494 ιιί-

2065 490 2317 578 sciplinas
2336 489 2727 578 verborumnad
2756 489 3005 578 loduendi
3028 489 3179 578 usuin
3192 489 3649 578 'dictumuest‘pur-

354 557 538 626 Itaque
564 551 612 613 usi
637 558 757 628 quis
784 572 847 628 ex
891 569 978 609 me
1021 552 1295 628 ei'ﬁagitet,
1328 551 1387 628 ut
1414 551 1672 628 deﬁniam
1714 554 1857 628 quid
1889 556 1960 609 sit

362 624 591 696 Tullius,
634 624 917 697 cujuslibet
954 625 1187 697 notionis
1227 624 1586 697 gxplicatione
1626 624 1952 693 respondeo.

360 694 587 755 Possum
619 694 760 755 enim
808 707 952 753 recte
996 696 1194 762 dicere,
1227 694 1435 749 Tullius
1480 710 1677 749 nomen
1701 706 1804 765 est,
1848 711 1955 765 quo

357 772 690 843 signiﬁcatur
712 770 876 843 homo
902 782 1142 843 summus
1168 765 1383 843 quidam
1410 775 1624 843 orator,
1644 768 1733 836 qui
1758 764 1953 843 Catili-

350 835 437 897 na?
463 842 885 910 conjurationem
907 838 1093 910 consul
1120 838 1408 910 oppressit.
1436 835 1721 910 Subtinter
1736 837 1953 910 attende

351 928 439 971 me
468 907 663 967 nomen
692 913 863 981 ipsum
896 909 1147 964 deﬁnisse
1182 907 1209 962 εί
1228 923 1349 981 nam
1369 909 1412 962 si
1434 907 1563 981 mihi
1587 908 1793 981 Tullius
1814 908 1946 981 ipse,

348 985 441 1108 gui
482 984 526 1038 si
552 978 774 1046 viveret,
800 981 964 1051 digito
989 979 1275 1034 monstrari
1301 978 1949 1048 potuisset,‘deﬁniendus

370 1065 505 1108 oret.
539 1070 645 1107 non
675 1052 933 1108 dicerem.
962 1051 1166 1105 Tullius
1191 1059 1273 1105 est
1302 1064 1519 1108 nomen.
1543 1064 1649 1108 auo
1674 1049 1944 1108 signiﬁca-

370 1049 505 1117 bret,
539 1070 645 1107 non
675 1049 933 1117 dicerem,
962 1051 1166 1105 Tullius
1191 1059 1273 1105 est
1302 1064 1519 1116 nomen,
1543 1064 1649 1119 quo
1674 1049 1944 1119 signiﬁca-

358 1132 447 1179 tur
470 1125 661 1188 homo;
695 1122 791 1179 sed
821 1123 1073 1186 dicerem,
1106 1120 1312 1175 Tullius
1337 1128 1420 1175 est
1444 1120 1624 1183 homo,
1655 1128 1712 1174 et
1740 1120 1811 1173 ita
1839 1135 1944 1175 cze-

356 1203 471 1250 tera
516 1196 879 1265 adjungerem.
909 1192 1038 1265 item
1076 1191 1413 1265 respondere
1438 1205 1676 1260 possem,
1707 1189 1820 1245 Hoc
1839 1205 1942 1265 no_-

345 1282 472 1321 men
497 1260 706 1320 Tullius
742 1274 824 1320 est
850 1263 1108 1334 dactylus,
1140 1260 1227 1315 his
1257 1261 1446 1334 litteris
1473 1268 1728 1334 constans
1753 1277 1766 1313 :
1789 1261 1934 1334 quod

344 1338 488 1392 enim
509 1352 601 1391 eas
628 1337 833 1390 litteras
855 1330 1066 1399 habeat,
1094 1346 1229 1401 opus
1252 1342 1332 1386 est
1352 1332 1593 1385 innuere.
1617 1330 1766 1386 Licet
1792 1333 1936 1386 enim

343 1408 473 1463 illud
500 1408 699 1472 dicere,
730 1405 937 1461 Tullius
960 1413 1042 1459 est
1059 1403 1301 1467 verbum,
1317 1416 1412 1471 per
1435 1402 1577 1471 quod
1599 1403 1935 1471 aaquivocan-

348 1487 436 1534 tur
468 1481 604 1534 inter
633 1494 692 1533 se
719 1477 899 1531 omnia
942 1490 1064 1529 cum
1109 1472 1212 1527 hoc
1258 1472 1395 1541 ipso,
1425 1488 1571 1543 quae,
1595 1488 1756 1543 supra
1790 1473 1933 1530 dicta

340 1559 489 1617 sunt,
523 1558 575 1604 et
597 1550 643 1604 si
671 1547 796 1619 quid
824 1546 974 1619 aliud
997 1543 1221 1619 iuvenili
1249 1542 1453 1619 potest.
1472 1542 1575 1598 Sed
1600 1543 1763 1619 _dico,
1795 1542 1930 1619 Cum

341 1559 489 1617 sunt,
523 1558 575 1604 et
597 1558 643 1604 si
671 1558 796 1619 quid
824 1558 968 1601 atina
997 1559 1221 1599 inveniri
1249 1558 1446 1667 pOteSI.
1472 1558 1575 1598 aea
1621 1558 1763 1611 uico,
1795 1558 1929 1600 uum

341 1634 470 1691 ergo
497 1620 599 1675 hoc
617 1635 811 1676 nomen
837 1616 979 1688 quod
1007 1616 1142 1691 dixi,_
1167 1614 1246 1691 Tn
1272 1614 1393 1691 lius,
1416 1613 1708 1691 secundum
1734 1616 1929 1691 artium

344 1685 602 1747 vocabula
633 1702 739 1746 tam
781 1685 928 1743 varie
955 1687 1084 1741 milii
1112 1686 1259 1740 licuit
1284 1685 1535 1749 deﬁnire;
1565 1685 1690 1755 quid
1715 1685 1928 1741 dubita-

337 1777 460 1817 mus
475 1779 595 1819 esse
610 1762 975 1829 ambiguorum
992 1773 1160 1829 genus
1175 1772 1241 1812 ex
1266 1757 1552 1829 requivncis
1574 1756 1925 1829 venientium,

340 1833 484 1903 quod
532 1834 722 1888 merito
751 1826 855 1886 dici
896 1826 1061 1901 possit
1090 1844 1153 1883 ex
1180 1836 1294 1881 arte
1320 1826 1927 1903 contingere?‘l_)ixim_us

338 1897 482 1958 enim
530 1905 799 1975 aequivoca
828 1897 985 1975 esse,
1036 1914 1154 1969 quae
1195 1913 1302 1952 non
1332 1906 1390 1951 ut
1428 1913 1539 1975 uno
1568 1897 1803 1975 nomine,
1854 1898 1927 1975 ita

341 1976 505 2029 etiam
534 1966 637 2029 una
676 1973 987 2030 deﬁnitione
1025 1966 1247 2041 possunt
1275 1968 1463 2041 teneri.
1494 1966 1644 2041 Unde
1672 1970 1815 2022 nunc
1842 1969 1924 2023 al-

338 2054 513 2101 terum
538 2062 706 2115 genus
734 2054 836 2112 est,
862 2042 1003 2113 quod
1020 2039 1086 2095 ex
1112 2039 1374 2115 lnquendi
1387 2055 1485 2093 usu
1512 2039 1695 2115 venire
1720 2054 1925 2095 memo-

336 2109 592 2173 ravimus.
624 2116 789 2172 Usum
823 2109 972 2168 nunc
1012 2112 1220 2181 appello
1250 2109 1395 2181 illud
1425 2110 1664 2177 verbum,
1709 2119 1926 2181 propter

336 2188 479 2257 quod
506 2188 665 2243 verba
710 2180 1100 2257 cognoscimus.
1127 2181 1270 2257 AQuis
1314 2180 1457 2257 enim
1498 2182 1658 2235 verba
1687 2192 1924 2257 propter

338 2252 502 2313 verba
524 2252 803 2328 conquirat
824 2265 879 2310 et
900 2253 1147 2323 colligat?
1177 2254 1356 2328 Itaque
1381 2252 1922 2328 jamuconstitueali-

337 2344 498 2399 quem
538 2332 616 2384 sic
644 2322 863 2391 'audire,
898 2335 955 2381 ut
992 2322 1174 2399 notum
1205 2324 1255 2399 ei
1284 2326 1373 2389 sit,
1403 2322 1537 2399 nihil
1565 2322 1633 2399 d_e
1689 2322 1925 2399 partibus

336 2393 612 2463 drationis,
643 2410 733 2453 aut
757 2399 825 2454 de
853 2397 1039 2453 metris
1067 2394 1253 2463 quaeri,
1282 2403 1372 2447 aut
1398 2393 1465 2447 de
1500 2394 1788 2448 verborum
1818 2395 1921 2448 ali-

340 2485 442 2541 qua
472 2471 747 2541 disciplina
778 2489 790 2524 :
819 2477 996 2523 tamen
1018 2465 1191 2541 adhuc
1222 2473 1394 2541 potest
1417 2478 1537 2541 curn
1559 2463 1774 2541 dicitur,
1793 2463 1925 2541 Tulc

335 2534 456 2608 lius,
509 2534 1286 2613 aequivocorumambiguitate
1330 2534 1594 2605 impediri.
1629 2535 1741 2613 Hoc
1781 2536 1923 2613 enim
1990 2556 1991 2559 η

339 2604 553 2667 nomine
575 2604 630 2668 et
649 2615 763 2682 ipse
792 2611 881 2681 qui
905 2610 1006 2666 fuit
1041 2604 1280 2682 summus
1319 2604 1517 2682 orator,
1556 2613 1612 2659 et
1636 2606 1755 2674 eius
1777 2604 1924 2682 picta

336 2682 515 2753 imago
541 2684 626 2737 vel
654 2676 847 2747 statua,
878 2691 935 2753 et
958 2679 1130 2753 codex_
1157 2692 1261 2748 quo
1288 2679 1405 2753 ejus
1431 2676 1927 2753 litterzecontinen-

335 2747 527 2819 tur-fet
568 2754 613 2807 si
642 2754 767 2823 quid
792 2760 874 2807 est
900 2752 953 2807 in
984 2749 1228 2823 sepulcro
1253 2748 1369 2823 ejus
1393 2747 1688 2823 cadaveris,
1718 2747 1925 2823 signiﬁ-

336 2817 447 2879 cari
475 2817 675 2894 poteStf
701 2817 1102 2894 Diversisreni’m
1131 2818 1687 2894 rationilnisdicimus,
1718 2817 1927 2894 Tullius

340 2896 409 2965 ab
436 2888 652 2950 interitu
674 2896 918 2965 patriam“
936 2892 1314 2965 liberavit_;_et,
1347 2888 1551 2965 Tullius
1570 2890 1843 2965 inauratus
1872 2890 1928 2943 in

335 2963 596 3035 Capitolio
616 2958 728 3031 gstat
749 2982 765 3031 ;
790 2975 862 3028 et,
878 2964 1099 3029 Tullius,
1134 2960 1229 3015 tibi
1253 2968 1396 3012 totus
1419 2958 1675 3035 legendus
1695 2967 1815 3023 est;
1847 2968 1922 3026 et,

337 3031 543 3092 Tullius
562 3037 665 3090 hoc
694 3037 811 3090 loco
827 3034 1070 3105 sepultus
1092 3040 1413 3105 estiunnm
1435 3031 1796 3105 enininonien
1824 3036 1927 3095 est,

338 3108 432 3162 sed
453 3107 677 3161 diversis
703 3107 817 3161 hzec
843 3099 1022 3159 omnia
1042 3101 1437 3157 deﬁnitionibus
1458 3099 1768 3169 explicanda
1784 3107 1927 3153 sunt.

339 3177 456 3248 Hoc
492 3179 652 3248 igitur
678 3193 844 3248 genus
872 3176 1265 3248 :equivocorum
1304 3178 1406 3248 est,
1436 3170 1491 3248 in
1518 3185 1623 3240 quo
1643 3169 1755 3248 jam
1784 3171 1931 3248 nulla

337 3247 405 3302 de
429 3240 707 3317 disciplina?
728 3240 1011 3302 verborum
1029 3245 1197 3298 oritur
1219 3241 1554 3317 ambiguitas,
1588 3241 1682 3296 sed
1705 3240 1773 3317 de
1800 3241 1931 3317 ipsis

342 3320 500 3374 rebus
542 3311 660 3389 qua:
711 3318 1094 3388 signiﬁcantur.
1120 3314 1264 3389 _Atsi
1318 3320 1603 3389 utrumque
1643 3311 1933 3389 confundat

341 3381 644 3445 audientem
665 3381 1060 3459 vellcgentem,
1089 3386 1201 3440 sive
1230 3381 1373 3459 quod
1389 3398 1454 3437 ex
1470 3392 1604 3445 arte,
1627 3382 1738 3437 sive
1760 3397 1826 3437 ex
1852 3382 1932 3437 lo-

340 3461 538 3530 quendi
564 3477 661 3515 usu
689 3456 903 3530 dicitur,
932 3472 1111 3530 nonne
1144 3456 1358 3530 tertium
1390 3468 1557 3530 genus
1584 3462 1729 3530 recte
1758 3468 1933 3507 annu-

338 3524 666 3587 merabitur?
689 3529 853 3600 Cuius
873 3528 1175 3600 exemplum
1189 3524 1527 3600 inseriteiitia
1547 3524 1759 3592 quidem
1780 3539 1934 3600 aper-

339 3602 444 3656 tius
460 3612 697 3672 apparet,
713 3594 966 3672 ut'siqnis
981 3594 1142 3663 dicat,
1158 3596 1307 3672 Multi
1324 3595 1583 3672 dactylico
1603 3605 1775 3649 metro
1809 3594 1935 3648 scri-

342 3667 585 3741 pserunt,
616 3683 672 3727 ut
700 3682 783 3727 est
809 3667 1014 3725 Tullius
1048 3686 1060 3721 :
1092 3683 1215 3741 nam
1242 3667 1327 3741 liic
1358 3667 1728 3741 incertumest
1751 3674 1933 3719 utrum

343 3736 548 3798 Tullius
571 3736 670 3814 pro
691 3742 937 3810 exemplo
960 3739 1165 3814 dactyli
1181 3738 1349 3806 pedis,
1375 3751 1443 3790 an
1470 3736 1730 3814 dactylico
1760 3744 1933 3814 poeta:

342 3806 587 3884 positum'
619 3816 689 3868 sit
722 3832 734 3867 :
768 3806 1005 3884 quorum
1040 3806 1168 3884 illud
1198 3815 1441 3884 eit__arte,
1480 3808 1584 3884 hoc
1626 3821 1819 3884 ex_usu
1849 3806 1931 3861 lo-

342 3876 535 3953 quendi
567 3876 840 3952 accipitur.
860 3882 966 3937 Sed
994 3881 1046 3934 in
1073 3878 1399 3953 simplicibus
1422 3877 1581 3953 etiam
1601 3876 1780 3932 verbis
1804 3892 1935 3953 con-

343 3946 518 4025 tingit,
560 3946 697 4009 licet'
732 3963 952 4025 tantum
982 3946 1359 4025 vocenﬁliujus
1383 3946 1531 4001 verbi
1558 3949 1933 4025 grammaticus

343 4018 683 4082 audientibus
712 4023 987 4092 discipulis
1013 4021 1269 4084 enuntiet,
1303 4029 1541 4092 utsupra
1572 4018 1928 4092 ostendimus.

342 4094 475 4150 Cum
506 4096 662 4165 igitur
687 4094 802 4148 hinc
845 4087 944 4147 tria
969 4106 1165 4165 genera
1201 4089 1497 4143 manifestis
1522 4087 1816 4165 rationibus
1832 4089 1931 4165 _in_-

343 4173 427 4220 ter
455 4157 805 4229 se'diﬁ‘erant,
838 4157 1049 4218 rursum
1076 4162 1303 4231 primum
1332 4173 1501 4231 genus
1526 4158 1581 4231 in
1607 4157 1931 4231 duodividi-

346 4245 451 4292 tur.
475 4237 739 4305 Quidquid
759 4227 902 4290 enim
927 4250 991 4289 ex
1018 4227 1152 4297 arte,
1170 4227 1461 4305 verborum
1478 4229 1602 4283 facit
1619 4227 1934 4305 ambiguita-

346 4299 696 4376 temfpartim
720 4306 820 4361 sibi
852 4321 947 4375 pro
976 4304 1219 4376 exemplq
1241 4316 1367 4376 esse
1387 4308 1581 4376 potest,
1612 4299 1803 4368 partim
1825 4315 1933 4355 non

344 4370 541 4447 potesi.
572 4378 703 4433 Cum
726 4370 869 4433 enim
897 4376 1093 4431 deﬁnio
1130 4370 1254 4447 quid
1281 4370 1542 4441 signiﬁcat
1566 4386 1787 4447 nomen,
1810 4384 1935 4447 pos-

342 4442 460 4504 sum
492 4450 593 4503 hoc
632 4450 806 4519 ipsum
833 4447 1062 4517 exempli
1102 4442 1269 4519 gratia
1298 4458 1618 4519 supponere,
1650 4442 1791 4511 quod
1813 4442 1933 4497 dico

343 4534 562 4588 nomen,
596 4513 783 4590 utique
807 4513 1005 4573 nomen
1025 4513 1153 4573 est':
1186 4517 1286 4590 hac
1303 4516 1450 4590 enim
1492 4513 1610 4590 lege
1654 4526 1750 4581 per
1776 4528 1932 4590 casus

342 4584 575 4645 ﬂectitur
601 4584 829 4645 dicendo
856 4605 1072 4655 nomen,
1115 4586 1365 4652 nominis,
1409 4585 1635 4655 nomini,
1661 4592 1765 4637 etc.
1800 4584 1933 4639 item

341 4676 465 4715 cum
494 4662 688 4717 deﬁnio
719 4661 845 4730 quid
890 4661 1169 4730 signiﬁcat,
1201 4658 1461 4730 dactylus,
1492 4655 1596 4730 hoc
1625 4654 1797 4730 ipsum
1829 4669 1931 4730 po-

343 4738 450 4786 test
476 4748 571 4801 pro
596 4725 842 4799 exemplo
858 4725 1015 4785 esse:
1044 4730 1239 4801 etenim
1261 4725 1381 4801 cum
1398 4728 1646 4801 dicimus,
1668 4725 1928 4796 dactylus,

339 4797 503 4874 unam
548 4797 807 4874 syllabam
840 4802 1065 4874 longam
1088 4810 1143 4874 et
1168 4800 1301 4874 duas
1326 4797 1519 4874 deinde
1550 4797 1932 4874 brevesenun-

340 4873 553 4928 tiamus.
578 4866 654 4927 'At
673 4888 799 4927 vero
819 4866 956 4926 cum'
968 4871 1218 4925 deﬁnitur
1238 4868 1543 4922 adverbium
1564 4866 1693 4937 quid
1721 4867 1928 4936 signiti-

341 4953 447 5010 cet,
479 4960 584 4999 iion
612 4951 790 5014 potest
814 4942 916 4997 hoc
946 4943 1244 5014 ipsumpro
1274 4938 1522 5014 exemplo
1546 4938 1695 5014 dici_:
1727 4938 1927 4992 etenim

340 5007 463 5068 cum
509 5007 820 5070 advérbium
860 5007 1105 5078 dicimus,
1136 5007 1250 5067 haec
1276 5010 1388 5080 ipsa
1415 5007 1706 5064 enuntiatio
1734 5022 1930 5080 nomen

341 5093 444 5159 est.
471 5087 553 5159 lta
578 5085 869 5142 secundum
896 5084 1056 5138 aliam
1082 5079 1376 5146 notionem,
1407 5080 1715 5159 adverbium
1746 5079 1930 5159 utiaue

342 5155 652 5212 adverbium
679 5166 781 5222 est,
825 5164 880 5211 et
924 5170 1117 5210 nomen
1146 5168 1253 5207 non
1278 5160 1394 5217 est;
1436 5148 1727 5222 secundum
1770 5148 1930 5204 aliam

341 5240 470 5303 yero
494 5221 803 5303 adverbium
843 5242 948 5280 non
978 5235 1060 5280 est
1086 5223 1415 5303 adverbium,
1451 5221 1571 5303 quia
1593 5228 1926 5303 _no_mlen.est.

343 5295 475 5352 Item
529 5314 623 5368 pes
661 5299 907 5361 creticus,
951 5296 1165 5367 quando
1192 5292 1319 5364 quid
1347 5290 1609 5368 signiﬁcet
1644 5290 1923 5368 delinitur,

342 5384 449 5439 non
480 5361 656 5439 potest
700 5370 802 5423 lioc
846 5361 1018 5439 ipsum
1049 5384 1147 5439 pro
1173 5361 1420 5434 eiemplo
1447 5378 1566 5439 esse
1599 5381 1611 5416 :
1644 5361 1758 5439 hazc
1783 5362 1927 5439 enim

341 5437 452 5510 ipsa
480 5432 773 5497 enuntiatio
814 5432 1026 5510 quando
1052 5432 1299 5510 dicimus,
1333 5432 1580 5501 creticus,
1612 5432 1931 5510 priina_lon-

339 5502 403 5579 ga
432 5512 655 5583 syllaba,
688 5502 879 5583 deinde
904 5508 1111 5583 duabus
1130 5507 1381 5583 brevibus
1395 5502 1635 5583 constat;
1666 5502 1807 5574 quod
1829 5518 1927 5559 au-

343 5576 745 5651 tem'signiﬁcat
769 5623 785 5647 ,
814 5581 968 5650 longa
994 5579 1195 5651 syllaba
1234 5587 1289 5633 et
1317 5577 1494 5651 brevis
1537 5584 1591 5631 et
1620 5576 1771 5651 longa
1797 5584 1928 5651 est;

341 5650 416 5706 ita
463 5664 514 5707 et
533 5646 639 5708 'hic
683 5646 973 5708 secundum
1017 5646 1173 5703 aliam
1203 5649 1513 5720 notionem,
1540 5647 1770 5701 creticus
1796 5646 1929 5701 nihil

342 5722 481 5777 aliud
520 5734 601 5793 est
639 5739 796 5793 quam
826 5723 1074 5786 creticus,
1099 5730 1154 5774 ct
1181 5719 1420 5787 dactylus
1457 5735 1561 5772 non
1592 5727 1706 5782 est;
1734 5732 1927 5773 secun-

347 5793 476 5849 dum
498 5792 808 5852 aliam’vero
826 5800 1058 5849 creticus
1077 5806 1183 5847 non
1211 5801 1295 5848 est
1316 5801 1568 5875 creticus,
1592 5796 1714 5865 quia
1734 5797 1914 5869 dacty-

667 5881 870 5945 SANCT
939 5884 1219 5946 AUGUST.
1264 5881 1315 5944 Ι.

2065 559 2255 645 tinere,
2282 559 2416 645 duas
2440 560 2600 645 habet
2626 559 2845 645 formas:
2874 565 3005 645 Nam
3031 572 3303 641 aequivoca
3333 559 3479 633 dicta
3492 559 3625 635 'sui‘it

2060 640 2153 713 snt
2175 624 2250 686 ex
2267 633 2452 713 eadem
2469 633 2674 713 origine
2694 636 2979 713 venientia,
3004 624 3648 707 aut'exvdivwersanye-a:

2059 701 2181 757 dem
2211 702 2415 784 origine
2439 701 2673 773 appello,
2713 708 2928 776 quando
2953 701 3059 765 uno
3086 716 3303 771 nomine
3325 701 3647 779 acino—n—s'ub

2058 788 2162 827 una
2193 773 2970 858 deﬁnitione.teneantur,_uno
2996 791 3175 840 tamen
3204 789 3359 857 quasi
3387 773 3531 847 fonte
3545 773 3646 848 di:

2057 855 2293 920 manant,
2314 856 2370 900 ut
2398 857 2479 920 est
2507 848 2665 920 istud,
2686 849 2809 920 quia
2834 849 3039 907 Tullius
3065 866 3115 910 et
3138 848 3298 912 homo
3318 868 3373 913 et
3392 871 3559 916 statua
3591 869 3647 920 et

2054 915 2224 999 codex
2244 926 2299 971 et
2313 915 2793 999 cadayerintelligi
2818 931 3000 999 potest
3011 948 3032 999 _:
3052 941 3158 981 non
3175 940 3398 999 possunt
3428 915 3644 999 quidem

2052 988 2153 1061 ista
2172 1003 2276 1042 una
2309 988 2614 1043 deﬁnitione
2637 988 2903 1057 concludi,
2933 994 3025 1049 sed
3060 988 3235 1053 tamen
3254 1015 3418 1055 unum
3445 988 3642 1061 habent

2051 1053 2450 1141 fontem,ipsui_n
2468 1060 2871 1141 scilicetverum
2885 1053 3178 1141 hominem,
3194 1053 3347 1141 cujus
3366 1053 3421 1131 Ei
3435 1053 3641 1131 illast-a2

2050 1134 2160 1208 tua,
2194 1140 2249 1184 et
2276 1131 2367 1185 ille
2387 1131 2543 1208 liber,
2575 1142 2629 1187 et
2649 1132 2782 1187 illud
2809 1133 3039 1208 cadaver
3064 1131 3275 1195 estQEx'
3292 1142 3501 1198 diversa
3532 1148 3641 1201 ori-

2045 1203 2189 1321 gine,
2219 1210 2273 1255 ut
2292 1217 2413 1286 cum
2436 1203 2680 1286 dicimus,
2709 1218 2898 1276 nepos,
2928 1205 3083 1321 lonfge
3103 1227 3169 1265 ex
3189 1210 3400 1273 diversa
3430 1216 3637 1287 origine

2067 1269 2214 1321 tilum
2262 1272 2355 1321 ﬁlii
2400 1280 2457 1321 et
2494 1274 2821 1321 lnxririnsiim
2865 1276 3002 1321 Sirmi
3028 1290 3127 1321 imi
3209 1282 3333 1321 "mn
3365 1301 3492 1321 ωιτη
3519 1288 3627 1321 Λςον

2067 1269 2214 1357 ilium
2241 1272 2355 1357 ‘ﬁlii
2400 1280 2457 1328 et
2494 1269 3151 1357 liixtiriosuui__Signiﬁcat.
3207 1269 3334 1357 Haec
3364 1269 3633 1357 ergo‘dis:

2045 1346 2210 1423 tincta
2239 1350 2537 1423 teneamus,
2566 1355 2621 1401 et
2649 1346 2772 1423 inde
2802 1346 2938 1423 illud
2958 1364 3150 1423 genus,
3180 1354 3323 1422 quod
3350 1346 3635 1414 exvcadem

2044 1415 2251 1491 origine
2269 1415 2501 1485 appello,
2521 1416 2573 1469 in
2597 1431 2715 1486 quin
2740 1418 2867 1472 item
2889 1415 3160 1491 dividatur
3189 1415 3215 1476 ἶ
3237 1440 3359 1479 nam
3381 1427 3637 1485 dividitur

2046 1482 2108 1569 in
2138 1482 2267 1551 duo,
2294 1482 2717 1569 quornmmun—um
2743 1489 3118 1569 translatione,
3147 1493 3376 1551 alterum
3400 1482 3637 1555 decliua;

2044 1556 2190 1634 tio‘iie
2214 1556 2493 1627 contingit.
2521 1556 2946 1634 Transiationem
2974 1556 3129 1629 voco,
3174 1578 3295 1619 cum
3329 1567 3413 1622 vel
3441 1570 3633 1626 simili-

2040 1624 2224 1708 tudine
2252 1624 2419 1681 unum
2449 1642 2642 1708 nomen
2684 1628 2744 1683 ﬁt
2790 1631 2973 1708 multis
3002 1624 3185 1703 rebus,
3234 1645 3291 1690 ut
3317 1637 3542 1706 Tullius,
3568 1624 3634 1698 et

2038 1693 2133 1777 ille
2148 1695 2204 1750 in
2225 1712 2330 1777 quo
2350 1712 2538 1768 magna
2560 1698 2861 1768 eloquentia
2883 1701 2995 1777 fuit,
3021 1713 3075 1758 et
3090 1693 3263 1763 statua
3282 1708 3397 1777 ejus
3415 1693 3629 1772 diciiur;

2038 1762 2137 1847 yel
2159 1762 2386 1847 mittito,
2413 1762 2537 1847 cum
2561 1762 2683 1839 pars
2712 1762 3132 1847 cognominatur,
3168 1786 3225 1832 ut
3252 1762 3633 1840 cu'iii‘caaiiéé

2036 1834 2182 1917 illius
2202 1834 2405 1917 Tullius
2435 1840 2538 1895 dici
2562 1834 2743 1917 potest
2771 1834 2804 1894 ἴ
2816 1841 2902 1917 vel
2930 1858 2996 1898 ex
3024 1834 3173 1913 parte
3204 1856 3393 1917 totum,
3416 1834 3630 1909 tiranii}

2036 1913 2175 1991 [ecta
2196 1908 2593 1991 dicimus'totas
2607 1911 2818 1991 domus.
2844 1914 2998 1991 Auta
3015 1908 3212 1991 genere
3230 1908 3437 1989 species
3466 1942 3480 1978 :
3508 1908 3630 1980 ver?

2033 1975 2102 2032 ba
2144 1978 2683 2064 enim‘prin'cipaliter
2706 1981 2891 2037 dicunt
2920 1975 3175 2064 .Roinani,
3208 1975 3431 2059 quibus
3452 1975 3628 2064 loqui-

2031 2066 2186 2117 mur;
2216 2052 2312 2134 sed
2341 2061 2519 2134 tamen
2561 2052 2969 2134 verba‘proprie
3009 2052 3281 2134 nominata
3324 2071 3471 2128 sunt,
3504 2052 3626 2134 qua:

2029 2136 2130 2194 per
2154 2123 2342 2178 modos
2367 2133 2422 2180 et
2451 2132 2689 2206 tempora
2714 2123 3042 2206 declinamus
3074 2145 3088 2181 :
3119 2138 3212 2183 aut
3231 2131 3298 2185 ab
3326 2123 3505 2206 specie
3520 2123 3626 2206 'ge-

2032 2208 2134 2273 nus
2153 2210 2183 2273 ;_
2200 2210 2473 2273 nam__cum
2499 2194 2938 2273 scholasticiunon
2964 2197 3136 2273 solum
3162 2194 3399 2273 proprie,
3442 2194 3628 2263 sedvet

2029 2265 2275 2335 primitus
2296 2266 2542 2339 dicantur
2581 2266 2614 2319 ii
2637 2266 2726 2339 qui
2752 2265 2927 2339 adhuc
2962 2267 3017 2322 in
3042 2265 3221 2324 schola
3249 2265 3405 2339 sunt;
3436 2290 3625 2332 omnes

2031 2343 2219 2415 tamen.
2257 2338 2369 2415 qui
2399 2338 2451 2415 i_n
2504 2336 2694 2415 litteris
2738 2337 3164 2415 vivuiithomen
3211 2340 3314 2415 huc
3343 2336 3620 2415 usurpant.

2028 2406 2137 2461 Aut
2174 2408 2241 2463 ab
2278 2406 2549 2464 efﬁciente
2573 2406 2814 2472 eﬁ‘ectus,
2842 2417 2901 2463 ut
2927 2408 3115 2465 Cicero
3138 2421 3223 2468 est
3247 2412 3382 2469 liber
3409 2406 3625 2473 Cicero-

2029 2478 2162 2553 nis:
2192 2487 2283 2553 aut
2309 2480 2375 2535 ab
2398 2478 2590 2553 eﬁ'ectu
2620 2478 2879 2547 efﬁciens,
2905 2490 2963 2535 ut
2991 2488 3182 2553 terror,
3209 2485 3333 2553 quia
3362 2494 3623 2544 terrorem

2027 2547 2175 2604 fecit.
2228 2551 2335 2605 Aut
2379 2567 2410 2605 a
2439 2550 2912 2621 continentehquaa
2940 2547 3303 2620 continentur,
3343 2566 3402 2611 ut
3428 2558 3622 2614 domus

2030 2621 2194 2674 etiam
2214 2622 2306 2690 qui
2330 2622 2386 2675 in
2405 2623 2567 2695 demo
2590 2629 2712 2695 sunt
2727 2619 2974 2677 dicuntur
2996 2634 3133 2695 :_aut
3147 2640 3176 2679 a
3199 2619 3459 2683 conversa
3480 2631 3620 2695 vice,

2009 2699 2100 2768 .u_t_
2119 2702 2377 2768 castanea
2395 2692 2553 2768 arbor
2578 2690 2771 2746 dicitur
2796 2707 2915 2768 qua:
2938 2699 2995 2749 et
3020 2693 3221 2768 fructus
3251 2714 3267 2752 :
3297 2698 3381 2752 vel
3405 2699 3451 2753 si
3478 2690 3623 2768 quod

2033 2760 2178 2840 allud
2191 2762 2430 2840 inveniri
2467 2770 2671 2840 potest,
2710 2760 2853 2831 quod
2881 2779 2982 2840 ⁵99(-
3007 2765 3194 2821 eadem
3240 2768 3445 2840 origine
3470 2760 3624 2840 quasi

2031 2832 2851 2911 transferendocognominetur.
2881 2832 3064 2911 Vides,
3100 2845 3156 2891 ut
3202 2832 3452 2903 arbitror,
3485 2832 3624 2911 quid

2032 2901 2193 2973 faciat
2226 2905 2282 2959 in
2309 2904 2486 2959 verbis
2501 2901 2944 2973 ambiguitatem.
2991 2904 3121 2970 Quae
3161 2916 3340 2963 autem
3379 2901 3447 2964 ad
3473 2901 3624 2966 eam-

2033 2972 2169 3047 dem,
2208 2977 2471 3047 originem
2507 2972 2857 3047 pertinentia
2868 2976 3204 3047 conditione
3250 2978 3625 3037 declinationis

2032 3044 2449 3114 ambigua'esse
2491 3044 2738 3110 dicimus,
2786 3044 2913 3099 talia
2949 3055 3091 3101 sunt.
3124 3048 3231 3104 Fac
3275 3050 3424 3105 verbi
3463 3067 3625 3107 causa

2034 3129 2301 3196 quemque
2324 3115 2545 3196 dixisse,
2574 3114 2825 3196 pluit._Et
2866 3114 2985 3171 hrec
3024 3118 3445 3196 differ-sentique
3487 3122 3625 3178 deﬁ-

2035 3184 2231 3240 nienda
2275 3195 2419 3240 sunt.
2450 3184 2591 3239 Item"
2621 3184 2859 3240 scribere
2900 3200 3021 3241 cum
3063 3187 3210 3253 dicit,
3240 3184 3501 3246 incertum
3542 3203 3643 3251 est.

2034 3265 2214 3332 utruni
2245 3256 2299 3310 in
2333 3256 2593 3332 inﬁnitivo
2616 3256 2791 3319 activi,
2820 3270 2889 3309 an
2921 3257 3234 3327 imperativo
3272 3262 3467 3328 passivi
3497 3279 3625 3332 pro-

2035 3328 2336 3381 nuntiatum
2383 3327 2471 3381 sit.
2516 3326 2685 3380 Homo
2730 3342 2850 3397 cum
2904 3326 3064 3382 unum
3107 3326 3301 3383 nomen
3331 3326 3625 3397 siuet-una

2035 3398 2352 3461 enuntiatio.
2388 3406 2569 3451 tamen
2613 3398 2672 3450 ﬁt
2712 3396 2853 3451 aliud
2884 3412 2950 3452 ex
2995 3400 3343 3466 nominativo,
3368 3403 3510 3458 aliud
3558 3421 3627 3459 ex

2036 3469 2299 3544 vocativo.
2323 3468 2490 3534 Quin‘
2513 3467 2798 3544 doctiuset
2822 3469 3145 3544 docte_verbi
3172 3473 3465 3527 enuntiatio
3489 3490 3625 3544 quo-

2035 3539 2400 3664 que'diversa
2440 3549 2540 3594 est.
2597 3538 2812 3594 Doctius
2856 3539 2999 3595 aliud
3047 3549 3129 3596 est
3190 3557 3313 3596 cum
3355 3538 3623 3613 dicim'us,

2075 3620 2246 3664 octius
2310 3611 2666 3664 mancipium:
2723 3610 2866 3664 aliud
2928 3626 3048 3664 cum
3108 3610 3373 3664 dicimus.
3414 3614 3623 3664 doctius

2075 3610 2246 3665 octius
2310 3611 2666 3681 mancipium;
2723 3610 2866 3665 aliud
2928 3626 3048 3667 cum
3108 3610 3373 3680 dicimus,
3414 3610 3623 3673 doctius

2038 3680 2129 3751 ille
2180 3680 2499 3754 disputavit.
2543 3680 2906 3754 Declinatione
2952 3682 3113 3751 igitur
3149 3684 3466 3754 ambiguitas
3536 3701 3626 3741 or-

2038 3760 2091 3825 ta
2120 3761 2203 3808 est
2230 3751 2415 3807 :inani
2450 3751 2861 3825 declinationem
2892 3768 3056 3825 Anunc
3098 3751 3329 3823 appello,
3368 3755 3621 3825 quidquid

2036 3824 2151 3894 sive
2179 3839 2275 3894 per
2304 3838 2464 3879 voces
2492 3824 2604 3878 sive
2646 3839 2742 3892 per
2770 3823 3182 3892 signiﬁcationes
3210 3823 3474 3881 ﬂectendo
3500 3823 3623 3882 ver-

2037 3893 2102 3948 ba
2144 3893 2423 3965 cOntingit.
2454 3895 2550 3948 Hic
2570 3894 2835 3965 doctus_et
2862 3894 3037 3958 docte,
3071 3904 3272 3949 tantum
3322 3912 3419 3965 per
3460 3912 3624 3953 voces

2036 3965 2237 4037 ﬂexum
2258 3963 2385 4037 est;
2406 3965 2667 4037 hicilioimo
2688 3972 2744 4018 et
2766 3963 2953 4037 homo,
2981 3966 3270 4037 secundum
3294 3963 3438 4022 sulas
3463 3969 3627 4037 signi-

2036 4036 2332 4093 ﬁcationes.
2366 4036 2473 4091 Sed
2497 4034 2801 4106 liujusmodi
2824 4050 2992 4106 genus
3020 4036 3421 4106 ambiguitatum
3452 4034 3626 4094 minu-

2037 4110 2188 4180 tatim
2209 4108 2491 4180 concidere
2515 4105 2579 4161 ac
2601 4105 2846 4176 prosequi
2875 4122 3009 4175 pene
3021 4105 3297 4180 inﬁnitum
3323 4117 3425 4163 est.
3443 4110 3627 4180 itaque

2037 4179 2212 4235 locum
2238 4177 2689 4250 ipsumibactenns
2711 4187 2924 4232 notasse
2944 4177 3233 4250 suﬁ'ecerit,
3256 4180 3468 4248 ingenio
3482 4177 3624 4250 pra:-

2037 4252 2222 4305 sertim
2251 4247 2359 4305 tuo.
2391 4249 2526 4305 Vide
2565 4263 2707 4320 nunc
2725 4263 2806 4312 ea,
2836 4263 2961 4320 quin
2977 4264 3042 4303 ex
3066 4247 3275 4320 diversa
3303 4247 3507 4320 origine
3535 4268 3627 4307 ve-

2038 4322 2190 4375 niunt
2214 4340 2227 4375 :
2258 4336 2381 4375 nam
2410 4320 2523 4390 ipsa
2552 4319 2858 4373 dividuntur
2881 4319 3056 4374 adhuc
3076 4319 3127 4372 in
3154 4319 3286 4375 duas
3302 4319 3500 4390 primas
3520 4322 3626 4377 for-

2038 4406 2179 4458 mas,
2235 4405 2462 4461 quarum
2516 4405 2619 4444 una
2670 4398 2787 4461 est,
2844 4406 2963 4461 quae
3008 4391 3269 4461 contingit
3314 4392 3626 4449 diversitate

2038 4460 2371 4533 linguarum;
2403 4469 2461 4514 ut
2481 4476 2624 4533 cum_
2645 4460 2891 4533 diciinns,
2920 4460 3043 4533 iste,
3072 4460 3187 4533 hinc
3209 4476 3312 4533 una
3356 4478 3457 4518 vox
3480 4465 3625 4519 aliud

2037 4529 2177 4602 apud
2203 4532 2439 4596 Graecos,
2485 4530 2627 4611 aliud
2652 4529 2791 4611 apud
2819 4544 2920 4584 nos
2966 4530 3243 4611 signiﬁcat.
3272 4532 3425 4611 Quod
3454 4550 3625 4611 genus

2038 4612 2217 4659 tamen
2249 4619 2357 4659 non
2377 4602 2724 4684 ummsnovit
2753 4619 2766 4655 :
2797 4616 2902 4655 non
2942 4602 3083 4656 enim
3110 4602 3391 4684 unicuique
3419 4602 3627 4684 perspi-

2036 4690 2198 4730 cuum
2224 4684 2325 4742 est,
2354 4673 2455 4727 nisi
2475 4673 2565 4743 qui
2591 4672 2797 4741 linguas
2824 4680 3026 4738 nosset,
3054 4682 3143 4725 aut
3167 4673 3256 4742 qui
3288 4672 3492 4744 linguas
3517 4672 3627 4729 dis-

2037 4754 2270 4815 putaret.
2294 4746 2472 4799 Altera
2503 4748 2667 4799 IOrma
2696 4752 2797 4809 est,
2832 4758 2950 4812 quae
2988 4743 3043 4796 in
3070 4758 3175 4796 una
3205 4743 3419 4815 quidem
3448 4746 3626 4815 lingua

2038 4814 2165 4874 facit
2182 4817 2603 4886 ambiguitatem,
2626 4814 2835 4886 diversa
2858 4822 3033 4886 tamen
3053 4829 3240 4886 eorum
3258 4814 3486 4886 origine,
3504 4814 3624 4886 qua:

2036 4904 2146 4943 uno
2179 4884 2440 4944 vocabulo
2482 4884 3055 4956 signiﬁcantur,_quale
3083 4892 3166 4956 est
3191 4884 3335 4956 illud,
3368 4884 3621 4954 quod’de

2036 4967 2233 5030 nepote
2253 4973 2411 5030 supra
2424 4954 2719 5027 posuimus.
2742 4954 2892 5030 Quod
2916 4968 3098 5030 rursus
3122 4954 3175 5030 in
3207 4954 3313 5030 duo
3343 4957 3603 5011 seinditur

2037 5023 2144 5085 Aut
2166 5031 2266 5085 sub
2293 5023 2484 5084 eodem
2513 5042 2711 5098 genere
2738 5025 2905 5098 partis
2934 5023 3210 5098 orationis,
3248 5024 3388 5098 sicut
3425 5042 3620 5088 nomen

2038 5110 2121 5157 est
2163 5116 2351 5171 nepos,
2381 5096 2699 5171 cum'ﬁlinm
2726 5096 2924 5171 tilii,__et
2949 5110 3071 5149 cum
3096 5096 3429 5171 luxuriosum
3456 5098 3625 5171 signi:

2039 5172 2191 5238 ﬁcat;
2220 5158 2311 5227 aut
2336 5158 2433 5226 sub
2454 5169 2700 5234 diversis,
2731 5176 2788 5222 ut
2816 5158 3015 5221 dictum
3040 5175 3122 5221 est
3140 5182 3169 5219 a
3208 5166 3480 5236 Terentio,
3503 5158 3532 5168 ”
3620 5158 3628 5173 ³

2160 5264 2248 5328 Qui
2265 5265 2392 5328 scias
2412 5275 2535 5327 ergo
2556 5263 2686 5328 istuc
2702 5259 2795 5309 nisi
2818 5257 3053 5328 periclum
3075 5256 3254 5328 feceris
3244 5258 3291 5328 _?

2346 5321 2557 5389 (Terent.
2579 5322 2733 5373 Andr.
2756 5321 2854 5371 act.
2874 5321 2922 5383 3,
2946 5332 3077 5372 scen.
3098 5321 3147 5383 3,
3176 5333 3221 5371 υ.
3243 5321 3347 5385 33.)

2036 5414 2135 5473 sed
2175 5414 2334 5469 etiam
2368 5410 2505 5464 istuc
2528 5421 2843 5479 pronomen,
2885 5406 3019 5479 istuc
3051 5405 3389 5479 adverbium.
3409 5403 3527 5460 Jam
3557 5421 3627 5479 ex

2038 5495 2287 5555 utroque,
2322 5482 2374 5536 id
2399 5489 2483 5536 est
2510 5476 2625 5533 arte
2653 5488 2708 5533 et
2735 5493 2837 5532 usu
2865 5477 3175 5543 verborum,
3205 5476 3360 5555 quod
3377 5476 3627 5555 in_:equi-

2036 5546 2196 5613 vocis.
2221 5546 2437 5610 tertium
2482 5564 2653 5622 genus
2691 5564 3059 5622 posueramus,
3098 5555 3182 5622 tot
3224 5546 3626 5622 ambiguitatem

2039 5628 2229 5684 formae
2250 5618 2751 5695 possunt:existere,
2785 5620 3007 5695 quodin
3027 5618 3236 5673 duobus
3260 5619 3627 5695 superioribus

2038 5688 2411 5771 posueramus.
2470 5693 2656 5747 Restat
2702 5688 2829 5760 ergu
2881 5690 3011 5745 illud
3064 5703 3233 5760 genus
3282 5688 3630 5761 ambiguum.

2101 5794 2281 5856 una,
2303 5787 2439 5853 quid.
2459 5792 2555 5851 En,
2573 5783 2707 5844 ριάη.
2770 5789 2828 5833 M.

2782 5868 3381 5954 (morante-wing.)
