4138 6364
323 538 624 602 nequeant:
646 529 764 602 quis
797 539 940 602 enim
983 525 1173 602 credat
1199 523 1540 602 Hortensium
1583 523 1717 579 caedi
1758 537 1917 602 posse

325 595 430 675 per-
457 595 678 675 partes?
711 599 852 675 quod
895 599 939 654 si
981 597 1089 675 flat,
1131 595 1442 675 Hortensius
1475 595 1584 666 jam
1633 610 1739 650 non
1773 597 1914 675 erit:

325 667 573 757 ῑνοὲριδμαι
592 667 741 744 quod
755 673 862 756 sint.
882 669 1272 757 ηυξηετὶυηίυεέ
1288 684 1302 734 ς
1318 675 1632 757 ἕὲἲέξῗῖᾞ,
1643 667 1788 757 5‘19?
1797 667 1919 757 ξὶτξ·

324 738 528 818 gularia
549 738 568 798 ε’
585 738 759 818 neque
773 744 923 818 enim
952 741 1067 818 haec
1091 741 1143 794 in
1177 754 1283 818 uno
1307 739 1494 818 quovis
1518 738 1776 808 geminari
1796 752 1920 818 poss

325 809 470 872 Sunt.
507 809 704 871 Deinde
741 814 952 880 altiora,
981 811 1032 866 id
1077 821 1180 878 est,
1224 809 1514 880 hominem,
1562 824 1775 878 equum,
1810 809 1921 862 leo-

325 903 450 943 nem
475 887 744 949 arborem,
775 889 901 938 ctam
938 879 1024 936 vel
1065 887 1195 942 tata;
1240 896 1328 936 ars
1363 879 1520 944 dicit,
1551 881 1701 949 quasi
1743 886 1920 947 partes

325 958 540 1029 generis
568 965 824 1029 etfrerum
853 954 1068 1008 formas.
1096 953 1296 1029 Dehinc
1318 951 1614 1029 superiora,
1640 950 1690 1003 id
1709 959 1792 1003 est
1806 950 1923 1003 ani-

327 1023 486 1085 malia
514 1037 567 1084 et
590 1027 814 1096 virgulta
841 1034 896 1080 et
919 1037 1156 1096 gemmas
1173 1031 1233 1096 et
1254 1023 1476 1092 lapides,
1495 1035 1689 1090 genera
1709 1035 1920 1096 nuncu-

326 1101 489 1170 pavit,
523 1115 588 1152 ex
617 1090 810 1168 quibus
840 1090 1018 1170 partes
1038 1095 1118 1170 vel
1142 1090 1348 1170 formae
1374 1100 1689 1170 nascuntur.
1719 1090 1918 1170 Eadem

327 1161 502 1225 iamen
529 1161 751 1240 genera,
780 1161 986 1237 species
1015 1164 1101 1240 vei
1141 1164 1274 1240 idem
1316 1164 1485 1240 etiam
1511 1161 1770 1240 nominari
1800 1174 1924 1230 pos-

326 1249 474 1308 sunt,
503 1231 870 1321 quodliabeiit
895 1231 1495 1321 e_xcelsi_us.al_inoid_,
1521 1240 1615 1321 est
1629 1233 1922 1321 nsiam,‘e¥

327 1328 430 1382 qua
457 1304 584 1382 oriri
614 1310 862 1363 videntur
885 1317 938 1362 et
964 1304 1353 1382 nasci.__lpsam_
1373 1317 1504 1356 vero
1538 1304 1729 1382 usiam,
1761 1313 1921 1374 supra

327 1375 486 1454 quam
515 1380 963 1454 nibi|_e§t,_genus
985 1375 1240 1454 appellari
1271 1375 1574 1454 volueruni.

515 1394 643 1436 mnu
667 1394 770 1444 εει,
792 1394 963 1504 genus
985 1394 1240 1456 appellari
1271 1394 1589 1456 Vplucrunh.
1685 1444 1696 1456 .

505 1450 731 1507 CAPUT
770 1451 787 1504 Ι
822 1489 834 1501 .
875 1477 948 1490 --
972 1447 1049 1500 De
1077 1461 1342 1516 requiram
1369 1453 1415 1499 et
1441 1444 1738 1498 multivom.

401 1523 496 1601 liis
522 1523 593 1576 ita
618 1520 950 1601 compositis,
977 1532 1041 1601 ea
1075 1514 1194 1587 quae
1225 1525 1403 1570 mente
1431 1521 1688 1601 concepta
1717 1514 1922 1601 Asig‘natc'l

329 1604 383 1650 et
411 1585 765 1649 demonstrari
804 1597 1054 1661 possunt,
1080 1585 1393 1661 egressurus
1421 1585 1757 1661 Aristoteles,
1784 1585 1922 1638 'omria

329 1666 399 1720 sit
423 1665 511 1720 illa
537 1663 748 1718 interim
786 1657 905 1733 qua
933 1661 1002 1716 de
1030 1659 1313 1733 verborum
1358 1657 1564 1711 ratione
1607 1664 1920 1733 traciantur,

329 1751 449 1792 cum
495 1736 547 1790 in
604 1727 940 1805 lingute'usu
989 1729 1314 1805 provenerit,
1345 1736 1404 1782 ut
1447 1743 1552 1782 uno
1596 1727 1812 1782 nomine
1832 1740 1926 1805 res

329 1808 534 1871 multae,
563 1815 618 1861 et
647 1797 826 1859 multis
864 1797 1164 1857 nominibus
1198 1814 1286 1854 res
1310 1813 1417 1871 una
1444 1797 1924 1871 nuncupetur._ll_is

329 1879 494 1933 rebus
523 1867 661 1940 quas
701 1890 862 1930 unum
900 1887 1097 1928 nomen
1119 1869 1510 1940 complectitur,
1536 1869 1645 1922 duo
1671 1867 1922 1921 vocabula

329 1963 418 2004 ars
452 1940 617 2010 dedit,
644 1953 703 2000 u‘t
741 1961 814 2005 ex
855 1945 938 1999 his
981 1944 1084 1997 alia
1128 1941 1470 2012 homonyma,
1499 1940 1602 2012 alia
1630 1953 1924 2012 synonyma

329 2027 566 2074 vocaret.
606 2009 944 2086 Homonyma
988 2020 1128 2086 sunt,
1174 2027 1299 2086 cum
1331 2009 1432 2065 'rcs
1481 2010 1692 2086 quidem
1743 2009 1926 2086 plures

330 2105 612 2145 commune
637 2080 840 2142 nomen
858 2085 1142 2154 accipiunt,
1172 2082 1606 2151 interpretatione
1630 2080 1758 2154 vero
1782 2080 1926 2154 ej‘uso

331 2160 453 2216 dem
498 2160 573 2214 rei
617 2169 950 2228 separantur,
975 2151 1040 2209 'ut
1076 2154 1235 2208 homo
1262 2155 1432 2228 pictus
1457 2160 1721 2228 et_veros._
1741 2151 1794 2228 l_n
1824 2151 1927 2205 hoc

331 2246 562 2301 namque
608 2222 748 2284 idem
794 2241 988 2301 nomen
1014 2235 1329 2301 esgzverum
1367 2223 1523 2301 si_ad
1563 2222 1926 2301 definitionem

330 2304 417 2357 vel
446 2293 513 2356 ad
550 2299 1040 2369 interpretationem
1078 2295 1309 2369 hominis
1347 2295 1554 2369 redeas,
1584 2293 1927 2369 inveniuntur

332 2371 432 2428 ista
463 2364 714 2441 disparia.
744 2371 876 2441 Cum
901 2370 1044 2423 enim
1065 2367 1496 2441 dixeris,_verum_
1518 2364 1786 2441 hominem
1814 2364 1929 2416 ani-

333 2445 440 2498 tnal
467 2434 586 2498 esse
616 2440 760 2511 quod
789 2441 955 2495 risum
981 2437 1155 2506 capiat
1185 2447 1236 2511 et
1263 2436 1370 2511 vim
1400 2435 1619 2489 rationis
1645 2434 1924 2511 admittat;

333 2529 451 2568 cum
481 2514 547 2568 de
575 2505 716 2583 picto
745 2511 885 2583 idem
925 2505 1255 2583 nonpossis
1286 2507 1484 2583 dicere,
1511 2507 1813 2583 necessario
1842 2505 1926 2559 in~

332 2577 615 2639 veniunttir
655 2598 775 2638 esse
817 2581 1065 2650 disparia.
1093 2577 1426 2650 Regulariter
1467 2587 1646 2650 autem
1686 2577 1928 2650 accipere

332 2653 608 2720 debemus,
627 2668 784 2707 omne
806 2647 997 2705 nomen
1012 2651 1135 2703 licet
1152 2647 1442 2717 proprium,
1461 2647 1602 2720 quod
1621 2647 1787 2720 possit
1808 2659 1930 2700 esse

333 2716 619 2778 commune
648 2737 769 2777 cum
786 2722 1013 2786 caeteris,
1039 2716 1400 2790 homonymon
1419 2717 1620 2781 vocari;
1640 2725 1696 2790 ut
1716 2716 1923 2790 Cicero,

333 2807 444 2850 non
477 2811 633 2857 unus,
663 2793 760 2847 sed
796 2793 998 2862 plures.
1024 2791 1215 2862 Sedisi
1237 2788 1461 2862 _'omiss_o
1509 2788 1725 2862 nomine
1764 2788 1929 2862 signis

334 2867 512 2936 potius
530 2857 899 2936 demonstrare
917 2861 1050 2936 velis
1060 2861 1184 2936 quis
1202 2860 1273 2936 sit
1300 2860 1387 2913 ille
1402 2858 1608 2936 Cicero,
1628 2859 1748 2927 quis
1767 2857 1927 2936 alius,

334 2929 456 3006 qnis
503 2937 725 2998 tertius;
765 2935 868 3006 alia
915 2931 984 2987 de
1021 2929 1129 3006 alio
1171 2931 1319 2999 signa
1368 2929 1630 3006 narranda
1674 2936 1836 3006 suutL
1874 2934 1932 2980 ut

335 2998 496 3061 alium
525 3021 764 3060 crassum
793 3003 961 3068 dicas,
986 3002 1144 3054 alium
1173 2998 1423 3063 tenuem;
1454 2999 1535 3052 vel
1574 2999 1759 3067 longus
1787 2998 1931 3051 dica-

335 3085 424 3130 tur
465 3078 624 3144 alius,
656 3077 791 3129 alter
819 3074 1029 3138 brevis;
1059 3071 1287 3144 candido
1315 3070 1497 3144 colore
1521 3069 1662 3138 quis,
1689 3068 1824 3122 alter
1853 3069 1933 3144 ni-

336 3161 451 3217 gro.
494 3138 620 3202 llaec
665 3143 1114 3218 igituriquoniam
1164 3143 1302 3218 inter
1343 3154 1404 3195 se
1443 3138 1770 3218 discrepant,
1817 3139 1932 3218 solo

336 3207 534 3272 sociata
563 3207 798 3282 nomine,
833 3207 1152 3286 homonyma
1179 3213 1491 3286 dictaAsunt,
1528 3209 1788 3262 vocabulo
1808 3207 1932 3276 jun-

337 3297 442 3355 cta,
472 3289 549 3343 rei
579 3281 1014 3356 interpretatione
1033 3281 1284 3339 discreta.
1310 3281 1618 3356 Synonyma
1635 3293 1765 3334 vero
1785 3286 1927 3345 sunt,

335 3350 561 3430 res'quzn
578 3366 632 3430 et
647 3350 867 3430 nomine,
888 3365 943 3411 et
969 3356 1050 3430 sui
1073 3350 1518 3430 interpretatione
1538 3350 1855 3430 junguntur,
1877 3356 1933 3404 ut

337 3419 634 3484 esta'nimal
659 3447 672 3482 :
697 3429 748 3482 id
784 3429 929 3483 enim
967 3427 1036 3482 de
1073 3419 1309 3490 homine,
1331 3431 1386 3478 et
1411 3419 1570 3492 equo,
1597 3419 1658 3476 et
1687 3422 1754 3475 de
1796 3419 1928 3490 fera,

335 3507 391 3554 et
409 3499 476 3554 de
497 3500 681 3554 avibus
696 3499 799 3554 dici
823 3505 1014 3568 potest.
1039 3497 1248 3550 Animal
1273 3503 1356 3549 est
1372 3493 1512 3564 quod
1533 3492 1712 3568 ciinnn
1733 3492 1926 3568 capiat,

336 3571 480 3640 quod
506 3571 729 3624 mortale
755 3562 845 3635 sit',
873 3568 1018 3640 quod
1061 3581 1219 3640 sensu
1258 3562 1553 3640 moveatur.
1580 3562 1732 3640 _Nunc
1756 3563 1822 3616 ad
1841 3575 1934 3617 eas

336 3633 445 3706 r'es,
477 3655 595 3710 qua:
619 3633 840 3710 singultu
870 3633 1050 3710 multis
1071 3636 1373 3710 nominibus
1399 3634 1594 3710 signari
1620 3633 1814 3698 solent,
1839 3647 1934 3687 ve-

336 3703 564 3765 niamus.
597 3703 912 3780 Quanquam
938 3709 1075 3763 hanc
1096 3717 1299 3780 partem
1329 3703 1664 3780 Aristoteles,
1698 3713 1753 3780 ut
1769 3715 1935 3780 supe-

336 3782 447 3835 rius
491 3773 691 3836 dictiim
735 3773 838 3847 est,
879 3773 1299 3850 prmtermiserit,
1333 3773 1716 3850 idcirco-quod
1750 3773 1819 3850 de
1848 3774 1931 3828 his

337 3845 999 3924 quaeosignilieanturfnon
1027 3851 1095 3904 de
1140 3849 1223 3902 bis
1263 3863 1381 3917 quae
1409 3845 1731 3924 significant,
1765 3845 1934 3924 disse-

336 3916 560 3976 rendum
591 3922 811 3990 putavit.
838 3921 895 3974 ln
928 3920 1010 3975 his
1050 3916 1374 3990 autemnon
1408 3916 1930 3990 rerum,_se_dunom_i~

336 4008 463 4045 num
507 3986 731 4047 vertitur
781 3992 1023 4060 quaestio.
1064 3991 1188 4043 Haec
1226 3989 1393 4060 divisa
1434 3994 1558 4039 sunt
1593 3986 1858 4060 similiter_
1877 3988 1930 4042 in

375 4072 516 4117 artes
537 4062 690 4128 duas,
714 4072 767 4116 et
793 4057 894 4116 alia
918 4069 1218 4137 πολυῴνυμα,
1242 4059 1342 4137 alia
1373 4063 1634 4127 ἕτερόνθυμα
1663 4063 1803 4137 sunt.
1831 4057 1932 4137 [fo-

360 4147 589 4204 yonyma
623 4142 782 4197 sunt,
809 4147 931 4204 cum
961 4131 1124 4204 multa
1158 4129 1371 4204 nomina
1400 4142 1556 4204 unam
1584 4128 1928 4204 rem__signili-

337 4197 485 4274 cant,
511 4219 683 4274 neque
709 4205 813 4257 ulla
844 4201 912 4256 de
942 4200 1240 4274 dill'erentia
1273 4199 1544 4274 notnimnn
1581 4197 1818 4250 redditur
1847 4211 1934 4250 ra-

339 4273 452 4339 tio;
484 4282 540 4328 ut
575 4269 742 4339 elisis,
767 4287 972 4336 mucro,
1017 4272 1227 4341 gladius
1257 4285 1270 4322 :
1302 4269 1419 4324 haec
1455 4269 1597 4341 enim
1639 4281 1735 4341 cur
1773 4281 1929 4321 unam

337 4338 454 4398 rem
483 4353 560 4398 tot
587 4345 905 4414 signiﬁcent,
943 4338 1042 4396 nec
1081 4341 1332 4414 discerni,
1358 4354 1460 4394 nec
1498 4338 1706 4414 deliniri
1734 4346 1926 4414 potest.

340 4414 540 4469 Dehinc
568 4409 914 4482 heieronyma
941 4427 972 4467 a
998 4413 1180 4466 multis
1203 4425 1354 4482 aeque
1383 4409 1794 4482 nominibusres
1823 4409 1934 4482 sin-

338 4486 486 4554 gulas
517 4493 720 4541 tenent.
749 4479 947 4539 Verum
979 4484 1030 4537 in
1062 4484 1145 4537 his
1175 4479 1332 4536 habet
1360 4481 1620 4534 rationem
1650 4479 1931 4554 diversitas

339 4549 638 4623 hominum,
684 4556 827 4610 velut
867 4566 950 4610 est
993 4555 1152 4608 homo
1189 4561 1432 4608 terrenus
1475 4551 1743 4604 mortalis:
1772 4549 1942 4623 homo

338 4627 406 4678 ab
451 4621 802 4691 humanitate,
835 4635 1079 4680 terrenus
1125 4640 1153 4677 a
1200 4633 1373 4690 terra,
1404 4623 1456 4676 in
1495 4636 1596 4691 qua
1637 4629 1822 4675 cuncta
1861 4621 1934 4690 gi-

339 4706 594 4764 gnuntur,
623 4690 861 4750 mortalis
899 4712 928 4750 a
960 4696 1274 4750 necessitate
1317 4690 1527 4748 mortisi
1550 4690 1730 4764 Claret
1776 4692 1933 4761 igitur

340 4757 394 4820 in
432 4766 517 4821 his
556 4757 828 4820 nominum
871 4767 1128 4835 originem
1159 4766 1347 4834 quaeri,
1372 4764 1424 4817 in
1452 4757 1817 4835 superioribus
1847 4777 1934 4816 re-

340 4852 481 4902 rum,
506 4838 852 4906 quamobrem
877 4833 976 4890 his'
988 4833 1221 4901 omissis,
1252 4835 1568 4906 Aristoteles
1596 4833 1930 4906 superiorum

340 4903 537 4962 maluit
551 4921 767 4963 movere
795 4915 1092 4961 tractatum.
1119 4906 1258 4976 Ergo
1290 4906 1355 4959 ad
1393 4904 1711 4976 homonyma
1740 4903 1928 4976 redea-

342 4993 484 5045 mus,
509 4994 625 5050 quae
662 4978 974 5050 dividuntur
1015 4979 1072 5034 in
1119 4973 1252 5050 duas
1291 4983 1508 5044 partes:
1531 4973 1786 5050 auten_im
1819 4973 1929 5050 for-

342 5043 478 5102 tuitu
509 5043 640 5104 fiunt
657 5058 747 5103 aut
772 5048 1044 5103 hominum
1062 5043 1330 5101 voluntate
1357 5053 1664 5100 nascuntur.
1677 5043 1931 5110 Fortuita

343 5119 476 5173 liunt
524 5123 698 5185 enim,
750 5134 871 5175 cum
922 5119 1152 5188 quodam
1203 5131 1334 5170 casu
1383 5116 1558 5188 simile
1607 5114 1931 5188 quisalteri

342 5205 536 5244 nomen
568 5192 790 5260 accipit;
816 5185 1110 5260 voluntate,
1129 5185 1582 5260 cumusimilitudo
1612 5185 1929 5260 nominis_ex

343 5260 603 5331 industria
629 5256 950 5331 iniponentis
975 5259 1224 5330 adigitur.
1255 5257 1454 5312 Horum
1483 5266 1660 5311 autem
1697 5270 1816 5326 qua:
1845 5256 1929 5309 in-

345 5330 548 5385 dustria
567 5333 652 5387 vel
679 5330 956 5387 voluntate
977 5335 1283 5394 nascuntur,
1313 5337 1538 5399 quatuor
1563 5335 1687 5381 sunt
1709 5340 1928 5399 genera,

346 5411 498 5470 ηιὼν,
525 5403 907 5470 κατ’ἀναλῡγίαν,
937 5403 1280 5475 ἀφ’ἑνᾲςηπρός
1306 5397 1355 5454 ti
1382 5418 1394 5452 :
1422 5409 1478 5453 ut
1509 5399 1695 5475 eadem
1735 5397 1932 5475 latinus

343 5469 554 5544 quoque
573 5490 750 5530 sermo
770 5469 1023 5541 declaret,
1044 5472 1354 5544 similitudo,
1387 5471 1678 5540 proportio,
1705 5469 1774 5522 ab
1803 5482 1925 5544 uno,

344 5543 411 5598 ad
433 5541 613 5598 unum.
645 5545 948 5601 Similitudo
973 5551 1071 5607 est,
1103 5552 1159 5596 ut
1189 5542 1348 5596 homo
1385 5545 1561 5612 pictus
1608 5549 1662 5594 et
1689 5554 1846 5593 verus
1876 5541 1930 5612 in

345 5615 455 5668 sola
481 5617 822 5671 similitudine
852 5616 1187 5684 copulantur.
1217 5610 1496 5682 Propertio
1525 5621 1605 5684 est
1628 5613 1773 5684 quod
1794 5610 1928 5684 κατξ-

346 5686 596 5752 ἀναλονιαν
624 5687 794 5743 Θεκωρί
825 5681 1045 5751 vocant,
1077 5689 1134 5738 ut
1158 5699 1264 5754 quo
1288 5681 1444 5753 pacto
1473 5681 1930 5754 principium-ani-

347 5756 504 5810 malis
527 5771 621 5812 cor
643 5757 885 5823 dicimus,
914 5758 982 5811 ita
1011 5752 1324 5826 principium
1353 5768 1504 5824 aquae
1551 5752 1929 5826 fontemodica-

349 5841 505 5898 mus:
537 5830 806 5898 proportio
833 5830 976 5884 enim
1012 5823 1103 5881 'sui
1148 5823 1437 5898 similitudo
1465 5824 1698 5898 nominis
1725 5823 1932 5898 videtur

348 5895 612 5968 adjuncta
634 5895 724 5957 Ὰι)
751 5913 858 5956 uno
881 5907 983 5970 est,
1010 5913 1133 5956 cum
1164 5897 1391 5954 dicimus
1414 5911 1446 5952 a
1472 5895 1732 5952 medicina
1759 5895 1928 5950 medi-

1782 397 2146 464 APPENDlX.

3476 416 3642 524 “22‘

2021 526 2195 582 cinale
2223 525 2623 593 ferramentum,
2648 521 2980 584 medicinalis
3009 527 3251 594 scientia,
3285 533 3613 588 medicinalis

2022 596 2512 670 usus,imedlcinale
2552 599 2999 670 praeceptummb
3043 615 3150 654 uno
3191 599 3246 654 in
3285 614 3472 657 cuncta
3523 605 3615 657 de-

2021 669 2299 742 scendunt.
2333 667 2420 742 Ad
2445 667 2604 742 unum
2631 667 2814 742 esu—ut
2839 671 2926 726 illa
2957 671 3101 741 potio
3128 671 3354 742 salubris
3377 681 3460 728 est
3479 716 3491 738 ,
3528 672 3616 729 ille

2022 739 2261 822 medicus
2289 739 2517 824 salubris
2545 739 3048 824 est,_ferramentum
3070 739 3200 824 illud
3228 743 3454 824 salubre.
3491 744 3615 802 llaec

2023 809 2163 885 enim
2186 819 2599 885 _ct_i_n_ct_a__unum1
2626 809 2676 885 id
2693 822 2773 885 est
2798 813 3044 885 salutem,
3069 813 3314 870 videntur
3337 816 3611 885 attingere.

2094 881 2318 957 §A_PU_T
2346 880 2434 957 ill.
2459 913 2531 921 —
2562 881 2702 948 Quid
2723 884 3014 957 Aristoteles
3041 895 3160 956 agat
3184 886 3235 939 in
3261 880 3541 957 categorrt'is.

2093 951 2198 1007 Sed
2227 951 2467 1026 pierique
2497 967 2715 1026 movere
2731 955 2979 1026 assolent
3006 951 3387 1026 quaestionem;
3409 956 3474 1010 de
3501 957 3616 1026 qui-

2023 1021 2123 1094 bus
2141 1024 2310 1094 magis
2328 1021 2641 1078 Aristoteles
2662 1024 2826 1078 voluit
2847 1021 3096 1082 inchoare
3116 1021 3416 1081 tractatum.
3442 1021 3619 1082 Primo

2024 1092 2093 1147 de
2133 1095 2202 1170 iis
2231 1092 2372 1170 iquge
2415 1103 2559 1160 sunt,
2588 1095 2826 1170 secundo
2873 1097 3041 1170 deiis
3089 1113 3208 1168 quae
3236 1098 3616 1170 percipiuntur,

2026 1163 2183 1218 tertio
2211 1163 2289 1219 de'
2324 1165 2386 1218 iis
2424 1177 2544 1234 qua:
2588 1165 2853 1237 dicuntur.
2884 1166 3063 1222 Primo
3103 1163 3250 1222 sunt'
3271 1182 3357 1223 res
3384 1163 3618 1237 'omnes,

2026 1247 2158 1304 quas
2188 1243 2387 1312 natui'a
2433 1236 2675 1312 peperit:
2698 1237 2933 1312 secundo
2953 1239 3342 1312 percipiuntur
3377 1253 3460 1303 ea,
3490 1236 3622 1312 quo;

2027 1319 2145 1358 rum
2187 1305 2443 1375 imagines
2472 1307 2650 1360 animo
2679 1307 2905 1362 videndo
2947 1305 3234 1363 formamus
3277 1316 3332 1364 et
3372 1305 3620 1364 recondi-

2027 1388 2147 1430 mus
2183 1393 2195 1429 :
2240 1375 2397 1450 tertio
2440 1376 2688 1450 diountur
2734 1377 2852 1450 illa,
2869 1377 3062 1450 quibus
3103 1395 3185 1446 ea,
3211 1395 3330 1450 quae
3357 1389 3481 1434 sunt
3525 1381 3622 1434 im-

2026 1446 2432 1522 piessaanimo,
2461 1446 2767 1502 ell‘eruntur.
2800 1448 2856 1502 Id
2883 1446 3112 1522 namque
3137 1446 3282 1522 quod,
3300 1451 3416 1522 quis
3437 1451 3620 1522 conci-

2028 1515 2106 1598 pit
2135 1516 2346 1600 animo,
2379 1515 2936 1600 linguaoproseqnente
2956 1515 3215 1600 declarat.
3249 1515 3355 1600 Sed
3385 1523 3442 1575 ut
3467 1519 3619 1600 γης-

2029 1587 2205 1663 mistio
2231 1595 2426 1663 nostra;
2455 1587 2624 1663 aetatis
2644 1587 2852 1663 erudito
2877 1591 3196 1663 philosopho
3228 1592 3418 1660 placet,
3449 1589 3516 1646 de
3541 1587 3620 1646 his

2027 1657 2338 1739 nristoteles
2367 1666 2592 1712 tractare
2614 1660 2815 1739 incipit,
2844 1657 2961 1732 quas
2987 1657 3369 1739 percipiuntur,
3397 1657 3621 1732 qttazqne

2027 1731 2142 1805 ipse
2170 1737 2323 1805 vocat
2353 1743 2528 1805 graeco
2572 1731 2789 1805 nomine
2817 1731 3150 1805 samaegrae
3189 1733 3300 1788 sive
3329 1731 3616 1805 φανὲασίάς,

2028 1799 2079 1854 id
2108 1807 2210 1866 est,
2240 1798 2496 1868 imagines
2527 1814 2704 1853 rerum
2733 1798 3262 1858 insidentes’animo:
3288 1798 3469 1858 verum
3501 1819 3621 1858 cum

2027 1869 2095 1944 de
2108 1870 2373 1944 perceptis
2392 1871 2726 1944 proposuerit
2740 1870 3030 1944 disputare;
3047 1874 3177 1927 etde
3190 1875 3254 1928 iis
3270 1889 3386 1944 qua:
3408 1881 3550 1940 sunt,
3572 1883 3623 1928 et

2028 1940 2095 1996 de
2126 1941 2190 1995 iis
2214 1956 2332 2010 qme
2373 1940 2644 2004 dicuntur,
2690 1943 2996 1997 necessario
3035 1940 3305 1999 locuturus
3345 1951 3444 1998 est.
3491 1946 3622 2000 Per-

2028 2021 2178 2084 cepta
2209 2011 2351 2084 enim
2394 2025 2458 2066 ex
2506 2011 2590 2065 his
2637 2014 2880 2066 oriuntur
2925 2029 3044 2084 qua:
3079 2024 3221 2077 sunt,
3254 2029 3372 2084 qua:
3397 2015 3624 2070 videndo

2030 2081 2387 2152 percipimus:
2412 2091 2782 2154 perceptorum
2811 2081 2991 2138 autem
3017 2084 3184 2140 deerit
3214 2081 3622 2154 demonstratio,

2029 2154 2130 2224 nisi
2157 2169 2362 2217 eorum,
2389 2168 2508 2224 qua:
2527 2152 2793 2220 dicuntur,
2812 2155 3009 2208 auxilio
3028 2154 3222 2210 fuerint
3241 2152 3622 2211 demonstrata.

2029 2223 2170 2295 Ergo
2199 2223 2500 2296 quanquam
2541 2226 2826 2292 separatim
2876 2235 3056 2296 postea
3084 2241 3145 2279 ea
3176 2243 3292 2296 qua:
3318 2234 3460 2292 sunt,
3489 2226 3623 2282 defi-

2029 2296 2237 2349 nitnrus
2279 2296 2382 2360 sit;
2412 2295 2630 2349 mixtam
2672 2302 2846 2349 tamen
2893 2295 2961 2350 de
3005 2297 3171 2350 tribus
3197 2295 3623 2361 disputationem

2029 2365 2284 2450 debemus
2323 2363 2852 2450 accipere._Nam_de
2892 2365 3546 2450 perceptisqniioquitur,
3576 2377 3628 2450 et

2029 2437 2288 2507 originem
2314 2451 2492 2491 rerum
2521 2435 2700 2504 trahit,
2724 2446 2776 2490 et
2799 2435 3325 2506 prasidiabrationis
3358 2435 3623 2507 implorat.

2031 2506 2364 2590 Stiperﬂttam
2397 2507 2554 2577 igitur
2581 2507 2942 2590 _qo:estio_nem
2981 2517 3185 2590 movet,
3207 2508 3295 2590 qui
3322 2506 3451 2590 dicit
3475 2523 3628 2564 scru-

2032 2579 2132 2632 tari
2158 2586 2407 2648 oportere
2443 2591 2539 2648 cur
2568 2579 2886 2634 Aristoteles
2927 2579 2979 2632 in
3022 2579 3278 2648 principio
3313 2593 3411 2634 suo
3437 2579 3626 2633 homo-

2033 2647 2351 2720 nymalege
2395 2647 2476 2720 vel
2523 2648 2736 2714 dixerit,
2769 2650 2854 2703 vel
2894 2647 3168 2710 deteXerit,
3201 2651 3244 2704 si
3287 2651 3354 2705 de
3403 2651 3484 2703 his
3511 2663 3629 2720 quae

2032 2717 2398 2790 percipiuntur
2417 2717 2589 2790 fuerat
2612 2727 2951 2790 tractaturus,
2975 2733 3095 2774 cum
3117 2720 3317 2790 liqueat
3341 2737 3445 2774 non
3473 2717 3631 2790 posse

2031 2789 2134 2843 dici
2159 2789 2379 2860 aliquid,
2413 2789 2513 2844 nisi
2551 2789 2694 2860 quod
2742 2799 3050 2860 perceptum
3092 2789 3269 2858 fuerit,
3305 2803 3403 2846 nec
3429 2789 3630 2860 percipi

2032 2860 2238 2984 inquid.
2286 2873 2460 2930 posse,
2491 2859 2595 2915 nisi
2643 2875 2730 2916 res
2773 2860 2931 2915 fuerit
2965 2859 3035 2916 de
3070 2876 3174 2932 qua
3209 2861 3384 2934 imago
3413 2859 3629 2917 intuen-

2068 2944 2101 2983 0
2126 2940 2381 2984 030131111³.

2068 2944 2101 2983 0
2126 2933 2381 2984 capiatur.

2033 2996 2260 3056 CAPUT
2300 2996 2544 3056 lV.—-De
2561 3000 2964 3126 denfoztinatiuis.
2991 2999 3250 3070 Differam
3269 3015 3552 3075 paronyma
3567 3001 3628 3056 ab

2725 3087 2991 3126 monumu.

2725 3087 2972 3127 ηιοηυηιιε
2979 3112 2991 3124 .

2655 3089 2991 3143 nomongmu.
3351 3137 3356 3141 _

2107 3141 2198 3214 ills
2228 3155 2356 3211 ergo
2385 3141 2639 3212 cognitis,
2687 3157 2974 3213 paronyma
3004 3141 3278 3214 videamus
3297 3185 3315 3211 ,
3357 3155 3478 3214 quae
3507 3151 3632 3198 sunt

2034 3205 2088 3265 in
2109 3205 2550 3283 homonymor'nm
2582 3221 2636 3266 et
2662 3205 3086 3284 synonymorum
3113 3205 3624 3280 medio'co'nstituta,

2034 3290 2091 3338 et
2115 3298 2236 3353 quae
2266 3298 2364 3336 nec
2390 3297 2682 3354 paronyma
2708 3283 2808 3336 dici
2845 3283 3107 3354 possunt,
3137 3285 3237 3338 nisi
3266 3284 3319 3338 in
3347 3298 3406 3338 se
3431 3284 3631 3339 habue-

2035 3350 2151 3407 rint
2177 3350 2522 3423 utrorumque
2561 3350 2940 3419 contractum,
2969 3353 3021 3408 id
3064 3361 3147 3408 est
3189 3353 3293 3410 nisi
3335 3362 3392 3423 et
3433 3369 3628 3410 nomen

2037 3421 2482 3494 homonymorum
2511 3431 2564 3480 et
2593 3423 2861 3495 negotium
2903 3439 3319 3494 synonymorum
3346 3421 3628 3480 videantur

2037 3495 2232 3576 habere
2256 3507 2576 3576 commune;
2607 3505 2668 3576 iit
2695 3509 2725 3547 a
2755 3495 3013 3576 sapientia
3044 3495 3360 3576 sapientem,
3394 3495 3478 3550 vel
3511 3510 3627 3576 me-

2035 3565 2208 3618 dicum
2238 3579 2268 3619 a
2293 3565 2553 3621 medicina
2590 3563 2850 3637 dicamus,
2879 3565 3063 3637 eadem
3103 3563 3156 3619 in
3194 3565 3404 3621 medico
3429 3579 3546 3637 qua:
3575 3568 3626 3621 in

2035 3637 2300 3690 medicina
2327 3645 2380 3690 et
2403 3647 2551 3691 actus
2579 3635 2869 3690 similitudo
2896 3636 3103 3691 videtur
3131 3645 3184 3691 et
3209 3635 3462 3691 nominis.
3496 3636 3627 3692 Pro-

2036 3715 2214 3776 pterea
2255 3713 2401 3760 recte
2441 3719 2786 3778 paronymum
2833 3706 3030 3778 dictum
3075 3717 3202 3778 est,
3231 3707 3376 3778 quod
3416 3707 3629 3762 aliunde

2036 3775 2235 3833 nomen
2259 3775 2544 3847 acceperit.
2574 3775 2770 3832 Verum
2813 3792 2882 3832 ne
2923 3775 3109 3832 eadem
3151 3775 3433 3833 videantur
3473 3793 3630 3848 paro-

2034 3861 2193 3920 nyma
2228 3859 2284 3920 et
2323 3849 2680 3920 homonyma,
2724 3864 2842 3920 qua;
2883 3849 2956 3920 ab
2999 3863 3104 3902 uno
3142 3849 3420 3915 dicuntur,
3453 3849 3504 3903 id
3547 3859 3630 3904 est

2035 3918 2183 3986 ὁμοῦ,
2233 3918 2371 3976 hanc
2410 3918 2763 3975 differentiam
2813 3918 3068 3973 debemus
3116 3934 3440 3989 agnoscere,
3485 3920 3629 3990 quod

2034 3990 2148 4114 ipsa
2194 4005 2481 4072 paronyma
2540 3991 2678 4045 inter
2725 4005 2784 4045 se
2835 3990 3046 4060 quidem
3110 4000 3323 4059 propter
3376 3991 3627 4045 similitu-

2075 4064 2212 4114 ittem
2241 4061 2470 4114 nominis
2499 4061 2818 4114 homonvma
2846 4070 2989 4114 sunt.
3023 4061 3160 4114 illius
3191 4069 3369 4114 tamen
3397 4063 3627 4114 nominis

2075 4064 2212 4116 inem
2241 4061 2470 4133 nominis
2499 4061 2818 4133 homonyma
2846 4070 2989 4122 sunt,
3023 4061 3160 4114 illius
3191 4069 3369 4116 tamen
3397 4063 3628 4115 nominis

2036 4143 2326 4202 paronyma
2357 4131 2626 4198 dicuntur,
2657 4131 2796 4186 unde
2827 4146 3020 4186 nomen
3051 4142 3389 4200 acceperunt,
3423 4139 3479 4185 ut
3506 4142 3629 4200 puta

2035 4218 2062 4254 a
2095 4204 2352 4272 sapientia
2375 4203 2614 4257 dicamus
2638 4205 2904 4256 hominem
2927 4204 3240 4271 sapientem,
3266 4204 3481 4271 sapiens
3500 4218 3629 4258 con-

2034 4273 2208 4354 silium
2242 4288 2255 4325 :
2286 4273 2426 4327 inter
2450 4289 2507 4328 se
2535 4273 2654 4355 hate
2661 4272 2996 4355 homonyma
3019 4279 3162 4339 sunt,
3199 4274 3362 4342 ipsius
3394 4288 3518 4326 vero
3538 4288 3627 4327 sa-

2037 4344 2248 4412 pientiae
2275 4359 2584 4415 paronyma.
2615 4344 2894 4397 Observari
2926 4351 3100 4397 tamen
3132 4351 3363 4414 oportet,
3394 4353 3630 4415 utcom-

2035 4415 2379 4484 mutationem
2429 4413 2625 4467 ultima:
2667 4415 2883 4484 syllaba:
2927 4413 3202 4468 haheanf:
3237 4429 3408 4484 neque
3447 4413 3518 4468 ita
3565 4416 3628 4468 li-

2035 4483 2248 4537 niantur
2295 4499 2604 4555 paronyma
2640 4483 3084 4555 quemadmodum
3146 4483 3395 4539 desinunt
3445 4499 3506 4539 ea
3560 4485 3627 4541 de

2035 4556 2226 4624 quibus
2268 4553 2527 4624 originem
2573 4553 2802 4619 ducunt;
2847 4566 2903 4607 ut
2952 4555 3211 4608 medicina
3255 4565 3310 4610 et
3353 4555 3623 4620 medicus,

2035 4626 2295 4680 medicina
2323 4626 2438 4678 aliis
2481 4625 2672 4680 litteris
2697 4625 2992 4688 clauditur,
3024 4627 3140 4680 aliis
3181 4627 3435 4680 medicus.
3478 4627 3626 4682 Hanc

2036 4696 2195 4766 igitur
2223 4697 2576 4750 differentiam
2614 4697 2711 4768 nisi
2756 4711 3043 4768 paronyma
3094 4697 3400 4761 habuerint,
3433 4705 3488 4750 et
3523 4696 3627 4768 nisi

2035 4765 2154 4839 cum
2178 4767 2487 4839 synonymis
2509 4767 2739 4838 negotio,
2757 4765 2890 4822 cum
2917 4765 3252 4839 homonymis
3274 4767 3487 4821 nomine
3513 4765 3628 4821 fue-

2036 4837 2141 4891 rint
2172 4836 2437 4910 copulaia,
2470 4836 2790 4910 homonyma
2825 4839 2997 4907 potius
3024 4836 3179 4910 quam
3215 4849 3502 4910 paroaym‘a‘
3531 4853 3625 4910 no-

2034 4907 2325 4978 minantur.
2358 4907 2428 4964 Ut
2457 4913 2501 4964 si
2543 4923 2572 4962 a
2615 4907 2810 4963 malitia
2842 4910 3084 4962 vitiosum
3113 4909 3351 4962 dicamus
3370 4907 3395 4973 ,’
3414 4909 3630 4978 negotio

2035 4977 2247 5103 guidem
2273 4995 2390 5033 cum
2433 4982 2742 5104 synonquis
2769 4979 3037 5044 convenit,
3077 4980 3168 5032 sed
3193 4979 3258 5033 ab
3287 4977 3623 5052 homonymis

2072 5050 2302 5104 iscrenat
2330 5065 2566 5104 nomine.
2660 5066 2794 5104 eane
2820 5051 2960 5104 enim
2988 5049 3208 5104 vitiosus
3239 5058 3293 5104 et
3321 5051 3518 5104 malitia
3544 5051 3616 5104 si-

2072 5050 2302 5120 iscrepat
2330 5049 2566 5105 nomine.
2609 5049 2794 5121 Neque
2820 5051 2960 5104 enim
2988 5049 3208 5121 vitiosus
3239 5058 3293 5104 et
3321 5049 3518 5105 malitia
3544 5051 3616 5105 si-

2035 5121 2180 5174 milia
2219 5131 2376 5187 sunt,
2411 5120 2718 5190 quanquam
2757 5121 2945 5174 eodem
2989 5120 3259 5175 intellectu
3301 5121 3618 5178 sentiantur.

2035 5191 2186 5259 Quod
2209 5193 2254 5246 si
2283 5207 2313 5246 a
2341 5193 2538 5245 malitia
2567 5192 2774 5263 dicatur
2801 5191 2994 5263 malus,
3026 5199 3169 5246 recte
3197 5201 3475 5263 utrumque
3496 5206 3624 5250 con-

2034 5263 2198 5316 venit.
2216 5263 2283 5334 iln
2310 5263 2492 5316 ultima
2519 5276 2646 5316 vero
2666 5261 2865 5334 syllaba
2889 5278 2995 5334 non
3026 5272 3292 5316 mutantur
3315 5261 3416 5334 hoc
3438 5264 3619 5333 modo,

2033 5341 2093 5387 ut
2123 5334 2167 5387 si
2196 5333 2437 5389 dicamus
2479 5347 2506 5386 a
2549 5330 2808 5402 sapientia
2847 5333 3006 5388 verba
3054 5334 3329 5402 sapientia.
3379 5330 3473 5390 Hic
3500 5330 3622 5392 cum

2036 5404 2178 5458 nulla
2220 5413 2542 5478 comminata
2573 5411 2655 5458 est
2693 5404 2893 5478 syllaba
2920 5447 2934 5470 ,
2963 5403 3252 5478 paronymi
3283 5405 3497 5478 exclusa
3541 5415 3623 5461 est

2036 5475 2376 5544 nuncupatio.
2413 5474 2564 5530 Unde
2602 5474 2809 5530 constat
2849 5474 2974 5530 haec
3003 5485 3057 5530 et
3094 5474 3177 5530 his
3214 5476 3404 5530 similia
3435 5477 3624 5532 homo-

2036 5547 2210 5617 nymis
2239 5547 2409 5618 potius
2438 5546 2636 5603 debere
2663 5547 2931 5618 conjungi.
2967 5546 3114 5603 Scire
3141 5549 3299 5603 etiam
3327 5547 3582 5602 debemus
3602 5590 3619 5616 ,

2036 5618 2196 5672 verba
2225 5624 2317 5672 aut
2352 5617 2612 5688 simplicia
2655 5633 2810 5686 esse,
2839 5617 2932 5673 aut
2963 5627 3112 5673 certe"
3146 5619 3448 5689 conjuncta.
3476 5619 3620 5674 Con-

2031 5689 2211 5758 juncta
2241 5698 2394 5761 sunt,
2424 5705 2594 5758 equus
2625 5691 2788 5744 currit
2818 5707 2831 5742 :
2863 5689 3125 5761 simplicia
3145 5732 3158 5756 ,
3188 5705 3306 5744 cum
3339 5689 3449 5761 lia-c
3471 5701 3621 5760 sepa-

2036 5757 2220 5814 rantur
2245 5768 2298 5815 et
2325 5757 2574 5815 dicuntur
2599 5761 2825 5830 singula,
2857 5769 2916 5816 ut
2942 5757 3131 5832 e'quus,
3163 5763 3351 5816 currit.
3385 5759 3488 5816 Sed
3512 5757 3621 5832 jam

2037 5833 2163 5886 satis
2191 5832 2257 5890 de
2285 5833 2368 5890 his
2391 5850 2507 5907 quae
2535 5833 2917 5904 signiﬁcantur,
2946 5831 3145 5889 dictum
3170 5843 3310 5903 puto.
