4138 6364
545 377 683 435 1625

808 492 1039 553 CAPUT
1075 491 1514 549 V.—Substantia
1541 498 1589 543 et
1615 490 1863 544 accidens.
1946 532 1954 547 ,

616 570 805 626 Restat
840 576 899 622 ut
936 580 1122 621 eorum
1161 579 1279 633 qua:
1307 571 1463 624 sunt,
1494 576 1601 630 quo
1631 571 1785 631 pacto
1822 562 2135 619 Aristotcles

545 639 884 705 tractaverit,
924 649 1254 692 enarremus.
1300 633 1435 689 Sunt
1459 633 1614 702 igitur
1640 632 1727 705 illa
1752 643 1986 705 quaeaut
2014 652 2136 705 per-

545 713 778 784 cipimus
798 704 1063 771 sensibus,
1083 715 1172 760 aut
1194 714 1445 784 mente-et
1469 704 1791 784 cogitatione
1813 704 2133 784 colligimus.

545 774 803 841 sensibus
824 792 1064 835 tenemus
1088 792 1207 847 quae
1233 786 1324 829 aut
1342 774 1589 839 videndo,
1615 785 1710 847 aut
1729 776 2133 847 contrectando,

546 864 639 910 aut
666 852 929 909 audiendo
950 893 963 914 ,
995 857 1086 902 aut
1107 845 1409 917 gustando,
1441 855 1533 899 aut
1562 845 1833 900 odorando
1860 848 2136 915 cognosci—

546 940 689 982 mus.
718 924 919 985 Mente,
952 928 1011 975 ut
1035 935 1155 975 cum
1184 919 1303 987 quis
1342 932 1534 987 equum
1554 958 1567 979 ,
1596 924 1683 969 aut
1709 917 1977 970 hominem
1999 958 2014 983 ,
2045 925 2139 971 aut

544 995 819 1067 quodlibet
865 990 1087 1067 animal-
1120 990 1355 1067 viderit,
1384 1002 1695 1067 quanquam
1737 1003 1897 1067 unum
1939 1002 2136 1055 corpus

549 1058 669 1123 ésse
694 1063 1047 1134 respondeat,
1073 1060 1316 1134 intelligit
1342 1070 1516 1134 tameu
1550 1058 1731 1134 multis
1757 1058 2137 1134 partibusesse

546 1128 878 1193 concretum.
901 1131 1176 1203 Siquidem
1201 1128 1300 1183 alia
1325 1144 1445 1203 par_s
1468 1128 1536 1203 sit
1555 1128 1764 1203 capitis,
1795 1128 1895 1180 alia
1918 1128 2133 1195 pedum,

545 1198 1381 1274 caeterorumquemembrorum,
1401 1200 1464 1274 in
1487 1200 1601 1274 ipso
1625 1198 1796 1274 capite
1820 1207 1993 1267 partes
2014 1213 2137 1253 suas

544 1292 705 1333 aures
730 1270 993 1341 habeant,
1021 1272 1213 1326 habeat
1235 1270 1502 1339 propriam
1539 1270 1734 1339 lingua.
1764 1271 1897 1341 Ipsa:
1913 1285 2137 1341 quoque

543 1358 726 1421 partes
746 1339 1155 1421 singulm'multa
1189 1344 1240 1395 in
1263 1358 1321 1421 se
1348 1342 1576 1421 habeant
1595 1382 1623 1421 τ.
1642 1356 1761 1421 qua:
1787 1339 1948 1419 dividi
1969 1348 2136 1421 etse:

544 1408 723 1491 parari
751 1408 956 1491 possint
985 1430 998 1467 :
1027 1423 1084 1491 u_t
1108 1428 1233 1491 caro
1263 1414 1332 1491 sit
1353 1411 1493 1491 aliud
1512 1408 1927 1491 ,'aliud_corium
1951 1453 1964 1476 ,
1994 1408 2138 1491 aliud

545 1480 724 1555 'venae,
753 1480 897 1541 aliud
928 1485 1103 1547 nervi,
1139 1482 1282 1555 aliud
1310 1481 1502 1551 capilli.
1538 1480 1677 1555 Ergo
1708 1481 1823 1535 brec
1849 1491 2025 1535 mente
2053 1481 2137 1535 vel

544 1552 819 1616 intellectu
850 1558 1171 1623 colligimus,
1204 1554 1269 1607 ad
1297 1568 1415 1622 qua:
1443 1552 1611 1605 nostri
1640 1567 1827 1605 sensus
1859 1560 2139 1619 penetrare

546 1647 654 1686 non
680 1639 917 1699 possunt.
942 1622 1356 1699 consideramus
1379 1624 1537 1699 etiam
1565 1622 1673 1699 illa,
1704 1622 1944 1699 et__an_imi
1962 1624 2136 1699 inten-

546 1693 693 1757 tione
734 1700 1104 1770 cognoscimus
1137 1696 1220 1749 vel
1258 1695 1561 1757 hominem,
1592 1695 1675 1747 vel
1719 1693 1861 1745 aliud
1906 1693 2135 1757 animal,

544 1788 811 1835 crescere,
831 1783 1131 1832 senescere,
1153 1780 1293 1819 nunc
1314 1774 1475 1824 stare,
1498 1779 1636 1816 nunc
1658 1778 1873 1816 movere
1888 1778 2135 1835 gressus;

544 1844 707 1899 modo
732 1834 853 1913 angi
882 1840 1025 1913 curis
1046 1879 1068 1913 ,Α
1108 1837 1267 1913 modo
1293 1850 1477 1913 secura
1516 1844 1694 1889 mente
1728 1834 2135 1913 conquiescere;

546 1916 776 1969 sanitate
804 1904 935 1966 alias
972 1910 1108 1973 frui,
1149 1907 1280 1959 alias
1319 1907 1557 1959 dolorem
1604 1904 1846 1973 perpeti;
1891 1920 1957 1957 ex
1989 1905 2139 1973 nigro

545 1986 750 2050 album,
772 1983 979 2051 nigrum
1008 1996 1074 2033 ex
1099 1980 1220 2051 albo
1246 1977 1427 2030 colore
1454 1975 1673 2037 mutari;
1699 1975 1924 2051 peritum
1946 1989 2012 2028 ex
2034 1976 2138 2028 im-

544 2044 754 2126 Pcrito,
781 2044 996 2107 doctum
1037 2065 1103 2103 ex
1133 2046 1343 2126 ilidoc“!
1362 2064 1395 2126 ἶ.
1422 2062 1485 2099 θ’(
1519 2055 1808 2126 ,ῖηίΨδυθίθ
1836 2044 2006 2126 rerum
2025 2087 2041 2111 ’
2069 2060 2139 2126 εἰ

545 2116 718 2181 feroci
741 2116 1115 2177 mansuetum.
1156 2119 1287 2171 Cum
1329 2116 1488 2185 igitur
1518 2118 1568 2169 in
1605 2117 1669 2169 iis
1699 2132 1815 2185 qum
1851 2125 2005 2181 sunt,
2035 2116 2140 2171 alia

546 2196 816 2258 sensibus,
838 2195 938 2246 alia
960 2189 1226 2245 mentibus
1245 2188 1581 2257 colligantur,
1608 2201 1858 2255 separare
1881 2186 1993 2239 haec
2018 2202 2139 2258 prof

544 2267 680 2333 priis
726 2256 1029 2317 nominibus
1076 2260 1320 2333 homines
1350 2256 1574 2333 eruditi
1608 2258 1936 2333 maluerunt;
1985 2266 2039 2310 et
2085 2256 2139 2310 id

546 2327 688 2408 quod
708 2334 1035 2408 dignoscitur
1058 2330 1333 2408 sensibus,
1342 2328 1452 2397 jam
1474 2327 1579 2382 dici
1603 2332 1787 2393 οὐσίαν,
1812 2327 1939 2408 illud
1960 2336 2140 2381 autem

544 2400 688 2478 quod
718 2400 883 2478 animi
910 2411 1133 2478 tractatu
1163 2400 1446 2478 colligitur,
1472 2414 1534 2452 ac
1564 2414 1706 2478 sanie
1735 2406 1991 2478 mutatur,
2023 2422 2141 2464 συμ-

542 2469 736 2539 ἰιεηκὸς
758 2517 772 2539 ,
796 2475 849 2528 id
879 2484 961 2527 est
986 2472 1266 2535 accidens,
1296 2471 1571 2524 nominare
1591 2469 1889 2522 voluerunt.
1922 2469 1986 2522 Et
2006 2484 2142 2536 quo-

546 2549 693 2602 niam
737 2547 789 2599 in
829 2553 1185 2614 permanente
1219 2542 1333 2595 usia
1380 2556 1441 2593 ea
1485 2540 2141 2614 quaeiaccidunt,inesse

545 2610 859 2680 noscuntur,
887 2617 1055 2684 ipsam
1084 2614 1596 2684 usiamenmtpmv,
1625 2610 1677 2663 id
1696 2620 1800 2684 est,
1833 2610 2137 2679 subjacens,

547 2699 604 2744 et
630 2704 734 2741 non
761 2688 813 2740 in
839 2680 1079 2754 subjecto
1104 2682 1361 2754 appellari
1389 2683 1703 2754 voluerunt,
1744 2680 1835 2754 illa
1858 2696 1986 2754 vero
2020 2696 2140 2749 qua:

547 2760 818 2819 accidunt,
846 2762 892 2811 ἂν
923 2751 1231 2821 (incumbe,
1264 2752 1314 2805 id
1338 2762 1418 2805 est
1445 2753 1495 2805 in
1524 2752 1839 2820 subjacenti,
1869 2751 2136 2805 dixerunt.

546 2830 676 2884 Sine
699 2829 860 2883 dubio
900 2836 1079 2881 tamen
1120 2822 1251 2875 illud
1283 2830 1491 2890 oportet
1524 2838 1553 2875 a
1601 2822 1754 2875 nobis
1793 2822 2041 2889 agnosci,
2082 2830 2143 2876 ut

544 2902 810 2972 potiorem
832 2898 998 2972 usian_
1008 2893 1368 2972 accidentibus
1385 2894 1630 2972 dicimus,
1651 2894 1728 2972 sic
1745 2894 1925 2972 potius
1940 2896 2138 2960 ἄτομον,

544 2962 634 3025 vel
658 2979 957 3031 χαθέκαστον,
989 2965 1043 3018 id
1069 2974 1149 3019 est
1177 2964 1315 3016 hunc
1338 2964 1607 3017 hominem
1634 2963 1718 3016 vel
1743 2962 1883 3017 hunc
1908 2963 2139 3031 leonem,

544 3040 612 3095 iis
647 3056 764 3107 qua:
800 3038 993 3092 fuerint
1027 3035 1357 3107 communia,
1404 3034 1489 3088 vel
1515 3033 1784 3088 communi
1811 3042 1998 3088 vocata
2028 3035 2141 3088 ani-

546 3106 764 3164 malium
796 3109 1028 3169 nomine,
1061 3106 1319 3173 judicare.

544 3181 772 3238 CAPUT
814 3178 900 3233 Vl.
922 3206 995 3218 —
1019 3176 1144 3240 Qua:
1178 3175 1436 3297 nimiunn!
1474 3175 1537 3229 de
1574 3175 1831 3246 subjecto,
1875 3189 1989 3245 quae
2023 3182 2143 3230 sunt

1171 3263 1225 3297 ιη
1251 3264 1306 3297 su
1346 3262 1416 3297 rer
1441 3262 1489 3297 0.

1171 3246 1225 3297 in
1251 3247 1489 3297 subiecto.

1171 3265 1225 3297 ιη
1251 3265 1338 3297 8110
1364 3265 1489 3297 είΊΟ.

619 3322 822 3376 Rursus
834 3318 898 3373 ad
918 3334 979 3372 ea
994 3333 1111 3387 quae
1128 3265 1511 3385 signiﬁcantur,
1531 3315 1845 3370 Aristoteles
1866 3329 2140 3386 regressus

545 3402 649 3456 est,
674 3400 803 3461 quot
823 3390 993 3461 modis
1014 3386 1084 3461 ea
1110 3403 1229 3461 quae
1248 3396 1371 3439 sunt
1396 3386 1682 3461 signiﬁcari
1704 3388 1959 3461 assolent,
1989 3403 2142 3461 mon-

546 3456 829 3519 straturus.
858 3462 933 3514 Ex
962 3459 1043 3512 his
1074 3458 1231 3526 igitur
1251 3474 1370 3527 qua:
1398 3468 1541 3524 sunt,
1570 3456 1673 3511 alia
1702 3458 1770 3511 de
1799 3458 2039 3526 subjecto
2068 3460 2141 3512 si-

544 3535 989 3605 gniﬁcantur,et
1033 3528 1364 3605 in_su_hject0
1404 3545 1519 3605 non
1556 3536 1716 3605 sunt,
1750 3536 1816 3605 ut.
1842 3529 2021 3582 homo.
2064 3530 2141 3585 De

544 3597 786 3672 subjecto
813 3602 1026 3669 quidem
1066 3598 1421 3672 signiﬁcatur,
1455 3600 1631 3672 aliquo
1674 3597 1891 3672 homine
1923 3616 1936 3652 :
1968 3614 2141 3672 neque

544 3668 690 3729 enim
713 3674 875 3728 homo
894 3673 997 3726 dici
1029 3678 1227 3739 posset,
1257 3670 1355 3723 nisi
1384 3680 1526 3723 esset
1551 3669 1743 3738 aliquis
1770 3668 1838 3722 de
1865 3684 1971 3737 quo
1998 3668 2141 3725 dice-

544 3756 713 3801 retur.
743 3746 800 3798 In
833 3744 1075 3811 subjecto
1113 3750 1287 3793 autem
1314 3742 1456 3793 nullo
1483 3750 1596 3805 est,
1625 3755 1745 3793 eum
1771 3740 1883 3808 ipse
1904 3741 1972 3811 sit
2000 3742 2137 3808 usia,

545 3832 704 3886 quam
733 3810 980 3890 superiUS
1016 3812 1247 3890 diximus
1290 3812 1342 3863 in
1369 3811 1530 3890 nullo
1564 3824 1801 3890 unquam
1845 3810 2140 3890 subjacenti

544 3880 697 3951 esse;
724 3880 917 3956 quippe
945 3899 1065 3937 cum
1106 3881 1176 3935 sil.
1204 3882 1413 3956 caeteris
1440 3883 1548 3956 ipsa
1582 3882 1841 3956 subjecta:
1870 3880 1985 3935 Alia
2010 3897 2139 3937 vero

544 3973 645 4012 nec
669 3960 719 4010 in
742 3951 984 4024 subjecto
1018 3962 1159 4015 sunt,
1188 3967 1288 4005 nec
1312 3952 1379 4006 de
1406 3952 1643 4024 subjecto
1671 3951 2054 4024 signiﬁcantur,
2083 3962 2141 4024 ut

545 4038 629 4083 est
648 4022 867 4084 Cicero;
900 4041 1001 4079 nec
1027 4025 1078 4076 in
1102 4024 1341 4088 subjecto
1368 4032 1453 4077 est
1472 4064 1487 4087 ,
1518 4022 1639 4090 quia
1666 4022 1778 4074 usia
1806 4031 1915 4085 est;
1949 4038 2047 4076 nec
2070 4022 2141 4079 de

544 4098 787 4167 subjecto
808 4098 987 4166 aliquo
1016 4094 1362 4163 significatur,
1393 4092 1651 4167 siquidem
1680 4106 1858 4167 cum‘a
1882 4102 2139 4167 scortum

542 4162 861 4222 vocabulum
901 4162 1126 4229 'teneat,
1180 4179 1350 4230 neque
1411 4162 1635 4231 intelligi
1683 4162 1849 4230 possit
1901 4163 2136 4217 aliunde.

543 4240 693 4293 Dicta
722 4247 845 4290 sunt
871 4236 975 4289 duo
1001 4252 1119 4303 (ιιιίυ
1148 4234 1213 4287 ad
1244 4234 1391 4285 usian
1429 4234 1726 4301 pertinent,
1756 4247 1862 4300 quo
1889 4241 2040 4300 pacto
2065 4236 2143 4289 si.

544 4309 885 4378 gniticentur,
914 4302 1139 4376 quorum
1169 4306 1413 4378 superius
1442 4304 1608 4378 λοιγὸν,
1717 4313 1797 4378 est
1823 4318 2135 4378 commune;

542 4373 797 4442 inferius,
828 4373 1141 4441 καθίκοιστον,
1175 4375 1229 4428 id
1252 4383 1334 4428 est
1353 4374 1621 4443 singulare
1650 4373 1863 4427 dicitur.
1896 4373 2048 4429 Nunc
2075 4390 2137 4429 ea

584 4467 663 4503 ua:
694 4458 815 4503 sunt
845 4466 908 4502 ex
937 4447 1560 4514 accidentibus,quonam
1589 4444 1748 4498 modo
1774 4444 2139 4511 significentur

584 4467 663 4503 (ιω
694 4464 815 4503 sunt
845 4466 908 4502 ex
937 4464 1317 4508 θροιαίιιιιιυιιδ,
1333 4464 1560 4514 quonam
1589 4464 1748 4498 111000
1774 4464 2135 4511 sngnutcentur

543 4464 831 4575 dicendum
851 4530 951 4573 est.
976 4518 1111 4571 Sunt
1133 4519 1291 4586 igitur
1310 4532 1374 4572 ex
1400 4518 1461 4569 iis
1487 4516 1587 4570 alia
1609 4532 1728 4584 qua:
1748 4526 1801 4568 et
1818 4516 1870 4567 in
1894 4516 2135 4584 subjecto

542 4601 699 4654 eum,
730 4602 783 4645 et
812 4590 1176 4659 signiﬁcantur
1213 4589 1285 4659 de,
1306 4588 1545 4656 subjecto
1564 4628 1579 4652 ,
1613 4596 1669 4639 ut
1695 4596 1777 4659 est
1806 4586 2138 4659 scientiaivel

542 4664 711 4719 celer.
738 4656 883 4718 Sunt
912 4661 1052 4714 enim
1083 4660 1137 4713 in
1171 4658 1411 4726 subjecto
1454 4659 1662 4727 aliquo,
1692 4656 1744 4709 id
1771 4668 1853 4710 est
1878 4659 1931 4710 in
1956 4658 2137 4712 animo

547 4734 627 4787 Vel
654 4748 880 4801 corpore
911 4750 923 4784 :
956 4745 1128 4799 neque
1157 4729 1297 4801 enim
1326 4729 1544 4781 scientia
1574 4736 1746 4801 potest
1765 4742 1913 4801 esse,
1944 4729 2041 4801 nisi
2068 4730 2138 4783 sit

543 4804 721 4859 anima
740 4798 977 4871 subjecta
995 4798 1096 4868 qua
1116 4800 1479 4871 contineatur;
1506 4814 1601 4852 nec
1616 4798 1898 4871 significari
1915 4798 2137 4871 scientia

542 4883 756 4944 posset,
789 4874 889 4927 nisi
920 4872 985 4926 de
1016 4870 1253 4944 subjecta
1288 4870 1629 4944 grammatica
1658 4887 1669 4921 :
1698 4870 1779 4921 vel
1811 4870 1960 4922 color
1988 4870 2135 4944 quis-

584 4961 704 4998 uam
730 4952 909 5013 posset
938 4958 1079 5005 esse,
1104 4942 1203 5013 nisi
1232 4942 1281 4993 in
1310 4940 1554 5013 subjecto
1573 4954 1825 5013 corpore;
1853 4956 1951 4993 nec
1972 4941 2137 5013 signi-

584 4962 704 4998 uam
730 4962 909 5013 ρυεδει
938 4962 1079 5005 esse,
1104 4962 1203 4995 IllSl
1232 4962 1281 4993 Ill
1310 4962 1547 5008 SUUJCCLU
1573 4962 1825 5008 CUI‘pUI'C;
1853 4962 1951 4993 IICC
1972 4962 2136 5009 big"!-

543 4962 693 5070 gcari
724 5022 933 5084 posset,
963 5013 1065 5066 nisi
1104 5012 1171 5084 de
1214 5012 1453 5084 subjecto
1492 5010 1668 5084 aliquo
1711 5010 1932 5084 colore”:
1969 5011 2036 5063 ita
2079 5011 2136 5065 ﬁt

542 5096 604 5141 ut
629 5096 682 5139 et
720 5080 772 5140 in
819 5084 1060 5153 subjecto
1090 5082 1231 5149 sint,
1263 5091 1317 5136 et
1354 5082 1421 5135 de
1468 5080 2130 5153 subjectosigniﬁcentur.

542 5157 667 5214 Alia
694 5172 819 5211 vero
848 5151 973 5209 sunt
1004 5170 1070 5208 ex
1098 5154 1283 5207 iisdem
1323 5160 1661 5219 συμϐεϐηκόσι,
1688 5151 1737 5203 id
1765 5161 1847 5204 est
1883 5152 2132 5206 acciden-

543 5228 719 5293 tibus,
761 5243 877 5296 quze
906 5226 957 5278 in
985 5224 1224 5294 subjecto
1249 5223 1460 5296 quidem
1500 5230 1649 5286 sunt,
1682 5221 1775 5276 sed
1801 5221 1868 5296 de
1895 5223 2133 5296 subjecto

543 5298 766 5353 minime
779 5293 1169 5367 significantur,
1194 5304 1247 5347 ut
1276 5303 1358 5367 est
1372 5335 1395 5367 ,_
1418 5293 1529 5345 hare
1550 5294 1913 5367 grammatica,
1940 5295 2023 5367 vel
2048 5294 2133 5350 hic

542 5369 698 5423 albus
728 5364 893 5422 colo'r.
922 5366 978 5420 ln
1007 5366 1246 5433 subjecto
1273 5365 1485 5434 quidem
1513 5374 1664 5429 sunt,
1693 5364 1871 5416 animo
1899 5364 1980 5417 vel
2008 5380 2131 5419 cor-

617 5456 695 5503 re,
717 5440 784 5493 de
800 5438 1041 5507 subjecto
1062 5445 1239 5490 autem
1258 5451 1369 5507 non
1385 5434 1764 5507 signiﬁcantur.
1789 5434 1970 5503 Neque
1988 5435 2131 5489 cnim

585 5509 628 5561 is
653 5509 868 5564 aliunde
893 5506 1209 5561 vocabulum
1240 5506 1452 5576 pendet,
1487 5506 1578 5557 sed
1606 5519 1710 5576 suo
1728 5514 1782 5558 et
1800 5507 2012 5573 Speciali
2044 5523 2131 5560 no-

541 5579 689 5634 mine
716 5580 1079 5650 designantur.
1122 5578 1181 5632 ln
1220 5575 1283 5650 iis
1312 5575 1817 5650 quoqueaccidens
1856 5578 2127 5644 superius,

537 5647 1215 5711 commune'nominamus,
1246 5648 1465 5701 inferius
1505 5647 1592 5701 ubi
1614 5648 1723 5714 jam
1765 5656 1909 5700 certa
1938 5664 2023 5701 res
2049 5658 2131 5702 est

535 5734 640 5791 pro
662 5732 831 5790 parte,
855 5721 959 5775 hoc
976 5730 1057 5776 est
1086 5730 1364 5775 καθέκαστσν
1384 5718 1596 5791 dicitur.
1622 5716 1818 5791 Verum
1840 5734 1907 5771 ne
1933 5719 2129 5788 aliquid

533 5789 647 5853 non
669 5789 920 5865 apertum
961 5797 1234 5865 praeterire
1277 5789 2046 5865 Aristotelesexistimaretur,
2075 5799 2129 5865 et

533 5859 778 5925 oriundis
806 5859 1189 5934 quastionibus
1218 5864 1555 5919 occasionem
1579 5859 1766 5927 daret,
1797 5860 1863 5916 de
1891 5876 1957 5916 eo
1982 5862 2127 5941 quod

1819 374 2236 436 CATEGORLE
2272 374 2522 435 DECEM.

3696 380 3844 440 im

2242 494 2297 549 in
2325 494 2564 563 subjecto
2586 497 2691 558 est,
2721 488 2888 546 voluit
2913 497 3141 548 tractare
3166 490 3492 563 diligentius,
3523 506 3587 548 ac
3611 492 3845 552 deﬁnire

2281 565 2371 619 uid
2395 574 2557 627 esset,
2586 570 2645 617 ut
2669 563 3113 617 calumniantibus
3142 564 3316 619 aditus
3341 563 3696 620 clauderetur.
3729 568 3842 622 De—

2242 581 2371 689 gma
2395 581 2557 627 esset,
2586 581 2645 617 Ill.
2669 581 3113 617 calumniantibus
3142 581 3316 619 anuus
3341 581 3696 620 clauderetur.
3729 581 3837 622 ue-

2282 636 2357 689 nit
2386 651 2513 705 ergo
2540 636 2593 689 in
2630 634 2869 707 subjecto
2892 649 3017 707 esse
3054 635 3195 705 quod
3235 636 3287 689 in
3318 636 3486 691 altero
3510 646 3593 691 est
3621 637 3800 707 aliquo
3820 678 3837 703 ,

2243 721 2349 761 non
2377 716 2438 762 ut
2480 721 2601 774 pars
2646 706 2714 759 sit
2751 705 3030 774 quzedam,
3060 722 3231 830 neque
3270 708 3387 762 sine
3430 722 3496 762 eo
3536 708 3587 761 in
3615 705 3724 777 quo
3754 718 3843 763 est

2243 785 2420 830 potest
2448 791 2681 830 unuuam
2721 791 2859 830 esse.
2894 777 3019 830 flare
3062 776 3127 830 de
3152 778 3302 830 initio
3339 778 3514 830 addita
3554 790 3840 830 nrooterea

2242 785 2420 845 potest
2448 791 2681 846 unquam
2721 791 2859 830 esse.
2894 777 3019 830 ilaac
3062 776 3302 832 deﬁnitio
3339 778 3514 832 addita
3554 776 3840 847 propterea

2243 857 2358 911 est,
2387 848 2508 919 quia
2535 847 2639 901 dici
2669 856 2850 915 posset
2890 847 3229 919 digitumvel
3274 848 3461 917 pedem
3502 849 3554 901 in
3593 850 3841 919 subjecto

2244 932 2383 981 esse,
2416 918 2468 972 id
2498 927 2581 973 est
2606 919 2660 971 in
2684 932 2908 986 corpore
2938 934 2949 969 ε
2985 918 3084 971 hoc
3124 918 3283 987 igitur
3307 919 3534 974 exclusit
3558 918 3710 973 cauta
3736 921 3818 976 de-

2244 987 2485 1042 ﬁnitione
2504 1030 2517 1052 ,
2546 988 2771 1042 dicendo
2797 988 2848 1041 id
2866 1002 3007 1060 esse
3036 988 3087 1041 in
3114 988 3383 1057 subjecto,
3410 989 3552 1059 quod
3578 990 3694 1059 ejus
3715 1007 3841 1060 pars

2246 1074 2351 1113 non
2375 1060 2444 1112 sit
2474 1060 2524 1112 in
2554 1075 2658 1128 quo
2688 1067 2771 1111 est
2802 1075 2813 1109 :
2844 1058 3062 1128 digitum
3093 1070 3271 1114 autem
3299 1061 3382 1114 vel
3414 1058 3838 1129 pedempar'tem

2244 1144 2364 1184 esse
2393 1131 2635 1200 corporis
2667 1138 2893 1184 constat.
2932 1128 3130 1183 Dehinc
3176 1145 3205 1183 a
3247 1128 3695 1185 calumniantibus
3727 1132 3838 1187 dici

2244 1208 2455 1269 posset,
2505 1216 2693 1270 aquam
2725 1200 2809 1271 vel
2838 1200 3018 1271 vinum
3064 1201 3116 1271 in
3158 1202 3385 1269 quodam
3417 1202 3552 1256 cado
3586 1205 3735 1271 quasi
3781 1204 3837 1257 in

2244 1272 2486 1337 subjecto
2510 1286 2661 1326 esse:
2684 1270 2777 1324 sed
2808 1270 2858 1324 id
2887 1270 3014 1324 oriri
3043 1270 3196 1325 docta
3222 1272 3530 1326 deﬁnitione
3559 1270 3661 1325 non
3689 1273 3837 1337 sinit,

2244 1341 2445 1395 addens
2478 1342 2528 1395 id
2568 1356 2687 1395 esse
2728 1343 2779 1394 in
2818 1342 3089 1409 subjecto,
3123 1342 3263 1410 quod
3303 1344 3417 1396 sine
3452 1343 3693 1412 subjecto
3721 1360 3842 1399 esse

2245 1426 2352 1465 non
2390 1413 2557 1479 possit
2587 1428 2599 1464 :
2632 1414 2813 1465 vinum
2845 1424 3020 1466 autem
3041 1453 3057 1475 ,
3088 1414 3168 1466 vel
3208 1428 3395 1481 aquam
3417 1455 3432 1477 ,
3464 1414 3578 1467 sine
3619 1415 3755 1467 cado
3786 1417 3838 1469 in

2244 1497 2350 1551 quo
2372 1481 2530 1536 fuerit
2553 1498 2706 1551 posse
2722 1483 2844 1536 alibi
2868 1499 3007 1547 esse,
3030 1500 3134 1535 non
3166 1494 3337 1550 potest
3358 1484 3605 1537 dubitari.
3630 1483 3839 1540 Interea

2246 1553 2348 1607 hoc
2372 1553 2491 1607 loco
2515 1553 2770 1607 debemus
2790 1553 3076 1623 advertere
3107 1570 3206 1621 qua
3241 1565 3355 1608 arte
3383 1554 3622 1607 deﬁnitio
3649 1556 3836 1623 (Μενο-

2246 1632 2423 1697 natur.
2445 1624 2680 1678 Primum
2698 1620 2836 1678 eniin
2853 1623 2989 1677 hanc
3007 1625 3427 1697 periinmensum
3448 1626 3589 1678 tendi
3603 1620 3839 1697 Oportet,

2244 1692 2584 1763 incipientem
2631 1710 2659 1747 a
2707 1710 2939 1761 genere;
2984 1692 3179 1749 dehinc
3218 1696 3468 1764 paulatim
3519 1711 3615 1765 per
3643 1692 3839 1765 partes

2244 1766 2508 1836 currendo
2538 1767 2817 1836 pervenire
2858 1766 3015 1819 debet
3057 1767 3122 1818 ad
3169 1766 3218 1819 id
3253 1767 3302 1819 in
3333 1783 3439 1836 quo
3468 1768 3641 1819 solum
3671 1779 3755 1821 est
3784 1768 3837 1822 id

2245 1835 2385 1904 quod
2414 1835 2787 1907 deﬁnitur.iUt
2823 1836 2853 1888 ii
2886 1837 2974 1904 qui
3014 1837 3160 1906 signa
3192 1835 3441 1902 formant,
3476 1838 3702 1907 primum
3738 1841 3839 1890 im-

2245 1920 2489 1959 mensum
2520 1906 2859 1973 subdoligunt
2902 1907 3163 1975 lapidem,
3216 1908 3409 1961 dehinc
3450 1909 3701 1977 paulatim
3734 1909 3838 1961 mi-

2244 1976 2460 2031 nuendo
2476 1986 2529 2031 et
2545 1977 2903 2031 abscindendo
2923 1978 3212 2044 superflua,
3242 1979 3306 2032 ad
3332 1978 3637 2032 formandos
3658 1980 3839 2034 vultus

2246 2056 2301 2119 et
2322 2048 2562 2101 membra
2580 2048 2914 2118 perveniunt.
2946 2048 3035 2102 Sic
3055 2048 3295 2103 deﬁnitio
3313 2065 3343 2101 a
3364 2064 3559 2117 genere
3580 2051 3840 2119 incipiens

2245 2116 2464 2188 depulsa
2491 2116 2741 2188 paulatim
2768 2120 3114 2187 generalitate
3143 2116 3449 2183 verborum,
3471 2119 3536 2173 ad
3565 2116 3840 2188 proprium

2245 2182 2672 2243 demonstranda:
2699 2182 2969 2244 rei'cubile
2994 2190 3159 2244 tendit
3185 2182 3457 2244 accedere.
3484 2182 3589 2245 Sed
3612 2182 3679 2244 ad
3706 2208 3836 2259 pro.-

2245 2260 2478 2329 positum
2509 2270 2837 2332 revertamur
2869 2269 3171 2332 :itractatus
3217 2262 3358 2332 enim
3388 2272 3501 2332 erat
3531 2261 3597 2313 de
3630 2263 3692 2313 iis
3719 2278 3838 2332 qua:

2244 2330 2834 2401 suntquemadmodum
2865 2331 3247 2401 significentur,
3279 2331 3345 2385 de
3372 2331 3566 2401 quibus
3586 2330 3837 2400 quoniam

2244 2346 2834 2399 somquemaumoaum
2865 2346 3247 2453 sngmncentur,
3279 2346 3345 2385 ne
3372 2346 3566 2401 quibus
3586 2347 3836 2400 quoniam

2241 2400 2352 2471 jam
2374 2401 2536 2455 multa
2554 2402 2691 2455 dicta
2714 2410 2855 2464 sunt,
2880 2402 2914 2454 il
2944 2402 3009 2455 ud
3036 2402 3352 2471 regulariter
3373 2402 3526 2456 nobis
3549 2404 3836 2458 tenendum

2245 2480 2350 2543 est,
2369 2472 2545 2543 omnia
2558 2481 2843 2543 κᾳθᾶχαστα,
2857 2473 2937 2526 vel
2955 2480 3201 2543 ἓνάριθμα,
3216 2472 3300 2527 vel
3314 2478 3493 2541 ἄτομα,
3512 2472 3595 2525 vel
3611 2482 3835 2540 αἰσθητὰ,

2249 2542 2303 2613 id
2330 2550 2413 2595 est
2439 2542 2579 2613 hunc
2608 2542 2910 2608 hominem,
2934 2544 3013 2597 vel
3043 2543 3183 2597 hunc
3221 2559 3449 2613 equum,
3478 2544 3559 2597 vel
3588 2546 3723 2598 hanc
3752 2561 3840 2597 ar-

2246 2612 2429 2683 borem
2446 2612 2513 2665 de
2537 2614 2775 2683 subjecto
2800 2614 3083 2682 signiﬁcari
3112 2630 3215 2668 non
3242 2612 3418 2683 posse.
3451 2614 3546 2669 Sin
3568 2630 3698 2668 vero
3723 2615 3840 2669 haec

2247 2682 2434 2737 eadem
2460 2684 2527 2737 de
2555 2682 2917 2738 acCidentibus
2947 2684 3172 2749 fuerint,
3208 2682 3259 2738 id
3288 2693 3369 2739 est
3396 2685 3484 2739 hic
3508 2685 3687 2750 color,
3718 2684 3836 2740 haec

2246 2751 2556 2822 disciplina,
2599 2755 2651 2807 in
2702 2754 2940 2823 subjecto
2994 2770 3113 2809 esse
3156 2770 3312 2824 posse
3343 2772 3357 2809 :
3388 2755 3836 2824 quemadmodum

2246 2824 2388 2876 enim
2416 2825 2659 2892 superius
2683 2825 3103 2879 demonstratum
3131 2836 3231 2890 est,
3263 2842 3423 2879 omne
3447 2826 3697 2880 accidens
3719 2829 3837 2881 sine

2246 2895 2485 2966 subjecto
2501 2912 2619 2951 esse
2636 2910 2741 2950 non
2765 2904 2954 2962 potest.
2987 2897 3133 2949 Docti
3158 2897 3314 2966 igitur
3333 2912 3515 2950 sumus
3536 2913 3643 2965 quo
3662 2908 3835 2965 pacto,

2249 2965 2339 3020 vel
2363 2967 2681 3032 subjectum,
2711 2967 2799 3037 vel
2824 2967 2873 3019 in
2905 2968 3146 3035 subjeCIo
3174 2965 3436 3035 possimus
3457 2982 3766 3037 agnoscere.

2443 3037 2671 3091 CAPUT
2714 3036 3036 3101 \'lI.—Quid
3065 3054 3250 3107 genus,
3280 3039 3404 3105 quid
3430 3040 3639 3107 species.

2321 3105 2525 3160 Dehinc
2555 3121 2653 3161 nos
2682 3108 2991 3163 Aristoteles
3014 3105 3198 3173 docet,
3232 3119 3287 3162 et
3318 3108 3403 3161 illa
3436 3105 3555 3176 qua:
3579 3108 3645 3163 de
3662 3108 3838 3177 subjeo

2245 3184 2332 3231 cto
2359 3177 2752 3249 signiﬁcantur,
2781 3195 2885 3249 qua
2924 3180 3129 3233 ratione
3158 3194 3459 3233 noscamus.
3477 3178 3532 3232 ln
3559 3178 3641 3233 his
3662 3189 3840 3237 autem

2246 3249 2474 3317 speciale
2499 3247 2630 3302 illud
2659 3260 2768 3315 est,
2798 3247 2938 3318 quod
2964 3250 3148 3303 eadem
3180 3252 3231 3303 in
3263 3250 3379 3317 ipso
3421 3250 3663 3317 subjecto
3695 3251 3840 3305 inve-

2246 3320 2487 3384 niuntur,
2510 3334 2629 3388 qua:
2651 3330 2774 3373 sunt
2800 3321 2851 3373 in
2872 3336 2938 3375 eo
2959 3320 3099 3389 quod
3121 3321 3185 3374 de
3208 3320 3449 3388 subjecto
3470 3321 3799 3384 signiﬁcatur
3822 3337 3839 3376 :
3896 3324 3899 3327 λ

2246 3398 2303 3443 ut
2336 3390 2479 3443 enim
2522 3390 2715 3443 animal
2744 3390 2813 3445 de
2841 3392 3080 3457 subjecto
3124 3390 3483 3459 signiﬁcatur,
3516 3392 3729 3444 homine
3754 3391 3842 3446 vel

2246 3474 2405 3529 equo,
2421 3460 2499 3514 sic
2513 3470 2568 3515 et
2582 3460 2741 3515 homo
2752 3461 2819 3516 de
2835 3463 3075 3530 subjecto
3090 3462 3268 3531 aliquo
3286 3461 3501 3515 homine
3514 3462 3842 3529 signiﬁcetur

2244 3546 2467 3585 necesse
2488 3540 2569 3586 est
2588 3551 2600 3585 :
2625 3532 2813 3586 Cicero
2834 3543 3009 3587 autem
3028 3543 3083 3587 et
3102 3532 3264 3586 homo
3282 3542 3363 3586 est
3382 3542 3434 3586 et
3449 3532 3666 3585 animal.
3687 3534 3842 3598 Quaa-
3920 3532 3932 3547 ‘

2244 3616 2471 3670 cumque
2496 3600 2654 3671 igitur
2681 3602 2953 3671 przedicari
2981 3602 3047 3657 de
3073 3603 3287 3656 animali
3315 3610 3552 3671 possunt,
3576 3602 3764 3656 eadem
3788 3610 3843 3659 et

2245 3671 2313 3726 de
2328 3672 2540 3727 homine
2560 3683 2613 3726 et
2628 3674 2885 3727 Cicerone
2904 3674 3273 3741 praedicantur.
3293 3674 3621 3740 Quapropter
3636 3687 3698 3725 ea
3716 3688 3843 3741 quae

2245 3742 2297 3795 in
2319 3758 2405 3807 eo,
2435 3743 2575 3813 quod
2600 3742 2667 3797 de
2689 3744 2927 3811 subjecto
2952 3745 3293 3813 significatur,
3318 3743 3676 3809 inveniuntur,
3705 3752 3766 3797 et
3786 3743 3842 3797 in

2243 3827 2309 3867 eo
2326 3812 2467 3881 quod
2483 3812 2777 3881 subjectum
2797 3824 2897 3881 est,
2916 3812 3137 3869 necesse
3152 3826 3234 3868 est
3253 3813 3473 3866 inveniri
3496 3830 3509 3865 :
3526 3822 3585 3865 ut
3599 3814 3644 3865 si
3662 3814 3839 3876 dicas,

2244 3884 2440 3937 animal
2465 3884 2707 3952 estquod
2733 3885 2908 3938 cibum
2934 3887 3127 3954 capiat,
3158 3884 3300 3955 quod
3327 3883 3549 3955 mortale
3575 3884 3677 3955 sit,
3698 3883 3843 3952 quod

2244 3968 2404 4008 sensu
2427 3964 2732 4020 moveatur;
2756 3956 2951 4009 animal
2972 3953 3146 4009 autem
3168 3953 3234 4009 de
3256 3955 3495 4023 subjecto
3513 3953 3841 4022 signiﬁcatur

2244 4023 2462 4080 homine
2490 4043 2503 4077 :
2530 4025 2715 4080 eadem
2740 4036 2912 4080 tamen
2940 4036 2997 4081 et
3023 4026 3090 4080 de
3120 4027 3335 4080 homine
3355 4025 3459 4079 dici
3482 4039 3702 4078 necesse
3730 4033 3833 4089 est,

2285 4112 2364 4148 ua:
2402 4095 2470 4150 de
2499 4096 2714 4149 animali
2751 4098 2889 4150 dicta
2933 4106 3075 4150 sunt.
3117 4096 3321 4150 Deinde
3360 4110 3479 4165 qua:
3516 4094 3584 4149 de
3623 4096 3841 4150 homine

2284 4166 2385 4221 icta
2412 4165 2624 4231 fuerint,
2654 4167 2839 4221 eadem
2867 4168 3007 4221 etde
3035 4168 3278 4221 Socrate.
3306 4165 3523 4221 Certum
3552 4174 3726 4219 autem
3753 4173 3838 4219 est

2245 4236 2516 4290 Socratem
2566 4237 2859 4305 subjectum
2909 4254 3028 4293 esse
3068 4238 3306 4305 homini,
3339 4236 3609 4291 hominem
3655 4245 3839 4290 autem

2243 4308 2480 4360 animali.
2505 4306 2768 4376 Quidquid
2797 4308 2955 4377 igitur
2982 4310 3031 4362 in
3059 4309 3144 4373 iis,
3173 4324 3293 4378 qure
3313 4307 3379 4362 de
3406 4308 3649 4376 subjecto
3666 4306 3839 4378 751εηί-

2245 4378 2489 4440 ﬁcantur,
2518 4381 2716 4432 dictum
2749 4380 2925 4446 fuerit,
2960 4380 3098 4434 idem
3143 4377 3202 4433 et
3224 4378 3291 4433 de
3323 4379 3419 4445 iis,
3452 4394 3569 4446 qua:
3598 4377 3837 4444 subjecta

2242 4447 2471 4521 dicimus
2509 4448 2899 4517 pra-dicabitur.
2933 4449 3266 4521 Regulariter
3290 4458 3465 4503 autem
3494 4448 3580 4501 illa
3607 4448 3673 4521 de
3704 4447 3839 4501 sub-

2240 4519 2385 4587 jecto
2431 4520 2830 4588 signiﬁcantur,
2878 4518 3154 4589 quze'per
3202 4520 3375 4588 seipsa
3424 4518 3836 4589 cognoscinon

2243 4599 2487 4713 possunt,
2515 4600 2571 4643 ut
2591 4591 2785 4644 animal
2813 4587 3029 4661 intelligi
3050 4587 3155 4644 non
3179 4587 3352 4660 potest
3375 4590 3476 4642 nisi
3497 4590 3564 4642 de
3589 4587 3836 4655 subjecto

2283 4661 2489 4713 omine.
2519 4662 2595 4713 sic
2617 4661 2777 4713 homo
2805 4662 3009 4713 adverti
3040 4677 3143 4713 non
3174 4670 3347 4713 potest
3373 4660 3473 4713 nisi
3498 4658 3567 4713 de
3596 4658 3836 4713 subiecto

2283 4661 2489 4723 omine,
2519 4662 2595 4714 sic
2617 4661 2777 4715 homo
2805 4658 3009 4716 adverti
3040 4677 3143 4715 non
3174 4658 3347 4730 potest
3373 4660 3473 4713 nisi
3498 4658 3567 4730 de
3596 4658 3840 4725 subjecto

2242 4732 2419 4811 aliquo
2447 4731 2664 4811 homine
2692 4732 3055 4814 dignoscatur.
3082 4729 3235 4787 Nunc
3254 4731 3505 4814 quoniam
3527 4729 3838 4814 demeateg‘o-

2242 4801 2441 4872 riarum
2469 4803 2706 4856 omnium
2735 4798 3022 4872 generibus
3065 4813 3119 4857 et
3147 4798 3428 4872 speciebus
3454 4810 3508 4855 et
3534 4798 3839 4872 differentia

2243 4870 2518 4928 locuturus
2566 4882 2681 4940 est,
2721 4869 3104 4943 inspiciendum
3157 4869 3301 4942 prius
3339 4869 3721 4943 videturquid
3766 4870 3839 4923 sit

2240 4956 2429 5015 genus,
2462 4941 2839 5015 quidspecies,
2869 4945 2995 5014 quid
3016 4941 3336 4998 differentia.
3369 4941 3548 5015 Genus
3570 4941 3732 5015 igitur
3754 4947 3839 5015 est

2241 5014 2383 5081 quod
2413 5012 2706 5069 secundum
2738 5012 2901 5068 multa
2947 5024 3003 5070 et
3029 5014 3357 5077 differentia,
3389 5013 3514 5083 quid
3557 5013 3635 5083 sit
3654 5012 3839 5080 specie

2242 5084 2539 5137 ostenditur
2585 5098 2745 5155 atque
2790 5087 3163 5155 significatur,
3199 5098 3256 5137 ut
3294 5094 3375 5138 est
3407 5081 3552 5137 'usia.
3603 5081 3837 5137 Omnino

2241 5155 2454 5223 quidem
2505 5154 2669 5209 usian’
2706 5154 2963 5221 dicimus;
3014 5156 3107 5210 sed
3155 5154 3256 5209 hoc
3304 5168 3588 5209 commune
3635 5168 3836 5208 nomen

2240 5227 2418 5293 specie
2447 5235 2756 5294 separatur,
2788 5242 2909 5281 cum
2958 5227 3182 5281 dicimus
3224 5225 3418 5279 animal
3453 5225 3537 5279 vel
3580 5224 3834 5292 lapidem.

2242 5294 2315 5347 fta
2347 5297 2404 5348 ﬁt
2434 5307 2487 5349 ut
2520 5312 2625 5349 uno
2653 5297 2804 5367 quasi
2841 5298 3123 5367 conjuncta
3154 5296 3433 5361 vocabulo,
3465 5295 3643 5364 specie
3673 5308 3836 5367 sepa-

2240 5375 2443 5420 rentur.
2475 5364 2778 5421 Difl‘erentia
2811 5364 3077 5433 vero'est,
3108 5384 3227 5436 qua:
3274 5367 3565 5420 secundum
3592 5364 3838 5436 multaet

2240 5437 2534 5491 differentia
2557 5478 2571 5502 ,
2601 5454 2707 5492 non
2736 5438 2859 5507 quid
2905 5438 3005 5505 sit,
3038 5433 3139 5493 sed
3164 5438 3317 5506 quale
3345 5438 3403 5490 ﬁt
3428 5438 3605 5506 specie
3635 5433 3835 5507 praedi-

2238 5519 2422 5573 catur,
2464 5517 2523 5561 ut
2560 5518 2643 5562 est
2688 5506 2881 5563 animal
2920 5518 3249 5576 gressutum,
3281 5510 3529 5574 volatile,
3564 5506 3832 5575 aquatile,

2238 5576 2422 5650 bipes,
2459 5580 2781 5647 quadrupes.
2829 5580 3011 5635 Genus
3048 5596 3175 5650 ergo
3223 5588 3277 5635 et
3320 5578 3618 5650 differentia
3650 5576 3837 5645 specie

2238 5648 2623 5718 signiﬁcantur.
2658 5651 2761 5704 Sed
2798 5666 2979 5719 genus.
3008 5648 3137 5721 quid
3180 5650 3287 5721 sit,
3322 5648 3624 5721 differentia
3650 5656 3835 5700 autem

2238 5720 2411 5789 qualis
2436 5722 2502 5774 sit
2531 5722 2707 5789 specie
2736 5731 2957 5791 possunt
3001 5720 3235 5791 agnosci.
3268 5720 3485 5790 Species
3506 5728 3681 5791 autem
3714 5724 3831 5791 est,

2239 5807 2395 5859 quam
2410 5788 2623 5861 quidam
2639 5800 2693 5847 et
2708 5788 2929 5846 formam
2946 5788 3133 5846 vocant
3147 5834 3161 5857 ,
3185 5788 3321 5861 qusi
3335 5790 3625 5846 secundum
3661 5788 3833 5841 multa

2236 5873 2291 5917 et
2326 5863 2619 5920 differentia
2641 5906 2655 5933 ,
2682 5864 2808 5935 quid
2849 5865 2921 5921 sit
2962 5878 3184 5921 numero
3209 5861 3711 5935 praedicaturatque
3736 5871 3832 5914 co-
