4138 6364
397 262 536 323 “25

396 375 699 452 gnoscitnr,
728 379 790 432 ut
811 379 896 432 est
916 370 1098 452 homo.
1124 370 1457 452 HocAnomen
1491 368 1976 452 hominesconctos

395 442 801 521 complectitur,
820 454 883 521 et
917 444 1126 521 videtur
1153 444 1204 498 id
1234 443 1408 521 facere
1428 442 1566 512 quod
1605 442 1828 521 species,
1854 454 1976 521 qua:

397 523 466 576 de
486 514 663 590 aliquo
690 519 903 573 homine
942 515 1275 590 priedicatur,
1301 514 1390 584 qui
1412 528 1691 590 numerum
1725 514 1778 590 in
1799 514 1975 590 seipse

392 583 700 654 contineat;
747 598 804 643 ut
848 583 958 654 est,
997 587 1085 643 hic
1133 583 1360 656 primus,
1411 585 1498 648 ille
1544 583 1835 645 secundus,
1875 584 1976 637 iste

396 666 610 718 tertius.
638 661 709 717 Ut
729 671 905 714 tamen
933 658 1047 713 hzec
1073 658 1174 712 tria
1199 671 1306 711 uno
1325 656 1570 726 exemplo
1591 663 1973 726 monstremus;

397 733 579 790 Genus
604 741 719 798 est,
761 731 955 785 animal
989 746 1002 781 :
1031 727 1361 793 differentia,
1407 725 1590 798 bipes,
1633 725 1930 795 quadrupes
1957 740 1972 798 ξ

395 805 624 876 species,
650 793 1046 876 homoLequus.
1075 799 1179 855 Sed
1200 809 1263 876 Aut
1287 793 1680 876 genius'unullum
1706 806 1808 876 est,
1835 793 1977 876 quod

398 866 505 929 n'ou
538 874 729 928 habeat
757 866 1142 933 differentiam;
1170 871 1247 925 sic
1276 866 1375 923 nec
1398 868 1751 942 differentiam
1780 866 1978 942 intelli-

395 945 837 1017 geredebemus,
867 957 988 1017 qua:
1029 942 1233 1017 species
1261 955 1363 1017 non
1412 939 1654 1005 habebit;
1686 950 1743 994 ut
1771 939 1976 1017 nigrum

397 1008 453 1071 Et
472 1016 648 1071 album
674 1029 779 1068 non
806 1008 1004 1066 habent
1032 1008 1408 1077 differentiam,
1440 1019 1717 1080 propterea
1745 1008 1886 1079 quod
1911 1023 1977 1062 ex

397 1103 456 1142 se
481 1087 686 1156 Species
712 1101 817 1139 non
848 1084 1112 1156 emittunt.
1143 1083 1439 1156 Quieenim
1469 1082 1570 1156 alia
1599 1081 1805 1156 species
1827 1080 1979 1156 inve-

397 1150 704 1226 niri'potest
748 1155 866 1226 albi
895 1154 982 1206 vel
1021 1152 1512 1226 nigri?A_Quon_iam
1553 1153 1708 1220 igitur
1751 1150 1877 1220 quid
1911 1150 1980 1204 sit

395 1223 583 1300 genus,
616 1223 1086 1300 quiddifi‘ereii‘tia,
1118 1223 1243 1300 quid
1273 1223 1498 1300 specie_s_,
1529 1230 1830 1300 separatum
1859 1230 1976 1276 est:

395 1292 463 1354 ad
492 1292 792 1353 Aristotelis
815 1295 923 1365 jam
949 1295 1089 1348 dicta
1118 1292 1414 1348 veniamus.
1449 1293 1560 1365 lloc
1585 1292 1729 1347 enim
1754 1292 1978 1365 docente

395 1371 771 1438 cognovimus,
807 1363 992 1420 eorum
1035 1379 1288 1438 generum
1333 1379 1451 1432 quae
1492 1364 1631 1418 inter
1673 1378 1732 1418 se
1769 1363 1978 1438 diversa

395 1435 538 1506 sunt,
571 1455 670 1493 nec
690 1438 1016 1492 differentias
1038 1435 1254 1506 easdem
1281 1449 1438 1503 posse
1458 1449 1599 1506 esse,
1625 1449 1723 1489 nec
1750 1435 1974 1503 species.

393 1505 679 1567 Aliaenim
711 1518 766 1563 et
793 1507 1000 1576 species
1029 1516 1082 1560 et
1107 1505 1406 1560 differentia
1432 1514 1534 1569 est,
1567 1505 1691 1559 dum
1721 1506 1980 1575 quaeritur

362 1589 365 1594 ‘
395 1581 518 1652 quid
547 1581 647 1645 sit,
676 1580 787 1652 alia,
808 1577 931 1652 dum
960 1578 1117 1652 quale
1151 1576 1388 1652 sit_,_alia
1419 1576 1545 1652 dum
1572 1585 1824 1652 quantum
1863 1576 1931 1652 sit
1961 1592 1976 1631 :

393 1647 450 1706 tit
477 1653 520 1706 si
547 1653 677 1705 velis
706 1649 950 1704 animalis
973 1649 1151 1702 dicere
1165 1647 1546 1713 differentiam,
1566 1647 1711 1701 dicas
1730 1647 1974 1711 volatile,

395 1723 544 1792 bipes
563 1764 580 1790 ,
609 1731 934 1791 gressutum;
981 1719 1025 1773 si
1055 1719 1186 1792 v_e_lis
1221 1720 1452 1792 speciem
1474 1760 1488 1783 ,
1533 1717 1679 1792 dicas
1708 1717 1977 1792 hominem

394 1787 476 1846 vel
507 1787 656 1846 avem
707 1793 786 1845 vel
825 1806 1038 1860 equum.
1084 1789 1472 1859 Numquidnam
1515 1799 1569 1842 et
1605 1788 1671 1842 de
1700 1787 1978 1856 disciplina

393 1864 578 1917 eadem
606 1861 900 1916 differentia
933 1861 1012 1914 vel
1054 1861 1262 1930 species
1302 1861 1406 1914 dici
1454 1868 1668 1928 potest,
1695 1869 1976 1930 propterea

391 1935 527 2006 quod
545 1949 738 2002 genera
755 1933 963 1986 diversa
986 1927 1344 2006 sunt,_anim_al
1364 1941 1415 1983 et
1435 1927 1749 2006 disciplina?
1764 1927 1977 2006 Animal

394 1999 818 2071 énimcategoria
836 2012 918 2056 est
939 2001 1087 2065 usi-.e,
1111 2003 1385 2069 disciplina
1404 2001 1667 2070 categoria
1686 1999 1974 2068 qualitatis.

392 2075 630 2145 Denique
673 2075 755 2126 illa
781 2089 1000 2143 genera,
1027 2089 1146 2142 quin
1175 2074 1374 2145 alterna
1388 2073 1503 2145 sibi
1530 2071 1784 2145 societate
1811 2071 1980 2145 (iacu-

391 2141 846 2228 Aniaj'cqnjiinc'ta
883 2141 1284 2228 sunt,’easdem
1319 2141 1645 2224 differentias
1683 2149 1737 2228 et
1762 2141 1977 2228 easdem

391 2211 596 2285 Species
627 2211 819 2268 habent
841 2257 853 2276 ,
889 2223 945 2268 ut
969 2223 1051 2267 est
1078 2215 1220 2276 usia,
1250 2212 1399 2281 cujus
1421 2213 1628 2282 species
1652 2221 1734 2266 est
1757 2211 1974 2264 animal.

390 2284 494 2342 Sed
519 2288 656 2341 idem
680 2287 873 2339 animal
899 2300 1066 2354 geuus
1086 2293 1168 2338 est
1194 2287 1425 2346 caeteris,
1453 2285 1678 2351 ideoque
1699 2291 1753 2335 et
1771 2284 1976 2354 species

391 2368 443 2412 et
469 2372 637 2427 genus
659 2358 869 2411 dicitur.
895 2353 1150 2427 Quoniam
1174 2355 1288 2408 haec
1315 2355 1472 2424 igitur
1496 2354 1603 2406 duo
1634 2368 1827 2421 genera
1848 2353 1978 2406 invi-

389 2425 505 2482 cem
536 2445 595 2482 se
623 2437 833 2492 tenent,
866 2443 983 2496 quie
1013 2425 1331 2496 Aristoteles
1365 2439 1576 2493 quoque
1605 2429 1850 2496 insitum
1878 2437 1977 2496 no-

389 2501 628 2562 minavit,
661 2493 1224 2563 easdeiu'difl'erentias
1255 2495 1468 2559 habent,
1499 2502 1558 2548 ut
1581 2495 1623 2548 si
1652 2493 1800 2548 dicas
1827 2493 1978 2549 usian

294 2635 301 2637 _
387 2584 510 2623 esse
531 2571 721 2621 animal
755 2569 997 2634 mortale,
1027 2567 1196 2634 bipes,
1227 2566 1365 2620 risus
1390 2581 1586 2635 capax;
1620 2564 1808 2637 eadem
1831 2575 1892 2637 et
1910 2564 1979 2620 de

390 2639 604 2691 animali
625 2648 772 2706 poles
788 2639 986 2703 dicere,
1009 2639 1200 2690 animal
1222 2649 1302 2690 est
1325 2634 1482 2690 homo
1503 2634 1939 2706 mortalistbipes
1959 2676 1974 2702 ,

388 2713 527 2763 risus
548 2704 734 2778 capax,
761 2708 946 2762 eadem
970 2715 1024 2761 et
1046 2707 1112 2761 de
1134 2709 1348 2761 homine
1369 2715 1518 2775 potes
1539 2707 1736 2761 dicere.
1759 2704 1978 2778 certum

389 2789 470 2834 est
500 2776 628 2847 ergo
651 2779 875 2833 invicem
901 2778 1002 2832 sibi
1030 2778 1326 2845 conjunctis
1350 2778 1658 2846 generibus,
1689 2776 1903 2830 easdem
1925 2786 1980 2831 et

389 2849 717 2906 differentias
732 2859 783 2904 et
805 2849 1012 2918 species
1032 2848 1278 2902 inveniri.
1304 2847 1359 2900 ln
1380 2849 1604 2902 diversis
1619 2854 1795 2900 autem
1812 2863 1978 2917 gene-

389 2921 539 2976 ribus
573 2922 672 2974 hoc
699 2921 982 2989 provenire
1007 2933 1112 2973 non
1144 2933 1320 2988 posse.

500 2988 727 3046 CAPUT
761 2989 900 3051 ,V'lll.
917 3017 987 3028 --
1008 2989 1085 3043 De
1111 2989 1514 3059 medicamentis
1535 2989 1589 3043 in
1613 2988 1854 3060 generali.

459 3063 664 3116 Rursus
684 3061 996 3116 Aristoteles
1024 3060 1091 3115 ad
1118 3075 1200 3125 ea,
1225 3076 1343 3130 quae
1370 3059 1639 3127 dicuntur,
1668 3059 1975 3127 revertitur,

386 3147 684 3203 quanquam
713 3133 956 3203 superius
979 3132 1274 3186 dixerimus
1287 3133 1516 3203 alterum
1543 3131 1658 3203 sine
1681 3132 1850 3203 altero
1869 3140 1978 3203 tra-

386 3200 519 3257 ctari
545 3200 663 3257 iion
701 3218 875 3272 posse.
905 3202 1036 3256 Nam
1068 3212 1120 3256 et
1144 3203 1231 3270 qui
1265 3202 1390 3257 dicit
1419 3201 1636 3272 aliquid,
1665 3201 1732 3256 de
1759 3216 1823 3255 eo
1851 3200 1980 3272 dicit

385 3274 530 3343 quod
555 3285 636 3328 est
661 3290 674 3337 ;
704 3285 757 3328 et
793 3274 841 3326 id
871 3273 1012 3343 quod
1039 3282 1155 3340 est,
1203 3289 1306 3327 non
1337 3282 1517 3344 potest
1542 3273 1607 3327 ab
1630 3273 1798 3344 altero
1824 3271 1976 3344 intel-

394 3345 484 3414 ligi
504 3386 520 3411 ,
550 3346 649 3398 nisi
677 3345 902 3399 dicatur.
947 3345 1144 3415 Eorum
1171 3359 1297 3415 ergo
1325 3343 1442 3413 qua:
1472 3344 1613 3415 nulla
1644 3343 1724 3397 sui
1755 3343 1976 3415 copula-

386 3411 532 3469 tione
558 3415 826 3479 dicuntur,
858 3411 1530 3484 quodcumque'singulare
1555 3413 1756 3468 dictum
1791 3411 1973 3480 fuerit,

385 3494 478 3538 aut
500 3487 652 3540 usian
680 3486 972 3554 significat,
996 3494 1088 3539 aut
1109 3486 1457 3554 quantitatem
1481 3527 1495 3551 ,
1519 3491 1611 3539 aut
1638 3484 1975 3554 qualitatem,

385 3566 478 3610 aut
503 3557 568 3609 ad
598 3557 824 3626 aliquid,
854 3565 943 3608 aut
973 3557 1198 3625 jacere,
1225 3564 1316 3610 aut
1341 3555 1547 3620 facere,
1579 3565 1672 3608 aut
1709 3555 1849 3626 pati,
1889 3562 1980 3626 aut

385 3627 511 3692 ubi,
547 3638 636 3680 aut
665 3625 904 3696 quando,
934 3637 1024 3680 aut
1060 3627 1273 3681 habere.
1309 3628 1398 3680 Hae
1425 3630 1550 3680 sunt
1579 3625 1858 3695 categoriae
1886 3625 1978 3679 de-

387 3711 522 3762 cem,
556 3714 777 3766 quarum
817 3698 985 3767 prima
1013 3699 1124 3752 usia
1155 3706 1256 3765 est,
1285 3699 1490 3752 scilicet
1513 3713 1630 3767 qum
1658 3711 1847 3751 novem
1875 3711 1980 3767 cae:

388 3775 529 3821 teras
565 3766 1078 3838 sustinenl'ieliquze
1109 3784 1237 3822 vero
1261 3784 1450 3822 novem
1472 3809 1490 3835 ,
1527 3766 1882 3835 ἇυμϐεεηκότα,
1925 3766 1978 3822 id

387 3847 468 3908 est
495 3839 787 3891 accidentia
830 3835 996 3891 sunt.—
1020 3835 1094 3891 Ex
1126 3839 1317 3908 quibus
1350 3854 1570 3903 novem,
1621 3850 1743 3891 sunt
1781 3838 1882 3890 alia
1923 3838 1977 3891 in

389 3907 501 3977 ipsa
547 3910 679 3974 usia,
710 3910 808 3962 alia
837 3918 986 3962 extra
1017 3907 1185 3973 usiau,
1215 3909 1316 3961 alia
1354 3909 1489 3962 intra
1515 3917 1568 3962 et
1600 3919 1767 3962 extra.
1799 3909 1980 3975 Quali-

387 3985 488 4040 tas,
519 3981 802 4048 quantitas,
832 3979 1084 4047 etjacere
1113 3979 1163 4031 in
1191 3979 1302 4046 ipsa
1334 3981 1446 4031 usia
1478 3986 1599 4032 sunt
1631 3995 1644 4031 :
1686 3994 1810 4032 mox
1835 3979 1978 4033 enim

388 4058 446 4101 ut
476 4053 623 4102 usian
657 4052 735 4102 vel
771 4051 1034 4102 hominem
1058 4050 1139 4102 vel
1175 4065 1367 4118 equum
1395 4050 1704 4112 dixerimus,
1734 4049 1981 4103 adverta-

388 4135 508 4174 mus
547 4136 766 4174 necesse
791 4129 871 4174 est
915 4119 1236 4187 bipedalem,
1269 4119 1752 4189 quadrupedalem;
1780 4128 1872 4171 aut
1897 4120 1978 4173 al-

388 4191 536 4254 bum,
562 4200 654 4244 aut
685 4191 922 4261 nigrum:
948 4199 1313 4261 autstantem,
1354 4190 1747 4259 autjacentem.
1775 4189 1900 4244 H:cc
1915 4189 1979 4261 in

387 4261 500 4330 ipsa
525 4263 636 4314 usia
660 4260 803 4327 sunt,
834 4271 888 4316 et
908 4262 1020 4315 sine
1042 4260 1144 4316 hac
1168 4263 1277 4330 ipsa
1307 4276 1426 4315 esse
1455 4277 1561 4314 non
1591 4268 1834 4329 possunt.
1861 4260 1980 4314 Alia

388 4339 511 4385 sunt
525 4341 672 4386 extra
691 4333 860 4396 usiau,
880 4333 991 4397 ubi,
1013 4333 1223 4401 quando
1237 4372 1252 4396 ,
1275 4333 1468 4386 habere
1484 4351 1496 4385 :
1515 4341 1569 4386 et
1583 4332 1729 4384 locus
1743 4330 1811 4384 ad
1830 4331 1979 4384 usian

388 4417 493 4455 non
526 4403 774 4471 pertinet,
801 4409 855 4456 et
889 4413 1114 4471 tempus,
1154 4410 1207 4456 et
1228 4403 1408 4456 vestiri
1445 4411 1499 4456 et
1527 4402 1751 4466 armari;
1789 4401 1884 4456 sed
1912 4401 1980 4456 ab

389 4472 501 4525 usia
521 4483 758 4541 separata
791 4482 932 4527 sunt.
958 4475 1217 4537 Aliasunt
1239 4473 1560 4539 communia,
1586 4473 1634 4526 id
1660 4481 1741 4526 est
1760 4480 1814 4526 et
1845 4472 1980 4526 intra

390 4551 441 4594 et
463 4551 611 4614 extra
631 4545 779 4598 usian
801 4561 813 4597 :
832 4545 898 4599 ad
916 4545 1133 4614 aliquid,
1153 4543 1418 4609 etfacere,
1435 4552 1490 4598 et
1513 4543 1652 4613 pati:
1671 4543 1739 4596 ad
1755 4543 1977 4612 aliquid,

388 4620 448 4664 ut
471 4611 640 4684 majus
660 4623 712 4668 et
729 4615 932 4678 minus;
955 4611 1177 4684 utraque
1197 4616 1337 4669 enim
1359 4615 1461 4669 diei
1486 4611 1590 4668 non
1614 4611 1860 4684 possunt,
1878 4615 1982 4668 nisi

388 4683 674 4751 conjuncto
704 4684 870 4738 altero
895 4700 999 4753 quo
1028 4683 1200 4754 majus
1230 4685 1300 4738 sit
1325 4685 1412 4738 vel
1450 4683 1625 4739 minus
1654 4703 1668 4740 :
1699 4695 1983 4754 propterea

390 4767 517 4823 ergo
540 4769 701 4807 unum
725 4755 852 4809 inse
872 4754 1088 4819 habent,
1109 4755 1248 4808 aliud
1265 4763 1412 4809 extra
1434 4770 1512 4810 se.
1531 4755 1659 4810 ltem
1679 4754 1872 4822 facere,
1890 4770 1985 4808 ex-

393 4832 470 4896 tra
496 4832 649 4878 estet
671 4825 829 4893 intra,
857 4832 916 4879 ut
933 4826 1140 4880 credere
1158 4826 1380 4895 quisque
1399 4841 1506 4879 non
1535 4833 1710 4896 potest
1724 4826 1849 4896 dici,
1879 4825 1981 4879 nisi

390 4895 616 4966 alterum
643 4896 849 4962 ctcdat;
886 4896 970 4950 vel
1008 4896 1204 4966 legere,
1235 4897 1334 4950 nisi
1366 4895 1479 4964 ipse
1507 4895 1688 4966 legens
1716 4895 1856 4950 aliud
1887 4896 1977 4962 sit,

392 4965 534 5018 aliud
562 4967 702 5035 quod
729 4967 854 5036 legit
879 4983 892 5019 :
922 4967 994 5020 ita
1025 4965 1152 5035 ergo
1181 4974 1234 5020 et
1262 4966 1313 5018 in
1345 4968 1457 5020 usia
1487 4965 1601 5021 haec
1620 4973 1722 5030 est,
1753 4975 1807 5021 et
1833 4976 1982 5020 extra

393 5037 582 5108 usians
598 5036 711 5108 Pati
741 5037 1019 5100 similiter;
1046 5037 1179 5092 caedi
1201 5037 1342 5091 enim
1366 5038 1450 5108 vel
1474 5037 1557 5091 uri
1586 5037 1760 5090 nullus
1784 5044 1978 5108 potest,

392 5106 495 5159 nisi
538 5106 604 5160 ab
636 5107 804 5161 altero
835 5107 1100 5177 patiatur:
1131 5116 1405 5177 propterea
1437 5107 1551 5162 haec
1593 5106 1803 5176 quoque
1838 5116 1891 5161 et
1929 5107 1982 5160 in

393 5178 610 5249 usiagest
627 5186 681 5231 et
703 5187 852 5233 extra
874 5179 1046 5232 usiau.‘
1068 5179 1192 5232 Hice
1217 5179 1373 5249 igitur
1391 5193 1510 5232 cum
1532 5178 1814 5248 singularia
1837 5185 1978 5242 sunt,

391 5247 526 5301 nihil
555 5247 855 5314 affirmant;
885 5250 1128 5319 copulata
1163 5247 1291 5305 vero
1333 5248 1531 5303 faciunt
1567 5247 1636 5304 ex
1669 5265 1726 5302 se
1754 5249 1984 5318 aliquem

393 5333 719 5392 sermonem,
761 5322 846 5374 νει
874 5331 1233 5392 προσταιλτικόν,
1266 5321 1348 5375 vel
1378 5325 1607 5392 ιῦκτικὸν,
1633 5321 1712 5373 vel
1738 5325 1986 5388 ἔρωτημαο

393 5400 542 5458 τικὸν,
573 5391 655 5444 vel
685 5391 940 5452 xlnrtxbvi
965 5400 1022 5445 ut
1047 5391 1162 5445 haac
1189 5406 1399 5462 quoque
1425 5391 1587 5445 latino
1609 5407 1702 5445 ore
1721 5401 1988 5446 monstre-

393 5473 536 5533 mus,
567 5462 652 5516 vel
680 5463 1020 5533 imperatum,
1049 5463 1136 5516 vel
1174 5473 1432 5533 optatum,
1459 5463 1546 5518 vel
1575 5463 1981 5532 interrogatum,

393 5530 477 5582 vel
505 5530 774 5586 vocatum:
799 5533 922 5586 Haec
945 5548 1154 5603 quoque
1184 5530 1446 5587 sermonis
1475 5535 1622 5603 quasi
1649 5530 1876 5604 quatuor
1895 5550 1988 5602 ge-

394 5615 522 5675 nera
551 5618 804 5675 suspensa
835 5613 958 5659 sunt
985 5613 1144 5675 atque
1172 5604 1431 5674 simplicia
1463 5605 1674 5659 interim
1695 5645 1711 5671 ,
1760 5605 1986 5674 ideoque

394 5672 703 5753 semiplena.
738 5672 1090 5753 N_eque_enirii
1116 5675 1226 5746 jam
1266 5672 1575 5753 intelligitur
1604 5675 1854 5753 ve_l_q_uid
1883 5672 1985 5730 iiu-

395 5746 694 5813 perativum
730 5748 821 5816 sit,
853 5746 939 5804 vel
966 5746 1092 5817 quid
1130 5746 1557 5819 Optativum,’vel
1585 5747 1715 5818 quid
1752 5747 1985 5804 interro-

1848 249 2209 309 Am

2077 367 2332 437 enim
2375 367 2620 440 vuig?!
2653 369 2986 432 ὼ,
3019 370 3129 424 nisi
3167 371 3460 425 Iul-rit
3497 385 3664 440 gena

2441 439 2496 492 id
2525 451 2606 492 est
2629 442 3100 506 muniam
3129 443 3274 510 quod
3311 439 3584 496 hat-entia
3607 457 3668 497 εξ.

2079 509 2360 583 quando
2397 513 2742 583 (mutuandi
2787 509 3295 583 εαιῑειιῐξιιξςπ
3337 515 3536 582 aliquid
3574 531 3668 574 ιηιι

2078 579 2238 633 addat
2275 592 2368 633 aut
2393 580 2572 635 dena:
2599 599 2613 632 :
2645 583 2784 647 quid
2821 584 3132 636 Aristoieies
3171 579 3439 638 me
3461 597 3514 638 es

2079 675 2216 722 φαειν
2241 652 2388 712 dixit,
2419 663 2472 704 ut
2497 664 2598 708 δι.
2623 654 2816 706 coelum
2839 655 2938 707 hoc
2961 656 3190 708 veluth
3209 667 3313 710 est.
3341 659 3536 710 omium
3563 661 3668 710 ιωι

2081 737 2186 794 non
2203 734 2285 776 est
2307 723 2557 776 volubile.
2582 724 2756 792 Im
2775 725 3002 791 dei-iique
3025 729 3494 793 murmurum,
3519 728 3662 794 quod

2081 792 2310 864 diximus
2329 797 2659 862 ἀπεραντιιξ-ν,
2681 807 2771 848 aut
2798 796 2986 849 anisum
3014 792 3096 850 est
3121 809 3212 850 aut
3233 814 3436 852 verum.
3465 792 3665 864 Quam-

2080 863 2270 937 obrem
2292 866 2502 918 omissis
2531 866 2632 918 illis
2667 877 2890 934 quatuor
2922 883 3040 936 qu:
3069 870 3237 936 magis
3259 870 3324 921 ad
3349 863 3661 937 grammati-

2081 936 2277 1009 cosvel
2299 945 2540 1009 oratores
2560 940 2839 1009 pertinent,
2869 937 3023 1004 hujus
3047 936 3404 1003 amamus,
3431 942 3570 1009 quod
3593 941 3662 995 ad

2081 1004 2427 1074 philoSOphos
2452 1007 2677 1074 attingit,
2701 1010 3011 1062 Aristoteles
3041 1010 3219 1062 habuit
3243 1004 3584 1064 mentionem.

2081 1075 2306 1132 CAPUT
2343 1074 2632 1150 lX.—;De
2665 1079 2776 1150 asia
2817 1080 2920 1132 sire
2947 1081 3241 1133 abstantia.
3275 1079 3400 1134 Csia
3439 1083 3658 1150 propin.

2469 1148 2718 1202 δεδωκάς
2739 1151 2862 1203 κείω
2883 1167 2995 1218 qu
3015 1153 3267 1203 dicantur.

2151 1217 2421 1290 Expositis
2445 1219 2601 1288 igitur
2628 1220 2875 1274 omnibus
2898 1217 3014 1290 qure
3046 1223 3389 1290 disputaturis
3417 1237 3664 1277 necessa-

2083 1287 2531 1361 [iavidebautun
2568 1291 2802 1361 singulas
2843 1287 3145 1361 categorias
3174 1295 3404 1360 oportuit
3429 1293 3661 1350 deﬁniri.

2082 1357 2185 1415 Sed
2221 1361 2332 1413 usia
2373 1363 2623 1429 quoniam
2650 1357 2936 1417 secundum
2964 1357 3131 1417 artem
3159 1357 3364 1418 definiri
3392 1382 3492 1416 non
3520 1375 3666 1432 pole-

2081 1440 2194 1504 rat,‘
2213 1447 2330 1499 qua:
2355 1433 2614 1501 praecipit,
2644 1445 2700 1486 ut
2724 1435 2958 1487 definitio
2979 1451 3084 1504 qun
3119 1440 3282 1503 possit
3313 1436 3453 1488 tendi
3485 1437 3662 1501 latius,

2081 1516 2110 1575 ξι
2133 1500 2327 1575 genere
2353 1500 2532 1556 sumat
2557 1506 2867 1568 exordium;
2893 1500 3010 1574 ipsa
3029 1500 3204 1559 autem
3235 1508 3348 1559 usia
3370 1521 3535 1575 genus
3558 1500 3666 1560 non

2082 1570 2260 1645 habet,
2284 1587 2406 1645 cum
2438 1570 3042 1642 omnia'ipsa'susliiieat
3066 1595 3077 1627 :
3103 1593 3196 1645 per
3224 1570 3396 1644 partes
3422 1593 3538 1628 eam
3573 1593 3669 1631 vo-

2083 1642 2450 1708 luit'definire,
2499 1654 2556 1698 ut
2596 1647 2720 1716 quid
2759 1649 2827 1700 sit
2857 1664 2959 1700 non
2990 1642 3157 1700 solum
3194 1642 3308 1716 ejus
3335 1648 3664 1713 definitione,

2081 1727 2275 1787 verum,
2305 1716 2532 1782 partium
2579 1732 2787 1786 quoque
2817 1719 3114 1784 ceguitione
3145 1730 3412 1773 nascatur.
3443 1717 3538 1771 Est
3565 1719 3666 1787 igi-

2082 1786 2313 1859 tur_usia
2344 1788 2555 1856 preprie
2584 1799 2634 1840 et
2670 1789 3026 1856 principaliter
3056 1789 3226 1855 dicta,
3253 1806 3371 1859 quire
3410 1786 3666 1858 nequeiin

2081 1854 2324 1928 subjecto
2352 1854 2466 1928 est,
2487 1854 2746 1926 neque—(fc
2765 1854 3000 1927 subjecto
3027 1854 3369 1928 significatur,
3398 1869 3456 1913 ut
3479 1854 3560 1912 est
3583 1859 3668 1914 hic

2083 1924 2268 1992 homo,
2295 1927 2380 1999 vel
2419 1927 2504 1999 hic
2532 1924 2719 1996 cipias.
2756 1924 3011 1984 Secundae
3038 1924 3281 1984 dicuntur
3321 1932 3468 1995 nsize,
3499 1944 3666 1999 genus

2082 2005 2137 2050 et
2163 1997 2386 2064 species,
2416 1998 2467 2052 id
2496 2008 2576 2052 est
2603 1999 2797 2052 animal
2833 2010 2886 2054 et
2914 2002 3088 2054 homo.
3121 2003 3223 2056 llas
3251 2020 3376 2065 ergo
3404 1997 3665 2055 secundas

2082 2067 2402 2143 substantias
2427 2071 2688 2143 nominari
2709 2070 2855 2143 dicit,
2894 2082 3167 2138 propterea
3193 2073 3333 2143 quod
3362 2072 3447 2126 illa
3474 2072 3538 2143 sit
3565 2087 3664 2141 po-

2082 2137 2358 2211 tior,A_quae
2386 2155 2559 2210 neque
2599 2141 2651 2194 in
2687 2137 2925 2211 subjecto
2963 2137 3078 2207 est,
3122 2137 3292 2211 neque
3321 2143 3388 2196 de
3426 2137 3666 2210 subjecto

2081 2207 2423 2276 prcedicatur.
2465 2207 2724 2265 Secundae
2754 2207 2932 2266 autem
2957 2207 3262 2266 substantia:
3289 2214 3483 2266 idcirco
3510 2207 3668 2269 dictae

2082 2287 2203 2352 sunt
2233 2295 2400 2352 genus
2419 2289 2472 2335 et
2496 2282 2721 2350 Species,
2750 2282 2892 2352 quod
2922 2281 3049 2335 solae
3080 2283 3310 2336 indicent
3333 2283 3572 2351 primam.
3598 2283 3670 2339 Ut

2082 2349 2128 2402 si
2163 2351 2282 2419 quis
2314 2353 2444 2406 nolit
2483 2349 2566 2406 vel
2595 2349 2796 2407 nesciat
2821 2353 2999 2407 dicere
3031 2352 3302 2408 Socratem
3319 2349 3344 2417 ,’
3373 2353 3516 2406 dicat
3548 2355 3667 2408 ani-

2080 2421 2299 2496 malvel
2327 2421 2616 2496 hominem,
2645 2423 2696 2477 id
2731 2432 2814 2478 est
2839 2438 3009 2496 genus
3033 2426 3115 2478 vel
3150 2423 3401 2496 speciem,
3431 2423 3512 2477 his
3539 2439 3669 2496 vero

2083 2491 2238 2546 dictis
2263 2493 2389 2562 quid
2415 2495 2483 2548 sit
2509 2495 2758 2549 Socrates
2784 2491 3117 2564 agnoscitur;
3145 2491 3286 2548 aliud
3307 2503 3480 2548 autem
3509 2495 3552 2549 si
3582 2496 3667 2550 di-

2081 2569 2186 2634 cat,
2218 2565 2302 2616 vel
2328 2566 2513 2631 currit,
2547 2565 2631 2620 vel
2658 2566 2912 2632 ambulat,
2941 2565 3068 2620 nihil
3102 2567 3266 2634 possit
3292 2566 3524 2634 agnosci.
3558 2565 3668 2620 Ma-

2081 2631 2336 2706 nifestum
2365 2643 2448 2689 est
2489 2644 2665 2690 autem
2695 2651 2754 2689 ea
2787 2631 2903 2706 quae
2925 2636 2993 2691 de
3017 2631 3256 2704 subjecto
3283 2631 3667 2705 significantur,

2080 2717 2202 2756 cum
2244 2705 2328 2772 iis,
2358 2720 2477 2775 quae
2503 2705 2816 2775 subjectum
2837 2716 2979 2772 sunt,
3017 2716 3072 2760 et
3101 2720 3291 2761 nomen
3319 2715 3374 2762 et
3411 2707 3669 2762 rationem

2081 2775 2312 2846 nominis
2341 2776 2537 2831 habere
2565 2792 2940 2843 communem;
2979 2786 3038 2832 ut
3073 2779 3230 2831 homo
3257 2786 3310 2832 et
3340 2776 3406 2830 de
3434 2777 3671 2846 subjecto

2081 2843 2261 2913 aliquo
2318 2848 2644 2915 signiﬁcatur
2707 2848 2949 2913 homine,
2982 2847 3077 2904 sed
3117 2863 3220 2901 non
3252 2848 3422 2902 solum
3449 2843 3667 2916 nomen,

2081 2929 2266 2968 verum
2312 2919 2471 2972 etiam
2498 2919 2758 2974 rationem
2785 2919 3027 2973 eamdem
3063 2920 3116 2972 in
3145 2918 3384 2987 subjecto
3410 2918 3668 2985 invenies,

2082 2987 2314 3059 quamjn
2340 3002 2407 3041 eo
2434 2988 2575 3059 quod
2603 2989 2668 3043 de
2690 2989 2930 3059 subjecto
2951 2991 3279 3059 significatur
3301 2989 3503 3058 poteris
3523 2989 3671 3044 inve-

2081 3057 2217 3110 nire.
2246 3055 2484 3125 Ipsarum
2524 3058 2716 3114 deinde
2739 3055 3094 3115 secundarum
3123 3055 3359 3113 usiarum
3387 3059 3560 3128 potior
3588 3067 3673 3114 est

2083 3128 2290 3201 species
2318 3143 2549 3198 genere:
2577 3131 2744 3201 magis
2769 3131 2912 3185 enim
2939 3130 3189 3200 proxima
3218 3139 3302 3201 est
3329 3130 3534 3198 species
3560 3130 3672 3201 pri-

2082 3200 2342 3270 iuaeusia-z
2384 3215 2540 3268 quam
2570 3200 2755 3270 genus.
2780 3201 2858 3269 ,Si
2884 3202 3026 3256 enim
3067 3201 3187 3270 quis
3220 3200 3359 3270 velit
3386 3200 3672 3257 ostendero

2083 3269 2209 3340 quid
2232 3271 2299 3323 sit
2329 3271 2496 3338 prima
2526 3269 2663 3340 usia,
2693 3271 2900 3326 facilius
2925 3269 3240 3326 monstrabit
3265 3271 3310 3340 si
3332 3269 3528 3324 dixerit
3550 3285 3673 3340 spe-

2083 3339 2249 3412 ciem,
2267 3356 2429 3412 quam
2460 3343 2504 3395 si
2535 3342 2728 3397 dixerit
2757 3358 2944 3412 genus.
2968 3341 3039 3398 Ut
3061 3343 3105 3396 si
3139 3344 3256 3412 quis
3277 3339 3671 3412 Socratemrvo-

2082 3409 2197 3484 lens
2224 3409 2402 3484 dicere
2431 3413 2631 3484 omisso
2655 3409 3029 3484 ejus'nomine,
3071 3409 3239 3484 magis
3262 3428 3382 3484 eum
3409 3411 3672 3484 significet

2082 3481 2128 3534 si
2160 3481 2428 3536 hominem
2457 3481 2698 3550 dixerit,
2736 3499 2894 3554 quam
2940 3484 2986 3538 si
3028 3481 3245 3537 animal.
3280 3481 3487 3536 Animal
3529 3482 3674 3554 enim

2083 3560 2137 3606 et
2177 3567 2372 3621 equum
2421 3562 2474 3608 et
2519 3553 2770 3623 aquilam
2793 3569 3080 3624 possumus
3115 3568 3426 3623 agnoscere.
3473 3553 3674 3608 Deinde

2084 3631 2142 3676 ut
2168 3625 2352 3691 primae
2396 3624 2708 3679 substantiae
2738 3626 3008 3694 subjectae
3031 3635 3154 3679 sunt
3187 3624 3464 3690 omnibus,
3509 3633 3562 3678 et
3592 3624 3676 3694 his

2085 3694 2264 3748 omnia
2281 3696 2643 3761 sustinentur;
2672 3696 2743 3752 ita
2759 3693 2917 3752 etiam
2939 3697 3146 3766 species
3157 3695 3362 3765 generi,
3380 3703 3536 3764 atque
3556 3693 3676 3750 ideo

2073 3766 2254 3834 magis
2281 3766 2393 3819 usia
2435 3768 2554 3831 ista,
2587 3783 2743 3836 quam
2780 3776 2995 3821 caetera.
3039 3766 3338 3822 Videndum
3372 3774 3455 3818 est
3487 3766 3672 3831 etiam,

2083 3850 2153 3889 ne
2178 3851 2335 3907 quam
2357 3837 2586 3906 speciem
2613 3838 2779 3892 solam
2805 3847 3070 3907 putamus,
3098 3837 3284 3892 eadem
3307 3836 3376 3890 sit
3393 3845 3448 3890 et
3465 3850 3675 3907 genus:

2084 3914 2142 3958 ut
2167 3906 2211 3978 si
2233 3908 2350 3976 quis
2379 3905 2573 3962 animal
2598 3905 2817 3971 dixerit,
2835 3909 2967 3962 dixit
2993 3917 3046 3962 et
3066 3922 3254 3978 genus.
3285 3905 3486 3961 Deinde
3516 3910 3561 3960 si
3589 3905 3677 3960 di-

2084 3986 2170 4030 cat
2190 3977 2478 4042 hominem,
2508 3994 2722 4048 equum,
2758 3980 2974 4048 piscem,
3000 3977 3172 4042 avem,
3205 3979 3680 4048 pronuntiemusne

2086 4049 2262 4102 omnia
2302 4049 2444 4103 solas
2489 4047 2696 4118 species
2736 4047 2888 4104 esse?
2930 4065 3052 4103 cum
3090 4050 3232 4104 enim
3275 4049 3378 4103 sint
3421 4047 3582 4102 homo
3611 4055 3679 4118 et

2086 4133 2274 4186 equus,
2306 4117 2532 4188 species
2554 4120 2850 4175 manifestae
2877 4130 3033 4184 sunt;
3064 4120 3224 4188 piscis
3249 4127 3426 4174 autem
3453 4126 3507 4172 et
3539 4117 3676 4184 avis,
3708 4128 3712 4132 '

2084 4203 2277 4262 genera
2316 4200 2370 4245 et
2403 4191 2608 4258 species
2631 4189 2772 4262 (non
2800 4192 2944 4246 enim
2978 4205 3082 4244 una
3102 4190 3280 4262 forma
3309 4198 3392 4244 est
3419 4188 3596 4242 avium
3625 4195 3683 4262 ει

2086 4259 2383 4332 piscium);
2416 4259 2696 4330 propterea
2722 4277 2848 4332 ergo
2875 4271 2930 4317 et
2967 4261 3173 4331 species
3197 4270 3250 4316 et
3275 4275 3471 4332 genera
3500 4259 3680 4332 nomi-

2087 4335 2301 4400 nantur.
2333 4329 2438 4384 Illa:
2461 4340 2636 4384 autem
2667 4329 2975 4400 quae—solum
2996 4329 3211 4400 species
3237 4329 3379 4397 sunt,
3413 4329 3568 4386 sicuti
3599 4337 3683 4386 est

2086 4399 2269 4471 homo,
2297 4416 2483 4470 equus,
2515 4399 2708 4470 aquila,
2739 4410 2943 4468 taurus,
2963 4399 3113 4471 aequa
3144 4402 3335 4455 virtute
3369 4402 3500 4456 nsiee
3535 4409 3679 4456 sunt.

2085 4469 2158 4526 Ut
2179 4471 2324 4524 enim
2350 4469 2515 4526 homo
2537 4472 2650 4524 usia
2677 4480 2776 4536 est,
2807 4472 2882 4526 sic
2907 4482 2961 4526 et
2982 4469 3170 4540 equus,
3197 4481 3254 4526 et
3270 4471 3464 4542 aquila,
3487 4481 3541 4527 et
3567 4480 3685 4527 tau-

2085 4545 2177 4597 rus
2223 4543 2276 4596 in
2307 4556 2404 4596 suo
2435 4557 2652 4612 genere.
2680 4543 2928 4597 Decursis
2955 4542 3115 4612 igitur
3153 4542 3392 4612 partibus
3427 4557 3524 4612 per
3548 4556 3684 4612 quas

2087 4614 2201 4668 usia
2229 4612 2444 4666 deﬁnita
2474 4620 2578 4678 est,
2619 4621 2672 4667 et
2697 4613 2802 4667 alio
2832 4613 2992 4667 modo
3017 4613 3184 4668 voluit
3209 4628 3328 4668 eam
3357 4613 3603 4679 definire,
3635 4613 3685 4668 si

2087 4621 2201 4668 usia
2229 4621 2444 4666 definita
2474 4621 2578 4678 est,
2619 4621 2672 4667 et
2697 4621 2802 4667 alio
2832 4621 2992 4667 modo
3017 4621 3184 4668 voluit
3209 4628 3328 4668 eam
3357 4621 3603 4679 delinire,
3635 4621 3685 4668 si

2087 4684 2396 4738 ostenderet
2419 4698 2502 4748 ea,
2531 4699 2650 4754 qua:
2673 4698 2896 4739 necesse
2922 4685 3074 4739 estin
3104 4699 3167 4739 ea
3196 4683 3508 4738 naturaliter
3535 4621 3729 4814 inve-ﬁ

2088 4755 2211 4809 niri.
2244 4755 2317 4808 Ea
2345 4754 2488 4809 enim
2529 4769 2648 4814 quae
2693 4756 2873 4810 insunt
2899 4755 3111 4814 cuique.
3155 4763 3248 4808 aut
3283 4754 3338 4808 in
3379 4754 3495 4808 solo
3537 4762 3590 4808 et
3627 4754 3686 4810 in
3721 4771 3727 4812 :

2088 4755 2211 4809 niri.
2244 4755 2317 4818 Ea
2345 4754 2488 4809 enim
2529 4769 2648 4824 quae
2693 4756 2873 4810 insunt
2899 4755 3111 4825 cuique,
3155 4763 3248 4808 aut
3283 4754 3338 4808 in
3379 4754 3495 4808 solo
3537 4762 3590 4808 et
3627 4754 3727 4822 inf:

2087 4827 2255 4889 omni,
2287 4834 2378 4879 aut
2404 4827 2454 4879 in
2483 4825 2598 4880 solo
2635 4832 2690 4879 et
2726 4841 2832 4880 non
2858 4826 2911 4880 in
2941 4825 3108 4893 omni,
3132 4834 3222 4879 aut
3247 4825 3300 4878 in
3328 4825 3474 4879 omni
3501 4832 3687 4882 etnon

2087 4898 2140 4951 in
2179 4898 2314 4964 solo,
2344 4905 2433 4950 aut
2467 4911 2566 4951 nec
2594 4895 2649 4950 in
2677 4897 2792 4952 solo
2830 4911 2930 4951 nec
2955 4896 3011 4950 in
3033 4895 3199 4951 omni.
3233 4896 3355 4950 Haec
3386 4895 3558 4952 Graeci
3586 4911 3685 4951 vo-

2089 4977 2249 5035 cant,
2281 4974 2327 5022 iv
2354 4978 2477 5038 μόνῳ
2516 4972 2599 5021 καὶ
2635 4973 2682 5021 ιν
2722 4973 2900 5035 παντὶ,
2938 4973 2984 5021 ἓν
3013 4976 3136 5038 μόνῳ
3180 4971 3262 5022 καὶ
3301 4971 3385 5022 οὐκ
3421 4972 3470 5022 ἄν
3508 4971 3684 5035 παντὶ,

2087 5045 2134 5093 ἐν
2185 5050 2327 5094 παντὶ
2373 5050 2454 5093 καὶ
2502 5043 2585 5093 οὐκ
2633 5043 2678 5091 ἐν
2725 5048 2849 5108 μόνῳ
2876 5077 2891 5101 ,
2952 5042 3035 5093 οὐκ
3088 5043 3136 5092 ἓν
3183 5047 3307 5108 μόνῳ
3367 5047 3450 5093 καὶ
3497 5041 3580 5092 οὔκ
3629 5043 3689 5092 ἄν

2089 5121 2250 5164 παντι.
2276 5109 2347 5165 Ut
2384 5110 2429 5163 si
2463 5108 2733 5162 hominem
2757 5108 2980 5164 delinire
3005 5108 3189 5163 volens
3215 5149 3229 5172 ,
3260 5109 3401 5162 dicat
3433 5108 3573 5162 risus
3597 5122 3688 5163 ca-

2090 5195 2276 5250 pacem
2302 5195 2455 5244 esse;
2481 5181 2580 5233 hoc
2607 5179 2736 5234 etin
2756 5181 2869 5234 solo
2891 5188 2991 5245 est,
3016 5188 3071 5234 et
3091 5180 3143 5233 in
3171 5179 3338 5233 omni.
3359 5178 3515 5236 Solus
3535 5194 3689 5233 nam-

2130 5266 2194 5304 ue
2224 5251 2384 5305 homo
2410 5250 2566 5313 ridet,
2589 5257 2646 5304 et
2669 5252 2876 5306 cunctis
2901 5251 3078 5305 ridere
3101 5251 3344 5304 naturale
3359 5260 3462 5306 est.
3489 5250 3688 5306 Secun-

2129 5337 2182 5383 o,
2213 5322 2264 5375 in
2299 5322 2416 5376 solo
2450 5331 2503 5375 et
2529 5337 2631 5374 non
2661 5321 2711 5374 in
2747 5322 2913 5388 omni,
2945 5331 3004 5375 ut
3038 5322 3084 5376 si
3109 5320 3379 5376 hominem
3401 5320 3686 5388 deﬁniens,

2093 5407 2342 5462 capacem
2385 5391 2681 5460 disciplina:
2719 5392 2863 5449 dicat
2890 5408 3042 5460 esse;
3087 5391 3268 5446 hocin
3314 5393 3430 5447 solo
3469 5391 3688 5462 quidem

2094 5463 2310 5518 homine
2350 5464 2574 5517 inveniri
2611 5472 2803 5531 potest,
2851 5480 2956 5518 non
2987 5472 3163 5518 tamen
3204 5463 3256 5516 in
3285 5463 3428 5517 omni
3464 5481 3478 5517 :
3513 5476 3690 5533 neque

2094 5535 2236 5601 enim
2269 5550 2453 5588 omnes
2490 5534 2798 5602 disciplinas
2820 5535 3020 5604 aliquas
3046 5534 3364 5588 didicerunt.
3399 5533 3600 5599 Tertio,
3633 5534 3690 5588 in

2094 5605 2240 5659 omni
2264 5614 2319 5660 et
2341 5620 2446 5658 non
2475 5606 2527 5659 in
2548 5606 2682 5670 solo,
2709 5613 2766 5659 ut
2791 5605 2835 5659 si
2856 5607 2974 5673 quis
3000 5604 3270 5660 hominem
3299 5604 3578 5670 definiens,
3602 5604 3688 5658 di-

2095 5685 2181 5730 cat
2215 5675 2267 5730 id
2311 5676 2582 5730 hominem
2617 5691 2735 5731 esse
2769 5676 2912 5746 quod
2952 5676 3206 5744 ambulat,
3241 5687 3291 5731 et
3331 5674 3474 5746 quod
3509 5676 3688 5746 cibum

2096 5748 2260 5817 capit;
2293 5747 2394 5806 hoc
2415 5749 2472 5804 in
2499 5747 2642 5805 omni
2669 5746 2884 5817 quidem
2905 5755 2988 5803 est
3015 5746 3252 5814 homine,
3295 5745 3399 5802 non
3427 5755 3603 5800 tamen
3633 5745 3689 5800 in
