4138 6364
380 280 524 340 {£39

383 394 607 452 multum
638 390 818 450 album
843 389 1104 457 dicimus,
1134 403 1202 446 ex
1233 385 1532 460 epipbania‘,
1566 383 1861 460 quantitate
1895 380 1976 440 al-

384 468 534 534 bum,
558 463 699 538 quod
724 463 798 518 illi
826 460 1036 528 accidit,
1065 455 1338 538 aestimari;
1361 455 1620 538 Similiter
1641 471 1762 538 cum
1785 455 1974 538 longos

386 481 534 534 Dum,
597 481 699 520 uoo
724 481 798 518 utt
826 481 1036 528 accmtt,
1065 481 1336 518 resumam.
1362 481 1620 515 auuiuwr
1641 481 1762 512 cum
1786 481 1974 526 inrigua

386 547 535 593 actus
558 481 822 609 dicimus,
854 549 958 589 non
997 531 1140 609 quod
1177 541 1327 588 actus
1367 529 1610 586 immensi
1652 527 1792 609 sint,
1831 526 1976 609 longi

387 609 637 665 dicuntur
655 647 670 673 ,
702 605 795 660 sed
825 621 890 661 ex
921 605 1174 674 temporis
1201 617 1448 658 mensura
1465 615 1610 674 ,__quo
1639 605 1976 654 continentur

387 690 537 736 Ictus
565 670 775 732 actuum
797 717 812 744 ,
844 670 1110 747 quantitas
1135 675 1445 729 mstimatur.
1475 670 1607 747 Illud
1644 680 1818 747 tamen
1849 684 1972 737 spe-

389 750 521 807 ciale
538 739 1116 816 debemus’ag'noscere,
1134 754 1332 816 quanto
1347 743 1669 816 contrarium
1687 739 1818 795 nihil
1833 754 1976 816 esse.

389 820 700 890 Epiphaniae
726 809 868 872 enini
886 859 903 883 ,
941 817 1052 890 sive
1078 809 1328 890 gramm-mf
1349 812 1736 890 ,_siv_e__d_uqbus
1762 809 1974 875 cubitis,

390 882 509 947 sive
547 891 716 945 tribus
763 882 1103 943 contrarium'
1131 895 1214 944 est
1256 885 1406 942 nihil.
1462 884 1570 938 Nisi
1615 882 1748 938 forte
1795 895 1979 936 errore

391 962 617 1033 quodam
651 959 874 1014 multum
894 968 958 1033 _et
985 959 1230 1033 exiguum
1257 967 1503 1026 putemus
1533 969 1653 1009 esse
1688 953 1975 1033 contraria,

392 1021 498 1088 lion
527 1031 864 1086 advertentes
894 1028 1007 1084 htec
1035 1021 1298 1084 ineorum
1333 1042 1605 1080 numerum
1636 1039 1752 1094 qua:
1782 1021 1848 1076 ad
1885 1022 1979 1076 ali-

392 1102 519 1174 quid
549 1100 1015 1174 dicunturdebere
1049 1099 1345 1174 transferri.
1387 1097 1530 1174 lfiihii
1571 1095 1712 1150 enim
1755 1094 1980 1174 multum

394 1167 477 1229 vel
507 1172 749 1242 exiguum
786 1172 1010 1236 dicitur,
1055 1170 1156 1225 nisi
1197 1169 1348 1224 alteri
1393 1167 1550 1222 fuerit
1591 1173 1976 1242 co_i_nparatum.

395 1243 524 1300 Cum
548 1236 688 1298 eiiim
715 1242 940 1297 dicimus
967 1250 1200 1294 montem
1223 1242 1472 1301 brevem;
1499 1236 1835 1307 grandiorem
1859 1249 1982 1291 esse

396 1318 656 1381 alterum,
702 1315 785 1369 cui
829 1322 1166 1379 comparatus
1207 1321 1320 1376 est,
1366 1306 1679 1381 indicamus.
1721 1306 1813 1362 Vel
1846 1322 1979 1381 cum

397 1385 621 1440 dicimus
641 1377 853 1454 grande
890 1377 1016 1437 milii
1055 1397 1311 1454 granum;
1343 1379 1750 1454 comparatione
1781 1377 1860 1454 sui
1889 1393 1982 1449 ge-

399 1459 576 1521 neris,
611 1449 680 1510 in'
709 1473 814 1523 quo
856 1449 1079 1509 brevius
1109 1452 1309 1522 aliquid
1355 1449 1828 1523 invenitur,_illud
1861 1465 1982 1511 esse

398 1520 650 1598 grandius
681 1520 1056 1580 monstramus.
1100 1526 1176 1579 Ac
1202 1520 1479 1598 propterea
1512 1520 1980 1598 manifestum_est,

398 1590 620 1653 inultum
659 1607 713 1653 et
749 1597 1022 1665 exiguum,
1065 1590 1261 1665 grande
1305 1590 1356 1648 et
1403 1594 1593 1665 breve,
1639 1608 1761 1665 cum
1804 1590 1979 1665 aliquo

399 1677 700 1739 comparata
733 1669 810 1721 sui
841 1664 1155 1723 vocabulum
1196 1665 1451 1739 reperire.
1499 1664 1607 1718 Nec
1645 1664 1697 1717 in
1739 1664 1983 1739 hocsolo

400 1734 543 1815 errat
563 1782 576 1802 ,
605 1740 694 1815 qui
735 1749 879 1808 putat
919 1739 1239 1815 multum_et
1260 1734 1529 1815 exiguum
1559 1743 1757 1804 quanto
1787 1734 1984 1815 debere

399 1808 678 1880 eoujuug'i,
710 1826 892 1862 verum
928 1810 1087 1864 etiam
1126 1809 1170 1862 si
1215 1808 1482 1880 existimet
1519 1821 1637 1880 esse
1679 1808 1982 1880 contraria;

400 1876 538 1951 quod
570 1876 678 1936 tieri
720 1881 926 1948 penitus
967 1896 1071 1934 non
1107 1887 1301 1951 potest.
1346 1878 1477 1951 Nam
1517 1877 1563 1932 si
1597 1877 1720 1951 inec
1753 1876 1983 1946 quodam

401 1948 584 2008 errore
608 1953 814 2020 decepti
843 1948 1374 2015 contraria’dicimus,
1400 1948 1491 2004 fiet
1514 1959 1570 2002 ut
1595 1948 1648 2002 in
1674 1962 1775 2020 una
1798 1962 1861 2020 re
1879 1962 1985 2002 uno

400 2035 559 2093 atque
596 2017 781 2078 eodem
823 2032 1062 2092 tempore
1103 2021 1366 2076 contraria
1405 2020 1683 2093 videantur
1727 2017 1981 2093 incidere.

401 2089 513 2148 Una
541 2093 680 2148 enim
711 2109 814 2159 res,
843 2103 897 2148 et
923 2089 1093 2164 major
1119 2108 1149 2148 a
1177 2093 1398 2155 minore,
1426 2101 1481 2164 et
1505 2090 1682 2164 brevis
1703 2104 1733 2144 a
1753 2089 1982 2164 majore,

400 2179 508 2235 uno
552 2173 709 2235 atque
755 2165 943 2219 eodem
992 2160 1228 2235 tempore
1272 2162 1461 2232 poterit
1505 2160 1765 2235 nominari
1800 2178 1813 2214 :
1843 2160 1986 2235 quod

403 2233 515 2289 ﬁeri
545 2231 641 2290 nec
672 2251 850 2290 rerum
880 2243 1065 2290 natura
1096 2231 1308 2304 patitur,
1343 2248 1442 2287 nec
1466 2231 1601 2286 ratio
1627 2231 1736 2304 ipsa
1769 2231 1989 2304 permitg

404 2307 482 2377 iit.
519 2309 590 2360 Ac
617 2317 896 2377 propterea
925 2302 1109 2360 eorum
1136 2304 1441 2377 repellenda
1471 2303 1729 2377 sententia
1756 2311 1866 2367 cst,
1895 2302 1986 2372 qui

403 2375 518 2430 haec
540 2374 761 2432 credunt
785 2393 905 2432 esse
928 2376 1213 2432 contraria.
1242 2375 1350 2429 Nec
1375 2374 1540 2444 magis
1566 2374 1618 2427 in
1644 2381 1840 2443 quanto
1861 2389 1987 2428 con-

404 2448 648 2503 trarietas
669 2489 681 2512 ,
710 2464 868 2519 quam
899 2449 950 2519 in
978 2447 1176 2502 circulo
1216 2445 1482 2519 convideri
1526 2454 1732 2519 potest.
1770 2445 1988 2519 Veteres

403 2519 543 2572 enim
569 2515 814 2588 supra'et
841 2517 975 2572 infra
1008 2527 1220 2587 propter
1245 2517 1376 2588 caeli
1399 2524 1659 2584 terrarque
1684 2515 1985 2570 distantiam

404 2587 668 2644 contraria
695 2589 794 2646 sibi
820 2605 937 2644 esse
961 2590 1243 2656 dixerunt,
1274 2587 1627 2658 undequaque
1657 2602 1866 2658 versum
1901 2603 1988 2641 as-

404 2669 644 2713 serentes
673 2668 866 2714 terram
897 2660 1079 2714 subter
1107 2675 1257 2724 esse,
1287 2657 1484 2714 omium
1514 2673 1693 2725 super.
1735 2657 1988 2712 Contem-

403 2728 668 2800 plantibus
711 2729 852 2786 enim
898 2730 1050 2800 nobis
1096 2739 1338 2785 naturam
1386 2745 1595 2796 rerum,
1645 2736 1820 2792 terra,
1872 2743 1990 2800 quae

405 2798 612 2870 videtur
640 2802 690 2854 in
717 2801 919 2867 medio,
954 2799 1147 2870 ubique
1185 2800 1370 2854 subtus
1395 2809 1478 2854 est
1507 2818 1519 2854 :
1554 2815 1674 2870 nam
1705 2808 1758 2853 et
1785 2798 1991 2868 antipo-

403 2868 502 2925 des
528 2871 716 2936 nostri,
747 2872 834 2941 qui
864 2871 1015 2925 nobis
1041 2868 1290 2924 dicuntur
1315 2870 1474 2941 figere
1503 2869 1723 2925 adversa
1747 2870 1987 2939 vestigia,

405 2941 596 2997 coelum
626 2938 784 3009 super
818 2959 875 2996 se
906 2941 1124 2996 habent.
1160 2941 1338 2996 Claret
1357 2938 1527 3008 igitur
1556 2955 1767 3008 semper
1795 2938 1990 2994 terram

406 3011 459 3082 in
488 3012 821 3069 inferioribus
845 3014 1208 3082 constitutam.
1238 3011 1437 3065 Deinde
1463 3010 1547 3065 illa
1572 3025 1781 3082 quoque
1805 3025 1835 3063 a
1862 3009 1994 3082 phy-

405 3081 532 3153 sicis
572 3083 808 3152 jungitur
851 3083 1018 3146 ratio,
1066 3081 1207 3152 quod
1252 3091 1530 3153 propterea
1577 3095 1638 3134 ex
1666 3081 1993 3153 diversitate

405 3151 640 3208 locorum
671 3150 806 3208 terra
835 3155 971 3209 ccelo
999 3150 1265 3210 contraria
1289 3150 1399 3220 esi,
1435 3151 1486 3206 id
1515 3160 1598 3208 est
1625 3150 1749 3204 illud
1781 3167 1994 3221 semper

405 3238 646 3290 sursum,
693 3224 809 3279 lia-c
845 3225 1310 3294 deorsum,.quod
1349 3224 1558 3289 omnia,
1600 3238 1718 3292 qua:
1757 3223 1993 3294 pondere

403 3296 580 3363 gravia
603 3304 745 3358 sunt,
770 3297 1079 3351 naturaliter
1101 3292 1347 3350 feruntur
1366 3295 1431 3349 ad
1455 3305 1681 3358 terram;
1706 3292 1771 3347 ad
1797 3295 1990 3348 caelum

403 3380 532 3437 vero
558 3366 723 3437 levari
754 3383 972 3421 necesse
1000 3377 1112 3434 est,
1158 3382 1277 3437 qua:
1320 3365 1568 3420 videntur
1606 3379 1725 3437 esse
1753 3364 1988 3437 ieviora.

405 3433 539 3507 Hinc
597 3436 756 3506 igitur
810 3440 1002 3494 cmlum
1065 3433 1366 3507 terramque
1411 3436 1674 3490 contraria
1722 3435 1820 3488 sibi
1873 3451 1994 3490 esse

403 3506 685 3573 dixerunt;
714 3509 852 3578 quod
894 3509 1030 3562 hanc
1071 3506 1356 3573 deorsum,
1404 3507 1534 3578 illud
1577 3522 1704 3578 vero
1747 3508 1994 3576 superius

403 3579 659 3632 naturalis
695 3577 982 3633 necessitas
1020 3579 1315 3633 collocavit.
1361 3578 1440 3632 Ex
1480 3577 1577 3631 hac
1606 3577 1760 3646 igitur
1789 3578 1993 3632 ratione

401 3647 612 3703 videtur
631 3651 1018 3702 contrariorum
1045 3649 1280 3704 omnium
1310 3647 1549 3703 delinitio
1574 3648 1878 3703 constituta.
1901 3649 1993 3702 Di-

403 3728 594 3774 cuntur
620 3720 760 3774 cnim
789 3720 877 3774 illa
905 3735 1024 3774 esse
1049 3720 1334 3786 contraria,
1364 3735 1483 3788 qute
1511 3734 1630 3774 cum
1659 3720 1763 3772 sint
1791 3735 1854 3773 ex
1887 3733 1994 3773 uno

402 3789 695 3859 eodemque
725 3806 918 3859 genere
939 3833 952 3850 .
985 3791 1153 3846 multo
1191 3799 1365 3844 tamen
1398 3806 1424 3842 a
1453 3805 1510 3845 se
1539 3790 1710 3858 spatio
1737 3803 1989 3858 separau-

403 3867 507 3930 tur.
533 3859 635 3913 Sed
661 3859 774 3914 iure
792 3861 881 3930 qui
903 3871 1168 3927 asserunt,
1196 3860 1390 3914 habent
1411 3860 1688 3914 advertere
1709 3860 1772 3913 ad
1797 3860 1992 3928 aliquid

403 3929 560 3984 dictis
579 3930 755 3999 potius
775 3929 971 3986 debere
990 3931 1257 4001 conjungi.
1286 3931 1556 4001 Siquidem
1581 3945 1738 4001 supra
1763 3930 1866 3985 dici
1889 3947 1992 3986 non

401 4010 614 4071 p0test,
644 4001 744 4056 nisi
776 4001 990 4072 etinfra
1022 3999 1562 4072 fuerit'desigiiatum.
1595 3999 1746 4072 Quod
1777 4002 1819 4054 si
1849 4002 1994 4056 calu-

403 4070 594 4126 mniari
625 4071 1106 4141 quibusdamlibet,
1151 4070 1408 4142 supra'et
1456 4070 1591 4126 infra
1635 4071 1688 4124 in
1730 4074 1995 4141 categoria

404 4144 594 4213 magis,
628 4157 745 4213 qua:
775 4142 866 4198 ubi
891 4143 1114 4209 dicitur,
1147 4142 1312 4197 videri
1339 4150 1514 4212 potest
1541 4159 1553 4195 :
1585 4156 1706 4195 cum
1735 4143 1877 4196 enim
1907 4158 1995 4198 su-

443 4212 582 4284 raet
611 4212 746 4268 infra
777 4213 1022 4280 dicimus,
1055 4213 1144 4268 ubi
1175 4213 1371 4284 aliquid
1403 4221 1639 4283 geratur,
1669 4213 1993 4282 agnoscitur.

479 4284 510 4337 d
536 4283 686 4350 hinc,
720 4295 776 4338 ut
802 4285 1058 4351 diximus,
1091 4283 1430 4354 garrientium
1459 4291 1583 4338 sunt
1605 4301 1628 4354 κε
1657 4298 1757 4354 nos
1788 4298 1914 4338 vero
1944 4285 1992 4338 in

404 4365 603 4423 quanto
627 4354 830 4409 admitti
859 4353 1184 4409 contrarium
1211 4354 1431 4409 credere
1456 4369 1559 4409 non
1586 4353 1858 4409 debemus.
1888 4354 1998 4409 Ad-

404 4433 614 4480 vertere
641 4425 844 4480 interea
883 4426 1007 4481 licet
1045 4426 1197 4494 hujus
1222 4425 1502 4480 occasione
1526 4435 1814 4490 tractatus,
1855 4425 1996 4481 aliud

404 4508 523 4550 esse
554 4512 713 4567 super
741 4506 793 4551 et
823 4496 1007 4552 subter
1035 4496 1308 4562 naturale;
1341 4497 1486 4550 aliud
1517 4509 1648 4554 vero
1686 4495 1824 4565 quod
1856 4495 1996 4551 circa

405 4579 525 4619 nos.
569 4566 818 4638 Naturale
862 4567 1003 4623 enim
1052 4583 1155 4622 non
1200 4577 1376 4638 potest
1422 4567 1716 4634 immutari,
1756 4575 1994 4638 nostrum

404 4645 581 4689 autem
615 4637 927 4706 migratione
960 4636 1232 4692 hominum
1271 4645 1627 4693 commutatur
1657 4655 1669 4690 :
1701 4647 1756 4691 ut
1794 4638 1837 4692 si
1877 4636 1997 4706 quis

404 4719 524 4758 cum
563 4707 614 4760 in
656 4707 996 4762 inferioribus
1035 4707 1222 4772 fuerit,
1255 4708 1322 4762 ad
1349 4709 1620 4777 superiora
1650 4708 1993 4773 conscendat,

402 4784 495 4830 aut
542 4792 572 4831 e
619 4777 981 4846 superioribus
1034 4779 1162 4833 velit
1212 4778 1278 4831 ad
1331 4778 1580 4833 inferiora
1629 4778 1993 4841 descendere;

404 4847 582 4902 omnia
610 4848 707 4914 illi,
740 4865 858 4918 qua:
889 4858 1011 4903 ante
1035 4847 1276 4918 fuerant,
1305 4859 1698 4904 commutantur
1717 4891 1730 4913 ,
1759 4865 1877 4903 cum
1905 4849 1998 4905 de—

403 4918 702 4990 scendenti,
727 4917 974 4974 inferiora
997 4935 1116 4990 qure
1138 4917 1366 4990 fuerant,
1391 4921 1664 4988 superiora
1689 4930 1992 4982 cernantur.

403 4985 535 5042 Illud
579 5005 790 5062 quoque
834 4985 1032 5062 quanto
1076 4992 1252 5062 inest,
1302 4989 1356 5045 in
1400 4985 1544 5043 omni
1589 4991 1832 5058 quidem,
1891 5006 1993 5062 non

404 5065 580 5114 tamen
615 5061 665 5114 in
695 5060 808 5115 solo
828 5060 932 5126 {ut
961 5077 1064 5114 non
1097 5061 1315 5128 recipiat
1343 5062 1512 5130 magis
1541 5067 1594 5113 et
1619 5061 1822 5125 minus,
1852 5061 1994 5130 quod

402 5143 575 5202 grmce
603 5131 802 5186 dictum
829 5142 908 5186 est
935 5140 1110 5199 μᾶλλον
1137 5143 1216 5186 καί
1242 5136 1400 5192 iit-ro».
1435 5130 1684 5202 Bipedale
1710 5132 1848 5184 enim
1875 5147 1994 5186 cum

401 5199 633 5272 dicimus
653 5243 668 5268 ,
701 5218 804 5256 non
840 5218 1117 5272 possumus
1143 5201 1283 5255 aliud
1314 5199 1555 5272 bipedale
1585 5207 1752 5272 magis
1789 5202 1869 5256 vel
1897 5203 1995 5256 mi-

403 5286 505 5324 nus
533 5271 734 5327 dicere.
761 5271 928 5327 Simili
955 5275 1096 5328 enim
1123 5273 1282 5328 modo
1309 5271 1550 5342 bipedale
1576 5271 1864 5327 secundum
1891 5282 1992 5337 est,

401 5343 852 5416 quemadmodum
883 5353 934 5416 et
953 5345 1203 5416 primum.
1230 5344 1381 5411 Quod
1406 5345 1450 5398 si
1474 5344 1614 5398 aliud
1639 5345 1745 5398 alio
1769 5344 1996 5416 amplius

424 5413 583 5478 inerit,
611 5413 721 5484 jam
748 5429 855 5468 non
882 5413 1156 5484 bipedalis,
1185 5417 1278 5469 sed
1305 5415 1520 5469 alterius
1542 5431 1806 5470 mensura:
1830 5415 1995 5469 susci-

400 5485 478 5554 pit
512 5499 728 5539 nomen.
760 5485 869 5540 Nec
907 5501 1158 5540 numerus
1193 5487 1362 5554 magis
1403 5496 1493 5540 aut
1535 5487 1710 5540 minus
1749 5487 1992 5551 sustinet,

399 5553 666 5626 siquidem
695 5566 807 5611 tres
835 5557 1003 5626 magis
1027 5566 1115 5610 aut
1146 5553 1319 5610 minus
1347 5565 1453 5610 tros
1478 5558 1750 5610 nominare
1776 5556 1996 5611 demen-

404 5622 476 5698 tia
506 5635 606 5680 est.
639 5628 707 5698 Et
736 5622 948 5697 tempus
971 5642 1074 5680 non
1105 5637 1275 5698 potest
1300 5643 1418 5682 esse
1447 5636 1684 5696 tempore
1711 5628 1878 5695 magis
1906 5638 1996 5682 aut

405 5695 603 5750 minus.
637 5697 819 5768 Claret
848 5695 1012 5768 igitur
1043 5695 1124 5752 his
1153 5699 1407 5768 expositis
1435 5695 1602 5767 magis
1638 5707 1692 5753 et
1729 5701 1902 5752 minus
1942 5699 1994 5754 in

404 5775 606 5840 quato
633 5767 860 5826 inveniri
883 5767 993 5825 non
1019 5785 1198 5842 posse.
1231 5770 1513 5841 Proprium
1545 5784 1674 5826 vero
1695 5769 1913 5841 quanti,
1942 5778 1997 5826 et

1857 262 2216 324 APPENDIX.

3531 277 3670 337 M30

2080 382 2221 461 qpod
2251 382 2304 440 in
2333 385 2479 461 omni
2509 393 2566 461 et
2592 385 2644 442 in
2672 385 2792 461 solo
2808 385 3262 461 invenitur,_illud
3278 399 3378 461 est,
3408 400 3470 450 ut
3489 395 3672 452 omnia

2080 455 2194 536 ejus
2237 455 2383 524 paria
2421 466 2513 512 aut
2540 456 2760 536 imparia
2789 459 3064 536 dicantur._
3096 459 3168 518 Ut
3195 455 3448 522 numerus
3485 481 3582 536 par
3615 473 3672 522 et

2083 529 2285 596 impar;
2318 543 2424 600 non
2452 529 2672 598 aequalis
2702 545 2991 600 numerus,
3023 531 3068 586 si
3107 547 3201 600 par
3228 544 3340 600 est;
3371 542 3464 590 aut
3489 529 3534 591 si
3567 537 3670 591 im-

2084 612 2211 666 par,
2244 612 2352 654 non
2375 599 2914 675 inaequalisdicatur.
2950 599 3458 675 Similiterqueejus
3491 608 3671 662 omnia

2083 682 2188 720 non
2218 669 2476 738 aequalia,
2516 679 2613 746 aut
2649 671 2955 742 inaequalia,
2993 674 3104 746 sed,
3129 669 3273 744 paria
3316 669 3407 731 aut
3450 676 3670 746 imparia

2085 749 2475 818 nuncupautur:
2507 741 2709 818 Caetera
2740 757 2871 818 vero
2897 760 3015 813 qum
3043 745 3110 801 ad
3129 741 3392 818 quantum
3418 741 3671 818 non—per-

2085 809 2285 885 tinent,
2317 811 2509 885 similia
2535 812 2834 885 sibipotius
2864 809 3020 883 quam
3049 809 3272 885 aequalia
3299 809 3670 874 nominamus:

2086 889 2141 934 ut
2169 880 2343 934 album
2375 881 2498 938 albo
2535 880 2744 947 simile,
2793 880 2892 940 aut
2925 902 3032 940 non
3075 880 3248 943 simile
3291 888 3517 943 dicatur.
3560 890 3674 946 Hoc

2084 951 2225 1074 Enim
2254 953 2472 1075 veibum
2505 955 2807 1023 specialiter
2844 955 2908 1011 iis
2945 973 3065 1028 qua:
3094 959 3148 1011 in
3176 968 3376 1028 quanto
3404 968 3559 1026 sunt,
3591 962 3673 1014 vi-

2121 1039 2148 1073 8
2177 1039 2241 1075 ur
2269 1040 2314 1075 In
2342 1039 2504 1075 lelm.

2121 1031 2241 1075 etur
2268 1026 2504 1080 inlixum.

2085 1091 2308 1152 CAPUT
2345 1094 2434 1150 XI.
2460 1094 2858 1222 -Λάαιίᾳῧὶὠ
2903 1097 2979 1222 ἔθει
3005 1099 3197 1168 aliquid
3232 1102 3436 1172 quando
3471 1101 3672 1156 dicitur.

2798 1188 2922 1222 unos
2961 1187 3013 1222 a.

2865 1179 3013 1226 οδαα.

2157 1231 2550 1305 Categoriarum
2573 1239 2727 1312 tertia
2747 1188 3152 1311 ‘e’sﬁqtigalatine
3172 1241 3236 1296 ad
3258 1241 3478 1312 aliquid,
3503 1257 3676 1312 graeco

2087 1312 2199 1380 1:96;
2227 1333 2275 1362 τι
2299 1319 2562 1364 censetur.
2615 1311 2678 1365 Et
2717 1311 2933 1380 quidem
2974 1312 3110 1366 hanc
3146 1311 3362 1368 tertiam
3387 1311 3672 1378 nonjordo,

2087 1376 2484 1452 sed_tractatu_s
2532 1376 2820 1452 necessitas
2868 1384 2992 1440 fecit
3027 1401 3042 1438 :
3082 1399 3204 1437 nam
3255 1392 3373 1452 post
3418 1376 3677 1452 quantum

2087 1447 2243 1524 quale
2286 1450 2622 1524 sequebatur.
2671 1451 2871 1508 Verum
2914 1457 3164 1524 quoniam
3214 1447 3267 1508 in
3316 1447 3673 1524 line-quanti,

2087 1519 2328 1595 quaedam
2350 1520 2592 1595 ejusdem
2621 1525 2834 1594 generis
2861 1519 3151 1595 ad'aliquid
3180 1519 3495 1580 videbantur
3519 1539 3675 1594 posse

2088 1591 2397 1666 transferri;
2433 1591 2568 1666 hanc
2593 1591 2943 1666 categoriam,
2977 1591 3093 1666 (ιιιξυ
3123 1607 3310 1665 quarta
3340 1591 3544 1661 fuerat,
3577 1610 3674 1651 nec

2087 1663 2323 1715 cessario
2353 1663 2776 1736 tertiamvoluit
2815 1663 3093 1734 ordinare,
3128 1663 3183 1721 ut
3223 1667 3475 1723 discussis
3515 1674 3678 1736 atque

2087 1732 2398 1788 monstratis
2433 1734 2708 1806 omnibus,
2751 1732 3104 1806 quae-cuique
3143 1739 3522 1801 convenirent,
3565 1732 3672 1792 ne.

2088 1815 2256 1928 quens
2294 1813 2406 1858 orta
2443 1805 2686 1860 confusio
2725 1805 3266 1879 solveretur.”lneipit
3302 1819 3479 1864 autem
3509 1825 3614 1862 non
3644 1824 3674 1862 a

2128 1874 2484 1928 etinitionibus
2511 1876 2620 1928 suis
2645 1877 2975 1928 Aristoteles.
3000 1879 3093 1928 sed
3114 1881 3180 1928 ab
3203 1895 3385 1928 eorum
3409 1879 3672 1928 terminis-

2128 1874 2484 1928 etinitionibus
2511 1876 2620 1930 suis
2645 1877 2976 1942 Aristoteles,
3000 1879 3093 1934 sed
3114 1874 3385 1935 ali-eorum
3409 1879 3672 1944 tertniniS,

2089 1945 2176 2018 qui
2206 1955 2328 1998 ante
2367 1960 2424 2018 se
2458 1946 2523 2000 ad
2553 1948 2750 2016 aliquid
2791 1965 3066 2018 perperam
3105 1950 3327 2004 delinire
3369 1950 3673 2006 voluerunt.

2090 2015 2164 2069 Ita
2185 2025 2371 2089 tamen
2396 2017 2508 2072 haec
2533 2015 3017 2083 debemusaudire,
3049 2021 3200 2089 quasi
3222 2021 3464 2076 tractatui
3485 2035 3670 2074 neces-

2090 2087 2248 2140 saria.
2279 2088 2470 2160 Astute
2499 2090 2640 2143 enim
2668 2099 2721 2144 et
2747 2089 2838 2143 dat
2877 2092 2979 2145 illis
3013 2087 3267 2146 auxilium
3305 2089 3672 2160 philosophus.

2091 2165 2147 2212 et
2175 2156 2433 2232 medelam
2463 2160 2600 2214 male
2626 2160 2808 2232 positis
2834 2161 3076 2216 terminis
3098 2156 3321 2230 qmerit,
3351 2156 3548 2232 postea
3565 2176 3676 2218 sum

2094 2227 2691 2302 prolationeisenteutiae
2722 2233 2900 2286 omnia
2921 2274 2934 2295 ,
2973 2248 3094 2302 quae
3118 2227 3420 2302 ‘imprOprie
3457 2231 3675 2290 definita

2092 2301 2572 2373 su.it,irepulsurus
2602 2311 2705 2372 περὶ
2733 2312 2816 2356 τοῦ
2841 2313 2952 2369 πρός
2974 2301 3044 2359 ιιέι.
3074 2304 3153 2358 Ad
3183 2301 3380 2373 aliquid
3418 2318 3546 2372 ergo
3581 2318 3674 2356 ca-

2093 2370 2347 2443 tegoriam
2379 2387 2627 2427 vocamus
2660 2370 2813 2440 eam,
2854 2389 2972 2443 qua:
3013 2373 3064 2428 id
3095 2374 3238 2442 quod
3265 2370 3347 2430 est
3379 2370 3571 2428 dicitur
3608 2386 3677 2429 ex

2092 2441 2259 2514 altero
2282 2483 2294 2506 ,
2327 2447 2441 2498 sine
2469 2443 2620 2511 cujus
2649 2441 2904 2500 societate
2931 2459 3049 2502 esse
3073 2441 3181 2500 non
3210 2444 3410 2514 possit,
3445 2453 3497 2499 et
3525 2444 3676 2512 cujus

2094 2512 2174 2566 vis
2199 2515 2372 2568 omnis
2398 2527 2463 2568 ex
2489 2514 2707 2568 alterius
2740 2516 3114 2582 conjunctione
3153 2512 3428 2574 descendit
3457 2535 3468 2568 :
3496 2525 3552 2570 ut
3581 2517 3671 2569 du-

2095 2583 2237 2658 plum
2279 2585 2470 2658 simpli
2497 2585 2692 2658 dicitur
2729 2587 2984 2658 duplum,
3027 2587 3200 2658 majus
3237 2586 3679 2658 minorisdicitur

2094 2655 2304 2733 majus,
2337 2656 2509 2710 simile
2545 2656 2704 2733 simili
2733 2655 2924 2733 dicitur
2959 2655 3150 2733 simile.
3192 2658 3374 2733 Claret
3415 2657 3572 2728 igitur
3609 2657 3676 2733 ad

2091 2723 2425 2798 aliquidim‘n
2467 2742 2559 2780 sua
2592 2728 2676 2798 vi,
2721 2728 2819 2782 sed
2854 2729 3072 2784 alterius
3099 2723 3471 2798 conjunctione
3497 2729 3676 2784 consi-

2095 2804 2257 2869 stere.
2290 2795 2488 2869 Eodem
2515 2797 2673 2851 modo
2699 2798 3002 2867 accipienda
3033 2811 3154 2854 sunt
3180 2795 3370 2858 caetera
3397 2816 3514 2868 quae
3539 2798 3678 2869 ejus-

2095 2864 2215 2936 dem
2237 2868 2518 2936 categorize
2537 2883 2658 2922 esse
2682 2864 2988 2932 noscuntur,
3015 2882 3069 2923 ut
3089 2881 3170 2924 est
3195 2864 3428 2935 habitus,
3445 2864 3675 2936 all‘eétio,

2096 2934 2402 3004 disciplina,
2455 2939 2680 3005 positio,
2729 2955 2936 2995 sensus.
2991 2941 3112 2995 Haec
3156 2934 3494 3004 Aristoteles.
3546 2934 3678 3007 iis»,

2097 3009 2325 3071 διάθεσιν,
2354 3012 2620 3074 ἕπιστὴμην
2639 3050 2654 3074 ,
2681 3018 2830 3076 θέσιν,
2858 3020 3094 3076 αἴσθησιν,
3125 3012 3437 3066 nominavit.
3473 3012 3536 3066 El.
3566 3012 3682 3068 haec

2097 3093 2337 3150 namque
2355 3077 2582 3150 pendent
2607 3094 2674 3133 ex
2700 3080 2885 3135 altero.
2919 3081 3189 3150 Siquidem
3223 3083 3431 3137 habitus
3459 3081 3682 3150 alicujus

2097 3149 2172 3220 rei
2221 3147 2435 3203 habitus
2477 3148 2702 3215 dicitur,
2754 3161 2807 3204 et
2855 3147 3066 3206 affectio
3108 3154 3330 3219 alicujus
3375 3153 3441 3206 ad
3482 3147 3680 3220 aliquid

2095 3217 2306 3272 atl'cctio
2325 3260 2340 3284 ,
2371 3228 2425 3272 et
2448 3221 2667 3274 scientia
2698 3231 2751 3273 et
2779 3222 2969 3287 positio
2994 3231 3047 3278 et
3070 3217 3260 3277 sensus
3286 3223 3445 3278 simili
3474 3217 3681 3278 ratione

2097 3299 2405 3362 noscuntur.
2445 3290 2560 3344 Non
2590 3309 2686 3346 nos
2721 3303 2897 3346 autem
2931 3295 3232 3361 perturbet,
3264 3293 3404 3362 quod
3435 3293 3680 3362 quzedam

2099 3360 2254 3432 hujus
2300 3364 2582 3430 categorias
2629 3378 2748 3416 esse
2802 3360 3114 3430 narrantur,
3168 3360 3298 3431 (μιέὲ
3335 3373 3384 3418 et
3437 3360 3682 3432 qualitati

2095 3431 2344 3485 videntur
2366 3447 2484 3488 esse
2509 3433 2808 3501 conjuncta.
2850 3434 3067 3490 Habitus
3105 3437 3246 3490 enim
3288 3443 3342 3490 et
3382 3431 3592 3490 atl'éctio
3627 3445 3682 3487 et

2097 3503 2316 3573 scientia
2348 3512 2402 3558 et
2426 3513 2616 3560 caztera
2644 3520 2762 3573 qua:
2791 3520 2915 3560 cum
2950 3506 3032 3560 his,
3068 3506 3206 3560 dicta
3250 3514 3402 3571 sunt,
3442 3505 3682 3573 qualitati

2097 3572 2341 3628 videntur
2373 3574 2602 3630 maxime
2629 3572 2936 3630 convenire.
2982 3577 3089 3631 Sed
3126 3572 3479 3638 differentiam
3519 3575 3682 3630 debe—

2097 3659 2217 3698 mus
2231 3643 2533 3728 advertere,
2555 3661 2659 3724 qua
2681 3645 2763 3700 hie
2787 3645 2906 3699 dua:
2928 3648 3230 3716 categorias,
3258 3646 3308 3706 id
3333 3659 3412 3702 cst
3433 3646 3676 3728 qualitas,

2097 3725 2149 3770 et
2178 3714 2244 3770 ad
2281 3714 2508 3783 aliquid,
2541 3719 2654 3771 sive
2690 3726 2800 3786 πρὸς
2837 3742 2885 3771 τι
2915 3731 2994 3772 καὶ
3024 3714 3253 3781 πὶιὸτης,
3289 3734 3320 3772 a
3358 3733 3417 3772 se
3453 3714 3679 3772 invicem

2098 3795 2429 3857 separantur.
2459 3785 2678 3853 Quoties
2702 3789 2844 3840 enim
2873 3790 3092 3842 scientia
3124 3788 3406 3857 cujuslibet
3443 3786 3522 3843 rei
3561 3801 3682 3857 qua

2098 3856 2167 3911 sit
2195 3857 2422 3927 scibilis,
2463 3857 2681 3912 scientia
2710 3857 2932 3922 dicitur,
2974 3867 3030 3914 et
3057 3856 3248 3916 sensus
3279 3861 3354 3914 rei
3385 3858 3530 3926 ejus,
3562 3856 3682 3927 quae

2099 3928 2167 3982 sit
2187 3926 2475 4000 sensibilis,
2505 3943 2694 4000 sensus
2717 3927 2940 4000 dicitur;
2969 3937 3094 3984 tunc
3119 3932 3184 3984 ad
3207 3929 3402 4000 aliquid
3423 3926 3683 4000 debemus

2099 3999 2384 4070 accipere:
2406 4008 2604 4070 atcum
2628 3999 2846 4070 scientia
2869 4009 2960 4055 aut
2978 4001 3256 4070 disciplina
3281 3999 3387 4056 non
3408 3999 3487 4056 rei
3506 3999 3684 4068 cujus-

2101 4069 2248 4134 libet,
2279 4068 2372 4125 sed
2404 4067 2629 4125 hominis
2655 4069 2876 4138 dicitur,
2902 4067 3208 4140 qi.ialitatetn
3237 4071 3493 4126 debemus
3518 4067 3682 4140 agno-

2099 4155 2269 4210 scere.
2314 4140 2440 4195 Haec
2479 4148 2564 4196 est
2605 4141 2814 4196 interim
2855 4141 3187 4207 ditfercutia,
3224 4143 3350 4198 licet
3385 4142 3427 4198 si
3467 4141 3684 4210 proprie

2101 4209 2237 4281 hanc
2261 4211 2616 4280 categoriam,
2663 4227 2782 4280 qua:
2824 4212 2890 4266 ad
2934 4213 3134 4281 aliquid
3173 4213 3398 4277 dicitur,
3437 4209 3684 4266 volumus

2100 4280 2342 4347 delinire,
2373 4291 2428 4333 ut
2453 4297 2480 4335 a
2509 4285 2718 4337 caeteris
2747 4283 3128 4408 separeturﬁin
3157 4298 3343 4338 omnes
3371 4283 3513 4337 enim
3539 4282 3685 4337 vide-

2100 4359 2184 4404 tur
2213 4352 2548 4408 incurrere);
2575 4353 2680 4408 alio
2711 4354 2870 4408 modo
2897 4370 3014 4408 eam
3083 4355 3268 4408 efinirc
3292 4353 3585 4408 debemus.
3616 4370 3685 4407 ne

2100 4359 2184 4404 tur
2213 4352 2548 4422 incurrere);
2575 4353 2680 4408 alio
2711 4354 2870 4408 modo
2897 4370 3014 4409 eam
3047 4352 3268 4410 definire
3292 4353 3585 4416 debemus,
3616 4370 3685 4407 ne

2101 4435 2314 4492 semper
2355 4437 2540 4491 parum
2581 4423 3044 4478 considerantibus
3081 4440 3232 4480 error
3269 4424 3684 4491 nriatuquunc

2100 4507 2228 4561 ergo
2261 4501 2314 4547 et
2349 4507 2473 4547 vere
2508 4501 2564 4548 et
2601 4495 2812 4562 proprie
2842 4494 2906 4547 ad
2935 4495 3128 4564 aliquid
3157 4495 3380 4560 dicitur,
3421 4510 3540 4551 cum
3585 4495 3685 4550 sub

2103 4579 2208 4636 uno
2232 4573 2353 4636 ortu
2379 4570 2548 4636 atque
2563 4578 2758 4618 occasu
2776 4606 2792 4629 ,
2823 4574 2877 4619 et
2904 4564 2953 4619 id
2979 4565 3121 4634 quod
3142 4566 3380 4636 jungitur
3397 4605 3414 4632 ,
3445 4575 3498 4621 et
3527 4565 3578 4619 id
3599 4565 3684 4620 cui

2095 4634 2351 4704 jungitur,
2377 4635 2642 4707 invenitur
2665 4652 2678 4686 z
2705 4643 2760 4707 ut
2779 4645 2904 4707 puta
2925 4651 3111 4693 servus
3131 4634 3181 4692 et
3201 4634 3468 4700 dominus,
3490 4644 3685 4692 utrum-

2100 4722 2202 4775 que
2227 4707 2303 4758 τοι
2330 4706 2485 4759 simul
2518 4713 2631 4766 est,
2665 4705 2748 4760 vel
2774 4705 2931 4760 Simul
2959 4723 3061 4760 non
3089 4716 3186 4764 est.
3221 4707 3428 4763 Etenim
3452 4721 3575 4762 cum
3595 4707 3684 4761 do-

2103 4778 2301 4830 minum
2324 4775 2542 4842 dixeris,
2563 4777 2866 4832 necessario
2887 4779 3080 4832 existet
3101 4786 3153 4832 ct
3171 4792 3386 4844 servus;
3411 4792 3532 4833 cum
3555 4791 3684 4834 vero

2100 4847 2371 4902 dominum
2393 4847 2598 4912 tuleris,
2617 4862 2715 4902 nec
2735 4863 2921 4904 servus
2937 4857 3174 4918 apparet.
3193 4847 3446 4904 Similiter
3462 4847 3683 4917 duplum

2099 4926 2153 4974 et
2181 4917 2427 4987 simplum
2450 4959 2463 4982 ,
2501 4918 2814 4989 alterutrum
2857 4934 2915 4974 se
2952 4917 3035 4980 vel
3078 4919 3345 4989 perimunt
3382 4919 3466 4974 vel
3503 4928 3677 4989 osten-

2100 4991 2230 5044 dunt
2263 4986 2594 5058 :iapparcnte
2619 4989 2762 5044 enim
2792 4988 2972 5058 duplo,
3005 4986 3240 5046 nascitur
3268 4990 3550 5060 simplum;
3579 4986 3680 5060 du-

2123 5061 2188 5127 ilo
2218 5070 2468 5128 pereunte
2489 5101 2502 5122 ,
2533 5075 2631 5114 nec
2659 5059 2905 5128 simplum
2937 5061 3129 5129 poterit
3164 5058 3494 5131 permanere.
3524 5058 3685 5131 Simi-_

2124 5132 2324 5199 iterque
2364 5133 2406 5185 si
2447 5131 2693 5200 simplum
2741 5148 2842 5184 non
2892 5132 2990 5197 sit,
3031 5146 3131 5187 nec
3165 5129 3390 5200 duplum
3417 5139 3531 5196 est;
3556 5129 3684 5186 atsi

2100 5202 2345 5265 simplum
2381 5200 2556 5268 fuerit,
2587 5212 2641 5255 et
2668 5201 2883 5270 duplum
2911 5201 3210 5258 necessario
3231 5201 3521 5271 apparebit.
3549 5201 3683 5271 Spe-

2100 5271 2303 5346 ciaiiter
2330 5281 2516 5346 tamen
2546 5287 2607 5326 ac
2632 5273 2965 5346 regulariter,
2997 5282 3051 5326 ut
3080 5271 3196 5328 haec
3222 5273 3487 5346 categoria
3515 5271 3685 5346 mani-

2100 5342 2283 5396 festius
2310 5342 2668 5412 dignust-ator,
2693 5343 2805 5398 haec
2836 5345 2915 5398 via
2934 5352 3054 5413 est.
3085 5358 3188 5413 qua
3214 5343 3469 5398 debemus
3497 5342 3685 5399 adver—
3715 5342 3732 5402 ί

2100 5423 2234 5472 tere.
2262 5430 2364 5466 non
2383 5424 2529 5469 recte
2547 5414 2652 5468 dici
2671 5415 2736 5468 ad
2753 5411 2973 5483 aliquid,
2996 5411 3234 5469 nisi‘cum
3266 5423 3544 5471 καθέκαστον
3572 5423 3685 5484 πρὸς

2101 5493 2380 5556 audi-laesam:
2404 5487 2708 5556 ἀναφέρεται,
2735 5489 2832 5541 hoc
2849 5495 2928 5539 est
2949 5486 3216 5555 singulare
3233 5485 3297 5539 ad
3316 5485 3581 5556 singulare
3598 5501 3676 5540 re-
3715 5495 3726 5518 ν

2103 5521 2296 5538 mu...“
2311 5521 2378 5538 ,ιη
2404 5521 2502 5538 νη...-
2529 5521 2708 5556 ςμιυιι,
2735 5521 2831 5541 ..νυ
2849 5521 2928 5539 ω.
2949 5521 3172 5555 magum.
3187 5521 3216 5539 υ
3233 5521 3297 5539 ..ιι
3316 5521 3536 5556 magum.
3550 5521 3581 5540 υ
3598 5521 3676 5540 ,υς

2103 5557 2282 5609 fertur.
2311 5554 2366 5609 Si
2392 5521 2604 5624 quidem
2634 5572 2754 5610 cum
2801 5558 3024 5612 dicimus
3067 5557 3285 5625 duplum
3310 5598 3326 5622 ,
3367 5558 3482 5610 sine
3522 5556 3685 5613 dubio
3715 5561 3719 5570 '

2101 5642 2204 5679 non
2242 5627 2579 5694 generaliter,
2608 5627 2700 5681 sed
2728 5627 3030 5695 Specialiter
3058 5628 3161 5682 hoc
3189 5627 3407 5696 duplum
3432 5627 3680 5694 dicimus,

2101 5707 2154 5752 et
2183 5697 2337 5766 hujus
2365 5699 2535 5766 simpli
2569 5697 2788 5767 duplum
2818 5699 3064 5752 dicimus.
3111 5701 3188 5754 Ac
3235 5709 3514 5768 propterea
3562 5707 3684 5752 tunc

2102 5785 2224 5824 vere
2266 5769 2333 5822 ad
2379 5769 2574 5840 aliquid
2618 5771 2883 5840 categoria
2920 5780 3033 5836 est,
3064 5767 3296 5842 quoties,
3322 5769 3470 5826 verbi
3493 5767 3679 5838 gratia,
