4138 6364
383 369 522 426 ηδτ

385 495 543 556 quem
570 477 618 540 si
652 476 774 550 quis
796 475 1029 556 potuerit
1066 466 1573 556 invenirendesidim
1600 467 1971 556 noostrrec‘ulpa

387 538 496 610 rion
519 538 646 618 erit,
668 538 1166 620 cum-PlriloSOpbus
1195 541 1562 620 ips_e__lil_ierum
1593 538 1854 620 dimiserit
1880 552 1969 620 ar-

386 608 605 682 bitrium
633 608 1056 690 inquirentibus.
1084 608 1242 690 Sane
1276 611 1402 690 ill_ud
1445 611 1663 690 verbum
1693 608 1843 690 multi
1875 608 1970 690 do-

385 680 592 754 ctorum
613 680 885 761 respuunt,
906 700 1063 759 alque
1083 683 1370 761 improprie
1396 680 1619 761 proferri
1637 680 1967 761 conﬁrmant,

385 751 507 824 cum
530 751 724 820 mulier
752 751 949 815 habere
975 751 1219 812 maritum
1247 751 1440 807 dicitur
1465 791 1480 818 ,
1509 751 1593 805 vel
1619 752 1700 804 vir
1725 764 1969 824 uxorem,

384 819 470 892 vel
498 819 646 905 pater
677 832 840 905 ﬁlium
863 872 879 905 _,
906 829 989 905 vel
1016 828 1155 882 ﬁlius
1178 825 1464 905 genitorem
1478 839 1502 905 ¹;
1531 831 1809 905 propterea
1825 819 1973 905 Aquod

376 891 628 966 asserunt
655 921 758 974 non
792 891 972 955 haberi
1002 891 1200 969 posse;
1227 894 1598 974 quod__lta_beat
1647 891 1970 974 habentem:

384 961 492 1034 aed
507 977 701 1032 rectius
716 973 819 1028 dici
837 961 1112 1026 autumant
1129 961 1260 1044 esse
1277 966 1482 1044 mulieri
1509 965 1707 1044 virum,
1726 961 1815 1042 vel.
1839 977 1972 1014 uxoo

382 1033 498 1103 rem
534 1047 650 1100 viro
665 1059 784 1100 esse
807 1085 822 1106 ,
849 1053 1056 1112 patrem
1093 1041 1198 1112 tilio
1224 1053 1341 1112 esse
1362 1078 1377 1103 ,
1433 1034 1640 1089 famulis
1676 1033 1968 1112 dominum.

382 1117 656 1188 Siquidem
684 1104 836 1183 hujus
851 1104 1011 1188 'verbi
1040 1112 1154 1188 vim
1183 1109 1234 1188 in
1259 1108 1358 1162 hoc
1379 1122 1496 1188 esse
1528 1104 1888 1188 contendunt,
1914 1110 1973 1158 ut

384 1173 686 1261 sigbiﬁcare
714 1173 820 1241 non
854 1184 1037 1254 possit,
1065 1190 1120 1238 et
1144 1180 1337 1235 habere
1361 1178 1588 1245 aliquem
1615 1184 1668 1228 et
1696 1173 1896 1229 haberi.

581 1279 808 1336 CAPUT
849 1275 1008 1333 XVII.
1037 1303 1110 1318 --
1143 1271 1222 1327 De
1262 1267 1791 1341 postprazditamentis.

455 1361 695 1419 Tandem
720 1358 871 1430 quasi
895 1357 1069 1426 magni
1091 1352 1334 1430 aequoris
1352 1350 1484 1405 freta
1512 1347 1847 1430 transgressi,
1878 1359 1969 1401 ca-

389 1435 709 1505 tegoriarum
739 1420 1017 1505 numerum
1060 1420 1488 1505 terminavimus.
1519 1429 1575 1474 ut
1604 1420 1834 1505 arbitror
1861 1432 1970 1505 opu

384 1489 768 1562 insuasibiliter
797 1499 998 1572 doctis,
1030 1497 1159 1550 satis
1208 1509 1332 1547 vero
1369 1493 1512 1572 clare
1546 1491 1843 1572 volentibus
1886 1489 1970 1572 5n-

387 1560 540 1632 scere
568 1591 582 1626 τ
614 1573 705 1626 sed
755 1560 998 1641 quadam
1029 1575 1250 1641 restant,
1283 1579 1416 1641 qua).
1430 1563 1628 1617 calcem
1661 1561 1778 1641 libri
1812 1560 1970 1641 hujus

381 1661 480 1702 nos
507 1655 725 1714 tangere
744 1634 1132 1714 contradicunt.
1161 1637 1291 1690 Nam
1320 1643 1374 1690 et
1404 1634 1456 1687 in
1483 1634 1764 1700 categoriis
1790 1634 1971 1714 ξίιιςζιιτ

380 1719 446 1773 lis
472 1716 538 1771 de
563 1710 936 1770 contrarietate
966 1717 1245 1764 tractatum
1283 1714 1385 1784 est,
1415 1720 1534 1758 cum
1562 1718 1683 1784 qan
1707 1710 1972 1784 reciperet

392 1771 741 1849 contrarium,
766 1794 951 1852 etquae
976 1771 1593 1852 respueretdiceremus.
1615 1771 1812 1826 Tamen
1842 1771 1969 1852 quid

382 1842 448 1913 sit
472 1859 641 1927 ipsum
673 1842 1019 1927 contrarium,
1045 1842 1218 1927 nullus
1234 1849 1405 1902 adhuc
1425 1853 1683 1927 tractatus
1699 1842 1930 1923 ostendit
1952 1859 1965 1896 :

380 1940 432 1985 et
478 1923 652 1982 adhuc
699 1925 942 1996 quaedam
980 1923 1139 1996 verba
1183 1925 1477 1996 remanent,
1522 1927 1868 1996 quorum_vts
1907 1927 1971 1967 ac

384 1984 682 2073 prOprietas
717 1984 920 2050 'debeat
967 1991 1237 2072 explicari.
1267 1990 1379 2073 Qua
1407 1987 1474 2041 de
1511 1984 1672 2073 causa
1701 1984 1768 2038 ad
1805 1997 1972 2053 oppo-

382 2062 604 2126 sitornm
637 2076 913 2122 tractatum
943 2062 1300 2118 necessarium
1328 2067 1680 2112 transeamus.

379 2160 602 2218 CAPUT
622 2155 957 2216 XVIll.—De
971 2155 1236 2226 appositis.
1249 2151 1372 2206 Tres
1383 2149 1568 2217 species
1579 2145 1966 2202 contrariorum.

449 2251 824 2321 Oppositorum
853 2245 1062 2321 species
1084 2247 1449 2321 quatuornsunt
1481 2254 1492 2290 :
1518 2235 1969 2321 opponiturnam-

379 2309 864 2393 qtte'aliud__alteri
889 2309 1144 2393 primo,
1177 2320 1266 2364 aut
1305 2309 1469 2393 figura
1502 2309 1924 2393 ejuscategorize
1948 2349 1963 2373 ,

382 2381 500 2463 qua:
543 2392 609 2445 ad
648 2387 847 2463 aliquid
873 2381 1095 2449 dicitur;
1139 2381 1412 2443 secundo,
1445 2385 1552 2459 oaut
1579 2381 1965 2463 contrariorum

383 2447 544 2518 modo
571 2479 585 2525 ;
610 2447 786 2518 tertio.
811 2465 903 2512 aut
926 2447 1135 2520 eorum,
1151 2467 1391 2525 quorum
1413 2449 1548 2502 circa
1577 2463 1673 2525 nos
1697 2462 1814 2525 esse
1839 2447 1968 2501 dici-

380 2517 466 2588 tur
495 2517 704 2586 habitus
748 2529 830 2583 vel
873 2527 1095 2598 privatio
1123 2517 1385 2594 (habitum
1427 2535 1555 2598 sane
1600 2517 1701 2571 hoc
1745 2519 1967 2598 lpcoHex

383 2587 633 2658 habendo
671 2587 928 2655 debemus
969 2587 1242 2668 accipere,
1254 2607 1389 2668 _non_
1427 2599 1482 2642 ut
1524 2589 1576 2641 in
1607 2587 1967 2668 superioribus

381 2672 717 2730 deﬁnivimus
740 2712 756 2735 ,
786 2684 905 2724 esse
949 2661 1184 2720 habitum
1215 2661 1550 2735 aﬁ‘ectionem
1574 2661 1737 2712 animi
1773 2673 1964 2735 quam-

383 2744 504 2800 dam
537 2733 948 2810 sempiternam)
971 2755 984 2800 ;
1011 2745 1198 2805 quarto
1225 2733 1401 2810 modo,
1424 2747 1544 2810 cum
1567 2738 1656 2782 aut
1684 2733 1967 2810 conﬁrma-

381 2798 500 2870 mus
524 2798 743 2882 aliquid,
771 2809 854 2864 vel
880 2798 1134 2877 negantus
1163 2822 1176 2860 :
1206 2813 1264 2856 ut
1294 2802 1436 2856 verbi
1464 2815 1641 2882 causa,
1670 2798 1738 2853 ab
1731 2800 1828 2882 “iis
1848 2815 1968 2867 qua:

384 2868 456 2940 id
500 2868 702 2953 aliquid
730 2868 1012 2954 'dicuntu‘r,
1057 2871 1682 2954 ponamus_exemplutn.
1718 2868 1966 2954 Brittium

385 2940 684 3025 oppositum
714 2951 922 3006 videtur
950 2940 1166 3025 duplum
1192 2941 1403 3010 simplo,
1433 2941 1516 3025 vel
1539 2948 1689 3025 pater
1714 2940 1969 3025 ﬁlio.‘Se-

383 3010 615 3082 cundum
661 3037 789 3078 vero
836 3010 1221 3076 contrariorum
1259 3013 1557 3080 exemplum
1612 3011 1752 3089 s‘itL
1768 3010 1965 3089 malum

386 3077 828 3152 bouof'l‘ertium
867 3104 1052 3146 eorum
1084 3099 1294 3162 quoque
1326 3077 1458 3162 quin
1500 3077 1872 3162 per-habitum
1915 3087 1970 3133 et

385 3148 730 3238 privationem
757 3163 1025 3238 dicuntur,
1054 3148 1188 3238 sicut
1211 3148 1425 3238 'czecitas
1451 3148 1683 3238 et'v'isio.
1708 3148 1966 3238 quartum

389 3221 599 3293 illorum
623 3238 782 3291 etiam
814 3235 866 3288 in
895 3221 1084 3302 quibus
1112 3237 1194 3302 est
1219 3226 1429 3302 negatio
1457 3231 1510 3278 et
1527 3221 1830 3302 afﬁrmatio,
1860 3221 1965 3275 sic-

385 3317 464 3375 ut,
498 3309 702 3374 currit,
728 3320 836 3360 non
880 3297 1064 3375 currit.
1095 3297 1368 3375 _l_)is_cretio
1406 3309 1533 3349 vero
1557 3297 1965 3375 contrariorum,

385 3362 648 3435 et'eorum
686 3362 804 3446 qum
839 3373 907 3428 ad
949 3370 1146 3446 aliquid
1172 3369 1418 3446 dicuntur
1440 3406 1456 3434 ,
1487 3362 1967 3446 contemplantibus

385 3433 665 3504 manifesta
693 3433 774 3502 est
803 3463 817 3499 :
850 3446 914 3500 ad
941 3433 1138 3512 aliquid
1166 3439 1307 3493 enim
1335 3436 1469 3490 dicta
1495 3475 1510 3500 ,
1542 3434 1607 3487 de
1631 3433 1728 3514 sibi
1757 3433 1970 3514 opposit-

390 3503 880 3582 tishnominantur;
931 3503 1176 3582 simplum
1223 3521 1450 3586 namque
1489 3505 1788 3586 oppositum
1817 3503 1964 3586 dupli

387 3573 489 3656 est,
539 3600 592 3644 et
637 3573 1187 3657 duplum'oppositum
1219 3573 1392 3645 simpli
1423 3594 1437 3630 :
1468 3573 1731 3657 contraria
1762 3589 1888 3657 vero
1917 3573 1968 3657 id

425 3645 527 3714 uod
558 3645 805 3714 dicun'tur
831 3671 898 3710 ex
925 3645 980 3708 se
1017 3653 1244 3724 habent,
1272 3662 1444 3717 neque
1469 3647 1686 3724 alterius
1713 3645 1966 3724 indigent:

425 3676 527 3714 1100
558 3676 805 3714 αιοιιιιιυι·
831 3676 898 3710 ex
925 3676 980 3708 SB
1017 3676 1231 3715 ιιειιιιςιιι,
1273 3676 1444 3717 lthuc
1469 3676 1591 3700 auct
1605 3676 1686 3698 sua
1713 3676 1966 3714 ιιιυιδῠιιιο

386 3676 516 3799 auis
542 3731 680 3784 enim
713 3729 907 3784 malum
939 3721 1294 3799 bonidixerit,
1326 3726 1415 3799 aut
1439 3717 1558 3786 quis
1579 3717 1776 3770 bonum
1807 3715 1969 3767 mali?

389 3790 514 3857 lia‘c
542 3811 624 3855 est
650 3815 777 3869 ergo
803 3799 988 3870 harum
1008 3794 1230 3870 duarum
1257 3790 1553 3870 specierum
1577 3801 1741 3870 ⁷,ιιιιφ
1776 3800 1839 3839 ex
1870 3799 1960 3870 opf

389 3855 576 3943 positis
607 3855 865 3943 veniunt,
892 3865 1119 3943 dilucida
1147 3855 1365 3943 etclara
1395 3855 1663 3943 discretio.
1695 3855 1810 3938 ipsa
1842 3869 1970 3943 vero

388 3931 652 3998 contraria
696 3940 748 3994 in
795 3931 905 3992 tres
939 3937 1142 4011 species
1184 3931 1525 4011 dividuntur;
1552 3937 1642 3980 aut
1681 3931 1970 4011 enimome-

389 3997 528 4068 diata
555 4021 695 4069 sunt.
729 4009 780 4063 id
811 4019 893 4063 est
914 4048 929 4071 ,
963 3997 1159 4078 habent
1204 3999 1584 4078 aliquidjntcr
1611 4012 1667 4050 se
1697 3997 1963 4078 medium;

389 4093 480 4140 aut
507 4084 622 4139 sine
652 4081 861 4144 medio;
909 4069 1000 4130 aut
1025 4084 1081 4129 ut
1110 4075 1161 4128 in
1207 4069 1542 4144 quibusdam
1572 4069 1769 4144 reperit
1811 4070 1965 4135 ratio,

389 4138 587 4208 habent
614 4151 827 4222 quidem
849 4138 1108 4209 'medium,
1137 4138 1239 4222 sed:
1257 4142 1369 4211 ejus
1397 4138 1708 4222 vocabulum
1746 4153 1970 4222 nonﬁp.

390 4206 689 4294 paret,nisi
713 4222 988 4294 utriusque
1013 4206 1239 4294 oppositi
1262 4206 1539 4294 negatione
1564 4209 1835 4294 consistat.
1859 4206 1970 4294 lite:

389 4281 528 4350 diata
549 4281 702 4362 'ergo
753 4300 875 4345 sunt
904 4281 1270 4362 'bzecialbum
1317 4291 1388 4362 et.
1422 4281 1631 4348 nigrum
1652 4321 1666 4344 ,
1691 4281 1830 4362 inter
1852 4292 1971 4362 quze

389 4348 599 4435 quando
625 4348 768 4435 nasci
795 4369 966 4435 potest
988 4348 1236 4428 pallidum
1260 4351 1589 4435 velfuscum,
1613 4348 1974 4435 medialabmc

387 4424 625 4506 opposita
647 4424 911 4506 dicuntur.
928 4424 1054 4496 Quae
1074 4443 1200 4506 vero
1223 4424 1446 4506 ntediata
1463 4429 1603 4482 sunt,
1629 4433 1972 4506 non‘necesse

391 4495 474 4561 est
499 4521 659 4561 unum
685 4504 752 4557 de
775 4495 980 4556 duobus
1014 4497 1269 4568 oppositis
1297 4495 1347 4547 in
1379 4505 1604 4570 corpore
1631 4495 1897 4570 reperiri}
1923 4495 1972 4570 si

391 4559 766 4642 enimnigrum
790 4588 896 4627 non
922 4559 1098 4635 fuerit,
1123 4574 1293 4643 potest
1319 4579 1435 4643 esse
1460 4562 1698 4643 fuscum,
1718 4568 1806 4612 aut
1831 4559 1873 4612 si
1889 4559 1971 4613 al-

394 4631 519 4701 bum
545 4631 770 4698 deﬁterit
795 4685 810 4707 ,
843 4631 1094 4712 pallidum
1124 4631 1320 4707 poterit
1345 4632 1590 4712 inveniri.
1636 4631 1706 4684 At
1736 4644 1863 4683 vero
1906 4644 1970 4683 ex

403 4717 485 4771 bis
525 4711 924 4786 Oppositisqua:
955 4712 1179 4786 mediata
1215 4723 1317 4761 non
1354 4711 1706 4786 s_unt,unurn
1756 4715 1974 4786 necesse

396 4798 478 4842 est
502 4771 742 4841 accidere
766 4771 839 4836 de
862 4782 1085 4841 duobus,
1112 4788 1166 4832 ut
1204 4785 1287 4830 est
1313 4776 1455 4829 salus
1479 4782 1533 4826 et
1559 4771 1832 4841 mgritndo.
1866 4772 1970 4824 llo-

395 4873 512 4913 rum
540 4856 771 4910 medium
796 4852 925 4906 nihil
953 4857 1330 4923 estpropterea
1353 4845 1493 4914 quod
1516 4852 1604 4896 aut
1627 4845 1850 4923 salutem
1880 4856 1976 4896 ne-

397 4943 546 4984 cesse
573 4935 672 4990 est,
701 4932 790 4977 aut
814 4920 1177 4994 mgritudinem
1211 4918 1434 4994 humana
1466 4918 1970 4994 corporaretinere.

397 5001 465 5054 At
497 5000 582 5052 illa
613 4984 802 5066 quibus
823 4984 903 5066 est
931 4992 1142 5062 quidem
1169 4988 1422 5066 medium,
1453 4984 1715 5066 sedcaret
1738 4984 1971 5066 nomine,

399 5070 500 5125 nisi
534 5054 655 5122 huic
679 5054 1041 5134 oppositurum
1071 5061 1348 5134 negatione
1378 5058 1654 5134 formetur,
1684 5063 1807 5134 sunt
1838 5054 1970 5134 lia-c,

393 5123 568 5212 justus
593 5149 647 5190 et
677 5123 902 5204 injustus
932 5151 944 5187 :
973 5145 1056 5212 est
1083 5123 1280 5212 aliquid
1305 5129 1357 5182 in
1391 5125 1588 5212 medio,
1607 5123 1716 5212 sed
1735 5123 1973 5212 nonglta:

403 5202 493 5266 bet
524 5202 754 5269 nomen;
783 5213 941 5274 atque
971 5205 1090 5258 ideo
1133 5202 1406 5276 utriusque
1436 5202 1660 5276 oppositi
1689 5202 1900 5276 negatio
1925 5202 1975 5248 ei

403 5265 716 5336 vocabulum
744 5265 893 5331 creat
919 5315 935 5339 ,
970 5284 1023 5328 ut
1051 5289 1149 5328 nec
1169 5265 1392 5344 justum,
1427 5282 1524 5320 nec
1552 5265 1805 5344 injustum
1835 5265 1975 5317 dica-

399 5369 516 5409 mus
541 5351 614 5416 id,
647 5349 784 5419 quod
815 5357 892 5420 est
918 5341 1344 5420 ntediuttt.‘Ntttic
1370 5341 1711 5420 eanopposita
1742 5352 1859 5420 quae
1885 5351 1976 5420 per

401 5411 638 5478 habitum
665 5411 1138 5488 'privationetnqne
1182 5413 1348 5488 ﬁunt,
1377 5411 1678 5488 diligentius
1724 5414 1977 5488 retracte-

401 5510 518 5549 mus
550 5512 562 5546 :
594 5494 644 5546 in
679 5483 758 5544 his
789 5504 1016 5557 namque
1041 5483 1310 5560 observari
1356 5489 1596 5560 Oportet,
1617 5485 1675 5531 ut
1701 5483 1807 5531 sint
1827 5486 1975 5560 utra-

401 5583 500 5635 que
531 5565 584 5619 in
605 5562 793 5635 eodem
822 5553 1032 5635 negotio
1056 5599 1070 5620 ,
1100 5558 1153 5610 in
1180 5555 1364 5635 eodem
1397 5553 1516 5635 loco
1540 5591 1554 5616 ,
1584 5553 1635 5635 in
1669 5558 1977 5635 opportuno

403 5627 660 5704 tempore.
702 5634 755 5686 In
795 5627 983 5684 eodem
1035 5627 1245 5704 negotio
1267 5633 1447 5704 sunt,
1478 5627 1688 5704 caecitas
1717 5627 1974 5704 eluvisio;

402 5709 454 5762 in
483 5694 708 5760 videndo
727 5706 887 5768 enim,
908 5713 960 5757 et
992 5704 1040 5756 in
1071 5694 1176 5756 non
1197 5700 1426 5755 videndo
1443 5697 1756 5768 consistunt.
1779 5694 1907 5768 Haec
1926 5703 1980 5768 et

403 5779 455 5833 in
475 5779 660 5834 eodem
686 5777 802 5830 loco
831 5767 984 5838 sunt;
1009 5776 1217 5844 utrique
1244 5784 1472 5840 namque
1497 5775 1550 5822 et
1568 5767 1789 5844 ctu-itali
1821 5774 1872 5821 et
1897 5767 1977 5821 vi-

399 5850 538 5912 εἰοιιί
566 5849 619 5909 in
639 5847 815 5906 oculis
838 5848 985 5903 locus
1009 5857 1108 5905 est.
1136 5838 1356 5902 Maxime
1382 5838 1554 5898 tamen
1587 5839 1637 5894 in
1668 5838 1749 5894 bis
1777 5852 1974 5912 oppor-

1858 351 2214 410 APPENDIX.

3521 367 3659 432 1458

2081 467 2277 540 trinitas
2308 467 2563 540 temporis
2602 469 2856 540 quaeritur
2887 488 2901 525 :
2937 485 3093 527 nemo
3119 475 3260 531 enim
3305 486 3450 536 recte
3477 483 3658 540 calvus

2078 537 2290 616 dicitur,
2323 537 2428 592 nisi
2449 539 2597 616 _in_eo_
2621 537 2911 616 iempore,
2935 559 3043 616 quo
3069 545 3289 616 capillos
3319 548 3515 606 habere
3561 537 3657 610 de;

2079 608 2281 688 buerit,
2315 627 2419 663 non
2449 610 2696 688 habebit:
2732 608 2842 667 inec
2870 608 2984 688 sine
3011 608 3256 670 dentibus
3282 657 3296 684 ,
3329 635 3486 688 quem
3516 608 3654 678 νωδόν

2079 678 2246 755 Grreei
2277 682 2766 755 vocant,__infantem
2796 683 3072 754 quisquam
3102 678 3296 755 poterit
3321 678 3500 747 dicere
3523 710 3644 748 eum

2077 751 2159 829 cui
2201 749 2391 829 dentes
2432 751 2605 806 adhuc
2651 763 2781 807 aetas
2815 749 2987 829 parva
3035 749 3334 826 denegavit.
3380 760 3654 829 Siquidem

2076 821 2322 898 privatio,
2349 839 2466 892 qua:
2489 821 2864 898 κιῖιξοερέρηᾳὶς
2885 825 3094 898 dicitur,
3119 821 3253 898 hanc
3276 830 3380 883 vim
3405 821 3568 898 tenet,
3598 845 3656 889 ut

2075 892 2326 966 OSIendat
2350 894 2637 966 quemlibet
2663 892 2910 949 habuisse
2937 897 3131 966 aliquid
3163 914 3256 966 per
3283 910 3521 955 naturam
3549 892 3565 964 ξ
3597 916 3652 960 et

2077 978 2182 1015 non
2209 962 2422 1037 habere.
2450 962 2592 1017 Inter
2619 965 2731 1037 haec
2758 962 3062 1020 meminisse
3093 962 3190 1022 nos
3210 971 3475 1037 convenit,
3507 962 3649 1030 aliud

2076 1047 2192 1087 esse
2223 1034 2475 1088 visionem
2502 1045 2555 1089 et
2578 1034 2887 1100 Carcitutem,
2918 1038 3054 1090 aliud
3091 1040 3282 1095 habere
3313 1034 3567 1097 visionem
3599 1055 3656 1100 et

2075 1117 2134 1157 ea
2164 1107 2620 1182 esse-privatum;
2655 1121 2720 1160 ne
2747 1107 2940 1182 si_|i:rc_
2971 1109 3158 1182 eadem
3188 1112 3649 1182 essejudicemus,

2074 1175 2320 1254 confundi
2349 1176 2484 1230 ratio
2511 1177 2766 1230 videatur.
2792 1177 2940 1254 Quod
2970 1180 3013 1232 si
3034 1181 3150 1249 quis
3181 1182 3279 1238 hoc
3299 1175 3518 1237 dubium
3547 1175 3647 1254 pu;

2075 1253 2151 1324 tat
2170 1286 2183 1307 ,
2212 1256 2302 1299 aut
2330 1259 2781 1324 pa_r_um_certum,
2811 1249 2934 1324 quid
2963 1266 3228 1320 quamque
3261 1269 3372 1307 rem
3404 1249 3654 1324 sequatur

2074 1314 2348 1370 advertat:
2392 1318 2598 1393 Etenim
2627 1320 2668 1371 si
2696 1314 3002 1393 essetidern
3033 1314 3202 1377 cacus
3227 1331 3280 1378 et
3305 1314 3516 1379 caecitas
3537 1366 3553 1393 ,
3584 1326 3652 1384 de

2075 1401 2180 1439 uno
2205 1396 2422 1453 utraque
2446 1389 2750 1442 dicerentur
2778 1409 2789 1442 :
2820 1389 3043 1445 dicimus
3061 1402 3234 1446 autem
3255 1394 3521 1449 hominem
3540 1389 3648 1452 ca:-

2073 1471 2223 1534 cttm_;
2256 1457 2348 1512 sed
2377 1458 2537 1513 homo
2563 1459 2899 1534 dicictecitas
2923 1479 3027 1516 non
3049 1473 3220 1534 potest
3244 1483 3256 1517 :
3282 1466 3449 1519 claret
3471 1466 3648 1534 igitur,

2071 1527 2213 1582 aliud
2243 1544 2438 1582 czecum
2464 1545 2604 1595 esse,
2635 1530 2774 1584 aliud
2803 1527 3114 1588 Caecitatem.
3142 1533 3250 1590 Nec
3291 1527 3571 1592 afﬁrmatio
3598 1527 3651 1593 et

2073 1599 2282 1673 negatio
2337 1600 2504 1673 idem
2533 1609 2634 1673 est,
2663 1602 2801 1673 quod
2850 1613 2971 1657 sunt
3001 1605 3098 1657 sub
3151 1605 3500 1661 affirmatione
3552 1621 3649 1663 ne-

2074 1670 2388 1745 gatidneque
2412 1670 2673 1745 cadentia.
2696 1671 2992 1745 Afﬁrmatio
3009 1677 3149 1729 enim
3178 1677 3288 1730 sive
3312 1679 3540 1745 negatio,
3567 1687 3648 1733 est

2074 1741 2294 1795 verbum
2349 1741 2670 1814 conﬁrmans
2706 1743 2899 1812 aliquid
2942 1753 3031 1798 aut
3094 1762 3320 1814 negans;
3371 1741 3470 1800 alia
3521 1741 3650 1803 vero

2073 1820 2216 1878 sunt,
2247 1827 2363 1879 qua:
2389 1816 2487 1865 sub
2518 1812 2598 1865 his
2629 1812 2969 1868 inveniuntur
2992 1855 3007 1881 ,
3040 1824 3095 1868 ut
3124 1812 3241 1880 est,
3271 1818 3516 1872 Socrates
3533 1819 3650 1872 dis-

2073 1883 2224 1948 serit,
2263 1881 2512 1937 Socrates
2543 1898 2643 1935 non
2673 1884 2904 1936 disserit.
2953 1885 3209 1940 Similiter
3251 1898 3426 1941 tmuen
3471 1890 3650 1943 omnia

2073 1953 2171 2006 sibi
2197 1951 2461 2008 ltabentur
2503 1954 2766 2022 opposita.
2802 1954 3096 2024 Aliquoties
3125 1966 3300 2010 autem
3334 1959 3468 2011 mala
3498 1961 3649 2014 malis

2072 2033 2407 2096 opponuntur
2429 2065 2446 2091 ,
2473 2024 2679 2094 quoties
2699 2029 3086 2096 contrariorum
3129 2028 3298 2080 media
3330 2029 3463 2082 bona
3492 2038 3610 2083 sunt
3633 2070 3647 2096 ,

2073 2103 2130 2145 ut
2159 2103 2239 2147 est
2269 2095 2553 2163 indigentia
2581 2102 2635 2148 et
2676 2095 3046 2160 redundantia,
3097 2113 3214 2166 qua:
3261 2096 3431 2152 Grzeci
3475 2095 3652 2152 eam

2072 2177 2152 2217 και
2174 2171 2457 2238 ,ὑπερϐολὴν-μ
2477 2174 2684 2238 vocant.
2716 2165 2976 2238 iliscnim
3005 2165 3207 2238 duobus
3238 2167 3391 2224 malis
3431 2170 3529 2222 sibi
3557 2186 3653 2238 op-

2071 2235 2289 2358 positis,
2321 2235 2660 2290 mediocritas
2691 2235 2862 2290 media
2907 2237 3188 2306 reperitur.
3221 2239 3368 2292 lianc
3392 2235 3650 2294 rationem

2116 2306 2406 2358 erinatetici
2437 2305 2640 2358 secuti.
2671 2308 2892 2358 virtutes
2923 2307 3122 2358 medias
3149 2324 3269 2358 esse
3297 2310 3565 2358 dixerunt-
3596 2319 3650 2358 ut

2116 2306 2406 2373 eripatetici
2437 2305 2604 2360 secuti
2624 2346 2640 2372 ,
2671 2308 2892 2361 virtutes
2923 2305 3122 2361 medias
3149 2324 3269 2364 esse
3297 2310 3566 2375 dixerunt,
3596 2319 3653 2365 ut

2071 2375 2192 2456 plus
2215 2377 2357 2444 justo
2385 2377 2878 2456 πλεονεξίανμῐιίιιιιδ
2899 2377 3042 2456 j_u_sto
3069 2390 3328 2456 ,εειονιείαν
3365 2379 3610 2456 dicerent
3634 2399 3645 2434 :

2072 2447 2340 2515 interquze
2365 2447 2523 2511 mala,
2549 2447 2775 2500 mediam
2803 2449 3060 2516 justitiam
3087 2449 3412 2504 locaverunt.
3441 2451 3642 2504 Simili-

2071 2526 2152 2571 ter
2183 2519 2318 2571 inter
2345 2518 2645 2589 versutiam
2667 2528 2720 2589 et
2749 2518 3119 2574 hebetudinem
3141 2560 3155 2584 ,
3187 2520 3518 2589 prudentiam
3546 2537 3642 2589 po—

2072 2598 2331 2662 suerunt;
2376 2589 2514 2642 inter
2561 2588 2832 2643 libidinem
2874 2588 3459 2662 insensibilitatemque,
3492 2588 3650 2662 quam

2071 2657 2240 2729 Grceci
2268 2661 2573 2729 ἀνᾳισθησίαν
2602 2669 2811 2725 vocant,
2845 2661 3194 2729 temperantia
3218 2657 3646 2728 constituta—est;

2071 2728 2210 2781 inter
2240 2728 2570 2781 timiditatem
2599 2737 2652 2782 et
2671 2728 2970 2793 audaciam,
2987 2731 3256 2786 fortitudo.
3281 2731 3355 2786 lta
3383 2733 3649 2786 occultum

2069 2798 2338 2871 quoddam
2372 2813 2538 2871 genus
2572 2800 2935 2871 Oppositorum
2977 2803 3172 2870 reperit
3197 2813 3522 2871 perscrutata
3562 2818 3650 2857 ra-

2072 2869 2165 2934 tio,
2189 2879 2247 2922 ut
2271 2868 2532 2922 interdum
2560 2869 2694 2922 mala
2727 2871 2880 2924 malis
2916 2868 3249 2926 inveniantur
3291 2888 3409 2928 esse
3435 2882 3649 2927 contra-

2073 2939 2175 2992 ria.
2215 2939 2345 3013 Sed
2371 2939 2682 3013 Aristoteles
2709 2941 2894 3013 barum
2923 2952 3148 3011 quatuor
3173 2943 3467 3013 specierum
3492 2985 3507 3005 ,
3535 2959 3653 3012 qua:

2072 3023 2136 3062 ex
2165 3009 2424 3080 Oppositis
2440 3010 2678 3080 veniunt,
2704 3009 3052 3080 proprietates
3071 3019 3124 3066 et
3149 3009 3472 3068 diiferentias
3493 3009 3654 3069 latius

2072 3087 2125 3132 et
2176 3079 2359 3153 multis
2399 3077 2570 3153 modis
2613 3077 2935 3153 explicavjt:
2979 3097 3078 3137 nos
3115 3094 3290 3138 autem
3332 3093 3383 3138 et
3412 3099 3577 3153 genus
3604 3092 3657 3138 et

2071 3150 2277 3226 species
2319 3150 2556 3217 posuisse
2595 3150 2856 3226 sufﬁciat,
2886 3166 2952 3206 ne
2981 3153 3352 3209 minutioribus
3385 3150 3650 3226 occupati,

2071 3219 2336 3274 fastidiunt
2364 3220 2676 3273 necessariis
2703 3219 3004 3275 atl‘eramus.

2462 3289 2685 3361 CAPUT
2712 3289 2852 3345 XIX.
2881 3321 2952 3332 -
2980 3290 3054 3345 De
3085 3292 3262 3361 priori.

2142 3360 2383 3435 Quinque
2410 3359 2580 3414 modis
2604 3361 2744 3435 aliud
2785 3362 2953 3435 altero
2986 3359 3132 3433 prius
3156 3363 3351 3417 dicitur
3378 3381 3392 3416 :
3424 3378 3649 3435 quorum

2070 3433 2278 3504 primus
2301 3440 2400 3494 est,
2429 3445 2549 3504 cum
2594 3430 2816 3504 dicimus
2843 3430 3069 3504 aliquem
3104 3442 3338 3504 tempore
3364 3430 3650 3489 seniorem.

2073 3501 2351 3557 Secundus
2393 3501 2582 3574 modus
2625 3511 2746 3569 est,
2797 3501 2849 3558 in
2897 3501 3002 3573 quo
3047 3502 3242 3574 aliquid
3299 3505 3534 3559 nascitur
3584 3522 3649 3560 ex

2075 3575 2284 3642 priore;
2313 3571 2407 3626 sed
2431 3573 2606 3640 priore
2635 3583 2887 3642 pereunte
2909 3571 3196 3628 secundum
3220 3575 3390 3644 perit,
3420 3577 3654 3630 secundo

2072 3651 2331 3714 pereunte
2362 3644 2508 3713 prius
2533 3644 2796 3714 incolume
2824 3654 3152 3713 perseverat;
3185 3655 3240 3699 ut
3271 3654 3354 3700 est
3381 3662 3538 3700 unum
3563 3662 3658 3702 na-

2076 3713 2314 3768 turaliter
2355 3715 2497 3783 prius
2539 3713 2743 3769 duobus
2778 3732 2790 3768 :
2825 3731 2887 3769 ex
2919 3731 2984 3770 eo
3023 3717 3164 3771 enim
3197 3726 3485 3770 nascuntur
3528 3717 3654 3783 duo,

2076 3785 2170 3840 sed
2195 3787 2310 3838 sine
2329 3800 2431 3837 uno
2453 3782 2556 3837 duo
2585 3800 2703 3838 esse
2722 3803 2824 3839 non
2845 3795 3085 3854 possunt,
3114 3789 3228 3842 sine
3249 3787 3458 3842 duobus
3479 3782 3653 3844 status

2075 3856 2231 3909 unius
2275 3865 2482 3920 manet;
2516 3863 2570 3910 et
2603 3855 2810 3910 duobus
2839 3857 3172 3912 exstantibus
3214 3871 3333 3911 esse
3363 3874 3522 3911 unum
3565 3876 3657 3913 ne-

2075 3941 2225 3980 cesse
2254 3934 2354 3989 est,
2388 3941 2494 3979 uno
2524 3941 2650 3979 vero
2671 3936 2958 3994 apparente
2982 3927 3087 3982 duo
3104 3943 3221 3983 esse
3251 3927 3391 3982 nulla
3421 3930 3655 3984 necessi-

2075 4005 2154 4068 tas
2186 3997 2344 4068 cogit.
2395 3995 2578 4068 Tertio
2608 3999 2781 4068 modo,
2809 3997 2942 4051 ordo
2987 3999 3200 4068 quidam
3245 3999 3388 4068 prius
3433 4000 3657 4054 alterum

2076 4067 2226 4122 alteri
2253 4067 2394 4130 facit,
2425 4076 2478 4120 ut
2520 4067 2570 4119 in
2602 4066 2895 4138 disciplinis
2920 4077 2974 4122 et
3005 4066 3213 4123 artibus
3243 4066 3548 4124 liberalibus
3578 4071 3658 4124 in-

2075 4139 2316 4193 venimus
2345 4155 2356 4190 :
2394 4153 2620 4209 namque
2666 4138 2715 4191 in
2747 4140 3089 4207 grammatica
3140 4141 3285 4208 prius
3311 4148 3394 4194 est
3421 4142 3657 4209 singula-

2076 4224 2192 4262 rum
2233 4209 2438 4261 discere
2487 4207 2682 4262 formas
2724 4217 2778 4262 et
2819 4211 3032 4263 nomina
3081 4207 3412 4277 litterarum,
3462 4207 3655 4267 dehinc

2076 4279 2398 4348 syllabarum
2428 4279 2826 4350 conju'nctiones
2851 4295 3170 4350 cognoscere
3190 4321 3206 4347 ,
3236 4287 3348 4336 tum
3373 4283 3654 4338 verborum

2077 4363 2290 4402 sumere
2334 4349 2604 4401 notionem
2657 4366 2671 4402 :
2722 4357 3018 4416 postremus
3066 4351 3220 4404 nobis
3275 4361 3359 4405 est
3401 4354 3658 4408 orationis

2076 4432 2204 4471 usus
2246 4419 2616 4492 assumendus,
2642 4429 2884 4492 propter
2923 4435 3080 4492 quem
3111 4429 3298 4492 cuncta
3320 4423 3436 4490 ejus
3458 4465 3473 4487 ,
3505 4425 3655 4492 quasi

2078 4489 2454 4560 praecurrentia
2497 4488 2757 4560 membra,
2788 4488 3175 4560 cognOscimus.
3219 4491 3288 4546 Et
3315 4488 3366 4546 in
3393 4488 3657 4549 rhetorica

2079 4559 2271 4633 prioris
2302 4559 2463 4633 locus
2505 4558 2756 4633 similiter
2794 4558 3121 4633 collocatur:
3158 4575 3280 4616 nam
3309 4564 3457 4633 prius
3484 4579 3660 4633 proue-

2079 4627 2243 4683 inium
2282 4627 2530 4703 dicimus,
2563 4629 2757 4703 dehinc
2787 4632 3143 4686 narrationem
3170 4673 3182 4693 ,
3215 4627 3334 4702 post
3379 4627 3651 4703 depulsio-

2078 4716 2222 4768 nem,
2241 4709 2362 4773 tum
2389 4702 2842 4773 conﬁrmationem
2865 4717 2880 4765 ;
2910 4711 3211 4771 postremus
3239 4702 3475 4773 epilogus
3503 4705 3657 4772 poni-

2078 4780 2191 4843 tur.
2240 4770 2330 4843 His
2367 4772 2548 4843 igitur
2609 4772 2866 4843 exemplis
2913 4770 3134 4827 tertium
3197 4770 3401 4843 prioris'
3443 4770 3658 4829 modum

2078 4840 2308 4898 sufﬁciat
2349 4840 3021 4910 demonstrasse.Quartus
3069 4840 3412 4898 vero‘modus
3441 4855 3524 4900 est
3552 4861 3658 4900 non

2082 4913 2305 4966 multum
2342 4912 2659 4983 probabilis;
2688 4920 2745 4968 et
2771 4913 2839 4967 ab
2863 4912 2979 4982 ipso
3021 4913 3307 4968 Aristotele
3336 4915 3662 4983 improbatus

2083 4983 2386 5056 exponitur,
2407 4991 2464 5037 ut
2483 4998 2602 5056 cum
2626 4982 2833 5056 fortuna
2859 4983 3104 5056 nteliores
3123 4985 3204 5039 vel
3227 4982 3499 5056 clariores,
3525 4988 3664 5056 prio-

2079 5053 2170 5109 res
2197 5054 2383 5123 vulgus
2412 5055 2608 5110 assolet
2634 5053 2830 5109 dicere.
2855 5053 2960 5107 Sed
2989 5070 3104 5109 mea
3135 5055 3420 5118 sententia,
3451 5053 3537 5111 vis
3561 5059 3662 5112 hu-

2075 5125 2160 5197 jus
2211 5126 2400 5197 prioris
2439 5124 2654 5197 explosa
2685 5134 2785 5179 est.
2828 5125 2908 5197 ιιι
2935 5133 3073 5197 sunt,
3095 5136 3319 5197 quatuor
3343 5127 3458 5197 ejus
3478 5168 3499 5196 ,
3524 5127 3665 5196 quod

2079 5193 2225 5268 prius
2269 5196 2479 5268 dicitur,
2511 5193 2707 5268 modi:
2750 5195 2844 5268 sed
2887 5196 3144 5251 occultior
3194 5193 3406 5266 quidam
3453 5193 3666 5268 quintus

2083 5265 2407 5334 adjungitur,
2463 5265 2670 5336 quoties
2713 5281 2779 5321 ex
2809 5265 3050 5327 duobus.
3082 5265 3296 5336 qum’in
3338 5284 3396 5323 se
3440 5265 3664 5326 invicem

2081 5345 2478 5408 convertuntur,
2505 5335 2632 5390 illud
2655 5347 2737 5393 est
2758 5338 2932 5406 potius
2951 5337 3092 5408 quod
3110 5353 3230 5394 esse
3252 5339 3474 5394 alterum
3501 5340 3624 5398 facit
3653 5361 3665 5398 :

2082 5415 2140 5462 ut
2167 5406 2397 5475 exempli
2443 5408 2631 5477 gratia,
2663 5408 2708 5462 si
2746 5416 2829 5462 est
2875 5406 3035 5463 homo
3058 5449 3072 5474 ,
3107 5419 3250 5464 recte
3279 5409 3504 5470 dicimus
3544 5429 3668 5469 eum

2082 5477 2279 5548 animal
2308 5478 2585 5544 rationale,
2618 5479 2864 5545 mortale,
2896 5480 3036 5533 risus
3063 5494 3248 5548 capax.
3275 5480 3339 5535 Et
3363 5484 3408 5537 si
3439 5498 3559 5537 vera
3589 5494 3670 5540 est

2085 5547 2316 5602 hominis
2346 5549 2443 5602 ista
2472 5549 2712 5604 deﬁnitio
2733 5591 2748 5614 ,
2781 5565 2902 5604 esse
2930 5547 3200 5606 hominem
3228 5568 3413 5608 verum
3459 5564 3558 5613 est.
3594 5555 3667 5609 Ita

2085 5630 2367 5688 utrumque
2395 5619 2448 5674 in
2476 5634 2535 5674 se
2553 5621 2902 5685 convertitur,
2927 5619 3027 5675 hoc
3049 5630 3200 5677 estet
3219 5621 3451 5679 hominis
3484 5641 3662 5681 veram

2085 5710 2215 5750 esse
2247 5695 2607 5751 deﬁnitionem
2635 5737 2648 5759 ,
2693 5705 2747 5752 et
2785 5697 3110 5754 deﬁnitionis
3151 5699 3422 5759 hominem
3461 5717 3643 5758 verum

2085 5765 2189 5822 Sed
2235 5767 2481 5842 quoniam
2535 5767 2776 5842 deﬁnitio
2820 5784 2942 5827 vera
2980 5785 3100 5842 esse
3141 5787 3246 5828 non
3288 5782 3517 5842 poterat,
3564 5774 3667 5830 nisi

2089 5843 2233 5910 prius
2254 5849 2437 5895 natura
2459 5839 2687 5898 hominis
2707 5850 3017 5914 appareret;
3040 5841 3239 5902 idcirco
3255 5839 3319 5902 ex
3343 5844 3424 5903 bis
3437 5839 3674 5915 duobus.
