4138 6364
484 366 626 426 “39

483 498 604 557 qua:
627 483 680 538 in
687 489 864 557 semet
877 481 1115 557 converti
1126 479 1381 557 diximus,
1397 477 1557 534 homo
1568 477 1760 557 prioris
1780 477 1952 557 locum
1983 486 2063 531 tc-

486 549 602 623 uet,
617 553 767 625 cujus
778 552 1368 625 exstantta_d_efi_nitionis
1380 565 1488 625 suae
1501 550 1747 625 exprimit
1759 549 2033 604 veritatem
2042 586 2056 600 .

873 623 1100 679 CAPUT
1137 622 1255 676 XX.
1286 651 1357 662 —-
1386 620 1463 674 De
1501 621 1669 674 simul.

551 693 802 764 Sequitur
840 703 900 748 ut
943 694 1313 763 preprietatem
1359 692 1527 764 verbi,
1578 706 1688 764 quo
1737 689 1902 764 simul
1927 704 2061 764 esse

481 760 725 837 quaedam
756 760 981 820 dicimus
1003 806 1018 829 ,
1043 760 1430 837 exprimamus.
1474 762 1636 837 Ratio
1661 762 1813 837 enim
1857 760 2062 815 videtur

481 832 697 906 Exigere
722 876 736 900 ,
777 845 833 889 ut
862 844 979 906 post
1006 834 1197 902 prioris
1225 843 1500 888 tractatum
1527 832 1593 886 de
1623 832 1704 906 his
1731 833 2056 906 disputetur,

481 902 603 977 (ιυξὲ
623 907 780 961 simul
800 902 918 960 esse
942 905 1236 977 firmantur.
1271 905 1437 977 Simul
1466 919 1593 972 ergo
1620 903 1866 957 dicuntur
1890 902 2060 977 tribus

483 973 658 1032 modis
687 994 699 1030 :
731 992 851 1030 cum
879 975 1127 1045 quaalibet
1154 976 1308 1028 simul
1337 976 1570 1029 existunt
1591 988 1696 1045 uno
1717 983 1956 1045 tempore
1975 973 2059 1045 vei

484 1055 762 1117 apparent,
799 1047 868 1100 ita
894 1043 950 1099 ut
970 1057 1213 1100 neutrum
1243 1045 1311 1117 de
1339 1045 1547 1117 duobus
1576 1043 1659 1097 vel
1686 1045 1831 1113 prius
1857 1044 1944 1117 sit,
1977 1043 2059 1098 vel

481 1114 706 1172 alterum
753 1126 1125 1185 consequatur,
1184 1116 1276 1170 sed
1317 1115 1589 1183 utriusque
1626 1125 1775 1169 ortus
1821 1114 2061 1185 videatur

481 1203 600 1243 esse
626 1184 954 1250 communis,
985 1187 1119 1240 sicut
1145 1186 1290 1240 calor
1329 1195 1381 1240 et
1407 1185 1660 1254 splendor
1703 1187 1752 1238 in
1795 1185 1927 1239 sole.
1959 1184 2059 1239 Se-

480 1258 685 1312 cundus
715 1259 863 1311 locus
888 1265 972 1311 est
997 1273 1203 1318 eorum,
1228 1272 1347 1324 quso
1380 1256 1689 1310 naturaliter
1719 1255 1876 1309 simul
1903 1265 2046 1319 sunt,

480 1329 684 1382 nullum
715 1338 888 1381 tamen
916 1343 1098 1381 eorum
1131 1335 1347 1396 praestat
1391 1327 1541 1381 alteri
1573 1343 1584 1377 :
1613 1335 1669 1378 ut
1694 1324 1840 1379 verbi
1864 1325 2056 1396 gratia,

479 1399 800 1466 si'simplum
846 1407 902 1452 et
945 1395 1162 1465 duplum
1197 1412 1482 1464 ponamus,
1528 1411 1747 1450 necesse
1776 1404 1858 1466 est
1902 1395 2058 1449 simul

415 1469 425 1522 ἓ
479 1482 600 1523 esse
631 1465 960 1533 naturaliter,
986 1468 1078 1522 sed
1106 1483 1276 1536 neque
1301 1467 1518 1535 duplum
1561 1467 1681 1519 facit
1708 1474 1766 1519 ut
1809 1465 2059 1534 simplum

418 1545 421 1548 ’
482 1539 571 1605 sit,
603 1554 776 1609 neque
801 1539 1047 1604 simplum
1071 1537 1234 1591 eflieit
1257 1537 1494 1606 duplum.
1524 1537 1634 1590 Iloc
1659 1537 1776 1609 loco
1806 1551 2060 1609 noscent

417 1631 423 1670 ;
479 1606 707 1664 fundere
741 1625 846 1662 nou
877 1619 1105 1675 oportet,
1138 1624 1204 1661 ne
1233 1610 1482 1677 quoniam
1508 1622 1626 1661 cum
1655 1606 1741 1677 de
1769 1607 1836 1660 ad
1862 1606 2061 1677 aliquid

414 1683 426 1744 ᾗ
479 1678 634 1732 dictis
665 1689 1014 1733 tractaremus
1034 1721 1048 1744 ,
1079 1678 1131 1732 id
1157 1676 1274 1732 esse
1303 1678 1369 1731 ad
1413 1677 1609 1745 aliquid
1635 1676 1888 1741 diximus,
1915 1676 2059 1746 quod

477 1749 734 1819 penderet
760 1765 823 1804 ex
873 1750 1076 1814 altero,
1114 1749 1389 1802 videamur
1414 1764 1555 1819 nunc
1597 1748 2058 1819 contraLsuperius

414 1823 424 1839 ¹
478 1817 691 1874 definita
718 1829 963 1874 tractare.
991 1819 1178 1873 Omnia
1207 1833 1432 1888 namque
1457 1818 1522 1871 ad
1549 1817 1745 1885 aliquid
1763 1817 1922 1882 dicta,
1953 1817 2060 1888 diei

479 1904 544 1944 ex
573 1890 741 1944 altero
764 1932 779 1956 ,
814 1906 917 1943 non
947 1905 1066 1944 esse
1092 1905 1155 1943 ex
1199 1887 1368 1942 altero
1393 1889 1772 1957 disputavimus
1805 1905 1817 1939 :
1849 1902 1948 1940 nec
1973 1887 2057 1940 ul-

477 1960 560 2014 lus
598 1975 748 2014 error
782 1970 885 2026 est,
930 1961 974 2013 si
1010 1960 1127 2027 quis
1153 1960 1435 2014 verborum
1479 1968 1779 2012 nostrorum
1825 1957 2060 2026 pondera

475 2029 780 2098 diligentius
809 2038 1188 2098 pcrserutetur.
1219 2029 1428 2083 Tertius
1465 2029 1612 2082 locus
1639 2037 1739 2093 est,
1765 2029 1973 2097 quoties
1993 2044 2062 2082 ex

475 2100 666 2170 eodem
689 2116 885 2170 genere
914 2102 1182 2154 manantia
1211 2099 1369 2153 simul
1413 2099 1658 2170 videntur
1701 2113 1820 2170 esse
1849 2107 2056 2170 natura,

476 2169 574 2224 scd
601 2167 779 2239 Specie
803 2171 1176 2224 discernuntur
1207 2187 1221 2223 :
1250 2183 1422 2238 neque
1440 2185 1570 2224 vero
1593 2169 1692 2222 sibi
1709 2169 1776 2239 in
1802 2183 1888 2239 eo,
1917 2167 2061 2238 quod

475 2237 759 2305 dicuntur,
790 2239 985 2308 aliquid
1017 2246 1287 2308 praestant,
1320 2237 1375 2293 tit
1403 2247 1486 2294 est
1527 2238 1754 2303 animal;
1797 2237 1936 2292 idem
1964 2254 2059 2308 ge-

476 2325 576 2363 nus
591 2321 692 2376 est,
711 2311 802 2365 sed
825 2311 1029 2380 species
1055 2311 1210 2380 longe
1233 2310 1479 2364 discreta.
1509 2309 1618 2365 Nec
1649 2323 1776 2380 vero
1799 2318 1886 2380 aut
1908 2309 2060 2380 vola-

480 2380 574 2434 tile
601 2378 886 2449 quidquam
907 2380 1135 2449 pedestri
1153 2378 1345 2434 tribuit
1367 2389 1424 2434 ut
1447 2381 1536 2448 sit,
1555 2389 1646 2434 aut
1671 2379 1872 2433 volatili
1895 2378 2060 2448 pede-

477 2461 610 2514 Stre,
639 2461 726 2504 aut
755 2452 974 2505 omnino
996 2450 1136 2504 aliud
1163 2451 1334 2513 alteri,
1378 2451 1431 2505 in
1469 2466 1535 2506 eo
1572 2449 1712 2520 quod
1761 2459 1864 2520 est,
1895 2450 2062 2504 ullam

476 2520 825 2575 substantiam
847 2522 1213 2576 subministrat
1230 2537 1244 2584 ;
1263 2521 1576 2590 nullumque
1592 2519 1744 2575 alteri
1763 2519 1902 2574 aliud
1918 2520 2064 2590 prius

479 2599 582 2656 est,
614 2592 707 2646 sed
735 2592 890 2646 simul
913 2593 1089 2646 omnia
1110 2592 1176 2646 ab
1204 2592 1440 2660 animali,
1471 2592 1523 2647 id
1547 2600 1629 2648 est
1645 2591 1713 2646 ab
1740 2605 1847 2645 uno
1867 2605 2063 2661 genere

478 2670 592 2714 Ol‘la
617 2672 924 2718 nascuntur.

869 2741 1093 2798 CAPUT
1122 2742 1264 2798 XXI.
1292 2771 1364 2783 —
1399 2743 1476 2796 De
1506 2741 1670 2796 Motu.

549 2811 734 2867 Omnis
758 2813 1055 2867 immutatio
1079 2829 1199 2882 quae
1225 2822 1458 2880 μεταϐολὴ
1483 2828 1657 2882 graece
1677 2820 1760 2866 est
1781 2853 1796 2880 ,
1819 2810 1878 2867 fit
1895 2813 2062 2868 tribus

477 2881 650 2936 modis
679 2901 692 2937 :
722 2893 814 2937 aut
841 2900 906 2936 ex
934 2897 1041 2937 non
1067 2881 1306 2951 subjecto
1333 2883 1384 2936 in
1413 2881 1714 2951 subjectum
1737 2923 1751 2946 ,
1785 2889 1843 2936 ut
1868 2892 1949 2936 est
1975 2899 2064 2937 or-

478 2961 562 3006 tus
600 2953 681 3007 vel
721 2953 1000 3020 nativitas,
1041 2969 1200 3022 quam
1225 2953 1395 3008 Graeci
1423 2962 1592 3020 γένεσιν
1621 2963 1847 3015 vocant;
1879 2962 1970 3008 aut
1997 2969 2064 3009 ex

477 3022 716 3090 subjecto
759 3024 813 3077 in
857 3039 961 3077 non
1003 3024 1332 3091 subjectum,
1366 3035 1423 3077 ut
1458 3032 1536 3078 est
1565 3024 1805 3078 interitus
1834 3024 1915 3078 vel
1941 3039 2062 3079 cor-

478 3092 685 3165 rtiptio,
728 3108 884 3162 quam
913 3100 1079 3165 φθορὰν
1104 3093 1274 3149 Grmci
1296 3094 1585 3160 dixerunt;
1615 3105 1703 3148 aut
1733 3109 1797 3148 ex
1824 3096 2064 3164 subjecto

477 3162 530 3234 in
564 3162 858 3234 subjectum
879 3204 895 3230 ,
917 3162 1092 3218 'ut'est
1113 3172 1310 3229 motus,
1334 3165 1424 3234 qui
1449 3179 1622 3233 grmce
1649 3176 1823 3226 κίνησις
1848 3162 2061 3220 dicitur.

480 3231 584 3287 Sed
631 3242 686 3287 et
725 3234 837 3306 ipse
874 3242 1048 3306 motus
1075 3243 1181 3288 tres
1212 3231 1417 3306 species
1446 3231 1634 3306 habet,
1661 3233 1714 3288 id
1740 3243 1852 3296 est,
1885 3237 2062 3291 incre-

479 3312 745 3375 mentum,
775 3304 1212 3375 imminutionem
1228 3304 1258 3371 ,“
1294 3304 1759 3360 commutationem
1799 3306 2064 3375 qualitatis

479 3373 593 3428 sive
623 3373 745 3428 loci.
774 3374 898 3429 Ilaec
920 3389 951 3428 a
981 3373 1180 3429 Grzecis
1198 3381 1412 3442 αὔξησις,
1434 3390 1643 3444 μείωσις,
1668 3373 1933 3441 ἀλλοίῶσις,
1953 3377 2066 3432 sive

479 3451 598 3513 φορὰ
617 3444 754 3498 dicta
782 3453 922 3497 sunt.
950 3444 1186 3514 Namque
1210 3447 1677 3501 commutationem
1705 3446 1845 3501 circa
1867 3447 2061 3514 locum,

478 3520 619 3584 φορὰν
657 3514 764 3586 dici
790 3515 1110 3586 voluerunt,
1142 3531 1299 3585 quam
1329 3531 1428 3570 nos
1451 3531 1660 3586 quoque
1690 3517 2068 3584 transgressio-

478 3598 599 3637 nem
641 3584 924 3640 maluimus
955 3584 1168 3650 dicere,
1190 3587 1355 3640 secuti
1384 3584 1648 3642 doctores.
1681 3587 1880 3642 Verum
1919 3587 2066 3644 hunc

478 3653 755 3727 ordinem,
798 3671 976 3727 quem
1002 3671 1096 3710 nos
1122 3656 1174 3710 in
1204 3659 1450 3726 przesenti
1474 3700 1487 3723 ,
1520 3658 1670 3726 quasi
1698 3657 2063 3727 discrepantes

483 3724 553 3797 ab
595 3739 664 3797 eo
691 3724 830 3797 libro
849 3767 862 3788 ,
893 3725 981 3794 qui
1011 3724 1394 3796 categoriarum
1420 3724 1640 3788 dicitur,
1670 3724 1904 3797 diligenti
1936 3745 2065 3785 exa-

483 3794 1150 3868 minationedigessimus,
1183 3797 1296 3866 ipse
1320 3813 1530 3868 quoque
1557 3794 1871 3854 Aristoteles
1894 3801 1945 3854 in
1968 3817 2063 3854 na-

482 3866 732 3938 turalium
775 3865 926 3920 libris
949 3865 1230 3938 exposuit;
1263 3868 1315 3922 in
1339 3865 1626 3938 categoriis
1647 3879 1822 3924 autem
1851 3881 2066 3926 secutus

479 3934 706 3990 docendi
748 3934 1154 4009 compendium,
1201 3939 1430 4008 speciem
1466 3934 1572 4008 pro
1614 3955 1836 4009 genere,
1887 3943 1939 3995 id
1983 3951 2066 3997 est

481 4017 686 4058 motum
726 4021 822 4075 pro
852 4007 1218 4062 immutatione
1234 4007 1349 4064 non
1379 4007 1636 4064 dubitavit
1665 4025 1936 4064 assumere
1965 4029 1977 4064 :
2007 4019 2068 4067 ut

482 4077 646 4129 motui
675 4075 875 4131 diceret
906 4079 1052 4146 quasi
1084 4081 1261 4147 generi
1291 4095 1384 4135 sex
1412 4081 1617 4150 Species
1646 4095 1764 4136 esse
1779 4081 2060 4151 subjectas,

485 4154 680 4212 γένεσιν,
699 4154 900 4219 φθορὰν,
946 4154 1178 4216 αὔξησιν,
1224 4162 1441 4217 μείωσιν,
1477 4153 1726 4206 ἀλλοίωσιν
1767 4154 2060 4220 ποιότητοςί,

539 4277 560 4312 ι
584 4283 760 4328 Vocem
782 4277 1014 4330 Poiotétos
1036 4293 1132 4330 non
1152 4278 1249 4331 fert
1270 4281 1566 4334 Aristoteles.
1627 4289 1685 4333 Μ.

1656 357 1992 418 PRINCIPIA
2030 310 2479 418 eumenides.

3622 363 3759 421 1440

2168 487 2294 535 κατὰ
2335 489 2413 534 τὸν
2438 489 2580 536 τόπον
2603 488 2887 548 μεταϐολήν.
2915 478 3041 537 ITch
3068 495 3170 536 nos
3197 479 3363 537 latino
3389 494 3636 540 sermone
3661 497 3757 539 01'-

2170 558 2279 604 tum
2305 552 2535 628 diximus
2555 594 2569 618 ,
2598 552 3277 628 interitum,augmentum,
3303 553 3756 628 imminutionem,

2167 623 2634 678 commutationem
2664 623 2966 690 qualitatis,
3001 625 3476 694 transgressionem
3505 626 3630 683 loci.
3661 623 3756 684 H37

2168 707 2262 763 sex
2303 694 2509 763 species
2553 694 2698 746 omni
2741 709 2770 746 a
2817 708 2876 748 se
2923 696 3130 750 ratione
3179 695 3423 750 discreta:
3465 700 3757 754 suntznisi

2167 761 2304 817 forte
2333 761 2626 837 'cuiquarn
2658 779 2844 832 parum
2902 763 3056 821 docte
3100 766 3447 836 intelligenti,
3487 769 3757 837 qualitatis

2167 834 2512 889 commutatio
2529 876 2544 899 ,
2577 834 2629 889 id
2649 843 2730 889 est
2751 838 3026 903 emptum,
3056 837 3216 891 etiam
3242 834 3450 892 caeteris
3475 834 3783 896 eiisteuti-'

2167 903 2266 978 bus
2318 905 2436 960 fieri
2485 905 2756 978 videatur,
2799 915 2854 960 ut
2887 921 3007 960 cum
3038 908 3274 963 nascitur
3297 909 3522 978 aliquid,
3553 920 3643 964 aut
3674 912 3757 966 in-

2167 976 2325 1042 terit,
2374 985 2466 1031 aut
2510 977 2737 1044 crescit,
2775 987 2866 1031 aut
2904 978 3190 1044 minuitur,
3237 988 3362 1033 tunc
3384 976 3519 1033 facta
3547 979 3756 1037 dicatur

2167 1047 2326 1101 etiam
2370 1048 2731 1102 commutatio.
2783 1047 2890 1102 Sed
2933 1047 2984 1102 id
3023 1048 3213 1103 falsum
3241 1050 3378 1103 ratio
3405 1050 3601 1104 docet:
3629 1066 3755 1106 nam

2165 1132 2284 1186 qua:
2311 1130 2556 1172 crescunt
2580 1127 2668 1171 aut
2695 1119 3029 1183 minuuntur,
3058 1121 3348 1188 quantitate
3372 1120 3753 1189 immutantur,

2165 1201 2270 1261 nou
2318 1190 3026 1261 commutanturiqualitate.
3069 1189 3426 1244 Commutatio
3459 1192 3602 1245 enim
3631 1207 3758 1261 pro-

2164 1258 2280 1327 prie
2305 1266 2388 1313 est
2411 1260 2697 1328 qualitatis.
2730 1259 3032 1315 Meminisse
3052 1271 3231 1315 autem
3257 1277 3354 1315 nos
3381 1271 3595 1330 oportet
3609 1258 3757 1318 aliud

2166 1343 2286 1403 esse
2333 1330 2754 1403 immutationem
2775 1373 2790 1394 ,
2834 1331 2974 1384 aliud
2997 1333 3488 1403 commutationem.
3516 1333 3759 1403 Namque

2166 1398 2462 1473 immutatio
2508 1415 2676 1471 genus
2717 1411 2824 1468 est,
2875 1402 3221 1456 commutatio
3268 1403 3474 1470 species
3519 1398 3759 1473 subjecta

2166 1470 2369 1543 motui,
2401 1470 2557 1540 quam
2588 1473 2970 1543 immutationis
2991 1473 3223 1541 speciem
3245 1473 3492 1527 diximus.
3519 1470 3759 1543 Denique

2167 1548 2225 1593 ut
2270 1540 2460 1596 horum
2510 1543 2582 1598 sit
2631 1542 2913 1598 manifesta
2948 1540 3220 1610 discretio,
3248 1544 3629 1612 geometricum
3659 1540 3757 1613 po-

2167 1625 2357 1684 namus
2399 1613 2723 1681 exemplum.
2767 1613 2821 1668 Si
2854 1622 3184 1683 telragonum
3217 1615 3416 1683 majus,
3447 1615 3586 1684 quod
3618 1616 3756 1668 intra

2165 1679 2431 1750 depictum
2461 1693 2542 1738 est
2560 1679 2898 1739 currentibus
2926 1679 3022 1753 per
3054 1679 3544 1739 medium'lineis'in
3575 1686 3759 1740 brevia

2167 1757 2440 1824 tetragona
2486 1754 2761 1824 partiaris,
2808 1755 2963 1823 eique
3006 1765 3128 1824 post
3156 1771 3318 1809 unum
3346 1755 3508 1810 breve
3530 1764 3760 1824 tetrago-

2165 1837 2317 1896 num_
2336 1823 2586 1896 detrahas
2610 1841 2624 1896 ς
2671 1825 2903 1880 minuisti
2931 1834 3260 1896 tetragonum
3289 1826 3459 1895 majus
3483 1845 3496 1879 :
3521 1835 3576 1879 at
3599 1828 3641 1880 si
3664 1823 3760 1882 de-

2167 1893 2321 1967 tracti
2366 1894 2503 1967 loco_
2526 1895 2690 1949 addas
2733 1893 3091 1965 gnomonem,
3143 1897 3231 1966 qui
3272 1893 3550 1967 hemicycli
3579 1897 3758 1967 specie

2165 1963 2407 2036 ponitur,
2432 1964 2572 2036 plus
2617 1963 2892 2035 tetragono
2933 1967 3118 2034 majori
3141 1963 3179 2027 ,“
3200 1982 3358 2036 quam
3403 1963 3754 2032 détraxéras,

2166 2032 2442 2118 reddidisti
2457 2032 2694 2118 ':_idque
2730 2032 3039 2107 quantitatis
3087 2045 3199 2102 est,
3219 2032 3341 2118 'non
3368 2037 3671 2118 qualitatis,
3703 2045 3760 2092 et

2166 2105 2520 2160 immutationi
2567 2105 2762 2179 potius
2792 2124 2951 2179 quam
3005 2105 3406 2179 contnltttationi
3463 2108 3755 2179 tribuitur,

2167 2188 2338 2244 eoque
2377 2191 2406 2229 a
2446 2191 2504 2230 se
2542 2177 2827 2246 plurimum
2850 2179 3118 2233 differunt.
3153 2178 3237 2230 Fit
3258 2187 3434 2231 autem
3459 2177 3757 2233 differentia

2167 2259 2345 2299 rerum
2387 2248 2622 2301 omnium
2656 2249 2823 2304 tribus
2851 2250 3023 2304 modis
3054 2267 3067 2302 :
3093 2257 3184 2302 aut
3210 2249 3448 2313 materia,
3492 2257 3584 2302 aut
3621 2264 3758 2317 ope-

2168 2329 2247 2377 re,
2291 2326 2381 2370 aut
2409 2327 2653 2387 utroque.
2683 2319 2896 2373 Materia
2919 2362 2933 2386 ,
2966 2320 3010 2374 si
3041 2319 3146 2372 sint
3174 2320 3350 2372 annuli
3374 2319 3578 2373 similes
3615 2319 3755 2386 duo,

2167 2400 2408 2459 unusque
2447 2389 2515 2442 sit
2561 2405 2781 2451 aureus,
2833 2392 2969 2444 alter
3011 2397 3320 2459 argenteus;
3363 2404 3560 2458 opere,
3605 2391 3648 2442 si
3689 2405 3759 2444 ex

2167 2470 2300 2530 auro
2341 2457 2626 2530 dissimiles
2672 2461 2850 2514 annuli
2895 2457 3255 2525 fabricentur;
3297 2457 3560 2530 utraque,
3591 2461 3633 2513 si
3658 2474 3759 2514 an-

2167 2528 2326 2599 nulus
2353 2529 2420 2583 sit
2446 2545 2672 2594 aureus,
2703 2538 2756 2584 et
2779 2532 2928 2585 stilus
2959 2539 3260 2599 argenteus.
3291 2528 3467 2584 Claret
3491 2531 3646 2598 igitur
3664 2531 3760 2584 has

2166 2596 2548 2654 immutationis
2589 2601 2794 2672 species
2814 2644 2827 2665 ,
2883 2617 2982 2655 nec
3023 2596 3245 2655 materia
3274 2600 3403 2672 sibi,
3433 2596 3531 2654 nec
3558 2616 3754 2672 opere,

2168 2683 2268 2724 nec
2292 2679 2518 2740 utroque
2547 2671 2796 2741 conjungi
2830 2689 2842 2724 :
2876 2673 3010 2726 adeo
3035 2681 3211 2724 autem
3241 2671 3495 2739 sejunctre
3524 2680 3674 2735 sunt,
3702 2680 3763 2726 ut

2167 2753 2352 2794 earum
2393 2742 2661 2794 nonnulla:
2686 2744 2844 2796 etiam
2875 2743 2975 2796 sibi
2997 2742 3277 2795 eontrarim
3304 2741 3602 2796 videantur.
3628 2742 3761 2806 Quis

2167 2812 2309 2865 enim
2341 2811 2545 2885 dubitet
2572 2822 2739 2878 γενέσει
2765 2821 2951 2885 φθορᾲν,
2986 2813 3036 2885 id
3068 2822 3150 2885 est
3174 2812 3309 2866 ortui
3339 2812 3608 2885 interitum
3634 2827 3757 2867 esse

2167 2883 2521 2948 contrarium,
2569 2882 2853 2952 augmento
2895 2882 3359 2937 imminutionem?
3408 2882 3524 2951 Ipsa
3549 2898 3760 2952 quoque

2167 2954 2512 3007 commutatio
2560 2954 2672 3008 sive
2715 2953 2984 3023 qualitatis
3030 2953 3143 3007 sive
3190 2953 3321 3018 loci,
3373 2953 3500 3008 licet
3539 2969 3646 3007 non
3689 2969 3759 3008 ex

2168 3023 2355 3078 eodem
2397 3024 2697 3092 specierum
2743 3040 2999 3091 numero,
3053 3033 3228 3078 tamen
3274 3023 3470 3078 habent
3491 3024 3632 3092 quod
3659 3024 3760 3079 sibi

2168 3095 2494 3148 contrarium
2523 3095 2783 3149 videatur.
2814 3095 2944 3149 Nam
2974 3095 3320 3148 commutatio
3342 3095 3612 3164 qualitatis
3638 3103 3759 3160 est,

2168 3179 2288 3220 cum
2326 3181 2418 3240 eis
2443 3165 2589 3240 albo
2606 3165 2664 3240 lit
2701 3166 2896 3235 aliquid
2922 3167 3128 3240 nigrum
3156 3166 3242 3240 vei
3269 3165 3450 3240 album
3478 3165 3546 3219 de
3569 3165 3722 3234 nigro
3741 3205 3759 3230 ,

2169 3251 2286 3305 qua:
2323 3235 2421 3290 Sibi
2453 3237 2730 3292 manifeste
2754 3238 3018 3291 contraria
3047 3245 3190 3290 sunt.
3221 3235 3348 3290 Loci
3375 3251 3583 3306 quoque
3607 3249 3759 3288 com-

2169 3306 2421 3369 mutatio,
2444 3322 2601 3377 quam
2633 3308 3110 3375 transgressionem
3140 3307 3400 3370 diximus,
3425 3307 3760 3375 superiorum

2169 3384 2224 3430 et
2270 3377 2578 3431 inferiorum
2621 3379 3049 3433 contrarietatem
3101 3379 3331 3446 patitur,
3378 3385 3432 3432 et
3478 3385 3762 3448 propterea

2170 3462 2288 3503 eam
2310 3463 2521 3519 quoque
2547 3449 2743 3504 habere
2770 3450 3035 3503 contraria
3061 3457 3302 3518 apparet.

2452 3540 2678 3598 CAPUT
2706 3541 2868 3597 XXII.
2895 3572 2966 3582 —
2994 3542 3258 3596 Conclusio
3287 3541 3472 3611 operis.

2242 3624 2365 3679 Haec
2390 3633 2543 3688 sunt,
2593 3625 2666 3679 ﬁli
2713 3624 3054 3689 eharissime,
3106 3639 3225 3692 quae
3263 3622 3582 3692 jugilabore
3606 3634 3759 3677 asse-

2169 3695 2306 3760 cuti,
2359 3710 2479 3750 cum
2525 3697 2678 3750 nobis
2727 3694 3004 3749 Themistii
3054 3705 3229 3748 nostra
3269 3694 3520 3748 memoria
3553 3692 3757 3760 egregii

2170 3766 2475 3834 philosophi
2524 3767 2885 3830 magisterium
2934 3780 3038 3818 non
3091 3764 3328 3829 deesset,
3371 3763 3436 3817 ad
3467 3763 3756 3816 utilitatem

2171 3845 2312 3890 tuam
2340 3837 2406 3890 de
2431 3853 2607 3908 grmco
2635 3837 2687 3891 in
2717 3837 2938 3908 latinum
2959 3835 3344 3908 convertimus;
3375 3834 3576 3908 scilicet
3598 3842 3658 3908 _ut
3685 3847 3755 3889 ex

2171 3908 2236 3961 iis
2273 3903 2483 3978 quoque
2515 3911 2707 3962 bonam
2737 3907 2936 3977 frugem
2969 3906 3126 3959 studii
3151 3921 3180 3958 a
3214 3905 3364 3978 nobis
3385 3903 3612 3978 profecti
3633 3917 3758 3957 sus-

2170 3979 2368 4047 cipias,
2399 3977 2458 4032 isi
2504 3989 2555 4034 te
2599 3993 2703 4031 non
2745 3978 3055 4032 dissimilem
3095 3977 3548 4047 uostri,aliarum
3576 3987 3756 4029 rerum

2170 4046 2287 4118 qua:
2327 4050 2541 4104 lubrica:
2579 4059 2738 4117 atque
2778 4050 2960 4103 inanes
2987 4056 3138 4118 sunt,
3163 4046 3423 4118 cupiditas
3455 4054 3755 4118 retentave-

2170 4116 2257 4173 rit.
2305 4120 2444 4174 Nihil
2486 4116 2712 4189 namque
2741 4121 3016 4172 omisimus
3045 4120 3092 4170 in
3123 4117 3385 4189 hoclibro
3409 4116 3548 4186 quod
3579 4121 3757 4189 posset

2170 4191 2570 4318 autddelectare
2608 4185 2721 4261 jam
2761 4190 2982 4257 doctos,
3019 4196 3110 4244 aut
3149 4187 3390 4243 indoctos
3425 4185 3755 4242 manifestius

2170 4275 2264 4316 eru
2303 4277 2398 4317 ire.

2169 4275 2398 4317 erudire.

474 4408 3734 4434 W

919 4543 1880 4658 pararemus
1954 4477 3092 4656 tinn'romcns
3153 4523 3300 4654 (α).

687 4767 913 4825 CAPUT
941 4765 1224 4823 PRIMUM.
1255 4794 1327 4806 —
1355 4764 1582 4818 Oratoris
1610 4764 1840 4834 ofﬁcium.

550 4850 788 4904 Oratoris
840 4847 1074 4902 officium
1119 4855 1240 4910 est,
1287 4845 1552 4915 proposita
1591 4845 1882 4913 quarsrione
1922 4843 2060 4898 civili

482 4919 738 4975 duntaxat
757 4961 770 4984 ,
801 4920 1028 4988 primum
1061 4919 1224 4986 ipsam
1253 4915 1544 4986 intelligere
1564 4957 1583 4988 ,ί
1609 4915 1873 4988 generalis
1902 4917 1970 4988 sit
1994 4929 2062 4967 an

482 4991 726 5060 Speeialis
745 5032 758 5052 ,
791 4985 1016 5060 simple);
1046 4985 1110 5060 an
1137 4985 1509 5060 conjunctae;
1535 4986 1794 5060 pluribus,
1823 4985 2060 5060 absoluta

482 5055 546 5115 an
591 5055 966 5128 comparativa.
999 5059 1197 5112 Deinde
1221 5055 1340 5112 eum
1369 5055 1722 5128 intellexerit,
1751 5055 1986 5128 invenire
2009 5055 2061 5108 in

481 5148 542 5186 ea
595 5126 946 5201 congruentes
993 5129 1255 5201 partitioni
1304 5129 1476 5201 locos,
1525 5126 1946 5201 et_hisu_iorale_s
1968 5139 2062 5180 seu

484 5195 754 5258 naturales
802 5195 1203 5256 accommodare
1241 5200 1549 5254 sententias.
1594 5195 1797 5250 Exinde
1822 5196 2064 5263 judicare

483 5273 552 5328 de
581 5273 835 5332 inventis,
884 5271 1160 5339 repudiare
1197 5287 1313 5338 qua:
1354 5285 1538 5337 parum
1565 5266 1845 5339 commode
1873 5281 2062 5339 oecur—

481 5345 650 5398 rcriut
680 5362 693 5398 :
727 5355 836 5398 tum
868 5337 1074 5411 iisrqum
1097 5337 1295 5408 judicio
1318 5339 1652 5411 examinarit,
1677 5338 1804 5411 dare
1822 5337 2063 5411 ordinem

480 5427 708 5468 certum.
761 5409 990 5468 Etenim
1021 5412 1262 5480 quamvis
1307 5410 1466 5464 multa
1513 5409 1823 5480 pertinentia
1854 5409 2064 5463 inventa

481 5485 624 5549 sint,
674 5495 851 5539 tamen
899 5484 998 5538 nisi
1044 5479 1144 5554 pro
1181 5482 1432 5554 qualitate
1460 5479 1521 5536 et
1546 5479 1903 5554 magnitudine
1933 5493 2060 5554 sua,

483 5555 645 5610 certis
681 5564 737 5609 et
776 5556 925 5624 quasi
965 5551 1215 5625 legitimis
1240 5553 1456 5625 sedibus
1483 5552 1830 5625 collocentur,
1863 5551 2066 5625 autob-

481 5634 640 5683 erunt
657 5667 672 5692 ,
695 5621 910 5681 aut'non
940 5621 1258 5697 magnOpere
1281 5624 1573 5697 proficient.
1597 5622 1832 5679 Subinde
1851 5621 2064 5676 ordina-

547 5760 623 5824 (a)
646 5759 872 5824 Opuseuli
915 5760 1062 5824 hujus
1084 5757 1336 5822 exemplar
1358 5758 1511 5824 ullum
1544 5765 1624 5807 Ms.
1657 5770 1753 5807 non
1771 5755 2065 5824 reperimus:

484 5819 659 5886 tum
679 5819 837 5885 graeca
858 5819 1093 5886 vocabula
1125 5819 1247 5878 citra
1264 5823 1610 5875 necessitatem
1637 5825 1858 5883 usurpat,
1901 5819 2070 5869 contr-8

483 5884 670 5938 morem
688 5884 960 5949 Augustini.

2169 4764 2295 4818 tioui
2321 4763 2504 4818 rhetor
2521 4764 2924 4834 explicationem
2952 4779 3129 4818 rerum
3155 4762 3495 4819 commodare
3516 4762 3750 4820 debebit.

2167 4834 2295 4900 Qua:
2337 4835 2542 4905 duabus
2579 4835 2815 4903 partibus
2842 4843 3084 4899 constat,
3116 4844 3394 4890 structurzc
3424 4835 3676 4905 qualitate
3697 4843 3757 4890 et

2167 4904 2457 4974 quantitate
2491 4907 2794 4961 verborum.
2830 4906 2954 4960 Hrec
2991 4907 3167 4960 omnia
3202 4904 3458 4972 memoria
3495 4905 3752 4973 suscipit,

2168 4991 2324 5044 quam
2361 4983 2415 5030 et
2444 4977 2677 5046 plerique
2705 4976 3011 5032 Graecorum
3030 5015 3046 5040 ,
3077 4986 3131 5031 et
3156 4976 3224 5030 Μ.
3253 4975 3456 5031 Tullius
3484 4976 3536 5028 in
3567 4976 3754 5044 primis

2168 5047 2366 5100 oratori
2395 5047 2624 5102 affirmat
2649 5049 3002 5102 necessariam
3022 5089 3036 5110 ,
3070 5047 3198 5110 hoc,
3223 5055 3279 5100 ut
3299 5049 3487 5115 opinor
3506 5087 3520 5111 ,
3549 5046 3709 5100 modo
3733 5063 3749 5101 :

2175 5133 2194 5166 ι
2226 5117 2391 5172 Venio
2434 5134 2573 5173 nunc
2615 5118 2679 5172 ad
2724 5118 3027 5172 thesaurum
3067 5133 3243 5174 rerum
3275 5117 3510 5171 omnium
3543 5132 3753 5170 memo-

2175 5205 2194 5238 ‹
2231 5189 2361 5242 riam
2387 5204 2402 5252 ;
2452 5205 2569 5258 quae
2599 5189 2697 5244 nisi
2729 5199 2908 5243 custos
2930 5190 3187 5256 inventis,
3213 5189 3570 5256 ordinatisque
3590 5187 3755 5244 rebus

2175 5276 2194 5309 ‹
2227 5260 2566 5319 adhibeatur.
2608 5259 2948 5328 intelligimus
2973 5261 3147 5314 omnia
3168 5301 3183 5325 ,
3215 5259 3420 5313 etiamsi
3451 5258 3752 5328 prmclaris-

2177 5347 2204 5402 ¢_
2231 5329 2360 5402 sima
2383 5331 2489 5384 sint
2507 5371 2523 5396 ,
2551 5331 2602 5385 in
2623 5340 2833 5385 oratore
2852 5332 3108 5402 peritura.
3138 5349 3157 5382 ι
3174 5331 3487 5402 Memoriam
3511 5345 3753 5397 pronun-

2170 5400 2316 5453 tiatio
2361 5411 2642 5471 sequetur,
2689 5415 2807 5465 res,
2851 5400 2908 5456 ut
2952 5401 3291 5457 Demostheni
3335 5401 3574 5464 videtur,
3613 5401 3754 5471 inter

2171 5472 2400 5542 oratoria
2426 5469 2596 5526 oflicia
2623 5473 2702 5526 vel
2736 5474 2902 5541 prima
2927 5474 3006 5527 vel
3038 5473 3148 5526 sola
3172 5490 3182 5524 :
3208 5488 3327 5542 qum
3353 5472 3595 5525 consisrit
3615 5469 3752 5522 duo-

2171 5541 2269 5596 bus
2288 5584 2302 5607 ,
2347 5553 2489 5596 motu
2527 5545 2765 5614 corporis
2793 5554 2847 5597 et
2875 5559 3008 5598 sono
3033 5544 3199 5599 vocis.
3227 5541 3350 5598 Haec
3375 5552 3578 5614 tantum
3602 5555 3754 5614 su_m-

2171 5615 2352 5667 matim
2377 5616 2610 5684 tetigisse
2625 5611 2758 5669 satis
2777 5624 2859 5669 est
2874 5657 2888 5678 ,
2909 5632 3029 5684 qum
3049 5623 3173 5669 sunt
3187 5615 3411 5669 oratoris
3430 5611 3628 5668 ol‘ticia.
3649 5611 3756 5665 Re-

2173 5684 2371 5756 liquum
2402 5696 2482 5740 est
2510 5686 2688 5741 videre
2717 5685 2841 5756 quid
2868 5688 2936 5741 sit
2958 5688 3096 5741 linis.

2437 5777 2663 5834 CAPUT
2686 5779 2750 5833 II.
2773 5807 2844 5820 --
2871 5779 2996 5845 Quis
3018 5781 3081 5834 sit
3106 5778 3223 5848 ﬁnis
3244 5777 3478 5832 oratoris.

2243 5858 2392 5916 Finis
2431 5868 2514 5916 est
2531 5899 2547 5927 ,
2588 5873 2647 5918 ut
2676 5865 2900 5932 opinor,
2928 5863 2982 5920 in
3007 5859 3256 5920 omnibus
3281 5862 3441 5920 rebus
3459 5901 3475 5930 ,
3503 5858 3570 5915 ad
3592 5869 3756 5928 quem
