4138 6364
406 359 539 415 1441

401 502 589 569 cuncta
629 492 961 569 referuntur,
1004 496 1155 569 cujus
1191 510 1351 569 causa
1380 496 1514 552 ﬁunt
1539 497 1741 569 reliqua
1768 502 1987 556 omnia:

400 581 433 621 a
476 565 675 623 Grzrcis
714 576 844 639 τέλος
870 565 1083 623 dicitur:
1109 568 1262 635 Quod
1286 569 1447 624 etiam
1473 570 1524 623 in
1554 565 1990 639 phileOphorum

400 652 540 764 pene
581 638 826 693 omnibus
857 639 1295 711 disputationibus
1323 640 1607 710 quaeritur,
1635 642 1751 710 quis
1768 638 1845 695 'sit
1870 641 1990 698 ﬁnis

475 724 540 763 ne
559 708 804 764 vivendi:
834 712 1001 764 virtus
1020 753 1034 764 .
1058 727 1121 764 an
1149 712 1435 764 voluntas?
1464 711 1647 764 Finem
1676 712 1836 764 igitur
1863 727 1989 764 uro-

475 724 540 782 ne
559 708 811 782 vivendi;
834 708 1001 764 virtus
1020 753 1034 775 ,
1058 727 1121 765 an
1149 708 1435 779 voluptas?
1464 708 1836 782 Finenrigitur
1863 727 1989 781 pro-

441 781 574 832 rium
617 781 845 834 oratoris
883 782 1043 837 ofﬁcii
1086 783 1220 836 alius
1263 782 1424 836 alium
1452 781 1829 851 probaverunt.
1859 783 1990 848 Qui-

401 795 624 904 gusdam
670 850 811 904 enim
854 854 1025 904 visum
1063 862 1174 904 est.
1217 869 1480 904 summam
1501 853 1727 904 oratoris
1752 853 1911 904 ofﬁcii
1935 855 1990 904 in

439 850 624 903 usdam
670 850 811 904 enim
854 854 1025 907 visum
1063 862 1175 919 est,
1217 850 1480 907 summam
1501 853 1727 908 oratoris
1752 853 1911 907 ofﬁcii
1935 855 1990 908 in

403 917 541 993 bene
564 920 791 993 dicendo
819 936 937 977 esse
958 964 971 987 ,
1003 917 1319 993 quibusdam
1345 925 1395 977 in
1420 933 1561 978 recte
1584 924 1807 978 dicendo
1828 966 1842 987 ,
1874 926 1990 993 qui.

396 988 623 1064 busdam
652 991 704 1045 in
734 988 1099 1064 persuadendo
1125 996 1437 1051 consistere.
1471 994 1769 1061 Quinetiam
1801 995 1870 1048 illi
1894 988 1991 1064 qui

398 1059 537 1116 bene
559 1068 652 1134 aut
675 1059 800 1116 vere
819 1063 995 1120 dicere
1017 1065 1176 1119 ﬁnem
1202 1067 1430 1120 oratoris
1455 1059 1614 1119 ofﬁcii
1647 1059 1986 1134 putaverunt,

400 1146 529 1205 non_
551 1132 1006 1205 abnuunttamen
1036 1136 1225 1190 horum
1257 1137 1489 1204 ipsorum
1514 1132 1670 1189 ﬁnem
1693 1150 1812 1190 esse
1831 1177 1846 1200 ,
1871 1132 1991 1205 per-

399 1201 626 1257 suadere
652 1220 666 1257 :
688 1212 747 1257 ut
774 1203 844 1258 sit
868 1206 990 1261 ﬁnis
1014 1208 1239 1261 oratoris
1268 1201 1449 1271 ofﬁcii,
1483 1206 1617 1260 bene
1640 1206 1816 1260 dicere
1837 1224 1851 1271 ;
1872 1201 1992 1262 linis

398 1272 537 1345 bene
580 1273 824 1345 dicendi,
865 1278 1203 1344 persuadere.
1248 1277 1387 1345 Ergo
1414 1277 1561 1345 quasi
1590 1291 1853 1331 consensu
1879 1293 1994 1331 om-

397 1344 723 1417 niumAﬁnis
748 1355 831 1399 est
867 1349 1094 1401 oratoris
1135 1344 1698 1417 oflicii,’persuadere.
1731 1348 1842 1401 Hoc
1865 1349 1991 1417 quia

396 1413 452 1468 in
496 1414 816 1468 calumniam
847 1418 1137 1489 Avidebatur
1184 1413 1633 1482 posse'reccdcrc
1678 1418 1808 1489 (non
1848 1413 1991 1473 enim

399 1498 608 1554 semper
640 1486 923 1553 persuadet
945 1498 1157 1553 orator;
1184 1504 1284 1542 nec
1309 1489 1351 1542 si
1369 1489 1649 1558 aliquando
1674 1486 1993 1558 persuadere

402 1558 728 1630 nonpossit,
779 1558 1079 1613 facultatem
1129 1566 1182 1612 et
1230 1574 1421 1613 nomen
1472 1561 1697 1613 oratoris
1740 1561 1988 1630 amittit),

401 1626 599 1679 addidit
635 1627 1017 1699 Hermagoras,
1049 1646 1153 1699 quo
1183 1631 1500 1683 calumniam
1525 1631 1799 1699 effugeret,
1832 1626 1991 1685 linem

398 1709 517 1749 esse
563 1698 789 1751 oratoris
834 1701 1024 1762 oflicii,
1070 1698 1420 1769 persuadere,
1465 1698 1725 1770 quatenus
1757 1702 1992 1756 conditio

399 1781 580 1840 rerum
612 1785 1061 1839 personarumque
1089 1772 1303 1840 patitur.
1336 1772 1450 1824 Alia
1476 1772 1700 1825 subinde
1721 1786 1785 1825 ex
1802 1772 1991 1826 eodem

397 1839 562 1892 verbo
594 1840 943 1907 persuadendi
975 1839 1237 1895 calumnia
1267 1842 1529 1907 nascitur,
1564 1843 1776 1896 inventa
1805 1857 1933 1896 sane
1959 1858 1991 1898 a

398 1907 651 1975 Platone,
703 1920 923 1966 tractata
973 1914 1192 1967 multum
1242 1913 1293 1965 in
1338 1912 1585 1981 Gorgia;
1617 1912 1711 1967 sed
1765 1922 1885 1981 post
1930 1927 1994 1967 ac

396 1980 969 2053 multouimpudentius
1010 1999 1037 2036 a
1061 1983 1373 2053 quibusdam
1404 1983 1659 2038 technicis
1683 1980 1991 2037 obtrectan-

396 2050 537 2123 tibus
570 2050 909 2123 llermagorae
946 2050 1282 2122 frequentata
1320 2055 1358 2104 ί.
1394 2054 1600 2122 Negant
1641 2054 1837 2123 quippe
1865 2069 1989 2123 pro-

396 2122 569 2188 prium
621 2137 739 2176 esse
791 2122 949 2177 ﬁnem
1007 2126 1234 2179 oratoris
1289 2124 1448 2178 ofﬁcii
1504 2122 1992 2193 persuadere,’sed

397 2204 732 2262 communem
785 2209 921 2262 pene
950 2210 1068 2248 cum
1111 2195 1415 2249 universis:
1465 2211 1585 2248 nam
1621 2205 1674 2248 et
1699 2197 1994 2250 mathema-

396 2261 530 2315 ticos
577 2263 643 2316 de
674 2261 936 2334 iis,’qu:e
984 2266 1034 2319 in
1076 2267 1313 2319 notitiam
1363 2265 1598 2334 ipsorum
1648 2266 1989 2334 ceciderunt,

395 2334 757 2406 persuadere;
808 2346 861 2389 et
901 2337 1136 2390 medicos
1166 2338 1229 2391 de
1258 2336 1322 2389 iis
1341 2377 1354 2399 ,
1388 2352 1505 2406 qua:
1537 2337 1590 2389 in
1613 2349 1727 2390 arte
1756 2337 1994 2405 ipsorum

395 2403 801 2475 contineantur,
831 2407 1191 2474 persuadere;
1223 2403 1439 2475 opiﬁces
1470 2408 1630 2461 etiam
1660 2416 1713 2461 et
1740 2403 1989 2461 taberna-

395 2472 534 2547 rios,
564 2473 771 2539 fabros,
804 2472 859 2530 et
887 2477 930 2529 si
961 2479 1051 2547 qui
1080 2472 1379 2546 hujusmodi
1408 2488 1570 2543 sunt,
1604 2492 1760 2546 posse
1788 2478 1855 2532 de
1885 2493 1951 2532 eo
1971 2516 1986 2543 ,

396 2544 538 2618 quod
591 2554 781 2618 agant,
837 2544 1005 2601 cuivis
1054 2544 1395 2618 probabiliter
1441 2544 1792 2616 persuadere,
1839 2549 1992 2618 quasi

395 2616 601 2689 ratione
647 2615 853 2689 faciant
888 2636 901 2671 :
950 2615 1076 2689 ergo
1109 2634 1211 2671 non
1239 2632 1357 2672 esse
1383 2615 1645 2685 integrum
1672 2618 1832 2672 ﬁnem
1854 2615 1872 2685 ξ
1898 2618 1991 2689 qui

397 2684 565 2736 solam
590 2684 1032 2758 communitatem
1047 2688 1257 2750 habeat,
1287 2697 1466 2742 careat
1489 2684 1811 2758 proprietate
1835 2684 1993 2745 res-se

398 2764 573 2807 actum
600 2756 954 2825 persuadendi
981 2774 1317 2811 cunnnuncm
1343 2774 1461 2811 cum
1490 2756 1690 2827 multis,
1720 2768 1774 2814 et
1794 2758 1993 2813 idcirco

399 2839 505 2896 non
552 2841 669 2879 esse
716 2828 1035 2895 persuadere
1065 2830 1335 2896 proprium
1369 2830 1529 2882 ﬁnem
1558 2830 1782 2883 oratoris
1808 2829 1990 2884 ofﬁcii.

400 2893 534 2967 Huic
549 2893 759 2965 quoque
784 2893 1431 2965 calumnizellerniagoras
1460 2899 1835 2967 percommode
1851 2900 1993 2953 obsi-

401 2966 514 3018 stit.
539 2967 675 3019 Dicit
692 2967 833 3021 enim
852 2984 969 3022 esse
988 2970 1214 3022 oratoris
1231 2966 1484 3039 olﬁcium,
1509 2970 1848 3039 persuadere,
1864 2984 1995 3039 qua-

399 3042 559 3107 tenus
584 3052 762 3090 rerum
794 3047 847 3092 et
868 3054 1214 3107 personarum
1237 3038 1473 3092 conditio
1498 3040 1714 3107 patitur,
1738 3038 1993 3092 duntaxat

398 3104 454 3177 in
479 3106 720 3160 civilibus
742 3104 1149 3177 quzestionibus:
1187 3125 1307 3162 nam
1332 3104 1658 3163 medicorum
1684 3104 1738 3163 et
1758 3108 1993 3177 philoso-

439 3176 643 3249 horum,
664 3188 718 3231 et
750 3176 960 3233 Camerar.
985 3180 1286 3249 hujusmodi
1314 3181 1635 3248 qumstiones
1655 3176 1803 3233 extra
1832 3194 1993 3249 regu-

424 3261 506 3318 am
530 3248 761 3318 civilem,
777 3264 937 3318 quam
960 3248 1206 3311 πολιτικὴν
1222 3249 1391 3305 Grzeci
1418 3259 1628 3317 vocant,
1646 3248 1990 3304 collocantur.

400 3316 626 3374 CAPUT
653 3318 741 3372 Ill.
768 3316 841 3359 -Σ-
866 3319 948 3373 De
988 3322 1213 3374 civilibus
1238 3316 1624 3391 quwstiouibus,
1647 3320 1993 3387 adi/ferentia

382 3418 387 3457 ς
478 3458 501 3460 ᾖ
809 3392 1116 3460 generalium
1145 3401 1189 3444 et
1218 3392 1530 3460 specialium.

381 3460 415 3531 ‘_
470 3458 605 3513 Sunt
633 3458 825 3513 autem'
840 3461 1024 3515 civiles
1052 3458 1375 3530 quxestioues
1395 3503 1409 3528 ,
1438 3478 1661 3530 quarum
1692 3462 1993 3531 perspectio

399 3527 456 3582 in
508 3543 847 3602 communem
889 3527 1499 3600 animi—conceptionem
1546 3527 1723 3602 potest
1766 3527 1987 3600 cadere,

400 3613 559 3668 quam
586 3598 755 3654 Graeci
794 3609 967 3654 ἔννοιαν
1008 3610 1230 3663 vocant.
1256 3598 1452 3656 Verum
1482 3598 1767 3657 ut’faeilins
1792 3598 1992 3658 intelli-

400 3683 529 3738 gas,
576 3686 694 3742 qua}
736 3672 805 3724 sit
828 3671 940 3725 lucc
978 3672 1089 3739 ipsa
1129 3673 1362 3725 conditio
1390 3688 1545 3742 quam
1575 3673 1991 3727 demonstratam

400 3752 520 3793 esse
548 3741 823 3812 volumus,
855 3744 1031 3795 omnia
1062 3741 1736 3812 quwcumque'hujusmodi
1760 3753 1911 3806 sunt,
1937 3753 1993 3798 ut

400 3822 475 3884 ea
504 3811 711 3863 nescire
754 3812 971 3880 pudoris
1010 3812 1107 3878 sit,
1140 3822 1193 3865 et
1221 3811 1341 3882 quae
1369 3814 1449 3867 vel
1482 3814 1785 3884 ignorantes
1804 3856 1818 3881 ,
1842 3815 1993 3884 quasi

400 3879 632 3953 sciamus
678 3879 850 3934 tamen
890 3898 1009 3953 cum
1040 3879 1377 3938 simulatione
1404 3879 1524 3953 praef
1554 3885 1708 3939 nobis
1736 3879 1954 3947 ferimus
1974 3927 1988 3952 ,

401 3950 841 4018 quotiescumque
887 3952 937 4005 iu
981 3952 1363 4007 dubitationem
1404 3950 1721 4018 vocantur,
1756 3950 1995 4009 efﬁciunt

401 4018 610 4092 civilem
659 4021 1031 4089 quarstionem.
1058 4022 1209 4089 Quod
1236 4024 1355 4077 dico
1385 4023 1687 4092 hujusmodi
1712 4034 1825 4092 est,
1853 4026 1897 4080 si
1928 4026 1993 4080 de

400 4088 638 4161 pondere
678 4088 904 4159 alicujus
948 4093 1026 4146 rei
1068 4088 1367 4161 qumratur,
1392 4095 1435 4148 si
1456 4088 1567 4147 'non
1594 4088 1823 4149 videaris
1853 4096 1993 4151 seire

402 4170 531 4227 quot
570 4160 821 4214 librarum
858 4163 958 4228 sit,
984 4160 1196 4217 nonest
1217 4164 1636 4219 erubescendum
1664 4182 1677 4229 ;
1702 4166 1746 4218 si
1777 4164 1843 4218 de
1871 4166 1990 4219 Ion-

400 4230 639 4304 gitudine
690 4246 795 4304 non
839 4232 1034 4286 videris
1079 4234 1215 4287 scire
1253 4243 1382 4304 quot
1420 4236 1612 4303 pedum
1645 4235 1740 4300 sit,
1775 4250 1879 4289 non
1910 4245 1994 4290 est

400 4300 857 4375 erubescendum;
901 4304 944 4356 si
984 4304 1053 4357 de
1086 4300 1291 4375 caneris
1334 4300 1635 4374 huj'usmodi
1673 4307 1832 4360 rebus
1860 4321 1993 4375 quas

359 4364 369 4437 ἲ
401 4372 648 4447 persequi
674 4364 887 4447 longum
915 4382 998 4429 est
1026 4384 1123 4447 :__et
1152 4374 1277 4447 ideo
1297 4364 1731 4447 quotiescumque
1759 4377 1811 4430 in
1843 4364 1992 4431 dubi~

402 4441 947 4516 tationem_venerint
965 4486 978 4509 ,
1029 4444 1150 4499 licet
1182 4441 1379 4500 faciant
1407 4441 1755 4516 quaestionem
1775 4487 1788 4510 ,
1817 4456 1991 4501 tamen

401 4510 609 4586 civilem
659 4511 837 4586 facere
876 4530 983 4569 non
1029 4525 1267 4584 possunt.
1310 4520 1379 4570 At
1416 4510 1502 4571 ubi
1541 4518 1827 4586 quaeritur,
1856 4518 1993 4573 sitne

401 4580 601 4655 aliquid
651 4584 849 4655 justum
897 4601 965 4638 an
1008 4580 1292 4655 injustum,
1342 4580 1623 4643 honestum
1658 4604 1726 4642 an
1766 4580 1991 4642 inhone-

403 4652 972 4728 stum,laudandum_an
992 4652 1734 4728 reprehendendum,pra1mio
1754 4657 1995 4713 afficien-

403 4718 544 4798 dunr
574 4736 638 4774 an
683 4725 975 4792 supplicio,
1020 4718 1148 4782 utile
1186 4744 1254 4782 an
1299 4718 1592 4794 inutilefet
1620 4729 1663 4783 si
1687 4744 1789 4798 qua
1812 4729 1996 4798 hujus-

362 4806 369 4827 ο
403 4791 547 4844 modi
591 4791 758 4856 sunt;
798 4810 953 4848 nemo
992 4812 1097 4849 non
1136 4799 1295 4851 etiam
1330 4809 1479 4853 extra
1497 4791 1722 4855 omnem'
1743 4791 1912 4853 artem
1941 4808 1996 4856 et

403 4861 680 4915 scientiam
708 4864 996 4918 collocatus
1016 4868 1329 4930 erubescat,
1358 4872 1403 4922 si
1434 4872 1548 4925 haec
1578 4872 1784 4925 nescire
1807 4870 1994 4925 videa—

404 4939 511 4986 tur.
564 4932 687 5007 lude
732 4943 815 4988 est
860 4936 1000 5005 quod
1043 4952 1230 4993 omnes
1270 4954 1580 5006 persuasum
1616 4940 1874 5007 habeant,
1904 4950 1995 4997 aut

402 5011 548 5057 certe
592 5003 709 5079 aliis
746 5003 1071 5079 persuadere
1108 5024 1212 5063 non
1244 5003 1514 5077 dubitent,
1553 5026 1707 5079 posse
1732 5028 1790 5066 se
1810 5003 1993 5067 conci-

402 5086 537 5150 pere
554 5075 732 5129 animo
756 5077 1041 5131 discrimen
1063 5079 1190 5148 justi
1219 5087 1274 5134 et
1295 5075 1507 5150 injusti,
1534 5075 1743 5135 honesti
1764 5091 1817 5136 et
1840 5083 1994 5137 inho-

402 5145 539 5197 nesti
560 5186 579 5219 ,_
618 5154 1038 5219 casterorumque
1065 5145 1193 5218 qua:
1227 5145 1383 5219 supra
1413 5145 1680 5216 diximus;
1712 5160 1767 5207 et
1797 5153 1994 5210 idcirco

402 5228 521 5284 quze
550 5215 903 5272 dubitationes
928 5215 978 5271 in
1003 5215 1306 5289 hujusmodi
1326 5222 1487 5276 rebus
1510 5215 1753 5276 oriuntur
1771 5265 1786 5290 ,
1810 5225 1993 5280 civiles

400 5295 660 5363 vocantur
703 5290 1056 5363 quaestiones,
1098 5293 1246 5361 quasi
1279 5308 1382 5345 non
1416 5294 1641 5363 propria:
1674 5309 1991 5363 paucorum,

402 5356 499 5431 sed
540 5356 851 5413 communes
888 5356 1279 5416 universorum.
1310 5356 1439 5429 Qua-2
1468 5356 1586 5417 cum
1620 5356 1688 5417 ita
1713 5366 1852 5431 sint,
1878 5356 1992 5421 me;

403 5426 613 5505 ritoque
650 5432 917 5484 communi
952 5435 1299 5501 conceptione
1319 5426 1479 5487 animi
1503 5436 1726 5503 perspici
1755 5426 1989 5505 possint,

402 5498 727 5576 qumstiones
771 5516 891 5569 qua:
938 5507 1019 5555 διὰ
1058 5498 1352 5576 «agri-mm
1381 5498 1704 5574 deprehendi
1735 5498 1988 5576 possunt,

404 5568 590 5648 civiles
616 5568 948 5648 vocantur_et
972 5584 1129 5639 sunt,
1158 5575 1207 5628 in
1238 5576 1430 5646 quibus
1452 5568 1656 5630 'verSari
1684 5568 1992 5648 et'pcrstare

404 5636 620 5718 debebit
648 5652 852 5718 orator.
877 5644 994 5718 Duo,
1017 5636 1141 5699 sunt
1170 5636 1321 5715 primi
1353 5658 1405 5701 et
1429 5648 1581 5718 quasi
1609 5636 1885 5717 generales
1914 5651 1987 5702 ci-

404 5707 589 5762 vilium
634 5712 775 5767 modi
816 5707 1197 5784 qutestionum',
1237 5707 1463 5788 quoruln
1493 5707 1638 5774 allen
1662 5727 1810 5785 θέσις,
1856 5721 1991 5775 alter

463 5799 481 5830 ⁸
507 5800 693 5874 addunt
713 5806 1012 5859 Benedictini
1036 5808 1259 5869 verbum,
1283 5814 1411 5872 sinu,
1435 5811 1563 5874 quod
1584 5809 1753 5861 nullibi
1790 5810 1841 5861 in
1874 5810 1987 5862 Md.

397 5868 690 5924 πορεηωυε.
757 5874 810 5917 Μ.

1861 377 2223 439 APPENDIX.

2104 506 2314 581 ὺπόθεεις
2349 506 2572 552 vocatur
2593 510 2624 551 a
2649 495 2870 553 Gra'cis.
2897 501 3004 553 Nos
3027 498 3189 581 priori
3210 515 3402 581 nomen
3422 506 3525 562 nisi
3546 492 3685 581 ει-εεζ

2098 568 2375 651 ουηχάεξτρ
2401 584 2505 623 non
2533 583 2815 651 possumus
2831 610 2846 637 ,
2873 574 3241 651 neposteriori
3263 576 3501 645 quidem,
3524 568 3684 651 q'uam

2100 639 2241 715 quod
2268 639 2779 715 videamurndedisse
2810 657 2823 693 :
2854 639 3097 697 dedimus
3124 639 3352 715 quippe;
3376 639 3685 707 controver-

2098 708 2231 765 siam
2258 709 2480 765 dicimus
2493 708 2592 785 (a),
2615 711 2755 788 quod
2770 726 2963 788 nomen
2987 721 3092 768 tam
3114 708 3167 768 in
3188 708 3273 779 τῆἷο
3296 708 3435 783 θέσιν,
3451 735 3605 788 quam
3628 723 3683 779 in

2098 794 2185 861 τὴν
2208 788 2420 836 ὑπόθεσιν
2458 783 2634 851 putest
2655 783 2848 861 cadere
2880 786 2980 861 :_in
3010 795 3235 855 utroque
3263 788 3403 842 enim
3426 783 3680 861 quaestio,

2098 850 2203 931 hoc
2246 861 2329 906 est
2370 850 2731 931 controversia
2769 864 2869 931 est.
2912 856 3079 912 Porro
3102 850 3185 931 τῆς
3215 850 3461 931 lineatam;
3488 850 3690 931 signiﬁ;

2098 923 2348 997 catio_,_et
2375 921 2675 997 declaratur
2695 940 2759 979 ex
2787 928 2904 996 ipso
2928 929 3223 997 composito
3253 930 3467 984 nomine
3488 972 3503 996 ,
3525 921 3579 985 ἐι
3598 942 3683 988 est

2098 992 2294 1071 aliquid
2337 993 2477 1071 quod
2515 1003 2609 1071 est
2641 1000 2729 1071 ὺτεὸ
2758 992 2844 1058 ei};
2871 1006 3023 1066 θέσιν,
3053 992 3106 1051 id
3135 1008 3216 1071 est
3239 999 3340 1071 sub
3369 1000 3458 1053 illo
3484 992 3685 1071 genere

2097 1062 2250 1139 quasi
2271 1064 2513 1139 _spec_ies.
2549 1064 2740 1139 Thesis
2762 1076 2855 1139 est
2869 1083 2955 1123 res
2979 1062 3095 1139 quae
3119 1068 3347 1124 admittit
3376 1062 3685 1128 rationalem

2100 1134 2600 1217 considerationem,
2629 1136 2745 1217 sine
2761 1134 3069 1217 deﬁnitione
3085 1154 3347 1217 personae.
3369 1140 3687 1212 Hypothesis

2097 1212 2181 1258 est
2221 1220 2315 1259 seu
2352 1209 2744 1281 controversia,
2786 1209 3172 1281 utiimproprio
3200 1209 3683 1281 nomine‘utamur,

2098 1288 2188 1328 res
2228 1290 2347 1344 quae
2374 1275 2619 1331 admittat
2648 1275 3377 1339 rationalem'coutentionem
3406 1298 3527 1336 cum
3556 1275 3687 1338 deﬁl
3729 1334 3733 1339 .

2100 1345 2304 1399 nitione
2353 1361 2615 1415 personae.
2658 1347 2846 1405 Melius
2889 1360 3066 1405 autem
3122 1351 3533 1407 declarabuntur
3588 1356 3687 1411 sub

2098 1416 2344 1495 exemplo
2380 1417 2589 1495 :_thesis
2614 1428 2695 1495 est
2719 1421 2941 1495 quaestio
2970 1420 3271 1495 hujusmodi
3293 1463 3309 1488 ,
3340 1437 3406 1476 an
3432 1424 3684 1495 navigan-

2098 1485 2223 1561 dum
2241 1526 2255 1549 ,
2285 1501 2349 1561 an
2373 1485 2851 1561 philosophandum
2876 1508 2890 1556 ;
2916 1485 3224 1561 liypotbesis
3250 1485 3332 1547 est
3352 1485 3580 1561 quaestio
3592 1494 3689 1549 hu—

2094 1556 2327 1631 jus_m_o_di
2352 1598 2366 1622 ,
2397 1573 2463 1631 an
2486 1556 2876 1631 decernendum
2902 1556 3063 1617 duelli
3088 1563 3344 1631 praelium.
3367 1556 3476 1621 Nec
3496 1566 3689 1621 desunt

2138 1628 2186 1680 ui
2235 1627 2357 1704 hinc
2385 1628 2543 1704 etiam
2577 1629 2953 1704 llermagoram
2979 1627 3356 1704 criminentur;
3389 1646 3442 1704 et
3466 1636 3688 1704 Apollo-
3725 1680 3733 1693 .

2097 1643 2186 1752 3m
2237 1643 2357 1681 tunc
2385 1643 2543 1682 etiam
2577 1643 2953 1701 ttermagoram
2979 1643 3356 1698 criminentur;
3389 1646 3442 1688 et
3466 1643 3687 1704 Apollo-

2136 1712 2260 1775 or_us
2293 1698 2351 1775 in
2386 1699 2605 1767 primis,
2647 1702 2922 1775 quinnegat
2962 1703 3247 1775 quidquam
3272 1703 3413 1757 aliud
3439 1720 3557 1761 esse
3590 1705 3687 1775 hy-

2098 1768 2343 1837 pothesin
2361 1809 2379 1836 ,
2435 1784 2592 1838 quam
2626 1768 2796 1825 thesin
2817 1768 2923 1837 [et
2954 1768 3149 1827 nullius
3172 1775 3425 1828 momenti
3446 1790 3563 1831 esse
3580 1768 3691 1831 dis-

2098 1840 2299 1917 crimen
2344 1854 2692 1917 personarum
2712 1883 2725 1905 ,
2758 1856 3065 1917 quanquam
3091 1854 3369 1917 utrumque
3399 1845 3501 1901 hoc
3520 1860 3688 1917 genus

2098 1910 2411 1979 quaestionis
2454 1910 2808 1981 Hermagoras
2854 1910 3159 1968 diStinxisse
3204 1910 3446 1969 vid—eatur
3506 1910 3546 1969 ε’
3582 1932 3689 1973 non

2097 1982 2274 2035 minus
2313 1981 2744 2056 enim_inlinitam
2775 1990 2831 2037 et
2849 1983 3247 2056 interminatam
3279 2000 3397 2039 esse
3422 1985 3689 2056 hypotheo

2098 2064 2219 2125 seos
2258 2066 2413 2119 quam
2437 2051 2649 2125 theseus
2672 2054 3041 2125 quaestionem.
3066 2053 3195 2125 Nam
3226 2069 3347 2108 cum
3375 2051 3645 2125 qumratur
3665 2099 3683 2125 ,

2098 2121 2169 2174 sit
2215 2137 2384 2176 necne
2428 2123 2957 2196 animadvertendum
3007 2127 3059 2196 in
3097 2121 3533 2196 Orestem,i—non
3571 2121 3693 2196 per;

2097 2206 2285 2263 sonam
2310 2207 2430 2246 esse
2450 2233 2463 2257 ,
2498 2208 2615 2261 qua:
2648 2192 2803 2246 faciat
2832 2195 3181 2263 quaestionem
3200 2235 3217 2262 ,
3248 2194 3342 2249 sed
3373 2192 3607 2263 factum;
3636 2206 3690 2253 et

2099 2261 2229 2315 nihil
2267 2264 2521 2317 interesse
2554 2278 2619 2315 an
2648 2263 2722 2333 ita
2745 2261 3031 2333 quairatur,
3065 2266 3134 2323 sit
3158 2261 3324 2321 necne
3351 2261 3688 2322 animadver-

2101 2332 2315 2408 tendum
2344 2334 2395 2386 in
2421 2332 2787 2408 matricidam}
2814 2334 2955 2402 quod
2973 2335 3017 2388 si
3033 2335 3110 2408 ita
3130 2344 3222 2408 est
3239 2378 3253 2401 ,
3279 2335 3407 2390 nihil
3427 2338 3564 2392 inter
3584 2338 3687 2408 hy.

2098 2402 2380 2477 pothesin,
2421 2403 2701 2477 thesinque
2734 2404 2972 2469 distaret.
3014 2404 3095 2459 Ad
3130 2405 3246 2459 hzec
3282 2408 3487 2474 nostri,
3518 2402 3690 2477 primo

2099 2474 2335 2545 Omnium
2377 2475 2683 2545 qualitatem
2723 2488 3065 2543 personarum
3106 2477 3491 2545 quaestionibus
3518 2474 3692 2534 'diﬁ'e-

2098 2544 2322 2597 rentiam
2359 2544 2582 2617 afferre,
2624 2544 2859 2617 ipsisque
2892 2546 3048 2600 etiam
3082 2544 3497 2617 hypothesibus,
3527 2548 3579 2602 id
3607 2556 3690 2603 est

2098 2615 2475 2687 controversiis
2498 2630 2641 2683 saepe
2667 2615 2903 2687 evenire,
2922 2624 2979 2669 ut
3008 2615 3186 2685 punita
3212 2627 3267 2671 et
3292 2617 3566 2687 impunita,
3587 2619 3690 2674 ho-

2098 2695 2285 2739 norata
2310 2694 2363 2739 et
2386 2685 2724 2752 inhonorata,
2752 2686 2992 2754 quamam
3011 2687 3354 2756 relinquenda
3367 2685 3689 2755 'videantur,

2097 2770 2205 2809 non
2247 2764 2352 2828 tarn
2380 2768 2462 2828 :ex_
2492 2771 2668 2828 rerum
2719 2756 3012 2828 qualitate,
3048 2773 3225 2828 quam
3265 2758 3517 2827 qualitate
3566 2776 3690 2828 per-

2098 2840 2264 2899 sonae.
2299 2825 2683 2899 Deindenetiam
2716 2826 2806 2899 illo
2827 2826 3162 2899 diStarehzcc
3191 2825 3514 2899 duo‘genera
3543 2825 3692 2899 qua:-

2096 2897 2350 2968 stionum,
2378 2896 2518 2965 quod
2544 2898 2599 2949 in
2619 2897 2752 2951 thesi
2776 2898 3073 2968 perspectio
3092 2898 3162 2951 sit
3181 2896 3402 2966 alicujus
3426 2900 3498 2953 rei
3518 2896 3689 2968 qualis

2098 2966 2198 3030 sit,
2232 2967 2281 3018 in
2310 2966 2591 3037 hypothcsi
2612 2967 2917 3032 contentio;
2945 2978 2999 3021 et
3028 2979 3285 3037 quantum
3307 2966 3692 3025 interest'inter

2098 3039 2525 3104 perspectiouem
2569 3045 2623 3090 et
2662 3038 3089 3103 contentionem,
3130 3047 3328 3092 tantum
3357 3040 3494 3093 inter
3517 3040 3691 3095 thesin

2098 3114 2153 3159 et
2175 3104 2496 3178 hypothesin
2520 3120 2639 3160 esse
2660 3106 3003 3161 discriminis.
3025 3108 3226 3178 Deinde
3250 3111 3300 3161 in
3331 3110 3464 3164 thesi
3490 3111 3653 3178 qurcri
3672 3149 3690 3177 ,

2097 3175 2429 3249 quid’_omnes
2450 3185 2692 3245 Oporteat
2709 3178 2917 3249 facere;
2950 3177 3001 3231 in
3024 3176 3337 3247 hypothesi,
3369 3175 3693 3249 quid—unum

2097 3247 2425 3300 autalterum
2473 3256 2563 3300 aut
2602 3247 2756 3315 paulo
2794 3247 3005 3315 plures,
3045 3257 3190 3301 certe
3216 3247 3489 3302 deﬁnitum
3520 3250 3693 3304 homi-

2097 3332 2224 3389 num
2274 3317 2522 3389 modunir
2555 3318 2620 3389 Et
2660 3318 2819 3371 etiam
2858 3317 2945 3370 illa
2976 3316 3271 3389 differentia
3297 3319 3520 3381 accidit,
3550 3320 3693 3389 quod

2098 3386 2154 3457 in
2182 3387 2344 3452 thesi,
2376 3386 2527 3456 quasi
2557 3388 2859 3456 ignorantes
2888 3388 3173 3457 quaerimus
3198 3389 3319 3456 quid
3345 3390 3413 3442 sit
3434 3386 3691 3457 optimum

2096 3456 2275 3522 factu;
2304 3459 2357 3511 in
2387 3457 2696 3528 hypothesi,
2726 3458 2876 3526 quasi
2906 3456 3137 3513 Scientes
3163 3456 3523 3515 defendimus.
3557 3460 3693 3515 Tum

2097 3528 2239 3597 quod
2280 3529 2454 3582 omnis
2496 3530 2660 3581 thesis
2709 3528 2775 3582 de
2812 3529 2986 3581 futuro
3025 3539 3141 3593 est;
3188 3528 3495 3599 hypothesis
3532 3545 3689 3594 raro,

2097 3599 2225 3668 quin
2274 3599 2380 3652 imo
2424 3614 2695 3670 nunquam
2741 3599 2842 3651 nisi
2887 3598 2952 3652 de
2995 3598 3295 3669 pr:cterito,
3338 3609 3432 3654 aut
3456 3616 3521 3654 eo
3549 3601 3695 3670 quod

2094 3669 2206 3741 jam
2234 3678 2439 3738 agatur,
2466 3668 2968 3741 facitqnmstionem
2998 3668 3023 3741 ὲ⁸
3044 3685 3199 3723 nemo
3219 3670 3359 3741 enim
3379 3687 3549 3741 neque
3566 3668 3693 3726 reus

2098 3739 2212 3793 ﬁeri
2256 3748 2461 3808 potest,
2510 3740 2610 3792 nisi
2651 3739 2834 3810 fecerit
2871 3748 2962 3793 aut
3002 3738 3193 3794 fecisse
3239 3738 3480 3807 dicatur,
3520 3754 3693 3810 neque

2098 3810 2376 3879 prwmium
2423 3818 2515 3863 aut
2561 3810 2759 3879 aliquid
2806 3808 3107 3877 hujusmodi
3164 3820 3377 3879 petere,
3434 3812 3533 3866 nisi
3578 3808 3691 3879 jam

2098 3881 2321 3935 meritus
2348 3880 2437 3945 sit,
2466 3888 2556 3933 aut
2582 3882 2829 3934 meritum
2859 3896 2979 3934 esse
3005 3896 3063 3934 se
3090 3882 3397 3935 contendat.
3428 3882 3559 3934 Huic
3574 3882 3693 3935 loco

2098 3957 2375 4019 opponunt
2418 3951 2710 4021 tyrannidis
2753 3962 2806 4005 et
2847 3951 3161 4021 proditionis
3193 3967 3346 4016 reos,
3375 3962 3425 4005 et
3450 3952 3691 4005 venelicii

2097 4023 2340 4091 imperati
2359 4061 2374 4085 ,
2396 4020 2451 4076 et
2478 4022 2521 4075 si
2542 4036 2644 4090 qua
2674 4022 2723 4101 in
2748 4020 2991 4102 eumdem
3008 4021 3232 4101 modum
3257 4022 3540 4145 excogVitari
3571 4037 3694 4102 pos-

2097 4102 2224 4145 sunt
2267 4111 2280 4145 :
2328 4093 2382 4145 in
2424 4108 2529 4145 auo
2553 4092 2729 4145 studio
2760 4092 3073 4145 crinnuandi
3102 4092 3371 4145 falluntur.
3444 4108 3528 4145 am
3556 4102 3608 4145 et
3634 4109 3689 4145 tn

2097 4102 2224 4149 sunt
2267 4111 2280 4146 :
2328 4093 2382 4145 in
2424 4108 2529 4161 quo
2553 4092 2729 4145 studio
2760 4092 3073 4146 criminandi
3102 4092 3371 4145 falluntur.
3398 4092 3528 4146 Nam
3556 4102 3608 4145 et
3634 4093 3689 4146 in

2097 4179 2164 4219 eo
2204 4162 2346 4233 quod
2388 4162 2700 4231 proditionis
2736 4171 3011 4233 reusest,
3036 4177 3143 4215 non
3168 4162 3233 4216 de
3260 4162 3435 4216 futura
3462 4178 3522 4217 re
3542 4179 3691 4231 quac-

2098 4232 2267 4299 ritur,
2312 4233 2362 4286 id
2401 4242 2482 4286 est
2516 4234 2582 4287 de
2618 4234 2731 4301 ipsa
2755 4232 3081 4300 proditione,
3111 4234 3203 4287 sed
3234 4233 3301 4286 de
3324 4247 3388 4287 eo
3413 4248 3479 4286 an
3501 4247 3687 4286 susce-

2098 4306 2238 4374 perit
2281 4304 2562 4357 eonsilium
2608 4304 2955 4370 proditionis,
3000 4304 3139 4372 quod
3169 4303 3349 4372 utique
3361 4303 3686 4426 (praecessit;

2098 4383 2153 4426 et
2181 4373 2247 4426 de
2271 4374 2547 4426 tvrannide
2576 4389 2728 4426 aeque
2750 4415 2765 4426 .
2788 4389 2854 4426 an
2885 4374 3129 4426 coaitarit
3150 4374 3355 4426 tvranni
3398 4389 3483 4426 em
3507 4391 3520 4426 :
3553 4373 3686 4426 etde

2098 4373 2153 4428 et
2181 4373 2247 4427 de
2271 4374 2547 4443 tyrannide
2576 4389 2728 4442 teque
2750 4415 2765 4438 ,
2788 4389 2854 4426 an
2885 4374 3129 4442 cogitarit
3150 4373 3483 4444 tyrannidem
3507 4391 3520 4439 ;
3553 4373 3692 4428 etde

2099 4444 2422 4514 parricidio,
2469 4459 2594 4514 num
2644 4453 2945 4512 perpetrato
2972 4460 3002 4514 ;
3028 4452 3081 4496 et
3122 4443 3187 4497 de
3230 4443 3507 4514 veneﬁcio.
3551 4444 3692 4514 Ergo

2097 4513 2312 4583 Semper
2335 4523 2427 4567 aut
2446 4513 2513 4567 de
2536 4515 2833 4584 prazterito,
2859 4524 2951 4566 aut
2976 4513 3041 4565 de
3070 4515 3319 4581 praesenti
3338 4515 3388 4567 in
3408 4513 3691 4584 hypothesi

2099 4586 2335 4639 nascitur
2379 4586 2635 4653 quaestio;
2682 4584 2734 4637 in
2779 4583 2913 4638 thesi
2953 4594 3137 4637 contra
3179 4583 3456 4654 nunquam
3485 4584 3587 4637 nisi
3622 4583 3691 4638 de

2098 4656 2277 4710 futuro
2302 4673 2314 4708 :
2351 4670 2471 4723 quae
2502 4654 2547 4709 si
2576 4657 2647 4708 ita
2676 4662 2828 4720 sunt,
2857 4655 2988 4709 satis
3017 4656 3290 4726 utriusque
3316 4654 3583 4710 declarata
3607 4661 3690 4709 est

2099 4727 2399 4781 diversitas.

2100 4796 2323 4854 CAPUT
2362 4795 2451 4851 IV.
2476 4825 2549 4837 -—
2574 4797 2701 4863 Qum
2742 4796 2845 4851 sint
2871 4796 3263 4851 circumstantia:
3290 4794 3682 4850 controversiam

2794 4868 3025 4921 'acientes.

2168 4937 2320 4993 Nunc
2342 4938 2587 5008 quoniam
2617 4874 3236 5008 quideﬁlicdeeudi’ﬁerentia
3258 4934 3607 5007 generalium,
3632 4944 3687 4991 et

2100 5011 2405 5080 specialium
2432 5011 2783 5079 quaestionum
2814 5010 2943 5062 satis
2972 5008 3169 5080 dictum
3210 5018 3309 5073 est,
3337 5016 3688 5076 separataque

2100 5078 2237 5135 thesi
2267 5081 2333 5135 ab
2358 5078 2660 5150 hypethesi,
2684 5090 2739 5132 ut
2765 5080 2985 5149 perinde
3012 5078 3235 5133 distaret
3257 5094 3315 5134 re
3343 5093 3405 5132 ac
3434 5082 3685 5150 nomine;

2100 5148 2446 5221 consequens
2459 5166 2577 5205 esse
2600 5148 2810 5203 videtur
2854 5150 3057 5221 dicere,
3083 5151 3208 5219 quid
3236 5151 3305 5203 sit
3332 5149 3477 5219 quod
3496 5148 3687 5221 hypo-

2099 5219 2298 5287 thesin,
2318 5222 2367 5275 id
2391 5231 2473 5275 est
2491 5222 2905 5275 controversiam
2922 5220 3140 5275 efliciat.
3167 5222 3260 5275 Est
3285 5221 3443 5290 igitur
3460 5219 3690 5274 circum-

2099 5294 2291 5347 stantia
2315 5308 2492 5346 rerum
2522 5308 2677 5361 quam
2703 5301 2971 5361 περίστασιν
2998 5291 3346 5361 Hermagoras
3374 5299 3547 5355 vocat,
3570 5292 3689 5361 sine

2100 5378 2201 5433 qua
2233 5363 2336 5417 ulla
2379 5357 2599 5416 omnino
2624 5357 2991 5433 controversia
3022 5377 3126 5415 non
3165 5357 3340 5431 potest
3376 5376 3525 5433 esse.
3545 5357 3686 5433 Quid

2099 5430 2169 5488 sit
2197 5444 2374 5487 autem
2416 5445 2707 5503 πιρίστασις,
2740 5432 2945 5487 facilius
2994 5430 3276 5503 partitione
3305 5448 3463 5502 quam
3498 5430 3691 5486 deﬁni-

2099 5506 2243 5560 tione
2270 5505 2383 5573 ejus
2410 5502 2733 5573 deprehendi
2762 5514 2954 5573 potest.
2984 5502 3120 5558 Sunt
3159 5503 3316 5573 igitur
3363 5512 3538 5571 partes
3583 5502 3691 5557 cir-

2099 5578 2452 5638 cumstantiae,
2470 5576 2518 5628 id
2546 5585 2628 5629 est
2646 5582 2977 5645 περιστάσεως,
2995 5583 3221 5642 septem,
3239 5589 3371 5644 quas
3396 5573 3687 5643 Hermago-

2099 5664 2187 5703 ras
2203 5659 2349 5717 μόρια
2372 5652 2681 5717 περιστάσεως
2705 5654 2878 5710 vocat,
2899 5645 3209 5717 Theodorus
3226 5660 3438 5717 στοιχιίᾳ
3466 5649 3689 5717 «pay/uit-

2100 5743 2210 5785 των,
2246 5716 2299 5773 id
2330 5716 2718 5773 est’elementa
2750 5734 2763 5770 :
2793 5716 2935 5786 quod
2972 5731 3040 5771 ex
3080 5731 3265 5772 eorum
3316 5716 3691 5785 conjunctione

2163 5809 2235 5871 (α)
2249 5808 2433 5878 _cicero
2477 5807 2641 5857 thesin
2663 5807 2961 5878 promsitum
2988 5811 3073 5878 aut
3099 5805 3499 5861 concitationem
3517 5810 3687 5867 vocat;

1949 5925 1977 5937 __
2101 5870 2391 5936 hypethesin
2410 5881 2607 5923 causam
2634 5874 2718 5946 aut
2736 5870 3132 5924 controversiam.
