4138 6364
389 350 527 417 ωε

383 469 660 533 occidendi
681 482 864 537 causa,
889 465 1032 540 quod
1059 466 1212 522 miles
1235 467 1571 541 deserturum
1607 483 1668 528 se
1688 472 1970 541 essejura-

382 548 478 602 vit.
510 544 661 599 Nunc
681 543 928 611 quoniam
955 541 1153 596 scimus
1176 540 1299 610 quid
1323 541 1408 612 sit
1431 555 1610 605 causa,
1643 543 1768 612 quid
1793 540 1970 598 conti-

385 633 541 682 nens,
572 610 846 668 videamus
864 613 1024 667 etiam
1053 612 1179 682 qttid
1209 612 1278 665 sit
1303 610 1370 665 de
1390 627 1496 680 quo
1520 610 1878 678 contenditur,
1913 615 1969 669 id

385 698 468 744 est
493 687 616 756 quid
645 685 716 739 sit
744 694 799 739 τὸ
828 694 1104 756 κρινόμενον.
1135 683 1229 756 Est
1272 691 1448 736 autem
1491 683 1619 756 nihil
1647 685 1786 756 aliud
1809 700 1964 754 quam

384 751 679 826 exploratio
704 751 1056 816 continentis,
1085 751 1168 809 m5
1209 763 1490 826 συνέχοντρς.
1519 755 1669 819 Quod
1698 751 1840 809 dico'
1859 757 1969 826 tale

382 825 468 884 est
500 827 734 901 (etenim
771 826 836 901 Ain
866 826 1054 901 eadem
1105 825 1468 901 controversia
1519 825 1968 901 perseverandum

384 895 536 969 puto,
586 896 1140 969 quohsintﬂlueidiora
1171 910 1291 964 qua:
1329 895 1616 967 tradimus)
1645 907 1840 951 ταῖτιον
1887 907 1970 952 est

381 966 525 1039 quod
565 966 760 1039 occidit
783 966 1003 1039 militem
1033 966 1351 1035 imperator;
1383 976 1568 1034 συνέχον
1589 966 1687 1039 est,
1716 981 1832 1039 quo
1846 982 1970 1039 reus

381 1037 588 1101 nititur.
635 1037 688 1092 id
727 1045 810 1092 est
834 1037 969 1090 ratio
998 1045 1218 1105 propter
1240 1051 1397 1105 quam
1428 1050 1487 1091 se
1515 1037 1779 1094 occidisse
1804 1037 1964 1104 dicit;

381 1120 467 1166 est
491 1119 669 1164 autem
705 1107 845 1177 quod
867 1107 1240 1179 milesjuravit
1268 1122 1326 1161 se
1350 1107 1722 1179 deserturum:
1755 1117 1969 1179 κρινόμε-

382 1205 456 1236 νον
476 1189 579 1246 est,
612 1179 934 1232 examinatio
955 1177 1111 1246 hujus
1136 1177 1320 1246 ipsius,
1343 1179 1484 1247 quod
1510 1179 1574 1231 ad
1602 1177 1968 1234 defensionem

381 1268 506 1307 reus
527 1249 722 1306 attulit.
753 1249 808 1302 In
838 1263 945 1316 quo
971 1250 1041 1302 ita
1071 1248 1342 1316 qumritur,
1378 1263 1505 1301 num
1547 1249 1649 1302 alia
1676 1263 1836 1303 causa
1863 1249 1966 1303 im-

381 1321 612 1392 peratori
639 1319 815 1392 fuerit,
839 1333 936 1373 cur
957 1317 1214 1392 occiderit
1235 1317 1456 1392 militem
1483 1336 1495 1371 :
1520 1328 1572 1392 et
1594 1317 1696 1374 hoc
1718 1320 1966 1392 praetexi-

384 1387 492 1460 iur,
523 1402 578 1447 ut
602 1389 863 1454 videatur,
890 1405 999 1460 non
1022 1387 1142 1460 quia
1155 1387 1430 1460 juraverit,
1461 1391 1690 1460 occisus,
1717 1387 1812 1444 sed
1832 1406 1967 1460 qua-

381 1457 487 1534 que
505 1463 588 1518 vel
612 1461 897 1534 simultatis
922 1459 1005 1513 vel
1029 1457 1237 1534 invidia:
1254 1472 1432 1534 causa.
1458 1459 1659 1534 Poterit
1677 1457 1969 1518 etiam—hoc

380 1530 544 1591 modo
567 1531 821 1586 articulus
852 1530 952 1583 iste
979 1530 1214 1601 tractari,
1247 1544 1314 1582 an
1343 1532 1548 1583 etiamsi
1569 1531 1845 1600 juraverit,
1879 1548 1970 1601 pa-

380 1621 498 1662 rum
522 1617 695 1659 tamen
717 1601 832 1656 haec
847 1601 987 1669 justa
1012 1613 1171 1654 causa
1193 1599 1364 1664 fuerit,
1389 1599 1741 1656 curdebuerit
1760 1599 1963 1658 occidi:

380 1686 434 1732 et
455 1686 562 1730 tota
588 1674 841 1746 perfectio
871 1673 1032 1724 totius
1057 1679 1342 1746 a_u~.ilxo_v1'0g,
1359 1673 1498 1740 quod
1527 1673 1591 1726 ad
1610 1683 1768 1727 αἴτιον
1811 1674 1969 1728 affer-

382 1755 487 1810 tur,
509 1741 768 1816 κριξόμενον
793 1753 1030 1816 voratur.
1063 1741 1268 1816 Evenit
1281 1750 1455 1796 tamen
1487 1759 1886 1813 nonnunquam,
1913 1753 1969 1800 ut

382 1818 437 1872 in
459 1812 562 1870 una
586 1815 946 1886 controversia
971 1828 1077 1886 non
1117 1812 1270 1886 simul
1297 1821 1453 1867 αἴτιον
1474 1821 1531 1886 et
1572 1812 1759 1883 συνέχόν
1783 1826 1834 1870 et
1866 1841 1970 1886 κρι-

381 1898 582 1957 νόμενον,
613 1885 704 1940 sed
746 1886 939 1953 saepius
978 1884 1090 1951 ipsa
1120 1885 1298 1957 omnia
1322 1898 1415 1957 per
1434 1885 1578 1939 vices
1598 1887 1835 1957 revoluta
1855 1884 1963 1941 tra-

379 1953 620 2023 ctentur;
655 1964 711 2009 ut
731 1957 782 2009 in
815 1956 912 2027 hac
935 1953 1491 2027 controversiazlteus
1509 1965 1592 2008 est
1615 1955 1831 2027 Ulysscs
1852 1958 1967 2027 lege

379 2029 706 2098 reipublicae,
725 2026 865 2095 quod
897 2039 1086 2094 procos
1109 2025 1381 2098 occiderit.
1400 2025 1496 2098 Hic
1513 2027 1654 2098 enim
1680 2025 1837 2082 ot’t'rtov
1861 2025 1960 2093 est,

380 2095 520 2170 quod
552 2098 842 2162 occiderit;
871 2104 1077 2170 «uigilata,
1107 2095 1261 2170 quod
1285 2111 1376 2170 eos
1398 2097 1487 2170 qui
1507 2097 1651 2170 bona
1687 2112 1778 2152 sua
1802 2099 1967 2168 depo-

379 2167 719 2243 pulabantur,
748 2178 801 2221 et
825 2167 1090 2243 pudicitia:
1115 2167 1299 2243 uxoris
1312 2167 1711 2243 insidiabantur,
1740 2167 1962 2235 occidit;

381 2237 642 2308 ἓριυόμιινον
664 2247 764 2300 est,
795 2237 1048 2306 numquid
1091 2237 1300 2291 tametsi
1327 2237 1442 2291 haec
1487 2253 1573 2292 res
1609 2243 1962 2308 praecesserit,

379 2308 479 2366 alia
509 2322 681 2365 tatncn
703 2324 880 2372 causa,
905 2324 1063 2377 quam
1095 2310 1354 2376 praetexit,
1378 2308 1668 2362 occiderit?
1697 2311 1799 2374 vel,
1821 2326 1966 2364 num-

417 2383 504 2436 uid
534 2397 599 2436 ne
641 2381 870 2450 pessime
903 2378 1115 2450 quidem
1147 2379 1214 2432 de
1231 2393 1300 2450 se
1346 2380 1584 2444 meritos,
1630 2381 1965 2436 indemnatos

417 2453 621 2508 ebuerit
640 2448 923 2523 occidere?
956 2450 1157 2523 Deinde
1178 2449 1244 2502 ad
1270 2448 1369 2523 hOQ
1394 2450 1669 2523 xptvduuvav,
1685 2451 1826 2505 aliud
1855 2477 1962 2523 cur

379 2532 484 2592 ιχον
512 2523 668 2578 affert
695 2521 910 2592 Ulysses
935 2560 948 2583 ,
978 2536 1083 2592 quo
1109 2521 1322 2573 dieatse
1345 2517 1501 2592 jussu
1533 2520 1779 2575 Minervae
1803 2517 1964 2576 inter-

379 2591 592 2650 emisse.
623 2593 821 2646 Deinde
847 2591 908 2643 ad
948 2592 1050 2644 hoc
1071 2591 1241 2659 ipsum
1263 2599 1450 2656 συνέχον
1475 2591 1526 2662 iit
1555 2603 1833 2660 κρινόμενον,
1859 2609 1964 2662 quo

379 2667 636 2735 quzeritur
663 2672 1209 2735 utrumnam‘propter
1236 2663 1440 2735 jussttm
1474 2661 1720 2735 Minerva:
1747 2661 1959 2717 occide-

379 2731 468 2797 rit.
491 2744 544 2788 et
573 2735 624 2788 in
651 2733 741 2786 tali
767 2747 826 2786 re
853 2748 920 2785 ne
949 2731 1194 2785 Minerva:
1232 2732 1443 2800 quidem
1476 2733 1844 2801 obtemperare
1869 2735 1964 2790 de-

379 2805 574 2862 buerit.
608 2805 700 2858 Est
726 2813 902 2874 autem
949 2812 1105 2854 αἴτιον
1132 2803 1375 2874 pr0prius
1417 2805 1744 2856 accusatoris
1789 2805 1958 2874 locus,

379 2885 566 2947 συνέχον
593 2873 918 2947 defensoris,
929 2882 1195 2947 iptvdfttuov
1210 2873 1492 2947 utriusque
1517 2886 1820 2947 commune.

590 2943 816 3001 CAPUT
855 2941 1236 2997 “IL—Medi
1265 2943 1730 2995 controversiarum.

451 3016 689 3072 Subinde
728 3014 1011 3069 dicendum
1059 3022 1208 3081 puto,
1256 3013 1705 3081 quemadmodum
1744 3023 1798 3069 et
1837 3023 1965 3083 quot

380 3088 554 3143 modis
593 3086 955 3142 controversia
1003 3088 1263 3144 ἀσύστατος
1303 3085 1410 3137 fiat.
1465 3083 1698 3138 Tametsi
1744 3099 1812 3139 ne
1858 3086 1964 3141 dici

379 3159 594 3228 quidem
635 3155 1026 3228 controversias
1065 3161 1458 3228 Oportet,un
1491 3163 1684 3209 statum
1716 3157 1961 3228 nonqtha-

379 3224 525 3291 Βθηι,
557 3229 650 3283 sed
678 3237 931 3294 πλέγματα
969 3225 1376 3292 irrationabilia,
1410 3224 1462 3278 id
1491 3235 1571 3280 est
1597 3231 1765 3293 ἄλογα.
1805 3226 1965 3282 Fiunt

378 3311 556 3354 autem
596 3301 840 3353 ἀσὺστατα
877 3295 1050 3349 modis
1090 3305 1358 3366 quatuor:
1393 3310 1553 3349 unum
1595 3312 1718 3350 cum
1766 3297 1960 3366 aliquid

378 3371 533 3425 deest
566 3385 632 3426 ex
675 3368 1070 3422 circumstantia
1105 3385 1117 3420 :
1149 3382 1268 3436 qure
1307 3375 1482 3422 autem
1513 3367 1594 3420 vis
1623 3369 1690 3420 sit
1731 3367 1961 3422 circum-

378 3441 608 3505 stantis,
641 3449 698 3493 ut
732 3453 890 3508 supra
925 3438 1186 3502 diximus;
1215 3437 1269 3491 id
1299 3447 1382 3492 est
1405 3453 1528 3492 cum
1559 3439 1958 3507 qua‘stionibus,

377 3521 469 3564 aut
495 3525 677 3574 causa,
706 3521 797 3563 aut
833 3522 1078 3577 persona.
1107 3518 1198 3562 aut
1222 3509 1391 3575 locus,
1435 3517 1523 3561 aut
1551 3510 1743 3578 aliquid
1775 3525 1961 3564 eorum

379 3581 549 3645 deest,
575 3582 767 3650 quibus
799 3579 935 3634 effici
969 3579 1421 3633 circumstantiam
1446 3579 1693 3633 diximus.
1729 3580 1840 3634 Hoc
1863 3596 1961 3636 au-

380 3660 487 3706 tem
513 3666 682 3721 genus
706 3650 925 3721 asystati
952 3650 1005 3702 i—n
1031 3650 1399 3721 scholasticam
1427 3651 1701 3703 materiam
1733 3666 1836 3704 non
1871 3667 1964 3720 po-

379 3729 483 3776 test
501 3720 711 3784 cadere,
732 3720 930 3774 idcirco
957 3720 1078 3788 quia
1100 3733 1217 3773 esse
1244 3735 1351 3772 non
1373 3721 1565 3789 poterit
1591 3721 1753 3774 ullum
1786 3721 1962 3777 thema

379 3792 658 3847 deficiente
704 3791 1118 3845 circumstantia.
1150 3791 1205 3844 ln
1243 3792 1464 3844 veritate
1503 3798 1679 3846 tamen
1719 3807 1964 3846 nonnun-

380 3879 537 3932 quam
567 3862 765 3925 evenit,
799 3871 857 3913 ut
895 3861 1089 3932 aliquid
1119 3861 1304 3914 horum
1337 3861 1493 3926 desit,
1527 3871 1579 3915 et
1618 3878 1712 3930 per
1757 3864 1960 3932 impru-

381 3931 612 3986 dentiam
668 3932 864 3985 actoris
915 3931 1186 4002 profligata
1237 3946 1394 3985 causa
1435 3933 1677 3986 veniatur
1715 3933 1779 3986 ad
1820 3931 1962 4002 judi-

381 4017 518 4057 cem.
569 4003 716 4057 Alter
767 4011 850 4056 est
897 4001 1086 4054 modus
1133 4003 1382 4070 asystati,
1423 4019 1578 4070 quem
1622 4004 1725 4055 κατ’
1767 4001 1962 4066 ἰσότητα

380 4075 670 4143 appellant.
693 4072 799 4126 Nos
828 4073 1071 4143 tamensi
1099 4087 1292 4143 nomen
1316 4072 1534 4143 latinum
1562 4073 1687 4126 dare
1707 4089 1812 4127 non
1840 4090 1964 4143 pos-

382 4142 587 4211 stnnus,
638 4153 812 4197 tamen
859 4144 965 4196 vim
1011 4142 1305 4209 intelligere
1346 4142 1638 4195 debemus:
1676 4159 1794 4197 nam
1839 4142 1960 4199 eum

381 4215 565 4268 eadem
595 4216 838 4282 utrinque
863 4213 1138 4277 dicuntur,
1169 4221 1223 4284 et
1257 4211 1397 4284 nulla
1427 4228 1482 4284 re
1505 4253 1520 4278 ,
1554 4229 1620 4266 ne
1655 4227 1813 4281 parva
1842 4216 1961 4284 qui-

381 4285 524 4349 dem,
559 4281 951 4346 discernuntur,
978 4293 1151 4337 tamen
1182 4281 1483 4351 hujusmodi
1512 4291 1715 4349 πλέγμα,
1745 4281 1964 4352 propter

383 4355 734 4424 mqualitatem
767 4355 1041 4424 utriusque
1069 4355 1248 4422 partis,
1279 4363 1472 4407 statum
1508 4354 1760 4422 implicat.
1795 4355 1860 4409 Ut
1888 4357 1963 4410 vi-

381 4427 484 4480 eini
529 4426 944 4491 adolescentuli,
979 4425 1067 4494 qui
1108 4425 1372 4493 speciosas
1422 4441 1614 4479 uxores
1658 4424 1960 4494 habebant,

382 4507 541 4550 noctu
567 4497 700 4551 alter
725 4497 948 4550 alterum
984 4495 1198 4549 obvium
1233 4494 1560 4560 habuerunt,
1588 4507 1838 4550 accusant
1878 4498 1961 4550 in-

381 4567 552 4636 vicem
603 4568 849 4622 adulterii
883 4583 896 4619 :
927 4583 1046 4620 nam
1092 4565 1346 4636 quidquid
1385 4567 1550 4620 altera
1591 4583 1711 4636 pars
1747 4568 1957 4633 dixerit,

383 4635 484 4690 hoc
513 4637 676 4690 altera
703 4638 843 4692 dicat
867 4653 1084 4692 necesse
1110 4635 1209 4691 est.
1248 4637 1363 4692 Veri
1391 4638 1564 4691 simile
1584 4635 1666 4692 est
1687 4646 1738 4692 te
1763 4641 1966 4693 adulte-

383 4708 520 4762 rium
559 4708 791 4761 voluisse
837 4711 1201 4773 committere,
1247 4711 1367 4776 quia
1415 4709 1725 4763 adolescens
1763 4724 1840 4762 es.
1889 4710 1964 4764 Te

422 4791 593 4847 uoque
619 4777 730 4831 veri
758 4777 928 4831 simile
963 4789 1046 4832 est
1081 4779 1332 4842 voluisse,
1369 4781 1490 4848 quia
1533 4781 1842 4835 adolescens
1880 4795 1960 4837 es.

422 4793 593 4847 noque
619 4793 730 4831 veri
758 4793 928 4831 sumre
963 4793 1046 4832 est
1081 4793 1332 4842 vetuisse,
1369 4795 1490 4848 quia
1533 4793 1842 4835 adolescens
1880 4795 1960 4837 es.

383 4793 508 4903 Qieri
536 4848 708 4920 simile
725 4857 826 4920 est,
848 4848 968 4916 quia
986 4850 1279 4915 speciosam
1296 4865 1515 4903 uxorem
1534 4850 1722 4904 habeo.
1739 4850 1813 4906 Te
1833 4867 1965 4920 quo-

383 4933 488 4988 que
513 4920 624 4972 veri
642 4917 813 4971 simile
835 4929 933 4980 est,
957 4920 1079 4987 quia
1108 4930 1159 4972 et
1183 4934 1282 4988 ego
1302 4922 1592 4987 speciosam
1617 4938 1837 4976 uxorem
1853 4917 1964 4977 'ha-

383 4989 505 5044 beo.
542 4989 866 5042 Facultatem
899 4990 990 5042 tibi
1019 4990 1258 5043 vicinitas
1287 4991 1532 5060 praebuit.
1565 4991 1630 5044 Et
1662 4993 1750 5045 tibi
1778 4993 1963 5047 eadem

386 5059 630 5113 vicinitas
655 5061 881 5130 praebuit
905 5060 1221 5130 facultatem.
1251 5059 1358 5114 Cur
1380 5068 1533 5128 nocte
1564 5062 1613 5114 in
1638 5063 1758 5116 me?
1781 5065 1884 5117 Cur
1910 5072 1965 5118 tu

384 5140 561 5202 autem
590 5129 748 5182 inme
771 5129 1038 5183 incidisti?
1063 5129 1203 5184 Nihil
1231 5140 1314 5184 est
1333 5131 1469 5201 quod
1499 5129 1884 5202 distinguatur;
1913 5142 1968 5188 et

386 5199 584 5255 idcirco
610 5209 727 5254 uter
743 5216 930 5256 eorum
967 5202 1080 5255 sive
1106 5209 1319 5255 accusat
1345 5199 1591 5270 alterum,
1616 5199 1686 5258 se'
1709 5203 1966 5258 crimina-

386 5279 508 5343 tur;
539 5272 651 5343 sive
679 5287 736 5326 se
764 5282 968 5343 purgat,
991 5271 1224 5327 defendit
1253 5288 1371 5326 eum
1399 5288 1556 5342 quem
1585 5273 1857 5329 criminari
1884 5274 1966 5328 vi-

385 5341 556 5396 detur.
592 5341 957 5417 Tertiuni__'est
994 5346 1209 5417 asystati
1247 5341 1432 5417 genus,
1465 5345 1605 5417 quod
1646 5344 1816 5400 Grteci
1862 5344 1966 5400 καθ’

385 5420 676 5486 ετιρσμιρίαν
695 5413 979 5486 appellant,
1004 5413 1070 5469 id'
1081 5424 1162 5470 est
1183 5415 1471 5470 secundum
1493 5415 1711 5470 alteram
1741 5425 1964 5486 partem,

385 5497 504 5537 cum
535 5485 629 5538 reo
659 5485 798 5540 nulla
836 5485 1072 5539 defensio
1097 5497 1209 5550 est,
1249 5496 1302 5542 et
1327 5497 1416 5540 aut
1443 5486 1590 5542 color
1617 5487 1669 5541 in
1696 5485 1834 5542 facto
1860 5504 1968 5544 non

387 5553 692 5627 invenitur,
744 5565 834 5627 aut
885 5573 1070 5626 parum
1139 5557 1424 5627 probabilis
1488 5559 1638 5613 color
1681 5559 1964 5616 invenitur.

389 5621 540 5698 [inde
577 5627 735 5680 etiam
764 5621 1105 5683 Democrates
1131 5621 1425 5698 praicepwr
1461 5644 1612 5684 meus
1639 5631 1826 5686 solitus
1855 5639 1970 5686 erat

384 5694 582 5770 dicere,
614 5711 706 5751 eas
742 5699 900 5753 etiam
938 5694 1364 5765 controversias,
1400 5700 1453 5755 in
1491 5701 1682 5770 quibus
1706 5703 1853 5756 color
1879 5702 1971 5759 diu

384 5767 878 5836 quatritur,statum
908 5787 1010 5825 non
1037 5770 1252 5826 habere.
1273 5770 1465 5826 Verum
1493 5767 1584 5828 ille
1607 5773 1968 5836 constantius;

383 5835 504 5909 tios,
533 5838 582 5896 si
606 5835 856 5899 adet-titur
879 5841 1078 5916 aliquid
1104 5841 1175 5903 ad
1200 5841 1565 5904 defensionem
1581 5843 1670 5905 vel
1686 5844 1974 5935 inediocri-

1847 344 2214 415 APPENDIX.

3525 355 3664 424 tuo

2079 479 2164 525 ter
2187 465 2482 538 probabile,
2511 465 2858 526 admittimus.
2885 471 2992 528 Sed
3029 474 3074 528 si
3115 475 3389 535 evidenter
3418 479 3660 539 confessa

2074 553 2235 623 causa
2265 546 2368 623 est,
2395 548 2454 596 ut
2477 551 2689 610 oportet
2715 543 3006 623 secundum
3035 544 3446 623 heteromeriam
3474 555 3660 623 explo-

2076 611 2286 686 demus.
2319 609 2705 682 Nonnunquam
2734 613 2970 669 incidunt
2989 619 3330 686 quaestiones,
3358 609 3586 678 maxime
3607 625 3657 679 in

2076 683 2480 755 veritate,‘qu:e
2523 696 2786 738 summam
2825 683 3157 755 accusatori,
3194 683 3392 744 nullam
3432 709 3525 748 reo
3554 697 3658 750 lar-

2075 752 2292 821 giuntur
2320 750 2660 832 facultatem:
2677 771 2864 832 verum
2885 773 2977 832 eas
3007 774 3109 813 non
3135 750 3546 832 controversias,
3567 766 3658 821 sed

2075 825 2559 903 communeslocos
2586 825 2814 903 dicimus
2839 844 2854 882 :
2886 830 3082 900 quippe
3110 840 3192 885 est
3219 834 3270 886 in
3294 832 3375 887 his
3405 851 3508 887 non
3533 825 3659 903 pro-

2076 891 2223 973 b_atio
2253 895 2512 973 criminis,
2545 897 2640 973 sed
2666 899 2794 952 utin
2820 891 3132 973 expressum
3160 913 3319 973 atque
3346 891 3564 960 evidens
3586 905 3662 960 fa-

2074 964 2547 1043 cinusexpressio.
2575 968 2804 1043 Quartus
2833 964 2916 1024 est
2941 972 3130 1025 modus
3169 964 3386 1043 ass-stati
3423 976 3507 1030 vel
3533 978 3661 1031 cali-

2073 1033 2500 1112 ginosissimus,
2545 1037 2679 1112 adeo
2733 1048 2790 1094 ut
2841 1033 3440 1112 nonnunquam'doctis
3500 1046 3661 1102 etiam

2075 1103 2383 1180 hominibus
2423 1103 2903 1180 soleatobrepere.
2947 1103 3117 1168 liabet
3157 1114 3298 1168 enim
3352 1119 3659 1172 nonnullam

2074 1176 2308 1252 speciem
2344 1178 2643 1252 probabilis
2685 1176 3130 1252 consistentisque
3174 1187 3428 1241 materiai.
3475 1187 3554 1242 Ea
3580 1197 3662 1243 est

2074 1242 2401 1319 h‘ujusmod'i,
2433 1249 2486 1303 in
2509 1265 2610 1319 qua
2632 1251 2796 1316 judex
2824 1242 3057 1307 ferendai
3092 1257 3368 1311 sententiae
3397 1242 3657 1313 rationem

2073 1317 2354 1396 explorare
2386 1335 2489 1373 non
2517 1317 2692 1396 potest
2722 1339 2735 1375 :
2768 1322 2869 1396 hoc
2903 1321 3072 1396 Gtrmci
3092 1331 3274 1396 ἄπορον
3313 1339 3523 1382 vocant.
3551 1329 3659 1384 Sed

2074 1385 2418 1468 subjiciamus
2446 1385 2749 1468 eixempium
2774 1411 2787 1446 :
2813 1393 3032 1468 Petebat
3052 1395 3120 1450 ab
3143 1385 3250 1451 alio
3273 1413 3489 1453 usuram
3508 1400 3659 1468 quasi

2073 1460 2312 1535 pecunia:
2344 1460 2559 1535 creditae
2585 1480 2600 1535 ς
2629 1463 2717 1518 ille
2745 1466 3014 1534 accepisse
3041 1480 3101 1522 se
3129 1470 3401 1535 pecuniam
3433 1460 3658 1524 confite-

2073 1526 2249 1591 batur,
2279 1530 2370 1583 sed
2411 1531 2742 1598 depositam;
2791 1543 2844 1587 et
2876 1526 3083 1590 idcirco
3110 1526 3246 1592 velle
3282 1553 3342 1594 se
3379 1543 3658 1596 restituere

2074 1607 2271 1677 sortem
2299 1602 2414 1677 sine
2445 1618 2622 1677 usura.
2665 1604 2934 1659 Pendente
2969 1606 3170 1662 interea
3206 1608 3426 1677 judicio,
3469 1612 3550 1664 lex
3591 1612 3658 1667 de

2072 1669 2226 1748 novis
2255 1671 2446 1748 tabulis
2491 1672 2592 1748 lata
2622 1683 2701 1727 est
2726 1691 2753 1748 ί
2789 1677 2981 1748 repetit
3016 1678 3102 1731 ille
3146 1669 3294 1747 quasi
3338 1669 3653 1748 depositam,

2073 1737 2161 1820 ilie
2209 1741 2577 1820 retittet.qttasi
2612 1737 2888 1820 creditaui.
2929 1746 3040 1820 Non
3069 1737 3209 1804 enim
3241 1750 3394 1806 video
3410 1737 3542 1820 'quid
3586 1737 3656 1806 sii

2073 1809 2179 1876 hic,
2222 1811 2363 1890 quod
2486 1814 2787 1890 _sent_entia_
2823 1815 3061 1890 ferenda
3068 1819 3231 1884 judex
3274 1809 3652 1890 sequi-passu,

2071 1896 2190 1934 cum
2225 1885 2418 1949 petitor
2449 1883 2588 1937 idem
2618 1885 2880 1939 interdum
2919 1883 3230 1948 credidisse.
3267 1883 3530 1945 interdum
3557 1883 3654 1947 de;

2071 1952 2314 2030 posuisse
2341 1969 2400 2030 se
2421 1952 2593 2030 dicat;
2616 1963 2668 2008 et
2685 1955 2929 2030 illealter
2952 1957 3213 2012 interdum
3239 1960 3530 2030 depositam
3560 1979 3654 2017 ac-

2071 2023 2308 2100 cepisse,
2344 2023 2609 2100 interdum
2631 2027 2902 2100 iere-ditant
2947 2047 2959 2080 :
2997 2038 3050 2082 et
3093 2040 3280 2084 neuter
3313 2023 3411 2086 sua
3453 2037 3651 2100 priore,

2070 2093 2163 2148 sed
2197 2102 2416 2162 uterque
2442 2096 2576 2148 alter
2595 2096 2808 2150 alterius
2839 2100 3103 2164 przrterita
3131 2103 3392 2155 sententia
3421 2093 3616 2157 u'tatur.

2246 2164 2473 2220 CAPUT
2514 2165 2603 2219 IX.
2617 2195 2689 2205 -—
2708 2167 2782 2220 De
2805 2169 2984 2235 ﬁguris
3001 2173 3474 2225 controversiarum.

2142 2232 2417 2291 Pertinere
2442 2237 2599 2314 etiam
2631 2232 2868 2314 nonnihil
2896 2240 3099 2314 adrem
3123 2241 3494 2314 videtur-seire
3525 2244 3654 2314 figu-

2070 2317 2158 2357 ras
2197 2309 2706 2383 controversiarum,
2745 2308 2939 2383 quibus
2977 2311 3204 2383 invicem
3249 2312 3515 2379 differant,
3547 2308 3654 2383 quo

2070 2377 2315 2452 magis‘in
2344 2377 2573 2452 evidenti
2601 2379 2688 2452 sit,
2712 2377 3155 2452 quemadmodum
3177 2398 3439 2452 quamque
3464 2377 3655 2438 tracte-

2072 2460 2210 2500 mus.
2244 2448 2376 2501 Sunt
2399 2449 2555 2517 igitur
2580 2449 2831 2516 themata,
2864 2451 2914 2504 id
2937 2460 3016 2504 est
3047 2448 3228 2521 figura:
3256 2448 3653 2510 controversia-

2068 2530 2186 2568 rum
2212 2559 2226 2582 ,
2275 2527 2501 2594 quatuor
2547 2537 2559 2571 ι
2605 2525 2808 2594 εὔδοξον,
2850 2523 2990 2590 quod
3051 2538 3148 2576 nos
3192 2525 3455 2594 opinionis
3498 2526 3654 2582 bona

2068 2600 2363 2664 possumus
2397 2589 2603 2656 dicere;
2638 2589 2906 2664 ἀμρίδοξοὶι,
2954 2594 3094 2661 quod
3137 2589 3240 2648 nos
3279 2597 3542 2664 Opinionis
3586 2613 3652 2652 ex

2069 2666 2324 2726 utroque,
2352 2661 2582 2732 bonotac
2628 2661 2768 2714 malo
2790 2702 2805 2724 ,
2835 2667 3069 2717 confusae
3118 2661 3397 2732 possumus
3437 2668 3648 2722 dicere:

2069 2733 2353 2806 παράδοξον,
2371 2731 2513 2806 quod
2544 2747 2640 2786 nos
2661 2732 2926 2806 opinionis
2956 2731 3416 2806 malae’possumus
3437 2738 3651 2804 dicere;

2071 2801 2277 2877 tametsi
2322 2801 2560 2877 quidam
2586 2817 2769 2869 parum
2812 2803 3094 2877 diligenter
3133 2801 3309 2877 gratae
3351 2801 3648 2877 loquentes,

2068 2870 2374 2992 θαι-θόοιοη
2396 2886 2490 2938 pro
2510 2870 2593 2924 his
2613 2887 2730 2941 qute
2747 2882 2872 2926 sunt
2892 2873 3044 2928 bonae
3064 2870 3346 2944 opinionis,
3365 2870 3650 2945 accipiunt.

2119 2939 2221 2992 nde
2261 2941 2422 2992 V0120
2461 2943 2619 2992 etiam
2665 2942 3059 2992 Olvmtiionims
3087 2955 3140 2992 et
3172 2956 3400 2992 pastor-ns
3424 2951 3650 2992 violarum

2119 2939 2221 2992 nde
2261 2941 2422 3009 vulgo
2461 2939 2643 2995 etiam
2665 2942 3059 3013 Olympionicas
3087 2939 3140 2998 et
3172 2939 3400 3002 casteros
3424 2939 3653 3004 victores

2067 3021 2340 3088 Sacrorum
2368 3013 2736 3088 certaminum,
2767 3013 3064 3088 paradoxos
3091 3026 3300 3084 vocant,
3335 3021 3503 3088 magis
3527 3034 3657 3074 con-

2067 3079 2347 3160 suetudine
2373 3096 2530 3160 quain
2559 3079 2935 3160 ratione'ducti
2959 3103 2972 3138 :
3000 3098 3226 3160 nam_,_ut
3252 3079 3461 3157 opinoF,
3489 3095 3648 3160 παράο

2069 3151 2198 3228 δξξον
2218 3161 2335 3242 «εειἶ
2351 3150 2494 3220 quod
2523 3160 2606 3242 est
2647 3161 2778 3234 τεαρά
2806 3168 2892 3242 τῂν
2921 3159 3077 3242 serui,
3112 3150 3164 3210 id
3205 3150 3302 3242 est'
3317 3150 3502 3240 contra
3538 3150 3656 3242 opi-

2066 3219 2280 3300 nionem
2305 3219 2519 3300 bonum.
2551 3219 2788 3300 Denique
2834 3225 2956 3300 licet
2981 3219 3126 3280 alias
3167 3229 3414 3300 vulgares
3453 3219 3655 3300 signifi-

2066 3293 2304 3364 cationes
2331 3293 2554 3360 probare
2595 3294 2836 3349 malimus
2859 3295 3012 3364 hujus
3047 3293 3295 3364 nominis,
3330 3293 3526 3353 tamen'
3549 3301 3654 3356 hoc

2065 3361 2204 3426 loco,
2235 3371 2294 3416 ut
2317 3365 2482 3438 muita
2511 3380 2645 3438 nova
2675 3375 2779 3418 tam
2817 3381 2848 3419 a
2878 3361 3129 3438 technicis
3163 3377 3215 3422 et
3240 3361 3650 3438 mathematicis,

2066 3447 2224 3502 quam
2264 3449 2294 3486 a
2334 3434 3158 3510 philosophiscognominantur,
3199 3440 3440 3510 accipere
3485 3434 3652 3496 debe-l

2066 3519 2321 3580 muspon
2349 3514 2456 3558 tam
2489 3521 2586 3574 pro
2617 3506 2776 3580 solito
2797 3524 2891 3562 usu
2919 3506 3349 3572 consuetudinis,
3373 3527 3530 3580 quam
3556 3527 3653 3580 pro

2065 3575 2371 3630 conditione
2392 3577 2885 3650 prmcepti._Quarta
2912 3586 2998 3632 est
3015 3580 3220 3650 species
3243 3575 3646 3644 controversiae,

2065 3661 2184 3722 qua:
2226 3661 2401 3722 graece
2445 3651 2610 3722 diaeta;
2640 3647 2862 3722 dicitur,
2897 3647 3060 3722 quani
3101 3665 3196 3705 nos
3239 3666 3344 3705 non
3385 3661 3440 3706 ut
3492 3653 3650 3722 vulgo

2066 3716 2225 3788 malas
2242 3717 2527 3784 opinionis,
2561 3718 2652 3772 sed
2685 3721 2880 3773 nullius
2907 3716 3176 3788 opinionis
3210 3722 3456 3785 dicimus,
3489 3723 3538 3777 id
3565 3716 3650 3778 e'st

2067 3785 2320 3863 humilem
2361 3799 2418 3863 et
2455 3788 2744 3863 sordidam.
2778 3789 2883 3844 Sed
2912 3785 3188 3846 evidenter
3223 3793 3334 3846 haec
3368 3795 3649 3863 propositis

2065 3858 2321 3935 exemplis
2361 3857 2652 3926 liquebunt.
2693 3865 2893 3927 Εδδοεος
2941 3863 3299 3935 controversia
3344 3857 3646 3935 litiju'smodi

2066 3936 2166 4002 est,
2195 3930 2244 3981 in
2275 3943 2376 3997 qua
2395 3938 2509 4002 tam
2536 3945 2759 3997 persona
2799 3948 2954 4002 quam
2986 3947 3072 3986 res
3101 3943 3183 3986 est
3218 3930 3476 4000 honesta;
3507 3936 3648 3989 velut

2065 3998 2242 4074 S_cipio
2285 3999 2436 4052 victis
2475 3999 2653 4054 Poenis
2693 3998 2832 4070 petit
2861 4004 2910 4055 in
2944 4005 3216 4071 praemium
3247 4016 3303 4058 ut
3341 3998 3545 4074 spectet
3572 4007 3649 4059 Iu-

2064 4067 2164 4144 dos
2191 4070 2367 4124 laurea
2393 4079 2675 4144 eortinatus
2694 4067 2718 4124 ἐ
2752 4082 2807 4127 et
2828 4067 3051 4142 persona
3084 4076 3300 4128 honesta
3325 4067 3408 4129 est
3439 4076 3646 4144 Scipio-

2066 4141 2180 4201 nis,
2209 4150 2273 4218 et_
2289 4140 2426 4218 quod
2461 4142 2654 4207 petitur
2691 4159 2795 4198 non
2829 4140 3147 4218 improbum.
3176 4151 3430 4218 ᾼμφίδοξος
3458 4140 3566 4210 est,
3592 4148 3644 4201 in

2066 4227 2167 4283 qua
2193 4211 2286 4283 vel
2314 4211 2642 4283 honestatem
2677 4211 2918 4282 personte
2956 4216 3225 4283 turpitudo
3256 4211 3336 4269 'rei
3383 4218 3642 4283 maculat;

2065 4281 2290 4353 velutsi
2334 4281 2472 4336 idem
2515 4281 2693 4352 Scipio
2723 4293 2868 4353 petat
2914 4281 3114 4353 praemii
3156 4287 3370 4340 nomine
3416 4281 3642 4342 mortem

2066 4350 2263 4424 Tiberii
2293 4353 2476 4405 Asellii
2513 4371 2528 4424 ς
2565 4350 2684 4424 nam
2719 4350 2957 4422 petitoris
2997 4370 3218 4424 persona
3267 4355 3489 4412 honesta
3528 4367 3642 4424 est;

2066 4422 2210 4492 quod
2232 4431 2406 4475 autem
2428 4422 2620 4492 petitur
2644 4422 3009 4480 inhonestum.
3035 4425 3128 4479 Vel
3154 4436 3337 4480 contra
3355 4468 3368 4489 ,
3409 4427 3456 4482 si
3495 4422 3644 4482 abdi;

2066 4491 2214 4565 catus
2246 4492 2450 4546 fortiter
2472 4491 2675 4565 fecerit,
2699 4505 2752 4548 et
2778 4506 2922 4564 petat
2951 4497 3150 4565 praemii
3172 4498 3388 4553 nomine
3417 4499 3643 4555 reditum

2066 4564 2121 4617 in
2147 4563 2361 4617 domum
2402 4563 2565 4632 patris
2595 4581 2608 4616 :
2635 4563 2860 4632 persona
2891 4563 3011 4635 qua:
3044 4568 3203 4635 petit,
3233 4567 3508 4622 inhonesta
3552 4571 3642 4622 ab-

2067 4635 2261 4708 dicati;
2290 4649 2377 4688 res
2416 4649 2574 4704 quam
2612 4635 2762 4702 petit,
2796 4635 3014 4690 honesta
3045 4648 3100 4690 ut
3141 4639 3191 4691 in
3226 4639 3440 4692 domum
3482 4639 3641 4708 patris

2068 4707 2265 4759 redeat.
2296 4709 2562 4773 Ιιαράδοεον
2583 4714 2664 4758 est
2687 4710 3060 4762 controversite
3079 4724 3268 4777 genus,
3297 4719 3351 4762 ut
3370 4707 3528 4777 Supra
3556 4710 3642 4764 deo

2068 4777 2336 4841 finiebam,
2357 4778 2407 4828 in
2429 4791 2535 4850 quo
2548 4787 2779 4850 utraque
2796 4788 2918 4832 sunt
2940 4779 3236 4850 inhonesta,
3257 4789 3359 4850 tam
3382 4795 3467 4832 res
3487 4795 3640 4850 quant

2068 4861 2329 4921 persona,
2365 4847 2508 4921 veiut
2546 4847 2887 4915 impudicitia:
2925 4864 3048 4904 reus
3094 4849 3300 4903 fortiter
3335 4847 3645 4921 fecitfpetit

2070 4918 2272 4988 prmmii
2301 4919 2514 4971 nomine
2538 4921 2862 4989 accusatoris
2884 4921 2964 4972 sui
2996 4930 3218 4972 inertem
3253 4937 3266 4972 :
3298 4935 3419 4972 nam
3448 4929 3500 4974 et
3515 4918 3647 4989 per-

2068 4987 2197 5043 sona
2227 4989 2454 5060 petentis
2480 4987 2756 5060 inhonesta
2784 5000 2884 5051 est,
2913 4990 3171 5060 siquidem
3201 4989 3297 5043 fuit
3323 5005 3448 5044 reus
3471 4987 3645 5059 impu-

2068 5059 2281 5132 dicitur,
2306 5060 2524 5132 tametsi
2555 5059 2752 5129 aliquid
2782 5060 3090 5132 turpitudini
3117 5059 3474 5132 derogavprit,
3503 5063 3645 5132 quod

2068 5113 2281 5186 fortiter
2297 5130 2458 5195 fecit;
2488 5138 2542 5184 et
2570 5113 2664 5183 res
2689 5145 2846 5199 quam
2867 5113 3033 5200 petit,
3053 5113 3309 5199 improba.
3339 5113 3648 5197 luéﬁ‘ési

2068 5203 2443 5272 controversae
2480 5215 2650 5270 genus
2687 5202 2801 5272 sine
2835 5201 3082 5268 Opinione
3109 5212 3347 5272 utraque,
3374 5201 3570 5256 humile
3595 5212 3649 5258 et

2069 5271 2363 5327 sordidum.
2396 5271 2601 5340 Pauper
2623 5271 2935 5325 vestimenta
2960 5271 3253 5338 vendebat;
3282 5274 3482 5327 exstitit
3513 5275 3647 5328 alius

2069 5359 2289 5415 pauper,
2308 5341 2410 5415 Aqui
2437 5341 2725 5415 vindicaret
2752 5357 2832 5408 ea,
2859 5351 2913 5396 et
2938 5343 3074 5415 furto
3100 5344 3268 5398 ablata
3296 5343 3394 5415 sibi
3425 5343 3651 5415 essedi-

2071 5412 2215 5470 ceret
2246 5431 2257 5466 :
2289 5413 2375 5468 ille
2406 5412 2647 5484 venditor
2669 5413 2762 5477 ait,
2782 5428 2841 5468 se
2856 5415 2922 5467 ab
2942 5413 3182 5470 adultero
3202 5413 3535 5484 deprehenso
3556 5414 3646 5470 illa

2072 5487 2389 5542 vestimenta
2418 5483 2708 5538 detraxisse
2737 5501 2750 5538 :
2778 5484 3001 5541 invicem
3027 5483 3296 5550 accusant,
3329 5485 3418 5540 ille
3444 5485 3650 5541 adulte-

2073 5559 2158 5624 rii,
2203 5557 2290 5612 hic
2333 5557 2476 5610 furti.
2523 5554 2617 5608 llic
2669 5556 2812 5628 enitu
2851 5565 2904 5610 et
2947 5571 3189 5628 personae
3233 5555 3462 5610 humiles
3514 5573 3647 5628 pau-

2072 5645 2287 5699 perum,
2328 5637 2383 5684 et
2437 5640 2524 5699 res
2567 5641 2685 5696 qua:
2731 5627 2977 5683 videntur
3027 5627 3215 5682 fecisse
3265 5627 3646 5698 quaestionem,

2075 5697 2297 5770 abjectm
2326 5741 2342 5766 ,
2391 5697 2830 5771 vestimentorum
2873 5699 3243 5771 vindicatiotet
3287 5697 3492 5771 agnitio
3535 5719 3548 5757 :
3593 5697 3650 5758 et

2079 5785 2376 5844 quanquam
2415 5770 2766 5844 intervenerit
2811 5771 3014 5827 crimen
3061 5770 3304 5827 adulterii
3337 5770 3442 5844 non
3491 5771 3641 5842 abie-

2077 5840 2432 5914 ctum,tamen
2453 5840 2574 5912 quia
2600 5840 2754 5910 plura
2793 5851 2919 5899 sunt
2947 5851 3078 5918 ante
3121 5855 3389 5919 κιρίοτασιν
3424 5840 3646 5906 humilia
