4138 6364
408 325 434 383 1
444 324 542 382 449

399 437 646 493 dicente:
679 433 853 490 Nolite
871 435 1086 506 cogitare
1105 434 1339 506 dicentes,
1363 432 1484 502 quid
1491 432 1655 506 frictis
1677 473 1691 494 ,
1723 444 1810 486 aut
1847 435 1968 504 quid

399 507 672 562 uestiemini
694 522 712 560 :
733 507 826 560 hoc
850 501 979 558 enim
1001 503 1181 559 Gentes
1209 501 1446 572 cogitant.
1481 501 1589 557 Scit
1612 501 1766 555 Pater
1813 501 1970 558 uester

397 579 516 646 quia
544 579 718 632 horum
753 577 975 630 omnium
1003 575 1234 646 indigetis
1251 590 1269 627 :
1287 573 1490 646 quanite
1525 573 1738 641 primum
1761 589 1968 646 regnum

399 642 494 718 llei
515 689 530 708 ,
561 657 607 700 et
621 646 1007 718 justitigntnejus
1022 642 1240 718 ;_‘et’lta:c
1264 642 1432 695 omnia
1466 653 1781 711 opponentur
1808 642 1962 696 uobis.

399 713 708 784 (Matthfw
734 756 749 782 ,
788 713 995 783 51-55).
1040 713 1424 784 Verumtamen
1451 721 1730 784 antequam
1771 723 1968 767 statuat

398 781 518 839 esse
545 787 596 839 in
620 781 970 847 monasterio,
1003 783 1191 854 probet
1219 782 1542 854 propositum
1572 781 1788 835 fratrum
1809 791 1966 854 atque

397 855 697 922 exemplum
723 895 737 912 .
769 863 822 907 et
864 855 978 922 ipse
1003 851 1271 922 probetur,
1291 851 1344 905 in
1382 851 1526 904 omni
1557 851 1966 922 conversatione

397 925 463 978 ab
486 921 577 977 illo
605 923 692 992 qui
725 921 1075 992 Priorest,’et
1101 921 1306 992 caeteris
1330 921 1809 992 consentientibus,
1841 937 1965 989 pro-

396 1002 516 1062 pter
567 990 691 1046 illud
731 991 870 1062 (νιοιῖ
896 992 1162 1060 Scriptura
1189 990 1915 1062 docetetadmonet,qdicens
1946 1007 1960 1043 :

395 1059 625 1115 lmicum
673 1061 778 1115 noli
821 1063 918 1114 cito
969 1059 1311 1129 comprobare.
1354 1059 1460 1114 Sed
1503 1059 1549 1112 si
1585 1060 1865 1128 contigerit
1908 1071 1964 1114 ut

395 1133 587 1201 aliquis
629 1147 695 1185 ex
737 1131 968 1200 qualibet
1010 1145 1168 1185 causa
1210 1129 1544 1201 necessitatis
1583 1145 1612 1181 a
1645 1130 1965 1183 monasterio

330 1235 338 1254 .
397 1199 555 1255 fuerit
587 1199 900 1266 abstractus,
931 1215 999 1254 ne
1031 1202 1112 1254 vel
1143 1208 1324 1254 mente
1346 1199 1608 1267 concipiat
1646 1213 1825 1267 secum
1863 1201 1962 1252 ali-

394 1271 517 1339 quid
547 1271 686 1325 ferre
704 1270 771 1324 de
797 1271 859 1324 iis
887 1270 1130 1324 omnibus
1157 1269 1351 1339 quaain
1378 1269 1698 1339 monasterio
1727 1266 1960 1335 fuerunt,

394 1337 506 1394 sive
530 1341 689 1396 etiam
711 1355 830 1410 qua:
855 1353 1035 1410 secum
1056 1337 1335 1410 aliquando
1349 1337 1616 1398 attulerat.
1635 1339 1746 1390 sive
1765 1352 1824 1410 ea
1845 1355 1963 1406 qua:

394 1425 514 1463 cum
545 1406 795 1464 fratribus
835 1406 1158 1477 acquisierat
1189 1424 1204 1460 :
1236 1409 1354 1477 quia
1383 1417 1584 1461 eertum
1613 1415 1696 1462 est
1717 1449 1731 1469 ,
1774 1406 1964 1463 fratres

396 1480 527 1533 nihil
558 1480 776 1548 habere,
804 1477 1093 1548 possidere,
1107 1477 1255 1548 dare,
1276 1478 1353 1531 vel
1367 1477 1612 1548 accipere
1635 1477 1829 1548 debere
1847 1478 1964 1532 sine

395 1549 685 1617 superioris
719 1547 948 1602 licentia.
981 1547 1130 1613 Quod
1157 1547 1201 1601 si
1230 1547 1552 1617 propinquus
1574 1587 1591 1611 ,
1623 1547 1702 1599 vel
1728 1547 1959 1613 amicus,

395 1620 477 1672 vel
501 1618 719 1684 quilibet
741 1617 959 1672 fratrum
986 1657 1001 1683 ,
1032 1617 1229 1687 aliquid
1263 1617 1454 1687 offerre
1492 1617 1748 1679 voluerit;
1795 1617 1963 1684 primo

391 1688 606 1756 quidem
639 1687 806 1741 Priori
833 1686 1162 1751 insinuetur,
1195 1695 1247 1740 et
1272 1686 1350 1739 sic
1374 1687 1689 1754 suscipiatur
1712 1727 1744 1756 ,γ
1769 1687 1812 1756 si
1850 1688 1963 1756 ipse

395 1755 724 1811 mandaverit
751 1773 765 1808 :
799 1757 865 1811 de
901 1772 1005 1826 quo
1035 1766 1208 1810 tamen
1240 1756 1368 1810 nihil
1398 1758 1488 1808 flat
1505 1756 1665 1818 aliud,
1699 1755 1798 1826 nisi
1822 1755 1962 1826 quod

395 1827 562 1897 Priori
594 1826 879 1897 placuerit,
901 1825 994 1897 vel
1036 1826 1643 1897 permiserit;quoniam
1679 1825 1961 1897 valde’ve-

396 1895 617 1950 rendum
647 1905 749 1961 est,
771 1911 837 1950 ne
869 1896 966 1950 sibi
1005 1897 1213 1950 eveniat
1251 1895 1390 1964 quod
1431 1895 1683 1963 scriptum
1708 1903 1832 1949 est:
1878 1895 1964 1950 Vir

394 1966 647 2036 mutabilis
683 1966 736 2018 in
766 1966 938 2036 lingua
964 1965 1137 2018 incidit
1170 1963 1378 2036 inutala
1403 1967 1420 2032 (
1444 1964 1594 2036 Prov.
1630 1963 1862 2035 xut,3).
1898 1967 1962 2021 Et

395 2035 584 2090 iterum
607 2075 622 2101 ,
646 2045 702 2087 ut
729 2034 927 2105 nullum
962 2036 1178 2088 omnino
1204 2034 1272 2088 de
1296 2034 1542 2105 fratribus
1562 2049 1741 2089 secum
1764 2034 1960 2105 provo-

396 2114 481 2158 cet
503 2145 517 2167 ,
552 2120 617 2158 ne
644 2104 808 2173 magis
847 2104 1143 2157 destructor
1171 2119 1326 2172 quam
1351 2104 1639 2158 ardilicator
1659 2104 1960 2159 monasterii

393 2175 632 2228 videatur
659 2190 673 2225 :
705 2182 918 2242 propter
942 2174 993 2226 id
1035 2173 1174 2242 quod
1193 2174 1442 2241 scriptum
1480 2181 1598 2227 est:
1632 2173 1733 2238 Qui
1761 2191 1858 2228 non
1891 2182 1964 2228 est

393 2259 613 2305 mecum,
642 2253 812 2313 contra
847 2259 926 2313 me
944 2252 1052 2305 est;
1086 2253 1132 2296 et
1172 2244 1258 2309 qui
1294 2258 1484 2295 mecum
1515 2259 1616 2295 non
1657 2253 1958 2313 congregat,

392 2313 633 2384 dispergit
666 2311 887 2384 (Matth.
916 2327 1021 2376 xu,
1042 2312 1165 2384 50).
1200 2314 1262 2384 Et
1287 2313 1609 2384 quicumque
1647 2311 1963 2381 provocatus

393 2383 460 2435 ah
479 2381 684 2450 aliquo,
702 2381 768 2435 de
794 2382 1112 2436 monasterio
1141 2383 1365 2436 voluerit
1390 2381 1695 2446 abscedere,
1721 2391 1813 2436 aut
1839 2384 1962 2437 red-

392 2462 575 2520 arguat
619 2460 990 2520 provocantem
1015 2490 1033 2516 ,
1075 2461 1167 2505 aut
1200 2461 1325 2506 ante
1363 2451 1560 2505 iudicet
1606 2452 1896 2520 Pmposito
1919 2455 1959 2520 ⁸,

393 2523 478 2574 cui
509 2520 688 2590 utique
711 2521 779 2574 de
811 2521 872 2594 iis
893 2561 909 2584 ,
937 2520 1132 2594 qumin
1169 2521 1440 2594 communi
1458 2520 1800 2594 decrevimus
1815 2523 1962 2594 ‘nihil

391 2604 510 2644 esse
533 2605 728 2644 censeo
753 2590 1167 2644 subtrahendum
1185 2631 1199 2655 ,
1217 2591 1342 2658 quia
1368 2590 1620 2658 scriptum
1651 2600 1733 2645 est
1763 2608 1776 2643 :
1807 2591 1962 2645 Paci-

390 2661 476 2727 ﬁci
498 2659 600 2713 sint.
621 2659 706 2712 tibi
734 2661 908 2722 multi,
937 2661 1024 2712 sed
1059 2677 1187 2712 unus
1217 2675 1278 2713 ea:
1295 2659 1436 2714 mille
1453 2662 1514 2714 sit
1541 2660 1628 2713 tibi
1644 2662 1963 2717 consiliarius

393 2727 582 2796 (Ereti.
611 2743 684 2799 vt,
699 2727 774 2799 6).
801 2729 958 2797 Igitur
985 2729 1098 2782 lucc
1117 2744 1234 2797 qua;
1255 2729 1447 2799 scripta
1459 2738 1600 2795 sunt,
1615 2744 1735 2784 cum
1756 2747 1961 2785 summa

391 2798 656 2866 diligentia
707 2798 1032 2852 Observanda
1090 2807 1213 2852 sunt
1259 2813 1290 2852 a
1344 2798 1632 2868 Praeposito
1677 2815 1842 2869 usque
1895 2802 1961 2856 ad

1700 321 1974 378 REGULA
2013 321 2347 380 SECUNDA.

3520 337 3650 394 ΝΜ

2074 451 2261 520 omnes
2284 437 2501 520 fratres.
2520 439 2582 494 Et
2601 440 2644 495 si
2665 440 2780 510 quis
2795 441 2862 520 ab
2880 442 3056 512 aliquo
3081 444 3374 502 doctrinam
3397 447 3646 520 audierit.

2077 519 2271 576 prwter
2301 523 2458 576 quam
2489 511 2539 563 in
2576 511 2897 566 monasterio
2933 511 3248 570 consecutus
3280 527 3362 572 est
3379 518 3447 574 ab
3470 533 3536 573 eo
3559 521 3644 574 cui

2074 592 2134 651 se
2156 578 2410 651 credidit;
2438 579 2573 651 hanc
2594 589 2768 634 autem
2795 583 3065 651 suscipiat,
3093 593 3146 638 et
3173 600 3291 639 eam
3308 602 3413 642 non
3433 589 3648 644 subtra-

2078 646 2170 728 hat
2200 648 2403 728 doctori
2435 667 2448 702 :
2472 650 2880 728 qniascriptum
2908 646 2990 728 est
3020 646 3225 728 {omne
3243 657 3376 728 quod
3409 659 3644 728 manife-

2073 726 2251 794 statur,
2277 719 2367 794 lux
2387 729 2457 772 est
2481 718 2692 794 (Ephes.
2717 718 2770 786 v,
2800 721 2906 794 15).
2935 722 2990 776 Si
3010 725 3150 778 enim
3177 718 3310 778 bona
3335 726 3509 791 fuerit,
3533 718 3648 782 col-

2078 787 2334 860 haudanda
2356 798 2464 860 est;
2488 790 2532 842 si
2556 787 2687 843 vero
2701 787 2890 860 prava',
2915 794 3261 860 reprobando.
3285 795 3358 848 ne
3379 796 3442 849 iis
3466 787 3646 852 autem

2073 855 2324 934 fratribus
2350 859 2462 934 ‘qui
2507 859 2558 912 in
2607 855 2803 934 uniiate
2843 855 3172 934 consistunt,
3229 864 3275 919 si
3307 865 3427 934 quis
3473 867 3646 921 subito

2073 927 2326 998 adversus
2349 927 2693 998 Praepositum
2710 931 2993 984 altercatus
3021 931 3204 996 fuerit;
3235 927 3340 987 non
3359 935 3529 989 solum
3554 951 3644 991 se-

2073 996 2198 1060 mel,
2230 996 2582 1072 sed‘secu‘ndo
2603 1007 2655 1051 et
2673 1001 2846 1072 tertio,
2869 1011 2926 1053 ut
2953 1002 3289 1072 Evangelium
3319 1005 3495 1070 docet,
3521 1005 3644 1060 licet

2072 1079 2294 1140 exorare
2321 1067 2528 1140 (Matth.
2568 1084 2691 1140 svnt
2716 1111 2729 1129 ,
2763 1070 2974 1140 15-”).
3022 1071 3076 1125 Si
3103 1067 3282 1127 autem
3318 1067 3548 1129 noluerit
3585 1091 3644 1130 se

2071 1137 2388 1213 emendare,
2417 1137 2506 1193 ille
2526 1138 2620 1213 cui
2660 1140 2904 1213 injuriam
2936 1137 3198 1211 irrogalus
3239 1152 3344 1210 est,
3385 1153 3501 1212 post
3539 1146 3644 1213 pri-

2071 1219 2210 1258 mam
2235 1208 2314 1260 vel
2343 1208 2626 1281 secundatn
2654 1208 3166 1281 correctionemiqui
3185 1228 3290 1265 non
3317 1208 3644 1268 revocaverit

2071 1283 2456 1352 contumacem,
2485 1277 2836 1352 denuntietet
2863 1280 2990 1348 illud
3017 1277 3327 1349 Prfeposito,
3359 1299 3424 1337 ne
3443 1299 3536 1352 per
3561 1294 3642 1337 ta—

2070 1343 2449 1420 citnrnitatetn,
2471 1356 2525 1420 et
2553 1349 2658 1420 ille,
2685 1345 2926 1420 etlrater
2947 1365 3075 1404 suus
3099 1343 3479 1420 periclitentur.
3507 1354 3644 1408 sicut

2069 1411 2316 1470 Salotnon
2346 1411 2453 1481 ait,
2487 1417 2586 1482 Qui
2609 1419 2825 1472 occultat
2853 1411 3160 1473 inimicitiam
3178 1462 3191 1483 ,
3221 1422 3421 1476 instruit
3447 1411 3640 1476 dolum.

2071 1483 2128 1536 Si
2156 1495 2390 1560 vero,‘_ut
2414 1487 2527 1540 ﬁeri
2557 1487 2710 1560 solet,
2740 1488 2968 1560 incursio
2993 1491 3260 1558 repentina
3282 1493 3640 1560 supervenerit

2070 1561 2160 1606 aut
2180 1554 2458 1619 hostilitas,
2485 1565 2546 1610 ut
2569 1556 2893 1625 impoSsihile
2922 1560 2990 1612 sit
3015 1554 3263 1616 fratribus
3289 1554 3530 1616 in'utmm
3557 1561 3640 1616 fu-

2068 1637 2187 1691 gam
2243 1634 2692 1696 petereipropter
2741 1628 3118 1683 inst-cntionem
3162 1631 3494 1685 inimicorum
3523 1672 3538 1696 ,
3587 1643 3641 1688 et

2069 1695 2412 1770 postmodum
2435 1695 2544 1748 Deo
2570 1695 2774 1770 favente
2811 1700 3076 1753 evaserint
3098 1741 3113 1764 ,
3145 1708 3201 1754 et
3227 1702 3490 1768 potuerint
3519 1695 3639 1770 per-

2066 1765 2250 1820 venire
2275 1765 2362 1818 ubi
2381 1765 2724 1834 Prrepositum
2745 1781 2864 1821 esse
2882 1765 3255 1834 cognoverint;
3278 1770 3438 1824 veluti
3461 1765 3550 1824 lilii
3571 1773 3640 1825 ad

2069 1843 2271 1900 patrem
2289 1875 2306 1909 _,
2335 1834 2582 1909 festinare
2603 1836 2901 1909 debebunt.
2932 1834 3039 1892 Nec
3059 1839 3174 1909 ullo
3206 1840 3364 1894 modo
3391 1850 3640 1909 poterunt

2068 1905 2322 1978 separari.
2355 1919 2486 1974 quos
2503 1905 2684 1978 divina
2713 1906 2940 1978 charitas
2961 1908 3180 1962 sociavit
3201 1950 3214 1970 ,
3239 1910 3358 1978 quia
3380 1905 3634 1976 scriptum

2068 1982 2152 2049 est
2168 2014 2183 2036 ,
2215 1972 2450 2049 Berfecta
2477 1975 2676 2029 dilectio
2701 1977 2837 2049 fortis
2864 1977 3010 2049 mittit
3037 1972 3271 2049 timorem
3289 1979 3338 2049 (Ι
3364 1972 3519 2032 Joan.
3541 1995 3596 2034 tv
3621 2021 3637 2042 ,

2070 2042 2264 2115 £8).Si
2289 2042 2408 2115 quis
2433 2056 2627 2108 autem,
2658 2042 2796 2115 quod
2828 2048 3071 2115 superius
3086 2042 3331 2112 diximus,
3364 2063 3520 2102 causa
3541 2066 3636 2101 ue-

2068 2114 2330 2187 cessitatis
2352 2114 2555 2187 detinet
2583 2114 2832 2187 id_,’quod
2853 2132 2880 2187 ιι
2897 2114 3229 2170 monasterio
3254 2132 3432 2172 secum
3465 2131 3642 2187 porta-

2068 2183 2175 2245 vit;
2215 2197 2430 2238 uecesse
2465 2183 2818 2250 habebit,uhi
2859 2186 3177 2253 Praepositus
3209 2201 3338 2241 suus
3363 2183 3478 2249 est,
3509 2188 3638 2241 illud

2069 2253 2304 2327 perferre
2332 2253 2484 2324 :quia
2516 2269 2617 2307 non
2644 2254 2836 2327 poterit
2860 2255 2958 2327 sibi
2984 2256 3232 2327 retinere.
3265 2257 3402 2325 quod
3425 2272 3519 2326 per
3540 2273 3638 2327 pa-

2067 2332 2209 2376 ctum
2235 2324 2519 2394 adiomnes
2546 2326 2802 2392 pertinet,
2831 2333 2885 2378 et
2913 2325 3019 2380 Deo
3046 2326 3224 2394 utique
3256 2324 3338 2379 est
3363 2324 3640 2381 consecra-

2071 2403 2197 2463 tum.
2227 2391 2331 2447 Sed
2358 2394 2400 2446 si
2430 2391 2736 2462 cogitaverit
2759 2394 2825 2447 de
2850 2394 2932 2449 his
2959 2391 3152 2463 aliquid
3176 2397 3424 2457 retinere,
3456 2406 3638 2450 contra

2068 2461 2530 2546 dictumApos'toli
2558 2461 3090 2546 agerevideturhqui
3111 2465 3225 2546 ait,
3258 2465 3463 2546 Nemini
3488 2467 3638 2534 quid-

2103 2549 2216 2606 uain
2245 2533 2488 2606 deleatis,
2519 2535 2615 2587 nisi
2639 2543 2694 2606 ut
2711 2533 3162 2606 inuicentailigatis
3187 2551 3273 2606 uos
3301 2534 3476 2606 (Rom.
3502 2533 3599 2590 ίιιιι
3619 2576 3638 2598 .

2065 2549 2216 2656 gnam
2245 2549 2488 2598 devectis,
2519 2549 2615 2587 nisi
2639 2549 2693 2588 ut
2711 2550 2917 2587 invicem
2941 2549 3162 2603 attigatis
3187 2551 3273 2590 vos
3301 2549 3476 2606 (nam.
3506 2551 3599 2590 xui
3619 2576 3638 2598 ,

2079 2606 2144 2674 ί).
2173 2602 2358 2658 Omnia
2383 2618 2509 2672 ergo
2536 2619 2654 2674 qua:
2682 2605 2734 2658 in
2774 2603 2875 2657 isto
2893 2604 3044 2674 libro
3067 2605 3424 2665 continentur.
3453 2620 3639 2660 omnes

2069 2673 2258 2744 fratres
2295 2673 2609 2744 observent;
2635 2683 2794 2742 atque
2825 2673 3179 2738 subscribam,
3223 2677 3312 2744 qui
3354 2675 3476 2730 boni
3520 2691 3640 2730 esse

2066 2741 2387 2796 desiderant.
2438 2742 2633 2796 Verum
2675 2741 2890 2811 propter
2915 2744 3033 2797 illos
3070 2755 3193 2797 sunt
3225 2741 3400 2809 cauta,
3453 2745 3504 2798 id
3555 2755 3640 2799 est

2067 2812 2282 2881 scripta,
2311 2812 2396 2881 qui
2429 2812 2479 2864 in
2511 2812 2752 2866 omnibus
2782 2812 2996 2867 stabiles
3021 2828 3138 2868 esse
3159 2823 3466 2868 noscuntur.

451 2928 468 2960 ι
489 2927 776 2988 uolstenius,
801 2908 983 2980 Abbati.

397 3035 482 3051 ﬂ

768 3036 1052 3048 -_——

1603 3040 1766 3051 ——-—-_

1805 3109 2254 3174 ADMONITIO

1577 3229 1663 3283 DE
1700 3229 2038 3295 SEQUENTI
2077 3227 2338 3284 OPUSCU
2349 3225 2454 3280 LO.

458 3359 786 3415 Contulimus
815 3360 951 3431 istud
976 3362 1284 3431 opusculum
1306 3360 1370 3414 ad
1397 3363 1666 3430 exemplar
1691 3361 2012 3418 Corbeiense.
2037 3371 2159 3417 ante
2185 3361 2329 3417 mille
2354 3374 2544 3431 annos,
2569 3359 2642 3412 uti
2665 3358 2889 3431 videtur,
2916 3370 3212 3426 exaratum,
3243 3376 3348 3431 quo
3373 3361 3636 3418 in‘exem-

391 3431 522 3500 plari
551 3431 618 3486 ab
647 3446 711 3484 eo
739 3429 1107 3500 loco,il‘s:tlmi
1141 3445 1230 3494 ιιι,
1262 3446 1363 3485 ιλιι
1382 3471 1398 3495 ,
1429 3443 1531 3484 etc.
1557 3428 1679 3499 '(ubi
1709 3433 1877 3487 Lucas
1908 3433 2211 3487 llolstcnius
2239 3433 2289 3485 in
2319 3431 2502 3484 codice
2528 3428 2869 3499 Regularum,
2899 3438 3046 3498 parte
3073 3428 3302 3486 secunda
3332 3447 3450 3485 cmn
3478 3431 3636 3486 editis

389 3499 611 3572 Amerb.
639 3500 789 3553 Eras.
817 3509 868 3554 et
891 3499 1018 3572 Lov.
1048 3501 1175 3552 satis
1197 3500 1543 3572 concordat),
1577 3502 1748 3572 variat
1775 3502 1914 3556 hunc
1943 3503 1992 3555 in
2025 3502 2240 3556 modum
2275 3500 2522 3572 :7Psalmi
2549 3509 2668 3572 tres,
2685 3501 3020 3572 sesagesimus
3045 3500 3312 3571 secundus,
3340 3503 3562 3569 quintus,
3590 3513 3639 3555 et

389 3570 605 3641 octogesi
614 3586 723 3641 ntus
744 3585 920 3641 nonus.
946 3567 1176 3641 (Lacuna
1205 3569 1288 3622 hic
1307 3580 1387 3641 est
1407 3567 1614 3641 exigua,
1640 3571 1835 3631 deleto,
1862 3573 1935 3625 uti
1962 3572 2191 3634 videtur,
2215 3571 2494 3641 verbosex
2517 3569 2728 3641 circiter
2752 3567 3067 3641 litterarum,
3090 3579 3146 3623 et
3170 3567 3552 3641 tuox‘sequitnr
3579 3590 3591 3624 :
3616 3578 3635 3641 )

390 3640 470 3692 Ad
506 3638 708 3691 tertiam
749 3638 973 3710 psalmus
1015 3638 1090 3690 ad-
1117 3638 1521 3710 respondendum
1563 3640 1803 3710 dicatur:
1834 3641 2013 3694 deinde
2046 3642 2334 3710 antiphomz
2359 3639 2508 3710 duis,
2546 3639 2719 3701 lectio,
2763 3647 2810 3690 et
2837 3640 3236 3710 complctorium.
3272 3639 3443 3693 Simili
3487 3638 3636 3694 modo

387 3719 530 3762 sexta
557 3717 782 3779 etnona.
809 3708 890 3760 Ad
914 3708 1250 3779 lucernarium
1274 3719 1437 3779 autem
1465 3709 1687 3779 psalmus
1710 3711 2055 3778 responsorius
2094 3708 2242 3779 unus,
2275 3708 2567 3778 antipltona!
2595 3717 2828 3779 quatuor,
2868 3709 2987 3779 item
3013 3709 3237 3779 psalmus
3265 3726 3395 3762 unus
3425 3727 3629 3777 respon.

388 3779 577 3850 serius,
605 3778 748 3830 lectio
770 3817 784 3838 ,
813 3787 860 3830 et
885 3777 1283 3850 completorium.
1329 3777 1392 3830 Et
1429 3777 1959 3847 tetttpore'OppOrtuno
1997 3789 2106 3850 post
2146 3777 2483 3833 lucernarium
2505 3818 2518 3842 ,
2551 3778 2776 3850 omnibus
2814 3777 3106 3850 sedentibus
3123 3779 3354 3847 legantur
3401 3780 3634 3833 lectiones

389 3846 509 3918 (Hic
533 3862 743 3901 erasum
769 3856 849 3899 est
873 3861 1032 3899 unum
1061 3846 1301 3918 verbum.
1327 3856 1382 3900 et
1409 3851 1644 3913 proxime
1665 3846 1904 3918 sequitur
1928 3867 1941 3903 :
1963 3846 2133 3917 )Post
2160 3850 2265 3902 hare
2291 3859 2456 3900 autem
2479 3847 2903 3918 consuetudinarii
2929 3847 3108 3916 psalmi
3135 3857 3250 3900 ante
3275 3849 3521 3902 somnium
3547 3850 3629 3901 di-

386 3915 587 3981 cantur,
617 3923 758 3987 nocte
791 3915 1251 3987 autentorationes,
1285 3915 1754 3987 niensernaventbri,‘
1784 3928 1910 3983 etc.,
1947 3915 2035 3972 ubi
2067 3919 2206 3987 quod
2235 3918 2400 3973 semel
2420 3917 2678 3987 etiterum
2702 3916 2928 3987 dicitur,
2949 3927 2992 3970 et
3019 3918 3635 3987 completmium,videtur

387 3999 576 4058 sonare
613 3983 754 4038 idem
796 3999 914 4058 cum
962 3984 1128 4037 isthac
1157 3985 1376 4058 formula
1407 4000 1435 4037 a
1467 3986 1621 4058 Patre
1647 3998 1828 4058 nostro
1857 3983 2140 4058 Benedicto
2167 3989 2535 4041 Matutinorum
2554 3986 2798 4058 efficiunt
2838 3983 3150 4058 ordinante,
3192 3987 3273 4042 his
3293 3997 3561 4058 usurpata,
3582 3999 3628 4042 et

387 4055 689 4126 completum
714 4061 816 4126 es_t,_
839 4053 886 4105 id
912 4061 996 4106 est
1019 4063 1289 4126 peractum
1316 4055 1392 4126 sic
1414 4056 1516 4108 erit
1538 4055 1790 4126 ofﬁcium,
1834 4058 1952 4120 vel,
1984 4057 2206 4111 addetur
2233 4057 2406 4112 tinalis
2433 4056 2623 4121 oratio,
2655 4056 2826 4125 qualis
2853 4070 2916 4110 ea
2946 4056 3148 4110 scilicet
3174 4072 3292 4126 qua:
3317 4059 3366 4110 in
3393 4053 3622 4126 antiquis

388 4122 690 4196 missalibus
735 4122 1223 4196 ddi-omphacium
1259 4123 1534 4196 vocitatur.
1577 4125 1742 4196 Porro
1789 4126 1841 4179 in
1887 4127 2073 4181 eodem
2121 4127 2305 4180 codice
2347 4122 2895 4196 opusculum'absque
2931 4126 3090 4196 titulo
3126 4122 3210 4180 sic
3246 4127 3471 4196 incipit:
3501 4122 3632 4182 Aule

388 4193 702 4265 omnia,et_c.
735 4189 848 4265 Sed
877 4192 941 4265 ad
981 4189 1313 4265 hzeeultima
1357 4193 1515 4265 verba
1536 4235 1557 4265 ,Α
1595 4195 1657 4246 de
1692 4205 1853 4247 vestra
1889 4197 2068 4248 salute.
2097 4195 2277 4260 Amen,
2314 4189 2648 4250 continenter
2672 4203 2728 4249 et
2761 4189 3142 4265 in'eodentmet
3168 4211 3322 4265 versu
3352 4189 3628 4265 subjicitur

387 4261 601 4383 gegula.
718 4261 998 4342 Augustini
1025 4259 1153 4314 viris
1187 4269 1361 4330 aptata
1384 4301 1399 4327 ,
1437 4263 1511 4315 uti
1538 4263 1649 4332 jam
1689 4265 2117 4329 observavimus,
2154 4259 2274 4318 cum
2311 4265 2458 4320 hisce
2498 4265 2674 4319 verbis
2716 4265 2768 4317 iu
2810 4265 2916 4318 line
2942 4281 2955 4316 :
2977 4264 3212 4336 .Eaplicit
3237 4259 3630 4335 Regula'sancti

439 4340 655 4383 uausttnt
679 4347 916 4383 emscam.
3513 4382 3516 4383 ,

439 4331 658 4402 ugustini
679 4331 916 4400 episcapi.

3243 4443 3614 4460 ——-——.——_

1147 4509 1880 4624 REGULA.
1947 4510 2816 4626 SECVNDA.

458 4700 510 4754 ‘l.
537 4701 674 4755 Ante
697 4701 870 4754 omnia
890 4741 906 4766 ,
937 4700 1123 4755 fratres
1149 4699 1445 4770 cbarissimi
1466 4742 1481 4762 ,
1510 4699 1758 4770 diligatur
1786 4701 1946 4765 Deus,

383 4769 575 4824 deinde
612 4779 667 4825 et
703 4771 999 4838 proximus.
1026 4770 1153 4839 quia
1181 4769 1280 4823 ista
1308 4779 1568 4838 pt'mcepta
1596 4769 1952 4839 principaliter

384 4841 536 4894 nobis
563 4847 685 4894 sunt
704 4839 845 4892 data.
871 4837 1107 4906 Qualiter
1128 4837 1302 4892 autem
1332 4852 1426 4892 uos
1454 4837 1660 4906 oportet
1685 4837 1836 4894 orare
1871 4840 1952 4895 vel

421 4910 609 4962 sallere
631 4949 648 4973 ,
673 4907 1019 4962 describimus
1049 4924 1062 4959 :
1093 4906 1142 4959 id
1168 4915 1284 4969 est,
1326 4907 1376 4958 in
1406 4909 1673 4960 matutinis
1712 4910 1953 4964 dicantur

427 4977 579 5033 salmi
611 4994 684 5033 ιιι,
719 4993 845 5040 Lxu,
875 4993 947 5038 vt,
977 4987 1028 5031 et
1055 4987 1457 5046 Lxxxvut,cum
1488 4976 1680 5031 dehitis
1705 4980 1950 5046 antipho-

383 5048 500 5111 nis,
522 5048 763 5102 versibus
789 5055 844 5100 et
868 5045 1238 5114 responsoriis.
1277 5044 1360 5114 Ad
1392 5046 1614 5114 primam
1655 5054 1709 5100 et
1745 5044 1951 5102 tertiam

383 5116 628 5170 dicantur
652 5117 730 5170 sui
752 5113 975 5184 psalmi,
1003 5113 1303 5182 antiphonte
1330 5113 1450 5184 dua:
1469 5154 1483 5177 ,
1527 5114 1778 5168 lectiones
1812 5117 1951 5169 diue.

384 5185 553 5240 Simili
585 5183 834 5240 modoad
855 5195 1057 5238 sextam
1079 5192 1132 5237 et
1159 5198 1348 5238 nonam
1371 5183 1613 5238 dicantur
1640 5184 1720 5237 sui
1743 5186 1950 5253 psahni,

383 5270 502 5309 Cum
542 5255 735 5309 debitis
772 5253 1124 5324 responsoriis
1157 5262 1210 5306 et
1234 5253 1554 5324 antiphonis.
1595 5254 1705 5324 Hoc
1739 5253 1874 5308 idem
1899 5254 1950 5308 in

385 5324 618 5393 vesperis
663 5334 718 5377 et
759 5323 1115 5392 compleloriis
1149 5332 1416 5393 servetur.
1473 5323 1551 5376 Ad
1602 5323 1952 5378 lucernarium

385 5403 558 5447 autem
585 5393 836 5462 psalmus,
858 5392 1249 5461 responsorimn
1279 5407 1458 5455 unum,
1490 5393 1788 5460 antiphontc
1813 5403 1947 5458 tres,

387 5463 641 5518 lectiones
683 5474 806 5516 tres.
861 5462 927 5516 Et
969 5472 1202 5529 tempore
1242 5471 1536 5528 opportuno
1572 5472 1688 5530 post
1716 5463 1953 5516 lucerna—

385 5535 540 5587 rium.
571 5532 815 5587 omnibus
829 5531 1134 5586 sedentibus
1162 5532 1398 5600 lcgantur
1431 5532 1699 5586 lectiones.
1730 5532 1953 5585 Noctur-

385 5618 466 5655 na:
491 5611 662 5656 autem
702 5603 971 5655 orationes
1001 5616 1178 5653 mense
1211 5601 1512 5665 novembri,
1547 5603 1810 5655 decembri
1831 5642 1845 5664 ,
1873 5615 1956 5668 ja-

386 5672 572 5725 nuario
595 5680 648 5724 et
675 5671 962 5734 februario,
990 5668 1292 5738 antiphoua:
1313 5669 1611 5736 duodecim,
1635 5671 1820 5739 psalmi
1835 5687 1947 5735 sex,

616 5762 838 5824 Sauc'r.
871 5765 1142 5824 Av'cusr.
1182 5762 1229 5821 Ι.

2055 4701 2308 4772 lectiones
2333 4707 2464 4772 tres.
2492 4699 2710 4772 Martio,
2743 4701 2892 4770 aprili
2910 4743 2924 4764 ,
2947 4703 3252 4772 septembri,
3281 4703 3504 4760 oetohri.
3535 4717 3631 4757 an-

2055 4770 2286 4838 tiphonte
2312 4770 2520 4836 decent,
2542 4770 2725 4837 psalmi
2755 4770 3288 4840 quinque,7lectiunes
3315 4783 3442 4825 tres.
3469 4774 3627 4838 Maio,

2051 4839 2397 4912 junio,_julio,
2424 4852 2476 4892 et
2503 4851 2720 4912 augusto
2737 4882 2750 4905 ,
2775 4839 3080 4910 antipbona:
3107 4855 3248 4908 oeto,
3269 4842 3455 4910 psalmi
3493 4859 3626 4912 qua-

2057 4921 2194 4971 tuor,
2226 4909 2478 4962 lectiones
2496 4910 2633 4963 dum.

2126 4980 2181 5032 9..
2221 4977 2517 5046 Opercutur
2545 4995 2572 5030 a
2606 4993 2760 5032 mane
2787 4995 2954 5048 usque
2984 4979 3049 5033 ad
3077 4989 3312 5046 sextam,
3343 4989 3398 5034 et
3420 4996 3449 5034 a
3478 4993 3624 5041 sexta

2055 5063 2223 5118 usque
2247 5048 2311 5118 ad
2360 5063 2551 5118 nonam
2601 5057 2790 5102 vacent
2841 5049 3071 5109 lectioni,
3113 5059 3168 5103 et
3195 5051 3262 5104 ad
3285 5065 3476 5104 nonam
3499 5067 3623 5106 reu-

2056 5117 2184 5171 daut
2209 5117 2440 5171 codices.
2470 5117 2536 5170 Et
2571 5127 2848 5187 postquam
2876 5119 3176 5180 refecerint,
3212 5120 3325 5175 sive
3354 5121 3405 5174 in
3435 5121 3588 5174 horto
3609 5164 3624 5187 ,

2056 5187 2168 5260 sive
2192 5187 2505 5260 ubicumque
2523 5186 2750 5260 _t_tec_esse
2778 5186 2954 5260 fuerit,
2985 5188 3177 5260 faciant
3197 5205 3331 5256 opus
3363 5205 3529 5260 usque
3556 5186 3623 5245 ad

2057 5255 2241 5328 horam
2277 5256 2575 5328 lucernarii.
2621 5256 2788 5328 Nemo
2834 5258 2932 5312 sibi
2979 5259 3173 5328 aliquid
3216 5255 3458 5314 vindicet
3499 5276 3625 5328 pro-

2058 5324 2405 5399 prium,__sive
2443 5325 2868 5399 in_vestimento,
2914 5329 3026 5382 sive
3068 5324 3124 5382 in
3173 5324 3512 5399 quacumque
3545 5347 3623 5383 re.

2056 5394 2414 5469 Apostolicam
2442 5395 2583 5447 enim
2611 5395 2769 5469 vitam
2801 5406 3044 5469 optamus
3066 5394 3239 5452 vivere
3259 5394 3486 5469 (Achil,
3506 5400 3622 5460 45).

2055 5462 2222 5539 Nemo
2249 5478 2368 5517 cmn
2401 5477 2667 5519 murnmre
2695 5462 2888 5535 aliquid
2916 5466 3070 5539 faciat
3089 5507 3104 5527 .
3137 5479 3192 5521 ut
3220 5462 3324 5522 non
3351 5470 3508 5524 simili
3531 5470 3621 5539 ju-

2056 5533 2196 5586 dicio
2225 5543 2669 5606 murmuratorum
2700 5533 2881 5604 pereat
2909 5553 2921 5588 :
2954 5535 3179 5592 ﬁdeliter
3216 5539 3463 5593 obediant
3491 5556 3505 5591 :
3532 5533 3626 5606 ina-

2058 5613 2191 5677 t_rem
2219 5617 2370 5677 suum
2412 5603 2670 5677 honorent
2704 5603 2824 5674 post
2856 5606 3016 5660 Deum
3051 5625 3064 5659 :
3097 5608 3382 5677 Przeposito
3409 5603 3624 5665 suade-

2060 5672 2232 5726 feraut
2277 5674 2412 5728 sicut
2467 5672 2620 5728 decet
2671 5672 2882 5728 sanctos
2920 5693 2933 5729 :
2970 5672 3226 5732 sedentes
3267 5679 3356 5732 ad-
3387 5693 3627 5737 mensam

2774 5768 3328 5844 (Quarantr—six.)
