4138 6364
506 326 644 381 1435
702 354 703 357 η

505 440 589 495 vel
618 433 928 507 expetenda:
965 430 1337 507 familiaritatis
1380 444 1468 484 aut
1504 425 1747 507 amiciti-nc.
1779 425 2082 507 spiritualis,

504 497 807 565 discurrant
834 505 1004 559 nuntii
1036 521 1050 557 :
1078 518 1179 557 nec
1208 515 1391 555 eorum
1436 497 1745 553 munuscula
1785 498 2087 563 litterasque

505 579 785 647 suscipias,
817 590 916 631 nec
939 574 1047 647 illis
1074 583 1159 626 tua
1186 571 1404 647 dirigas,
1449 578 1601 647 prout
1638 567 1801 619 moris
1821 577 1931 647 est,
1963 576 2084 645 pttla

505 636 688 710 tortas,
721 636 1008 712 marsupia,
1040 658 1160 710 qua:
1189 636 1399 712 diverso
1424 638 1659 712 stamine
1678 647 1730 689 et
1751 636 2086 712 subtegmine
2112 652 2121 657 ’

505 705 704 772 variata
735 724 876 779 sunt,
904 705 958 767 et
986 705 1180 766 Cic-tera
1212 723 1330 776 qum
1361 707 1661 774 ltujttsmt‘di
1700 705 2088 779 adoicseentio-

506 789 651 844 ribus
690 774 931 840 monachi
961 797 1053 850 per
1080 774 1305 850 clericos
1345 779 1573 850 mittunt,
1618 776 1757 850 quod
1797 774 2084 828 l’ouientum

506 866 593 913 est
613 857 809 913 amoris
835 846 1022 915 illiciti,
1053 858 1107 902 et
1138 849 1310 916 magni
1344 847 1561 899 materia
1589 846 1731 898 mali.

504 925 734 981 CAPUT
762 923 852 978 XI.
881 951 951 962 ——
982 913 1499 989 Operetur'mauibus,
1541 925 1745 989 ornetur
1768 913 2082 989 verecundia:

580 996 813 1065 Operare
842 982 1061 1065 proinde
1096 1004 1178 1051 ea,
1219 1003 1337 1055 quae
1363 988 1443 1039 vel
1481 985 1766 1065 necessitas
1794 984 1979 1065 poscit,
2003 982 2084 1037 vel

508 1051 803 1136 praescribit
832 1051 1049 1136 utilitas,
1081 1067 1133 1112 et
1161 1051 1342 1136 eorum
1389 1057 1610 1124 pretium
1649 1055 1749 1135 tuis
1790 1051 2087 1136 usibusoce-

505 1122 616 1198 dat,
645 1135 836 1201 quibus
860 1132 901 1183 si
934 1127 1294 1201 noniegucris,
1327 1122 1416 1178 aut
1456 1126 1763 1201 necessaria
1800 1122 2042 1201 ecclesia:
2067 1163 2082 1186 ,

507 1192 962 1274 aut'pauperibus,
1008 1192 1143 1253 sicut
1173 1197 1423 1259 diximus,
1463 1195 1680 1274 tribuas.
1726 1192 1890 1246 Ornet
1922 1192 2084 1274 etiam

504 1261 692 1327 onmos
722 1261 894 1326 motus
913 1305 929 1335 ,
952 1261 1144 1322 omnes
1169 1280 1443 1320 sermones
1480 1263 1713 1335 inclusa,
1739 1261 2081 1335 verecundia,

503 1357 625 1415 qua
653 1344 883 1415 linguam
911 1332 1234 1415 compescat,
1265 1336 1396 1415 iram
1426 1334 1645 1415 mitiget,
1671 1332 1840 1415 iurgia
1874 1340 2077 1415 caveat.

505 1400 673 1480 Quam
719 1400 859 1466 Enim
907 1400 1105 1480 pudere
1143 1407 1295 1460 decet
1332 1400 1565 1480 honeste
1626 1400 1855 1480 honeSta
1907 1400 2081 1480 loqui;

504 1470 715 1551 quantas
745 1470 1080 1551 impudentiae
1107 1484 1207 1551 est,
1243 1483 1299 1528 ut
1332 1474 1608 1551 inhonesta
1632 1513 1661 1551 ι
1695 1472 1813 1525 licet
1843 1470 2082 1523 lacessita

505 1543 708 1621 iitjuriis
737 1543 1115 1621 aut-stimulata
1133 1545 1339 1621 furore,
1361 1543 1662 1621 loquatur}

504 1612 730 1678 CAPUT
776 1619 889 1674 Xll.
921 1646 991 1659 ——
1024 1616 1241 1737 Rectus?!
1270 1615 1427 1737 zerbis
1468 1612 1693 1667 lacessita
1735 1620 1792 1664 ut
1828 1626 1880 1663 se
1916 1624 2086 1680 gerere

1244 1701 1270 1737 c
1304 1700 1328 1736 e
1355 1723 1367 1735 .

1208 1686 1367 1738 debet.

579 1761 781 1815 Inclusa
818 1758 977 1829 igitur
1006 1754 1227 1829 litiganti
1258 1769 1362 1829 non
1395 1750 1709 1820 respondeat
1730 1748 2081 1829 ,__detrahcnti

503 1848 606 1884 non
650 1818 1021 1899 improperet,
1074 1818 1353 1899 lacessenti
1398 1818 1936 1899 no_n_contra.dicat:
1983 1818 2083 1899 sed

504 1903 555 1955 in
582 1889 970 1967 onmihus'quae
1004 1889 1062 1950 in
1108 1894 1352 1963 publico,
1392 1891 1473 1944 vel
1517 1889 1803 1967 in_occ_ulto
1829 1898 1918 1941 aut
1946 1889 2083 1967 obji-

501 1973 732 2034 ciuntur,
764 1977 855 2022 aut
874 1960 1225 2021 suisui-rantur
1247 2005 1260 2025 ,
1304 1978 1368 2016 ex
1415 1960 2082 2034 conscientizeserenioris

503 2056 628 2094 arce
657 2027 979 2100 contemnat,
1020 2035 1201 2089 dicens
1245 2048 1363 2086 cum
1418 2029 1705 2100 Apostolo,
1749 2027 1877 2093 ΜίΙιὶ
1917 2038 2084 2100 autem

504 2128 596 2180 pro
616 2109 820 2180 minimo
850 2116 918 2180 est
944 2097 999 2180 ut
1036 2122 1065 2157 a
1102 2103 1234 2180 vobis
1266 2097 1533 2180 judicrril
1558 2098 1675 2180 Cor.
1706 2114 1775 2162 tv,
1801 2097 2084 2180 ὅλη-δαρει-

502 2167 680 2234 omnia
706 2179 846 2234 enim
878 2177 1076 2230 inclusa
1107 2167 1317 2227 studere
1343 2167 1519 2233 debet,
1550 2179 1605 2223 ut
1648 2167 2079 2234 tranquillitatem

502 2252 738 2318 spiritus,
770 2255 825 2301 et
865 2260 1050 2318 pacem
1097 2243 1279 2318 cordis
1312 2239 1505 2318 iugiter
1546 2240 1798 2318 retinens,
1832 2238 1975 2290 illum
2001 2237 2081 2318 sui

502 2308 736 2390 pectoris
754 2308 1009 2390 aiternmn
1038 2314 1230 2390 haheat
1268 2308 1695 2390 inhabitatoreiti,
1724 2308 1790 2390 de
1823 2321 1928 2376 quo
1953 2308 2084 2390 scri-

541 2400 649 2443 tum
679 2396 780 2451 est,
804 2386 1019 2458 lupace
1039 2388 1202 2454 fartus
1228 2392 1296 2458 est
1315 2380 1453 2434 locus
1478 2379 1587 2458 ejnus
1614 2376 1784 2450 (Psal.
1810 2393 1968 2458 Lxxv,

554 2471 571 2513 t
594 2458 723 2513 alias
745 2448 998 2512 Dominus
1022 2448 1119 2525 per
1140 2450 1473 2525 prophetam,
1508 2448 1673 2525 Super
1695 2464 1858 2516 quem,
1887 2448 2074 2525 inquit,

499 2529 769 2600 requiescet
794 2527 998 2597 spiritus
1021 2518 1178 2584 meus,
1208 2518 1480 2600 nisils'ltpt’r
1506 2518 1821 2600 ImmiIe‘mnet.
1833 2518 2077 2600 quietum,

501 2587 837 2653 et'timenteni
874 2610 1124 2649 sermones
1154 2607 1287 2645 utcos
1309 2589 1462 2660 (Isai.
1492 2604 1634 2660 vat,
1668 2587 1765 2659 2)?
1808 2589 1955 2660 lluuc
1993 2604 2082 2660 sa-

498 2665 1090 2736 eratissimumimentis
1136 2657 1497 2736 statuni,___no_n
1544 2657 1716 2713 Solum
1758 2657 2082 2736 sl_t_tl_lilnt|ttia

495 2746 762 2801 evertunt,
791 2734 884 2790 sed
910 2745 963 2788 et
992 2739 1315 2803 pervertmtt.
1344 2728 1484 2784 Nihil
1508 2738 1612 2782 tam
1637 2742 1756 2783 esse
1778 2727 1870 2781 tibi
1888 2742 2081 2781 censeo

499 2808 831 2872 sectandum,
863 2801 1021 2871 quam
1053 2801 1341 2872 silentium.

588 2866 827 2933 CAPUT
846 2866 983 2929 Xlll.
1012 2902 1065 2912 —
1108 2870 1183 2924 De
1208 2881 1428 2939 tempore
1454 2868 1685 2938 loquendi
1709 2876 1757 2939 et
1784 2866 1997 2920 tacendi.

571 2948 687 3002 Jam
718 2960 859 3000 nunc
888 2955 1096 3011 tempus
1135 2936 1403 3011 loquendi,
1444 2936 1525 3011 ac
1545 2937 1749 2992 tacendi
1771 2946 1977 3011 tempus
1996 2936 2081 3011 di-

500 3020 851 3087 stinguamus.
916 3006 1219 3087 igitur_ab'
1257 3009 1591 3064 Exaltatione
1645 3015 1846 3087 sancta:
1896 3006 2081 3061 Crucis

504 3078 668 3157 iisqtie
692 3085 755 3138 ad
784 3078 1251 3157 Quadragcsimam
1278 3121 1292 3143 ,
1336 3088 1454 3147 post
1488 3078 1886 3157 completoriuni
1914 3092 2082 3157 usque

502 3157 566 3210 ad
585 3147 837 3210 'anrorain
868 3147 1136 3207 silentium
1169 3158 1345 3203 teneat
1373 3166 1385 3202 :
1410 3156 1461 3201 et
1491 3158 1611 3202 tunc
1637 3147 1774 3202 dicta
1807 3147 1973 3216 prima
1995 3187 2010 3212 ,
2035 3147 2079 3201 si

503 3226 644 3282 aliud
689 3225 755 3279 de
799 3223 986 3277 diurna
1030 3220 1341 3274 necessitate
1386 3219 1609 3271 voluerit
1654 3232 1938 3286 suggerere
1964 3233 2078 3269 ser-

505 3297 688 3359 vienti,
719 3294 897 3362 paucis
923 3293 1025 3346 hoc
1053 3290 1207 3344 faciat
1228 3289 1438 3362 verb_is;
1471 3287 1867 3362 nihilcuiquam
1900 3294 2081 3355 postea

509 3356 684 3435 usque
702 3356 767 3418 ad
801 3363 1005 3435 tertiam
1043 3362 1303 3435 loquatur.
1345 3356 1485 3435 Inter
1514 3358 1955 3435 tertiam_vero_et
1983 3372 2081 3409 no—

507 3426 648 3499 uam,
680 3435 761 3488 his
789 3434 877 3503 qui
903 3426 1327 3503 supervenerint,
1357 3428 1501 3503 prius
1526 3427 1569 3503 si
1604 3426 1913 3503 admittendi
1936 3437 2075 3503 sunt,

504 3496 870 3575 competenter
901 3496 1237 3569 reSpmndeat,
1264 3508 1317 3553 et
1346 3496 1621 3575 ministris,
1640 3496 1777 3566 quod
1804 3496 2073 3575 placuerit,

506 3566 762 3645 injeu'tgat.
794 3573 933 3645 P_ost_
962 3566 1155 3645 nonam
1182 3576 1397 3645 sumpto
1425 3568 1542 3621 cibo
1572 3581 1731 3645 omne
1761 3566 2079 3645 colloquium

505 3636 577 3700 et'
602 3636 966 3699 dissolutionis
1010 3639 1284 3693 materiam
1328 3645 1531 3703 caveat,
1580 3652 1646 3690 ne
1684 3637 2002 3706 ixmiingatur
2031 3636 2080 3690 ei

506 3715 657 3781 illud,
687 3712 827 3783 quod
853 3711 1109 3779 scriptum
1135 3719 1210 3783 est
1238 3726 1255 3783 _:
1286 3707 1432 3783 Sedit
1462 3707 1676 3783 populus
1707 3708 2007 3783 numducgre
2036 3714 2082 3758 et

507 3775 768 3851 bibere,'et
806 3775 1129 3851 surrercerunt
1158 3777 1330 3831 ludere
1359 3775 1553 3851 (Ea’od.
1601 3793 1761 3844 xxxii,
1808 3776 2082 3851 6)._Porro

511 3844 814 3924 vespertina
838 3850 990 3924 laude
1020 3848 1214 3911 soluta,
1245 3864 1363 3924 cum
1390 3846 1627 3924 ministra
1657 3861 1821 3924 usque
1846 3844 1913 3899 ad
1944 3855 2077 3899 tem-

511 3914 622 3995 ῃιιέ
635 3922 930 3995 collationis
954 3920 1021 3995 de
1042 3918 1353 3995 necessariis
1379 3914 1636 3995 conterat:
1671 3916 1931 3984 Tempore
1954 3931 2082 3995 vero

507 3986 935 4063 Quadragesimze
975 3988 1173 4063 inclusa
1217 4002 1427 4063 semper
1461 3986 1729 4063 silentium
1767 3995 1947 4039 tenere
1991 3986 2081 4037 de-

512 4055 659 4119 beret
685 4081 697 4116 :
722 4055 816 4117 sed
840 4061 958 4130 quia
991 4058 1091 4113 hoc
1128 4059 1316 4130 durum
1338 4055 1788 4130 iimpossibiieque
1828 4063 2078 4130 putator,

507 4150 627 4190 cum
669 4124 976 4188 confessore
1015 4144 1109 4183 suo
1131 4136 1184 4180 ct
1230 4126 1492 4191 ministra,
1541 4126 1710 4178 rarius
1755 4140 1911 4194 quam
1962 4124 2080 4179 aliis

511 4202 873 4274 temporibus,
919 4201 1189 4274 loquatur;
1227 4206 1279 4249 et
1323 4211 1453 4274 cuni
1488 4193 1784 4274 nulloalio,
1813 4194 1909 4246 nisi
1952 4194 2084 4249 forte

510 4264 685 4340 aliqita
715 4264 1006 4340 reverenda
1034 4281 1257 4335 persona
1282 4281 1345 4320 cx
1368 4266 1486 4340 aliis
1517 4264 1796 4333 provinciis
1828 4278 2081 4340 superve—

511 4335 667 4397 nerit.
697 4341 823 4394 Post
851 4338 1048 4392 Pascha
1082 4352 1207 4389 vero
1232 4350 1395 4403 usque
1422 4335 1487 4388 ad
1517 4345 1722 4402 tempus
1755 4335 2080 4403 praedictum,

509 4430 539 4465 a
562 4408 912 4480 completorio
935 4422 1104 4480 usque
1126 4406 1191 4480 ad
1218 4403 1344 4480 solis
1363 4414 1544 4480 ortum
1568 4403 2080 4480 silentiocustodito,

511 4497 632 4537 cum
659 4474 842 4535 horam
871 4474 1092 4548 primam
1125 4477 1174 4529 iu
1207 4476 1406 4548 diurnis
1435 4474 1701 4548 obsequiis
1720 4474 2080 4539 celebraverit,

510 4568 630 4607 eum
664 4545 917 4604 ministris
939 4548 1047 4601 suis
1077 4548 1319 4615 loquatur
1347 4547 1388 4598 si
1411 4545 1701 4614 oportuerit
1719 4560 1875 4615 acum
1896 4559 2078 4615 super-

510 4620 878 4684 venientibus,
910 4618 1045 4671 inter
1073 4613 1264 4670 nonam
1308 4623 1361 4669 et
1402 4613 1693 4681 vestieram.
1723 4613 1908 4684 Finita
1940 4614 2082 4684 hora

510 4682 877 4761 vesperarum,
890 4687 1149 4761 disponat
1175 4700 1295 4739 cum
1323 4684 1576 4739 ministris
1594 4683 1735 4755 quod
1769 4699 1902 4754 opus
1928 4682 2087 4738 fuerit

511 4758 680 4830 usque
706 4758 1160 4830 adﬁcollationetn.

509 4824 735 4889 οιῬυτ
763 4828 901 4883 XIV.
922 4856 993 4869 -—-—
1022 4826 1209 4892 Quibus
1236 4825 1477 4877 exercitiis
1506 4824 1781 4876 vocandum
1806 4840 1838 4876 a
1865 4824 2085 4878 colendis

888 4896 1112 4951 novetttb.
1138 4896 1204 4947 od
1236 4894 1698 4963 Quadrugesimam.

586 4971 680 5026 llis
726 4966 1175 5037 inspectis,operi
1203 4962 1480 5037 manuum,
1513 4962 1734 5037 lectioni
1776 4973 1829 5017 et
1859 4964 2083 5037 orationi

513 5051 661 5097 certa
704 5034 942 5108 tempora
986 5034 1330 5108 deputentur.
1360 5034 1607 5088 Otiositas
1651 5034 1843 5108 quippe
1865 5034 2085 5108 inimica

516 5122 600 5167 est
621 5103 834 5175 animus;
861 5121 1018 5177 quam
1043 5103 1416 5177 praeonmibus
1451 5119 1652 5177 cavere
1674 5103 1832 5177 debet
1863 5104 2082 5177 inclusa.

514 5180 606 5238 Est
641 5194 782 5233 enim
811 5172 1331 5231 omniummalormn
1361 5190 1568 5242 parcns,
1602 5173 1830 5228 libidinis
1857 5172 2042 5227 artifex
2066 5216 2082 5241 ,

515 5250 946 5321 ικτιινςιᾳιιιὶοιιιιιιι
972 5246 1147 5321 altrix,
1172 5246 1345 5321 nutrix
1367 5244 1629 5321 vitiorum,
1657 5244 2087 5321 {omeniutuacc-

512 5310 635 5382 dixe,
666 5310 891 5373 tristitiae
932 5316 1271 5369 incentivum.
1318 5312 1428 5382 Ipsa
1462 5314 1713 5380 pessimus
1742 5310 2086 5381 cogitationes

516 5392 762 5451 seminat,
783 5386 1085 5442 aﬂcctioues
1106 5385 1310 5437 illicitas
1331 5384 1539 5452 qumrit,
1557 5383 1774 5436 suscitat
1800 5383 2081 5438 desideria.

517 5462 633 5528 Ipsa
678 5455 871 5527 quietis
909 5454 1175 5528 fastidium
1204 5454 1360 5523 parit,
1392 5455 1662 5528 horrorem
1692 5454 1878 5528 incutit
1911 5454 2081 5528 celhe.

513 5521 791 5598 Nunquam
827 5535 879 5581 te
906 5521 1251 5598 improvidam
1271 5562 1287 5588 ,
1330 5521 1595 5592 nunquam
1623 5532 1673 5577 te
1699 5523 1913 5598 spiritus
1939 5524 2085 5598 inve-

514 5599 627 5655 niat
654 5594 898 5652 otiosam.
928 5594 1032 5650 Sed
1061 5594 1180 5664 quia
1214 5608 1365 5647 mens
1400 5602 1602 5664 nostra,
1624 5609 1741 5662 qua:
1770 5594 1821 5647 in
1857 5594 1954 5647 hac
1978 5595 2082 5646 vita

513 5669 721 5726 subdita
748 5675 829 5721 est
852 5662 1093 5725 vanitati.
1117 5679 1383 5733 nunquam
1419 5663 1471 5716 in
1508 5662 1692 5716 eodem
1721 5672 1856 5717 statu
1882 5679 2084 5732 perma-

514 5748 635 5809 eet;
673 5737 913 5795 otiositas
946 5734 1319 5794 exercitiorum
1365 5734 1617 5789 varietate
1647 5733 1867 5803 fuganda
1898 5743 2006 5800 est,
2032 5742 2083 5789 et

1918 310 2277 368 APPENDIX.

3630 315 3764 374 “50

2194 425 2343 492 quies
2374 433 2549 477 nostra
2576 432 2804 493 quadam
2831 436 3049 493 operum
3086 424 3448 482 vicissitudine
3477 425 3764 485 fulcienda.

2192 493 2375 564 Itaque
2416 509 2445 546 a
2483 493 2722 568 colendis
2760 494 3065 568 novembris
3096 510 3264 565 usque
3305 496 3373 550 ad
3414 497 3764 568 Quadragesi-

2193 563 2375 627 mam,
2422 563 2709 617 secundum
2750 564 3152 636 aestimationem
3180 563 3380 630 ‘suam,
3430 563 3550 636 plus
3586 563 3762 624 media

2194 644 2347 687 nocte
2382 642 2627 705 repausct
2651 650 2663 683 :
2687 633 2837 705 etrsie
2857 648 3077 705 surgens
3113 650 3233 689 cum
3270 652 3368 705 qua
3398 633 3573 705 potest
3600 639 3763 693 devo-

2193 705 2370 768 tione,
2412 702 2701 775 secundum
2744 702 2967 775 formam
3006 704 3221 773 Regula:
3250 702 3413 773 beati
3454 707 3720 763 Benedicti
3746 752 3764 775 ,

2192 781 2476 825 nocturnas
2498 773 2700 840 vigilias
2720 772 2985 837 celebret,
3019 772 3208 842 quibus
3232 772 3352 828 mox
3375 777 3622 832 succedat
3647 772 3768 831 ora;

2192 845 2266 896 tio
2299 860 2310 893 :
2342 843 2629 916 secundum
2657 843 2794 916 quod
2824 844 3201 916 eam_Spiritus
3228 854 3443 916 sanctus
3467 847 3727 916 adjuverit
3749 890 3767 911 ,

2190 922 2280 965 aut
2301 913 2560 979 protelare
2585 912 2742 965 debet
2769 921 2860 964 aut
2885 913 3213 967 abbreviare.
3255 913 3450 969 Caveat
3479 912 3655 972 autem
3700 934 3768 973 ne

2193 982 2450 1049 prolixior
2496 983 2666 1052 oratio
2713 979 2980 1052 fastidium
3026 984 3216 1052 pariat.
3258 983 3445 1039 Utilius
3489 996 3572 1039 est
3622 989 3769 1041 enim

2190 1054 2385 1123 smpius
2405 1051 2836 1123 orarebreviter,
2852 1067 3007 1119 quam
3031 1051 3199 1107 'semel
3216 1054 3374 1108 nimis
3399 1056 3601 1123 prolixe
3626 1074 3640 1111 :
3664 1057 3767 1111 nisi

2194 1119 2333 1175 forte
2350 1121 2575 1192 orationi
2597 1119 2808 1192 devotio
2826 1121 3075 1190 inspirata
3091 1123 3204 1191 ipso
3216 1119 3503 1191 nesciente,
3517 1127 3603 1192 qui
3620 1137 3766 1192 orat,

2189 1190 2601 1266 prolOngaverit.
2636 1190 2778 1266 Post
2803 1190 3117 1245 orationem
3147 1192 3197 1246 in
3249 1190 3503 1247 honorem
3535 1190 3769 1266 Virginis

2188 1260 2421 1313 debitum
2447 1260 2620 1314 solvat
2643 1260 2895 1325 oﬂicium,
2919 1272 3217 1315 sanctorum
3234 1260 3770 1320 commemorationes

2189 1329 2460 1398 adjiciens.
2485 1330 2625 1383 Cave
2654 1338 2826 1383 autem
2860 1346 2925 1385 ne
2952 1332 3018 1385 de
3048 1347 3269 1387 numero
3298 1334 3651 1400 Psalmorum,
3685 1336 3769 1389 vel

2187 1400 2725 1471 commemoratione,
2750 1400 2979 1471 aliquam
3008 1402 3099 1455 tibi
3146 1403 3312 1471 legem
3352 1404 3627 1470 imponas;
3672 1405 3769 1458 sed

2186 1470 2435 1537 quamdiu
2462 1477 2513 1523 te
2541 1470 2731 1522 Psalmi
2756 1469 3042 1535 delectant,
3076 1469 3223 1526 utere
3255 1473 3376 1526 illis.
3420 1469 3475 1527 Si
3522 1474 3613 1527 tibi
3656 1490 3770 1527 etn-

2187 1539 2360 1613 periut
2374 1552 2497 1613 esse
2521 1539 2750 1613 onerosi,
2781 1539 2941 1613 transi
2969 1540 3044 1613 ad,
3062 1542 3338 1596 lectionem
3364 1560 3377 1595 :
3404 1558 3522 1613 qua:
3544 1544 3586 1596 si
3616 1543 3735 1597 fasti
3753 1575 3769 1582 -

2185 1609 2331 1661 dium
2374 1608 2582 1681 ingerit,
2615 1624 2771 1679 surge
2810 1609 2877 1663 ad
2916 1612 3207 1663 orationem
3236 1630 3247 1664 :
3278 1613 3354 1665 sic
3389 1608 3453 1665 ad
3492 1626 3627 1681 opus
3659 1630 3762 1665 ma.

2188 1694 2371 1741 nunm,
2388 1678 2469 1731 his
2488 1678 3111 1747 fatigata,pertransiens,
3127 1690 3182 1733 ut
3203 1680 3397 1734 salubri
3414 1678 3769 1737 alternatione

2186 1749 2426 1817 spiritum
2455 1763 2685 1813 recrees,
2725 1757 2780 1804 et
2819 1749 2983 1817 pellas
3012 1750 3270 1804 acediam.
3313 1750 3500 1805 Finitis
3531 1767 3769 1805 commc-

2186 1818 2568 1890 morationibus
2596 1833 2817 1887 quarum
2842 1834 3117 1873 numerum
3150 1837 3252 1874 non
3278 1822 3647 1890 propositioni,
3677 1825 3763 1875 vel

2186 1888 2303 1959 voci
2364 1888 2654 1942 necessitas
2703 1898 3042 1959 extorqueat,
3083 1890 3178 1944 sed
3229 1888 3493 1959 inspirans
3545 1892 3771 1946 devotio

2185 1957 2377 2021 dictat;
2406 1966 2613 2026 tempus
2637 1958 2785 2031 quod
2809 1957 2971 2012 reStat
2997 1974 3174 2031 usque
3200 1960 3265 2031 ad
3292 1957 3537 2031 auroram
3564 2002 3579 2027 ,
3616 1963 3769 2031 operi

2190 2042 2437 2081 mammm
2494 2042 2614 2081 cum
2675 2028 2995 2096 psalmorum
3054 2029 3413 2085 modulatione
3480 2028 3768 2085 deserviat.

2184 2098 2502 2151 Albescente
2526 2111 2715 2169 aurora
2748 2099 3032 2152 matutinas
3056 2099 3235 2153 laudes
3256 2115 3377 2154 cum
3405 2103 3549 2155 hunc
3580 2102 3768 2169 prima:

2187 2168 2485 2237 orationum
2528 2167 2737 2237 hymnis
2776 2169 3083 2237 persolvat:
3128 2179 3181 2222 et
3212 2170 3289 2223 sic
3324 2172 3374 2222 in
3419 2167 3771 2225 alternationo

2186 2236 2495 2301 lectionum,
2529 2236 2858 2292 Psalmorum
2877 2253 3083 2307 quoque
3112 2250 3267 2307 prout
3285 2254 3345 2293 ea
3363 2240 3574 2294 devotio
3592 2242 3769 2293 varia—

2185 2309 2340 2373 verit,
2385 2308 2588 2378 tertiam
2615 2316 2905 2375 exspectet,
2936 2323 3039 2376 qua
3063 2310 3200 2362 dicta
3236 2310 3285 2362 in
3314 2325 3475 2378 opere
3511 2325 3763 2363 manuum

2185 2391 2353 2446 usque
2376 2376 2441 2430 ad
2473 2378 2654 2429 horam
2684 2393 2874 2430 nonam
2901 2386 3203 2444 occupetur.
3237 2376 3371 2433 Cibo
3406 2389 3583 2433 autem
3611 2396 3761 2434 sum-

2187 2456 2278 2515 pto
2306 2457 2358 2501 et
2381 2448 2989 2519 gratiarumactionibus
3018 2449 3124 2503 Deo
3151 2449 3368 2510 solutis,
3412 2451 3477 2503 ad
3519 2452 3767 2519 praeseri-

2187 2526 2329 2585 ptam
2381 2516 2834 2571 mansuetudinem
2876 2517 3057 2572 redeat
3097 2519 3457 2587 spiritualibus
3495 2516 3766 2574 exercitiis

2172 2598 2317 2655 'opus
2338 2587 2986 2658 corporaleintermittens
3008 2602 3173 2657 usque
3197 2589 3261 2642 ad
3288 2603 3559 2658 vesperas.
3597 2589 3760 2644 Facto

2185 2666 2361 2726 autem
2404 2671 2566 2726 parvo
2615 2657 2894 2711 intervallo
2932 2658 3161 2725 aliquam
3203 2657 3481 2713 lectionem
3515 2659 3584 2713 de
3630 2660 3768 2714 Vitis

2185 2725 2504 2780 Patrum'vel
2533 2727 2786 2780 institutis
2813 2727 2894 2781 vel
2923 2728 3189 2782 miraculis
3218 2743 3403 2783 eorum
3443 2729 3543 2782 sibi
3584 2744 3767 2784 secre—

2186 2797 2288 2850 tius
2314 2797 2467 2867 legat
2496 2813 2509 2849 :
2537 2804 2594 2849 ut
2626 2806 2739 2850 orta
2770 2812 2836 2850 ex
2875 2796 2960 2850 his
3002 2798 3177 2866 aliqua
3222 2799 3637 2867 compunctione
3659 2839 3675 2864 ,
3712 2800 3767 2853 in

2185 2866 2413 2935 quodam
2442 2866 2647 2920 fervore
2676 2867 2890 2933 spiritus
2926 2869 3325 2935 eompletorium
3349 2866 3528 2932 dicat;
3560 2878 3618 2923 ut
3642 2884 3766 2924 eum

2185 2939 2342 3009 pleno
2375 2946 2587 3005 pectore
2616 2935 2915 3009 devotionis
2944 2937 3140 3009 lectulo
3172 2939 3406 3009 membra
3431 2949 3717 3009 componat
3748 2957 3765 2992 :

2184 3007 2273 3077 illa
2318 3021 2445 3060 sane
2486 3010 2605 3074 qua:
2645 3007 2847 3060 litteras
2878 3023 2983 3059 non
3019 3008 3291 3076 intelligit,
3323 3008 3471 3077 operi
3510 3007 3764 3063 manuum

2183 3075 2488 3146 diligentius
2518 3076 2741 3130 insistat.
2784 3077 2855 3130 ita
2898 3087 2954 3129 ut
2991 3093 3111 3131 eum
3158 3075 3409 3146 paulatim
3456 3077 3613 3133 fuerit
3647 3079 3769 3133 fati-

2184 3155 2323 3214 gata,
2353 3154 2532 3213 surgat
2557 3154 2611 3199 ct
2646 3161 2813 3215 genua
2843 3146 3047 3212 ﬂectat,
3087 3157 3139 3201 et
3178 3150 3408 3203 breviter
3434 3158 3552 3203 oret
3586 3149 3769 3203 Domi-

2186 3231 2309 3269 num
2364 3230 2548 3281 suum,
2608 3226 2659 3287 et
2713 3218 2888 3287 statim
2948 3231 3116 3287 opus,
3170 3218 3310 3287 quod
3364 3219 3764 3281 intermiserat,

2184 3295 2421 3359 resumat
2472 3303 2485 3336 :
2531 3296 2618 3359 et_
2646 3286 2745 3359 hoc
2797 3284 3232 3359 meiat—tempore
3291 3289 3494 3343 scilicet
3542 3299 3771 3359 utroque

2186 3356 2426 3410 lectionis
2461 3364 2515 3409 et
2554 3355 2768 3418 laboris,
2820 3356 3145 3410 imminieam
3190 3359 3483 3411 orationem
3528 3355 3766 3412 crebrius

2186 3427 2325 3497 inter
2344 3441 2503 3495 opera
2533 3424 2717 3480 eadem
2746 3437 2992 3496 repetens
3017 3446 3029 3480 :
3061 3437 3114 3481 et
3144 3427 3189 3481 si
3227 3444 3361 3497 quos
3401 3429 3629 3497 psalmos
3674 3446 3767 3483 vo-

2185 3496 2363 3555 luerit,
2395 3500 2737 3550 interserens.

2184 3564 2404 3622 CAPUT
2441 3565 2555 3623 XV.
2599 3592 2669 3605 —
2704 3565 2782 3620 De
2815 3567 3059 3620 exercitiis
3096 3585 3128 3620 a
3169 3566 3365 3621 Pascha
3414 3568 3483 3620 ad
3522 3568 3763 3622 calendas

2826 3638 3120 3691 novembris.

2254 3705 2301 3759 Α
2332 3705 2529 3759 Pascha
2556 3719 2681 3760 vero
2702 3720 2869 3773 usque
2894 3722 2955 3761 ac
2979 3708 3251 3776 praalictas
3271 3707 3514 3762 calendas
3539 3709 3617 3762 sic
3644 3721 3767 3761 sur-

2184 3785 2274 3844 gat
2301 3775 2366 3829 ad
2398 3776 2629 3844 vigilias,
2662 3784 2718 3828 ut
2748 3777 2908 3829 liuitis
2939 3775 3211 3831 nocturnis
3243 3777 3443 3843 hymnis
3470 3790 3523 3833 et
3556 3780 3763 3831 oratio-

2186 3846 2375 3917 nibus,
2424 3846 2737 3917 parvissimo
2778 3848 3066 3917 intervallo
3108 3849 3382 3917 permisso
3407 3887 3420 3912 ,
3477 3849 3765 3901 matutinas

2186 3916 2424 3988 incipiat:
2447 3916 2648 3980 Quibus
2672 3916 2892 3985 expletis
2920 3933 3084 3988 usque
3110 3916 3172 3969 ad
3204 3919 3410 3985 plenam
3442 3919 3567 3971 Solis
3592 3928 3765 3971 ortmu

2184 3985 2510 4039 orationibus
2538 3994 2688 4039 vacet
2716 3996 2770 4039 et
2797 3985 3043 4054 psallitis,
3076 3996 3127 4041 et
3159 3996 3280 4040 tunc
3310 3989 3447 4041 dicta
3482 3989 3645 4055 prima
3676 4003 3766 4039 sa-

2186 4055 2637 4127 criﬁciumrdiurni
2669 4058 2843 4125 operis
2873 4057 3118 4121 inchoet,
3154 4073 3320 4127 usque
3349 4058 3413 4110 ad
3444 4057 3625 4111 horam
3657 4066 3767 4110 ter-

2188 4127 2344 4179 tiam:
2366 4126 2417 4179 in
2447 4126 2668 4179 lectione
2692 4137 2744 4179 et
2765 4128 3002 4182 oratione
3022 4142 3189 4196 usque
3209 4126 3273 4181 ad
3296 4139 3497 4181 sextam
3525 4128 3767 4195 spiritum

2186 4204 2430 4263 occupet.
2460 4195 2589 4250 Post
2616 4204 2815 4249 sextam
2858 4208 3070 4265 sumpto
3097 4195 3245 4260 cibo,
3276 4206 3464 4265 pausct
3494 4199 3544 4250 in
3576 4198 3768 4252 lectulo

2187 4280 2285 4319 suo
2308 4280 2475 4334 usque
2502 4265 2567 4319 ad
2596 4281 2787 4319 nonam
2816 4282 2828 4318 :
2862 4276 2915 4320 et
2941 4268 3019 4320 sic
3036 4265 3210 4335 usque
3242 4267 3310 4320 ad
3340 4283 3612 4335 vesperam
3648 4284 3761 4320 ma—

2187 4335 2345 4389 nibus
2369 4344 2636 4402 operetur.
2664 4335 2788 4389 Post
2811 4351 3084 4405 vesperam
3112 4352 3239 4390 vero
3260 4338 3588 4391 orationibus
3613 4348 3767 4390 vacet

2188 4405 2519 4486 ct_psa|mis,
2554 4405 2740 4486 horam
2761 4406 3060 4486 collationis
3094 4407 3162 4459 ita
3191 4415 3527 4486 temperans,
3562 4415 3615 4459 ut
3642 4416 3765 4486 ante

2188 4475 2317 4545 solis
2355 4489 2603 4529 occasum
2645 4475 2867 4530 lectulus
2904 4477 3138 4531 membra
3180 4475 3418 4545 recipiat.
3461 4476 3762 4530 Cavendum

2189 4544 2330 4599 enim
2359 4553 2441 4599 est
2469 4545 2612 4598 omni
2644 4554 2879 4613 tempore
2906 4562 2972 4601 ne
2998 4555 3157 4599 totam
3184 4544 3483 4601 diei’lucem
3513 4561 3643 4608 nox,
3667 4562 3765 4599 au-

2192 4624 2400 4684 thuam
2427 4614 2709 4669 dormitum
2739 4624 2843 4677 eat,
2870 4618 2981 4670 suis
3007 4617 3234 4671 obducat
3263 4617 3500 4671 tenebris
3519 4657 3533 4681 ,
3562 4626 3615 4671 et
3638 4615 3765 4670 dur~

2190 4686 2322 4739 mire
2347 4693 2565 4755 cogatur
2589 4700 2706 4755 cum
2729 4686 2943 4755 vigilare
2969 4687 3143 4741 debet.

2343 4754 2565 4809 CAPUT
2591 4753 2730 4811 XVI.
2851 4755 2928 4808 De
2956 4756 3374 4827 quadragesian
3392 4755 3611 4827 jejunio.

2261 4824 2335 4895 De
2365 4834 2601 4892 tempore
2634 4823 3073 4895 quadragesimali
3100 4823 3357 4889 locuturi,
3390 4823 3561 4895 primo
3581 4825 3763 4882 excel-

2191 4892 2407 4948 lentiam
2437 4894 2553 4962 ejus
2594 4892 2863 4950 credimus
2903 4892 3405 4951 contuieudandam.‘
3428 4897 3559 4949 Cum
3597 4896 3767 4950 multa

2192 4963 2749 5034 suntChristianormn
2774 4966 2991 5034 jejunia,
3025 4966 3269 5019 omnibus
3296 4966 3507 5020 excellit
3533 4968 3767 5034 quadra-

2190 5033 2439 5103 gesimale
2460 5034 2715 5102 jejunium
2739 5077 2753 5099 ,
2781 5033 2926 5104 quod
2955 5036 3130 5090 divina
3166 5036 3479 5089 auctoritate
3515 5033 3619 5088 non
3651 5037 3767 5087 sin—

2190 5103 2326 5172 gulis
2371 5103 3105 5173 quibuscumquepersonis,
3154 5120 3261 5159 non
3309 5105 3447 5160 illius
3494 5106 3578 5159 vel
3626 5106 3768 5158 illius

2190 5174 2391 5227 ordinis
2416 5173 2736 5241 hominibus,
2760 5173 2853 5229 sed
2882 5176 3127 5229 omnibus
3156 5175 3403 5229 indicitur
3429 5176 3766 5231 Christianis.

2191 5243 2357 5316 Habet
2381 5246 2942 5316 autetnétestimonium
2965 5246 3292 5316 excellentia:
3318 5261 3346 5297 a
3374 5245 3544 5316 Lege,
3572 5260 3601 5298 a
3631 5244 3768 5316 Pro-

2192 5314 2365 5386 phctis
2383 5322 2438 5369 et
2460 5314 2526 5386 ab
2547 5314 2847 5386 Evangelio.
2873 5315 3002 5369 Nam
3028 5315 3233 5386 Moyses
3260 5314 3483 5370 famulus
3509 5316 3602 5369 Dci
3621 5315 3767 5383 jeju-

2193 5385 2334 5455 navit
2358 5384 2701 5453 quadraginta
2727 5385 2912 5440 diebus
2942 5394 2994 5439 et
3032 5384 3373 5455 quadraginta
3406 5386 3677 5451 noctibus,
3710 5393 3767 5438 ut

2193 5454 2361 5521 legem
2394 5454 2598 5508 Domini
2622 5456 2862 5523 accipere
2896 5465 3205 5509 mereretur.
3238 5454 3414 5509 llelias
3439 5466 3613 5509 autem
3645 5470 3770 5522 pro-

2191 5525 2348 5594 pheta
2377 5538 2495 5577 cum
2522 5524 2892 5579 manducasset
2913 5525 2978 5579 de
2999 5540 3132 5593 pane
3152 5524 3521 5590 subcincricio,
3550 5540 3772 5593 aquam-

2191 5611 2294 5663 que
2325 5595 2561 5657 bibisset,
2584 5611 2740 5664 quam
2762 5596 2978 5663 angelus
2999 5597 3046 5649 ei
3068 5596 3458 5649 ministravcrat
3476 5611 3490 5659 ;
3510 5595 3772 5663 jejunavit

2192 5664 2534 5735 quadraginta
2575 5665 2757 5735 diebus
2800 5676 2854 5719 et
2878 5666 3217 5735 quadraginta
3259 5665 3543 5735 noctibus,
3562 5674 3615 5717 et
3644 5675 3771 5717 tunc

2195 5749 2381 5789 vocem
2409 5734 2615 5789 Domini
2636 5735 2817 5791 audire
2839 5734 3144 5805 promeruit.
3173 5735 3426 5789 Dominus
3450 5744 3501 5789 et
3524 5734 3770 5789 Salvator
