4138 6364
396 383 532 440 1457

397 507 576 570 noster
590 511 710 550 cum
727 493 981 570 jejunavit
995 493 1334 563 quadraginta
1357 491 1542 546 diebus
1557 498 1610 544 et
1623 489 1968 570 quadraginta

399 567 662 632 noctibus,
693 559 964 634 superavit
990 559 1324 629 tcntatoi-em,
1351 571 1406 617 et
1427 569 1762 617 accesserunt
1782 559 1969 630 Augeli

399 647 454 694 et
479 636 846 693 ministrabant
868 634 939 690 ei.

499 705 721 761 CAPUT
747 705 906 760 XVII.
931 734 1002 744 ——
1027 701 1351 772 Persequitur
1377 700 1440 754 de
1467 700 1859 771 virtutejejuuii.

466 778 562 832 Est
585 790 712 846 ergo
725 774 981 846 jejunium
1007 783 1192 846 contra
1213 773 1390 846 omnia
1418 779 1734 846 tentainenta
1752 780 1814 846 et
1837 784 1969 846 pec-

396 847 622 902 cabilem
646 839 866 899 clatum.
899 843 957 898 In
987 842 1130 896 omni
1161 842 1496 897 tribulatione
1532 841 1660 894 utile
1685 839 1966 909 refugium,

395 917 640 972 omnibus
683 914 879 970 nostris
921 911 1281 982 irrefragabile
1320 911 1700 982 fulcimentum.
1745 910 1968 982 Quantae

393 996 570 1042 autem
600 984 809 1038 virtutis
851 984 920 1038 sit
948 979 1207 1053 jejunium
1239 983 1349 1052 ipse
1372 981 1615 1036 Christus
1655 996 1756 1053 non
1787 979 1965 1045 tacuit,

392 1071 489 1112 cur
516 1055 810 1110 dtemonem
839 1054 928 1122 qui
953 1051 1268 1107 ‘lunaticum’
1294 1053 1585 1116 invaserat,
1625 1051 1821 1119 ejicere
1861 1065 1966 1104 non

392 1133 695 1196 potuerunt.
726 1122 838 1178 Hoc
862 1140 1037 1196 genus,
1065 1123 1268 1196 inquit,
1295 1122 1656 1196 dgnaonioruuf
1668 1137 1784 1196 _u_on
1810 1128 1968 1190 potest

391 1189 533 1274 Ejus,
554 1189 980 1274 uiuju'oru_t;ione
1005 1201 1054 1274 et
1073 1193 1274 1274 jejunio
1305 1191 1507 1274 (dicre;
1523 1189 1752 1274 1x228).

460 1264 686 1320 CAPUT
712 1263 899 1318 XVIII.
910 1293 982 1302 —-
995 1260 1448 1332 Designi/icatione
1465 1260 1891 1332 Quadragesimat.

461 1335 611 1389 Licet
648 1344 823 1389 autem
852 1330 1341 1402 religionis'comes
1374 1346 1586 1400 semper
1618 1330 1810 1385 debeat
1849 1344 1968 1402 esse

386 1404 666 1475 jejunium,
689 1405 802 1475 sine
827 1417 932 1475 quo
956 1399 1170 1475 castitas
1209 1409 1463 1475 tuta_esse
1489 1399 1592 1455 non
1623 1409 1820 1475 potest;
1855 1399 1968 1454 lia-c

390 1471 569 1530 tamen
589 1471 1378 1544 quadragesimahsobservatio
1398 1487 1650 1544 magnum
1674 1472 1724 1544 in
1755 1486 1814 1525 se
1841 1485 1968 1524 con—

391 1546 525 1599 tinet
551 1541 961 1599 sacramentum.
993 1541 1202 1598 Primus
1233 1542 1378 1596 locus
1398 1541 1740 1595 habitationis
1769 1549 1965 1594 nostra:

389 1613 665 1681 paradisus
691 1614 808 1669 fuit.
831 1611 1106 1667 Secundus
1129 1611 1354 1666 mundus
1375 1612 1470 1666 iste
1493 1611 1678 1679 plenus
1693 1611 1964 1681 aerumnis.

388 1680 601 1740 Tertius
626 1685 678 1738 in
706 1683 841 1738 caelo
868 1699 987 1736 cum
1011 1682 1226 1752 Angelis
1244 1691 1298 1736 et
1324 1682 1623 1751 Spiritibns.
1654 1680 1966 1751 Significant

389 1764 566 1810 autem
611 1754 695 1809 isti
738 1752 1078 1822 quadraginta
1121 1752 1235 1822 dies
1282 1760 1447 1806 totum
1487 1760 1720 1822 tempus,
1767 1766 1832 1822 ex
1861 1765 1968 1819 quo

391 1825 578 1906 pulsus
604 1834 686 1906 est
709 1820 872 1906 Adam
896 1820 970 1906 de.
991 1821 1233 1906 paradiso
1257 1837 1422 1906 usque
1443 1821 1505 1874 ad
1529 1821 1775 1906 ultimum
1798 1820 1962 1906 diem,

391 1891 444 1950 in
478 1910 583 1964 quo
609 1895 762 1962 plene
790 1893 1158 1964 liberabuntur
1184 1892 1251 1964 ab
1294 1893 1393 1964 hoc
1430 1891 1637 1964 exsilio.
1671 1892 1762 1964 Hie
1787 1899 1963 1964 autem

390 1960 574 2019 simius
603 1960 654 2018 in
684 1965 888 2024 timore,
913 1962 964 2016 in
987 1961 1189 2027 labore,
1214 1962 1264 2014 in
1293 1961 1496 2026 dolore,
1527 1961 1744 2030 projceti
1774 1977 1804 2014 a
1833 1960 1967 2015 facie

390 2034 666 2090 oculorum
712 2033 846 2098 Dei,
876 2031 1074 2086 exclusi
1103 2046 1132 2085 a
1160 2031 1364 2102 gaudiis
1400 2031 1660 2102 paradisi,
1696 2031 1861 2102 jejuni
1898 2030 1968 2085 ab

390 2105 644 2158 alimento
671 2103 872 2158 cmlesti
903 2119 916 2153 :
945 2100 1372 2169 semper'autem
1417 2101 1670 2156 debemus
1704 2100 1840 2154 hanc
1869 2101 1968 2154 mi-

389 2176 585 2230 seriam
613 2182 845 2228 nostram
880 2171 1240 2235 considerare,
1281 2179 1336 2225 et
1361 2171 1663 2240 deplorare,
1700 2179 1757 2226 et
1783 2179 1965 2225 osten-

390 2245 518 2298 dere
545 2244 598 2298 in
620 2242 1088 2314 operibusnostris
1115 2241 1460 2314 quod_suntus
1494 2241 1710 2296 advena:
1735 2249 1790 2314 et
1807 2256 1966 2310 pere-

392 2315 528 2381 grini
550 2315 600 2368 in
622 2309 837 2368 mundo.
862 2311 965 2367 Sed
983 2312 1104 2377 quia
1127 2309 1227 2366 hoc
1243 2310 1398 2366 facile
1419 2327 1521 2365 non
1545 2320 1716 2381 potest
1737 2309 1966 2365 humana

393 2384 664 2455 fragilitas,
691 2383 964 2438 constituit
999 2382 1225 2455 Spiritus
1253 2395 1469 2455 sanctus
1487 2383 1704 2455 tertium
1731 2390 1963 2455 Emptis,

393 2451 498 2522 quo
519 2454 566 2508 id
596 2454 868 2516 faciamus,
893 2462 948 2507 et
966 2451 1218 2521 quasdam
1235 2451 1633 2506 observationes
1658 2452 1707 2506 in
1731 2451 1967 2522 Ecclesia

392 2521 507 2579 fieri
527 2524 810 2588 ordinavit,
831 2523 1020 2592 quibus
1041 2522 1206 2592 ipsius
1227 2523 1480 2592 temporis
1499 2537 1710 2576 causam
1739 2521 1969 2575 animad-

393 2603 604 2649 vertere
632 2589 918 2648 valeamus.
951 2589 1078 2646 Nam
1112 2591 1200 2646 ubi
1229 2589 1460 2646 ostendit
1498 2605 1595 2644 nos
1626 2593 1802 2660 pulsos
1826 2606 1964 2656 esse,
1995 2589 2002 2592 ’

392 2663 630 2731 adiectos
666 2663 822 2717 morti
868 2671 1083 2732 propter
1110 2660 1512 2732 verbunrquod
1545 2661 1677 2732 dixit
1718 2661 1969 2715 Dominus

393 2734 461 2787 ad
488 2733 679 2800 Adam,
699 2747 819 2786 cum
843 2731 977 2786 eum
1006 2731 1296 2798 expelleret
1325 2731 1392 2800 de
1423 2731 1698 2800 paradiso;
1735 2747 1856 2784 cum
1886 2732 1966 2785 ci-

397 2818 585 2858 nerum
611 2799 922 2871 aspersione
942 2801 1132 2855 dicitur
1151 2800 1330 2871 nobis,
1355 2799 1530 2854 Pulsis
1549 2817 1621 2866 es,
1645 2811 1692 2855 et
1721 2802 1772 2854 iu
1803 2801 1973 2870 pulve-

395 2889 502 2951 rem
527 2868 822 2951 reverteri“
839 2870 968 2951 Gen.
994 2886 1070 2932 ιιι.
1257 2868 1334 2950 ῌι⁸
1359 2871 1588 2951 sciamus
1612 2868 1810 2951 etiam,
1831 2871 1970 2939 quod

398 2944 450 2996 in
482 2941 583 2997 hoc
599 2942 792 2998 exsilio
819 2949 1040 3010 negatur
1070 2939 1221 2994 nobis
1242 2940 1374 2993 visio
1397 2939 1509 3010 Dei,
1541 2940 1854 3010 appenditur
1879 2957 1969 2994 ve-

399 3014 505 3067 lum
533 3013 670 3066 inter
690 3026 790 3066 nos
817 3019 871 3066 et
895 3009 1076 3066 sancta
1095 3018 1419 3064 sanctorum.
1453 3009 1644 3064 Verum
1675 3019 1732 3062 ut
1757 3009 1975 3066 reduea-

398 3098 516 3136 mus
561 3081 628 3135 ad
677 3082 1023 3146 memoriam,
1062 3078 1203 3148 quod
1249 3080 1406 3148 longe
1453 3094 1637 3134 smnus
1679 3079 1746 3133 ab
1789 3095 1972 3134 eorum

399 3153 652 3206 societate
686 3151 755 3207 de
778 3151 968 3220 quibus
1012 3151 1264 3219 scriptum
1311 3159 1431 3220 est;
1458 3148 1602 3203 Beati
1625 3150 1714 3220 qui
1749 3150 1975 3204 habitant

400 3224 452 3275 in
486 3221 636 3274 domo
661 3230 777 3285 tua,
797 3218 1059 3284 Domine;
1087 3218 1138 3273 in
1165 3218 1350 3273 uacula
1377 3218 1672 3273 saeculorum
1698 3220 1976 3274 laudabunt

402 3301 447 3343 te
472 3290 491 3360 (
518 3291 657 3345 Paul.
690 3305 883 3360 Lxxxut
903 3331 917 3353 ,
950 3290 1052 3359 5);
1083 3291 1332 3360 usitatum
1361 3291 1577 3360 verbum
1607 3290 1776 3360 laudis
1805 3290 1974 3344 inter-

402 3357 680 3415 mittimus.
703 3359 855 3426 Quod
883 3357 1009 3414 vero
1038 3373 1136 3414 nos
1160 3361 1274 3427 ipso
1301 3357 1402 3413 hoc
1421 3358 1594 3413 altiori
1620 3359 1824 3427 jejunio
1849 3375 1977 3414 con-

399 3431 728 3500 stringimur,
762 3430 1030 3484 recordari
1060 3429 1327 3500 nosgfacit,
1355 3428 1496 3497 quod
1526 3429 1577 3483 in
1605 3429 1705 3484 hac
1730 3431 1832 3484 vita
1862 3445 1976 3485 coeo

401 3501 520 3554 lcsti
542 3497 695 3569 'pane
723 3514 827 3554 non
857 3500 1130 3554 satiamur.
1162 3497 1345 3569 Inhoc
1368 3513 1495 3567 ergo
1535 3508 1772 3564 tempore
1802 3501 1977 3555 onmis

401 3568 726 3624 christianos
744 3569 942 3638 aliquid
967 3569 1165 3624 addere
1189 3568 1380 3623 dicitur
1402 3569 1574 3639 solitis
1600 3569 1894 3639 obsequiis,
1924 3579 1979 3625 et

401 3639 706 3709 diligentius
723 3648 878 3708 atque
899 3639 1222 3709 frequentius
1245 3639 1382 3693 circa
1403 3638 1579 3709 cordis
1598 3647 1652 3692 et
1675 3638 1782 3694 oris
1802 3648 1980 3694 custo—

403 3708 544 3763 diam
559 3711 823 3778 occupari.
840 3709 945 3764 Sed
963 3708 1162 3768 inclusa
1180 3709 1405 3762 maxime
1422 3708 1767 3763 institutionis
1785 3718 1978 3778 tempo-

404 3780 478 3848 ris
510 3779 666 3848 hujus
682 3777 936 3833 rationem
967 3779 1132 3834 multo
1153 3779 1340 3833 melius
1357 3777 1619 3848 intelligit,
1640 3787 1838 3848 quanto
1857 3777 1976 3834 eam

404 3847 458 3918 in
487 3847 694 3917 propria
714 3849 818 3902 vita
834 3864 927 3902 sua
943 3849 1245 3918 expressius
1255 3847 1614 3918 recognouit.
1635 3847 1688 3904 In
1712 3848 1793 3903 his
1809 3851 1981 3918 proin-

403 3917 474 3989 de
498 3919 664 3989 sacris
683 3918 1008 3972 orationibus
1030 3917 1224 3989 quibus
1243 3917 1454 3971 Christo
1483 3919 1689 3986 placere
1718 3917 1981 3989 pneeipue

403 3987 767 4056 desideramus
788 4028 803 4053 ,
833 3995 996 4042 totam
1035 3987 1093 4041 Se
1125 3987 1234 4040 Deo
1258 3995 1463 4056 voveat,
1482 3999 1640 4056 atque
1665 3987 1975 4044 sanctificet.

403 4055 602 4114 Omnes
629 4055 1096 4129 deliciasrespnat,
1127 4070 1314 4129 omnes
1339 4055 1798 4129 confabulationes
1825 4059 1979 4129 abju-

404 4135 525 4196 ret;
556 4133 611 4181 et
635 4126 789 4195 quasi
803 4126 922 4196 dies
947 4127 1247 4196 nuptiarum
1277 4125 1383 4196 hoc
1413 4133 1620 4196 tempus
1651 4125 1978 4194 existimans,

403 4195 470 4266 ad
496 4195 770 4266 amplexus
787 4195 981 4250 Christi
1002 4195 1144 4250 omni
1169 4195 1419 4266 aviditate
1435 4195 1687 4266 suspiret.
1715 4196 1982 4266 Feequen-

405 4264 511 4321 tius
530 4264 687 4320 solito
712 4266 979 4320 incumbat
1002 4264 1252 4322 orationi.
1275 4265 1512 4320 crebrius
1531 4281 1589 4320 se
1612 4264 1982 4334 pedibus—Jesu

405 4343 726 4407 prosternat,
756 4335 942 4407 crebra
974 4335 1202 4389 nominis
1228 4335 1367 4388 illius
1391 4335 1701 4404 repetitione
1728 4351 1984 4407 compun-

405 4403 635 4474 etiouem
661 4404 874 4464 excitet.
906 4405 1166 4474 Iaerymas
1194 4403 1476 4474 provocet,
1507 4419 1600 4459 cor
1626 4407 1692 4460 ab
1712 4403 1868 4464 omni
1893 4424 1984 4462 va-

404 4472 616 4546 gatione
644 4484 964 4546 compescat.
995 4472 1387 4546 Finitisjitaque
1406 4475 1572 4546 sacris
1587 4476 1788 4546 vigiliis
1822 4477 1985 4532 inter-

406 4543 624 4606 vallum,
654 4544 794 4614 quod
825 4559 856 4598 a
885 4545 1161 4600 nocturnis
1188 4543 1435 4598 laudibus
1457 4543 1644 4598 dividit
1658 4543 1980 4614 matutinas,

405 4614 632 4684 orationi
656 4623 711 4668 et
753 4614 1080 4670 meditationi
1106 4615 1392 4670 observiat.
1432 4615 1682 4684 Dictaque
1722 4625 1840 4684 post
1867 4633 1980 4670 ma-

407 4683 810 4755 tutinashprima
849 4699 1015 4755 usque
1050 4684 1116 4739 ad
1163 4687 1370 4755 plenam
1411 4683 1620 4755 tertiani
1665 4683 1878 4755 psalmis
1921 4702 1985 4743 ac

407 4751 722 4825 lectionibus
746 4762 914 4806 vacet.
932 4751 1141 4825 Tertia;
1164 4751 1296 4809 Vero
1319 4754 1466 4809 hom
1502 4751 1681 4825 Iaude'
1699 4757 1981 4825 completa,

406 4822 554 4893 operi
580 4835 828 4893 manuum
851 4838 1014 4892 usque
1033 4823 1100 4877 ad
1122 4823 1303 4876 horam
1327 4839 1520 4878 noxiam
1539 4824 1732 4880 devota
1754 4822 1981 4893 insistat,

408 4891 598 4966 breves
639 4907 734 4960 per
771 4891 1047 4948 intervalla
1071 4893 1624 4966 orationesinsettens
1651 4912 1664 4948 :
1689 4897 1826 4966 dicta
1866 4891 1987 4966 post

408 4959 756 5036 hoc__vcspera
781 4977 975 5028 corpus
998 4962 1220 5029 reficiet,
1247 4972 1300 5017 et
1324 4961 1401 5017 sic
1424 4972 1628 5032 tempus
1655 4959 1986 5036 complciorii

411 5031 641 5098 psallens
667 5039 958 5100 exspectet.

408 5100 632 5156 CAPUT
673 5100 815 5156 XIX.
856 5131 930 5142 —
961 5101 1039 5157 De
1075 5102 1172 5175 cibi
1209 5112 1258 5156 et
1297 5111 1442 5172 potus
1469 5104 1709 5173 qualitate
1747 5113 1793 5158 et
1821 5122 1980 5175 quan-

1115 5173 1269 5225 litate.

477 5241 604 5312 Jamv
635 5239 704 5312 de
737 5241 839 5312 cibi
865 5249 920 5294 et
957 5247 1111 5312 potus
1135 5243 1388 5311 qualitate
1429 5243 1511 5298 vel
1549 5244 1876 5312 quantitate,
1919 5263 1984 5301 ex

405 5309 692 5392 abundanti
712 5310 924 5392 quidem
951 5311 1042 5365 tibi
1063 5309 1229 5392 legem
1253 5313 1545 5382 imponere,
1569 5309 1738 5380 soror,
1770 5309 1888 5386 qua:
1917 5315 1986 5370 ab

407 5379 520 5450 Ipsa
555 5379 812 5453 _iufan_ti_a__
825 5395 994 5453 usque
1035 5379 1471 5453 adsenect'ulem
1495 5424 1511 5445 .
1553 5400 1672 5453 qua:
1715 5379 1851 5440 nunc
1899 5393 1984 5440 tua

408 5449 644 5504 membra
673 5449 934 5524 debilitat,
965 5452 1276 5524 parcissime
1299 5453 1419 5507 cibo
1444 5454 1527 5506 vix
1557 5449 1750 5524 corpus
1778 5467 1987 5510 susten-

410 5526 490 5572 tas
521 5536 536 5572 :
567 5520 805 5591 proraliis
832 5535 950 5574 cum
977 5522 1168 5591 quibus
1199 5522 1248 5576 id
1277 5523 1402 5577 utilc.
1438 5520 1668 5578 futurum
1698 5527 1982 5590 arbitrans,

407 5588 606 5661 certam
645 5590 713 5644 de
742 5588 828 5661 his
854 5588 1200 5659 praescribere
1246 5593 1476 5661 regulam
1521 5593 1752 5648 tentabo.
1795 5588 1986 5650 Beatus

406 5657 724 5731 Benedictus
748 5657 935 5714 libram
969 5661 1118 5731 panis
1156 5669 1209 5731 et
1252 5657 1516 5731 heminam
1557 5673 1709 5730 potus
1745 5666 1986 5720 concedit

408 5729 672 5806 monacho
694 5747 709 5806 ς
736 5731 876 5800 quod
896 5729 1000 5806 nos
1025 5730 1245 5786 inclusis
1259 5729 1807 5806 delicatioribusnon
1825 5750 1988 5806 nega-

408 5811 562 5865 mus;
589 5799 1013 5858 adolescentibus
1042 5809 1220 5859 tamen
1257 5799 1309 5856 in
1348 5815 1572 5872 corpore
1612 5805 1842 5861 robustis
1863 5799 1986 5874 ,vab

1646 378 1737 432 DE
1777 375 1931 432 VITA
1972 372 2364 434 EREMITICA.

3515 375 3650 434 M38

2077 488 2221 543 omni
2268 486 2408 558 quod
2451 486 2710 544 inebriare
2755 496 2960 557 potest,
3007 487 3270 545 abstinere
3312 491 3647 548 utilissimum

2077 570 2178 632 c_st_.
2212 558 2408 612 Panem
2436 558 2654 632 nitidum
2683 559 2907 632 et_cibos
2932 559 3214 632 delicatos,
3245 561 3392 632 quasi
3425 563 3650 632 impudi-

2076 629 2212 682 citiae
2249 643 2506 683 venenum
2532 628 2709 683 evitet.
2740 628 2828 682 Sic
2857 629 3154 684 necessitati
3193 628 3434 691 consulat
3456 672 3469 692 .
3502 628 3554 686 ut
3595 642 3648 688 ct

2077 695 2269 772 fantem
2291 699 2534 772 repellat,
2567 699 2935 772 etappetitnm
2974 713 3076 753 non
3117 699 3290 772 saliet.
3325 699 3648 772 ltaqnerqna:

2076 767 2140 838 ad
2189 768 2555 838 perfectiorem
2594 767 2992 823 abstinentiam.
2999 769 3251 838 progredi
3296 767 3647 838 non'vale'nt,

2074 837 2226 921 libra_
2249 838 2401 921 panis
2423 847 2499 921 et.
2517 839 2723 921 hemina
2751 837 3165 921 lautioris'potus
3193 849 3475 921 contentio
3501 837 3646 921 'sititi

2074 910 2186 964 sive
2213 907 2292 964 bis
2313 908 2618 971 comedunt,
2644 908 2756 963 sive
2781 910 2967 963 semel.
2990 909 3163 963 Unum
3193 910 3418 963 habeant
3443 910 3511 965 de
3537 912 3649 967 ole-

2074 980 2227 1033 ribus
2251 979 2346 1048 vel
2375 977 2724 1048 leguminibus
2755 979 3078 1046 pulmentum
3103 1021 3118 1042 ,
3147 979 3228 1033 vel
3258 991 3400 1034 certe
3427 980 3494 1034 de
3528 981 3650 1035 fari-

2075 1049 2285 1120 naceis.
2314 1046 2409 1103 Cui
2429 1046 2712 1120 'modicum
2757 1048 3006 1120 olei,_vel
3040 1049 3212 1120 butyri
3245 1050 3321 1104 vel
3349 1050 3499 1106 lactis
3525 1051 3647 1120 inji-

2072 1119 2247 1185 ciens,
2276 1119 2376 1172 hoc
2403 1117 2738 1173 condimento
2768 1117 3031 1172 fastidium
3071 1117 3310 1187 repellat.
3349 1121 3412 1174 lit
3445 1123 3542 1174 hoc
3565 1117 3636 1186 ei,

2073 1189 2118 1241 si
2148 1203 2209 1242 ea
2236 1190 2320 1243 die
2347 1197 2740 1260 ccenaturaest,
2774 1187 3019 1260 sufficiat.
3047 1189 3126 1242 Ad
3159 1205 3364 1260 comam
3402 1205 3527 1245 vero
3551 1197 3664 1260 μμ

2072 1273 2189 1312 rum
2235 1260 2384 1312 lactis
2412 1259 2512 1313 sibi
2552 1259 2633 1313 vel
2673 1258 2830 1326 piscis
2871 1258 3170 1323 modicum,
3205 1259 3284 1314 vcl
3321 1261 3515 1327 aliquid
3548 1258 3646 1318 Iut-

2069 1329 2297 1395 jusmodi
2342 1330 2384 1382 si
2431 1337 2622 1398 praisto
2661 1327 2848 1390 fuerit,
2878 1339 3130 1399 apponat.
3162 1329 3277 1385 Uno
3313 1345 3506 1399 genere
3544 1333 3644 1385 cibi

2072 1408 2316 1469 contenta
2338 1415 2457 1453 cum
2483 1399 2650 1468 pomis
2670 1409 2724 1454 et
2740 1399 2916 1453 herbis
2942 1398 3140 1463 crudis,
3167 1401 3208 1454 si
3233 1398 3361 1469 quas
3385 1401 3644 1468 habuerit,

2075 1468 2185 1522 lucc
2214 1470 2322 1536 ipsa
2363 1470 2406 1522 si
2449 1470 2614 1523 semel
2659 1470 2949 1540 comederit
2986 1471 3036 1522 in
3074 1469 3194 1536 die,
3224 1468 3493 1539 pra-libato
3536 1474 3648 1540 pulo

2073 1547 2252 1592 mcnto
2280 1553 2501 1607 possunt
2526 1540 2738 1608 apponi.
2769 1540 2822 1594 In
2853 1539 3041 1609 vigiliis
3066 1549 3367 1595 sanctorum
3394 1539 3565 1596 tamen
3594 1553 3649 1596 ct

2070 1609 2307 1674 Quatuor
2332 1609 2649 1677 'l‘emporum
2677 1609 2909 1678 jcjttniis,
2939 1610 3175 1664 omnium
3201 1611 3360 1665 etiam
3392 1610 3638 1665 feriarum

2069 1691 2251 1800 ﬂuarta
2278 1688 2333 1732 ct
2365 1689 2542 1745 sexta,
2572 1687 2724 1732 extra
2755 1680 3252 1749 Quinquagesimam
3289 1681 3340 1734 in
3376 1682 3493 1736 cibo
3519 1698 3647 1750 qua-

2110 1750 2398 1800 raaesimali
2428 1748 2642 1800 ieiunet.
2668 1747 2721 1800 In
2749 1750 3158 1800 ()nadrzuzesima
3183 1766 3310 1800 vero
3333 1767 3492 1800 unum
3517 1767 3647 1800 otio-

2110 1750 2398 1820 ragesimali
2423 1748 2645 1820 jejuneti
2668 1747 2721 1802 In
2749 1747 3158 1820 Quadragcsima
3183 1766 3310 1804 vero
3333 1767 3492 1806 unum
3517 1747 3650 1820 quo-

2072 1818 2198 1890 tidie
2231 1819 2279 1874 ei
2308 1818 2909 1890 sufficiatpulmentum.
2951 1818 3014 1890 Et
3043 1821 3140 1874 nisi
3174 1821 3448 1874 infirmitas
3475 1818 3640 1890 inipe-

2071 1889 2198 1951 diat,
2221 1890 2345 1943 feria
2367 1900 2515 1944 sexta
2538 1889 2588 1943 in
2607 1903 2740 1958 pane
2759 1899 2811 1944 ct
2831 1889 3199 1958 aquajejunet.
3221 1891 3300 1944 Ab
3319 1889 3649 1947 Exaltatioue

2071 1969 2271 2030 sancta:
2299 1957 2482 2014 Crucis
2510 1957 2672 2030 usque
2697 1959 2762 2014 ad
2794 1957 3265 2030 Quadragesimam,
3287 1962 3452 2016 semel
3483 1962 3532 2014 in
3563 1963 3648 2016 die

2071 2028 2198 2082 hora
2229 2045 2364 2083 nona
2402 2030 2618 2082 reficiat.
2655 2029 2709 2082 In
2751 2028 3196 2098 Quadragesima.
3237 2029 3376 2084 dicta
3402 2045 3645 2099 vespera,

2067 2099 2323 2168 jejunium
2365 2099 2553 2152 solvat.
2595 2099 2637 2153 A
2674 2099 2874 2154 Pascha
2910 2115 3076 2168 usque
3109 2099 3175 2152 ad
3205 2099 3552 2155 Pentecosten
3580 2103 3646 2156 ad

2070 2177 2272 2223 sextam
2308 2170 2593 2239 prandeat,
2633 2181 2687 2224 et
2716 2171 2786 2239 ad
2826 2170 3099 2237 prandium
3129 2170 3395 2224 silentium
3436 2179 3646 2226 teneat:

2071 2240 2211 2310 quod
2233 2237 2393 2295 etiam
2411 2249 2531 2310 tota
2559 2248 2749 2310 aestate
2767 2237 2943 2305 faciet,
2961 2247 3162 2310 printer
3186 2240 3344 2296 ferias
3377 2249 3562 2309 quarta
3592 2251 3648 2296 et

2072 2309 2241 2376 sexta,
2268 2319 2322 2364 et
2345 2309 2668 2363 solemnibus
2682 2309 2916 2378 jejuniis.
2952 2309 3143 2363 Diebus
3167 2317 3341 2366 autem
3362 2311 3552 2378 quibus
3569 2310 3648 2378 je-

2067 2379 2237 2448 jnnat,
2261 2379 2414 2434 liceat
2437 2379 2485 2434 ei
2514 2379 2563 2450 in
2587 2389 2769 2434 aestate
2792 2395 2890 2450 pro
2910 2394 3098 2432 somno
3119 2378 3410 2450 meridiano
3433 2389 3486 2434 ct
3509 2381 3651 2436 inter

2073 2451 2357 2505 matutinas
2385 2461 2440 2505 et
2465 2449 2687 2519 primam
2727 2448 2989 2505 ntodicum
3015 2449 3207 2519 quietis
3225 2448 3498 2521 indulgere
3529 2464 3650 2505 cor-

2095 2522 2311 2576 lllSCllIO.

2075 2539 2402 2646 ιδιιεῗέἏίίίυΤ
2435 2588 2552 2645 xx.
2581 2620 2652 2630 _
2679 2589 2756 2644 De
2777 2590 3077 2644 vestimentis
3107 2600 3151 2643 ct
3177 2590 3542 2645 calceamentis.

2147 2661 2310 2714 Porro
2341 2661 2458 2714 talia
2489 2662 2532 2730 ci
2567 2661 2877 2714 vestimenta
2913 2661 3179 2716 sufﬁciant
3218 2677 3337 2730 qua:
3375 2661 3539 2730 frigus
3566 2676 3654 2716 re—

2076 2732 2290 2801 pellant.
2322 2729 2688 2786 Grossioribns
2715 2731 2936 2798 pelliciis
2963 2739 3168 2794 utatur,
3199 2729 3253 2785 et
3282 2729 3506 2800 pellibus
3529 2746 3652 2801 pro-

2075 2800 2194 2870 pter
2226 2800 2492 2859 hiemem;
2535 2809 2749 2868 propter
2787 2809 3022 2853 :estatem
3062 2809 3237 2870 autem
3273 2817 3430 2854 unam
3461 2800 3650 2855 habeat

2078 2869 2306 2926 tunicam
2341 2887 2355 2924 :
2383 2879 2606 2936 utroque
2631 2876 3020 2940 vcrotempore
3047 2869 3176 2923 duas
3205 2870 3272 2924 de
3292 2872 3529 2940 stupacio
3560 2885 3652 2926 ea-

2076 2941 2257 3010 misias
2279 2940 2662 3010 velrstaminas.
2690 2937 3153 3010 Velamencapitis
3170 2954 3275 2993 non
3297 2937 3455 2995 sit'de
3480 2955 3656 3010 panno

2075 3009 2257 3064 subtili
2298 3009 2380 3062 vel
2411 3009 2660 3078 pretioso,
2689 3009 2782 3062 sed
2820 3007 3075 3078 mediocri
3105 3008 3290 3078 nigro:
3322 3025 3388 3065 ne
3418 3007 3657 3066 videatur

2077 3080 2257 3135 colore
2278 3076 2424 3132 vario
2443 3077 2688 3132 affectare
2708 3077 2974 3149 decorem.
2991 3076 3390 3149 Calceamenta,
3413 3080 3654 3149 pedilies,

2077 3150 2305 3220 ealigas,
2337 3155 2591 3220 quantum
2632 3148 2763 3201 satis
2801 3146 3204 3220 fuerithabeat.
3233 3149 3301 3203 Et
3332 3146 3653 3220 paupertatis

2078 3217 2201 3274 suae
2217 3217 2393 3274 custos
2418 3218 2645 3272 sollicite
2668 3217 2999 3284 consideret,
3019 3227 3077 3271 ut
3103 3219 3259 3272 etiam
3281 3217 3656 3287 aliquantulum

2079 3291 2254 3344 minus
2277 3289 2466 3342 habeat
2493 3303 2649 3358 quam
2677 3287 2958 3358 indulgere
2986 3288 3084 3342 sibi
3116 3289 3274 3357 possit
3302 3289 3442 3356 justa
3472 3303 3658 3344 neces-

2079 3361 2228 3414 sitas.
2263 3359 2386 3414 Ilaec
2408 3398 2430 3423 ,
2463 3357 2616 3412 soror
2641 3357 2985 3421 charissima,
3018 3358 3086 3412 de
3124 3358 3400 3413 exterioris
3428 3357 3658 3412 hominis

2079 3429 2484 3488 conversatione
2525 3443 2630 3482 non
2665 3443 2757 3496 pro
2798 3428 3125 3496 antiquitatis
3162 3426 3408 3497 fervore,
3439 3428 3531 3482 sed
3564 3444 3658 3497 pro

2080 3499 2237 3569 hujus
2254 3498 2429 3555 nostri
2442 3498 2692 3567 temporis
2711 3498 2885 3569 spatio
2904 3508 2954 3552 te
2973 3496 3323 3569 compellente
3341 3496 3655 3569 conscripsi,

2080 3566 2304 3629 infirmis
2331 3566 2676 3637 temperatum
2696 3566 2976 3637 quemdam
2999 3566 3214 3622 modum
3240 3568 3446 3622 vivendi
3471 3566 3661 3636 propo—

2083 3655 2237 3706 nens,
2266 3636 2570 3694 fortioribus
2603 3638 2668 3692 ad
2697 3636 3008 3707 pet-feetiora
3043 3637 3414 3709 progrediendi
3443 3640 3658 3693 liberta-

2084 3719 2188 3764 tein
2220 3711 2547 3777 relinquens.

2081 3780 2305 3836 CAPUT
2331 3776 2478 3833 XXI.
2500 3808 2567 3818 —
2591 3776 2826 3832 Solitudo
2857 3787 2928 3832 est
2967 3777 3226 3831 hominum
3253 3779 3501 3833 consortio
3529 3789 3660 3848 prte-

2259 3848 2466 3917 fcrenda
2493 3857 2695 3918 prapter
2716 3849 3138 3919 conservationem
3163 3849 3481 3919 uirginitatis.

2153 3919 2257 3976 Sed
2293 3920 2402 3988 jam
2431 3933 2571 3973 nunc
2594 3919 2772 3972 audiat
2798 3926 2851 3972 et
2877 3918 3140 3986 intelligat
3162 3918 3320 3988 verba
3346 3935 3486 3984 mea,
3515 3933 3660 3988 qum-

2081 3987 2308 4060 cumque
2343 3988 2719 4060 abrenuntiatis
2764 3988 2961 4060 mundo
3000 3990 3160 4042 vitam
3198 3987 3658 4060 hancisolitariam

2083 4057 2336 4130 elegerit,
2377 4059 2630 4130 abscondi
2668 4057 2999 4130 desiderans,
3043 4073 3148 4130 non
3189 4059 3485 4130 vidcri,4et
3509 4059 3660 4130 quasi

2085 4127 2291 4184 mo'rtua
2326 4129 2522 4184 smculo
2567 4129 2618 4182 in
2658 4129 2905 4198 spelunca
2941 4127 3154 4198 Christo
3180 4127 3664 4197 consepeliri.’Pri-

2087 4216 2229 4253 mum
2259 4201 2350 4254 tibi
2374 4197 2708 4254 solitudinem
2730 4198 3004 4252 hominum
3029 4197 3224 4254 debeas
3255 4200 3500 4267 pt‘atferre
3528 4213 3661 4252 mn-

2083 4271 2284 4332 sortin,
2330 4270 2608 4338 diligenter
2647 4269 2882 4323 attende.
2923 4268 3104 4338 Virgo,
3145 4268 3310 4337 inquit
3351 4268 3659 4337 Apostolus,

2083 4341 2266 4410 cogitat
2290 4355 2402 4408 qua:
2418 4338 2939 4410 sunt_Dei,_quomado
2963 4339 3307 4410 placeatgpeo,
3330 4349 3382 4392 ut
3405 4338 3469 4410 sit
3489 4349 3665 4392 sancta
3689 4354 3696 4358 '

2085 4406 2310 4478 corpore
2337 4425 2394 4460 ac
2421 4408 2603 4478 spiritu
2631 4406 2648 4478 (
2673 4408 2688 4478 I
2720 4407 2836 4478 Cor.
2867 4424 2937 4461 vn
2959 4448 2972 4470 ,
3001 4406 3125 4478 54).
3159 4408 3520 4478 voluntarium
3562 4410 3663 4463 hoc

2085 4476 2400 4532 sacrificium
2442 4476 2522 4532 cst
2541 4517 2557 4540 ,
2599 4476 2796 4530 oblatio
2823 4476 3133 4545 spontanca,
3160 4477 3226 4530 ad
3253 4491 3409 4546 quam
3439 4493 3543 4532 non
3574 4478 3662 4533 lex

2087 4549 2326 4618 impellit.
2352 4547 2457 4602 Sed
2487 4546 2779 4618 necessitas
2805 4548 2964 4618 cogit.
3001 4561 3106 4618 non
3143 4557 3290 4616 urget
3321 4557 3660 4617 praeceptum.

2088 4615 2240 4674 Unde
2267 4618 2522 4672 Dominus
2561 4617 2613 4670 in
2647 4616 2968 4685 Evangelio:
2999 4615 3108 4685 Qui
3133 4615 3293 4684 potest
3322 4615 3535 4685 capere,
3576 4633 3666 4670 ca-

2087 4690 2190 4761 piat
2212 4687 2418 4761 (Matth.
2443 4703 2560 4761 xm,
2591 4685 2713 4761 I2).
2745 4684 2876 4761 Quis
2903 4684 3118 4761 potest?
3146 4686 3237 4741 Ille
3264 4684 3410 4740 certe
3445 4687 3533 4761 cui
3558 4687 3666 4761 Do-

2089 4756 2264 4812 minus
2311 4758 2448 4812 hanc
2504 4756 2838 4824 inspirnvcrit
2889 4757 3212 4809 voluntatem
3259 4765 3315 4809 et
3361 4756 3673 4825 praestiterit.

2089 4829 2409 4886 facultatem.
2429 4827 2664 4882 Primum
2686 4828 2842 4896 igitur
2858 4834 2917 4881 ut
2936 4827 3098 4894 virgo,
3121 4825 3316 4896 bonum
3341 4827 3663 4896 propositum

2089 4910 2233 4954 tuum
2261 4899 2358 4968 ipsi
2387 4898 2483 4968 qui
2508 4895 2779 4965 iuSpiravit
2803 4912 2924 4950 cum
2953 4910 3160 4968 summa
3189 4895 3470 4948 devotione
3488 4897 3664 4952 cordis

2087 4963 2424 5034 commenda,
2455 4963 2804 5022 intentissima
2830 4967 3068 5036 oratione
3092 4963 3412 5036 deposcens,
3445 4969 3665 5036 utquod

2089 5033 2417 5110 impossibile
2455 5047 2537 5092 est
2574 5052 2670 5107 per
2699 5038 2972 5098 meritum,
3004 5033 3382 5110 facilesentiat
3421 5050 3513 5105 per
3541 5033 3665 5110 gnt-

2091 5104 2236 5162 tiain.
2265 5110 2446 5178 Cogita
2487 5104 2698 5174 semper
2721 5147 2734 5168 ,
2766 5121 2924 5176 quam
2954 5107 3243 5176 pretiosum
3279 5104 3584 5178 thesaurum
3614 5107 3664 5160 in

2089 5195 2244 5247 quam
2271 5175 2440 5248 fragili
2463 5178 2676 5230 vasculo
2699 5175 2896 5248 portes,
2914 5175 2967 5230 et
2985 5191 3143 5248 quam
3170 5175 3666 5248 mercedem,qnam

2088 5249 2308 5316 gloriam
2330 5287 2344 5310 ,
2372 5262 2530 5316 quam
2561 5261 2810 5300 coronam
2843 5247 3112 5317 virginitas
3137 5255 3342 5300 servata
3371 5247 3663 5302 'ministrct.

2089 5320 2254 5385 Quam
2299 5317 2515 5385 insuper
2560 5331 2810 5385 poenam,
2859 5333 3014 5386 quam
3061 5317 3464 5382 confusionem,
3508 5333 3666 5386 quam

2088 5388 2481 5442 damnationem
2524 5386 2770 5454 importet
2813 5389 3043 5451 amissa,
3090 5386 3449 5442 indesinenter
3489 5388 3668 5440 animo

2089 5458 2322 5512 revolve.
2355 5456 2492 5523 Quid
2534 5455 2635 5511 hoc
2679 5457 2962 5526 pretiosius
3002 5458 3285 5512 thesauro?
3317 5471 3423 5527 quo
3469 5458 3665 5513 calum

2089 5527 2312 5594 emitur,
2345 5542 2450 5596 quo
2485 5528 2702 5596 angelus
2749 5527 3079 5593 delectatur,
3112 5527 3262 5595 cujus
3287 5527 3400 5595 ipse
3425 5527 3668 5582 Christus

2088 5597 2311 5666 cupidus
2331 5605 2432 5661 est,
2455 5611 2559 5664 quo
2579 5596 2790 5651 illicitur
2813 5596 2879 5650 ad
2905 5597 3212 5662 amandum,
3234 5606 3285 5652 et
3313 5596 3378 5651 ad
3405 5608 3658 5663 praistati.

2089 5669 2213 5722 dum
2232 5676 2572 5736 provocatur,
2589 5667 2746 5736 quid?
2763 5667 2932 5721 audeo
2948 5666 3147 5730 dicere,
3166 5667 3398 5736 seipsum
3415 5674 3470 5721 ct
3488 5670 3664 5722 (inlllll

2089 5753 2204 5792 sua.
2234 5737 2412 5806 Itaque
2433 5736 2629 5790 nardus
2651 5736 2962 5806 virginitatis
2983 5745 3086 5790 tua:
3109 5737 3265 5790 etiam
3287 5737 3340 5790 in
3361 5738 3665 5793 calonibus

2090 5810 2223 5863 dans
2249 5807 2466 5868 odorem
2490 5821 2664 5874 suum,
2698 5806 2820 5863 facit
2849 5817 2906 5862 ut
2930 5807 3267 5878 concupiscat
3294 5822 3386 5863 rex
3416 5807 3677 5877 decorem.
