4138 6364
474 370 615 429 N39

472 502 593 560 qua:
617 486 669 541 in
677 491 853 560 semet
866 482 1104 560 converti
1114 481 1370 560 diximus,
1386 478 1546 534 homo
1558 477 1748 560 prioris
1770 476 1941 560 locum
1973 485 2051 529 tc-

476 548 592 625 net,
607 556 757 628 cujus
767 553 1357 628 exstantta_d_eti_nigionis
1369 566 1478 628 sna:
1491 565 1554 628 ex
1562 550 1736 628 primit
1750 548 1911 603 verita
1921 557 2045 601 tem.

864 624 1090 681 CAPUT
1126 623 1244 678 XX.
1276 651 1347 662 —
1375 621 1453 674 De
1490 620 1658 673 simul.

542 696 792 767 Sequitur
831 705 891 750 ut
933 695 1303 767 pro-prietatem
1350 692 1517 767 verb_i,
1568 706 1677 767 quo
1727 688 1893 767 simul
1918 703 2051 767 esse

471 759 715 840 quaedam
746 759 971 821 dicimus
994 808 1009 831 ,
1034 759 1419 840 exprimamus.
1464 762 1626 840 Ra_tio_
1652 761 1803 840 enim
1848 759 2052 813 videtur

472 831 687 909 exigere
714 879 727 902 ,
768 847 824 891 ut
852 846 970 909 post
996 831 1187 903 prioris
1215 844 1491 909 tractatum
1518 832 1583 885 de
1722 832 2047 909 disputetur,

472 901 594 980 quae
615 910 771 963 simul
792 901 909 962 esse
933 901 1227 980 ﬁrmantur.
1262 906 1427 980 Simul
1457 919 1583 972 ergo
1611 902 1857 956 dicuntur
1882 901 2050 980 tribus

474 972 648 1035 inodis
678 998 690 1032 :
723 994 842 1033 cum
871 977 1118 1047 quaelibet
1145 976 1300 1047 simul
1328 976 1560 1047 existunt
1582 988 1687 1047 uno
1708 983 1946 1047 tempore
1967 972 2050 1047 vel

475 1058 754 1120 apparent,
791 1049 860 1102 ita
885 1041 941 1101 ut
962 1058 1203 1101 neutrum
1234 1046 1303 1120 de
1330 1045 1538 1120 duobus
1567 1043 1651 1097 vel
1678 1044 1822 1113 prius
1849 1043 1935 1120 sit,
1968 1041 2050 1096 vel

472 1113 697 1175 alterum
744 1113 1116 1186 consequatur,
1176 1117 1267 1171 sed
1309 1116 1580 1186 utriusque
1618 1124 1765 1168 ortus
1813 1113 2052 1186 videatur

472 1206 591 1245 esse
619 1183 945 1251 communis,
976 1188 1111 1241 sicut
1137 1187 1281 1241 calor
1321 1195 1372 1240 et
1398 1185 1651 1253 Splendor
1695 1186 1744 1237 in
1787 1185 1918 1238 sole.
1951 1183 2050 1237 Se-

472 1261 677 1315 cundus
708 1261 855 1313 locus
881 1268 963 1313 est
989 1274 1194 1318 eorum,
1220 1273 1339 1325 qum
1372 1256 1681 1309 naturaliter
1711 1255 1867 1325 simul
1895 1264 2038 1325 sunt,

472 1332 677 1386 nullum
708 1340 881 1383 tamen
908 1345 1089 1382 eorum
1123 1324 1339 1397 prmStat
1383 1327 1532 1381 alteri
1565 1343 1576 1377 :
1606 1335 1661 1377 nt
1686 1324 1832 1378 verbi
1857 1324 2047 1397 gratia,

472 1402 518 1455 si
546 1402 793 1469 simplum
839 1410 893 1453 et
938 1394 1153 1467 duplum
1190 1413 1475 1469 ponamus,
1521 1411 1739 1469 necesse
1768 1404 1850 1469 est
1895 1394 2049 1469 simul

408 1474 417 1525 ἓ
471 1486 593 1526 esse
624 1464 953 1533 naturaliter,
979 1464 1070 1523 sed
1099 1484 1268 1537 neque
1294 1468 1510 1535 duplum
1555 1466 1673 1518 facit
1701 1474 1758 1518 ut
1802 1464 2051 1533 simplum

412 1548 413 1551 “
474 1542 564 1608 sit,
597 1558 769 1612 neque
795 1540 1039 1605 simplum
1064 1536 1226 1592 efficit
1250 1538 1486 1612 duplum.
1517 1537 1627 1590 Hoc
1653 1536 1769 1612 loco
1799 1550 2052 1612 noscon:

412 1666 416 1673 ,
472 1604 699 1666 fundere
736 1628 839 1664 non
870 1604 1098 1677 oportet,
1132 1625 1197 1662 ne
1227 1604 1475 1678 quoniam
1502 1622 1620 1678 cum
1647 1606 1733 1678 _de
1763 1606 1829 1659 ad
1856 1604 2053 1678 aliquid

407 1686 419 1747 ᾗ
472 1682 627 1735 dictis
659 1675 1007 1735 tractaremns
1027 1722 1042 1745 ,
1072 1679 1125 1733 id
1150 1675 1267 1733 esse
1297 1679 1361 1732 ad
1406 1677 1602 1745 aliquid
1628 1676 1881 1741 diximus,
1909 1675 2052 1747 quod

471 1752 728 1822 penderet
754 1768 817 1805 ex
867 1752 1036 1822 altero
1056 1792 1069 1816 ,
1108 1750 1382 1803 videamur
1408 1764 1549 1822 nunc
1579 1746 2051 1822 contrausuperius.

408 1827 417 1842 ‘
472 1815 685 1876 deﬁnita
713 1831 956 1875 tractare.
985 1821 1171 1874 Omnia
1200 1834 1426 1888 namque
1451 1818 1515 1871 ad
1544 1816 1739 1884 aliquid
1758 1816 1916 1881 dicta,
1946 1815 2053 1888 dici

472 1908 538 1947 ex
567 1894 735 1946 altero
759 1934 773 1958 ,
808 1908 911 1944 non
941 1906 1059 1944 esse
1086 1906 1148 1943 ex
1193 1886 1361 1942 altero
1388 1889 1766 1957 disputavimus
1800 1904 1811 1937 :
1843 1886 2051 1958 nec_ul-

471 1963 555 2017 lus
593 1956 879 2027 et'rorﬁest,
925 1963 968 2015 si
1004 1962 1121 2028 quis
1148 1960 1429 2015 verborum
1473 1956 1773 2011 nostrorum
1820 1956 2054 2024 pondera

470 2032 775 2100 diligentius
803 2039 1182 2100 perscrutetur.
1213 2030 1422 2084 Tertius
1460 2030 1607 2100 locus
1634 2036 1733 2093 est,
1760 2028 1968 2096 quoties
1988 2043 2056 2081 ex

470 2099 659 2157 eodem
686 2099 880 2172 genere
910 2103 1176 2155 manantia
1207 2100 1363 2153 simul
1408 2099 1651 2172 videntur
1675 2112 1814 2172 esse
1844 2106 2050 2172 natura2

472 2172 568 2226 scd
596 2166 774 2241 specie
799 2173 1171 2225 discernuntur
1203 2188 1215 2223 :
1245 2184 1417 2238 neque
1436 2185 1564 2223 vero
1588 2169 1771 2241 sibiin
1794 2182 1883 2241 eo,
1912 2166 2056 2236 quod

471 2237 754 2307 dicuntur,
786 2241 980 2310 aliquid
1013 2248 1283 2309 prtestant,
1316 2237 1370 2293 ut
1399 2248 1481 2293 est
1522 2238 1749 2302 animal;
1793 2237 1931 2291 idem
1960 2252 2054 2310 ge-

471 2328 571 2366 nus
587 2324 687 2377 est,
706 2313 797 2367 sed
821 2312 1024 2381 species
1051 2312 1205 2380 longe
1229 2310 1475 2364 discreta.
1506 2310 1613 2364 Nec
1645 2323 1770 2381 vero
1795 2318 1881 2381 aut
1905 2310 2055 2381 vola-

477 2382 569 2437 tile
596 2377 881 2451 quidquam
903 2382 1131 2450 pedestri
1146 2377 1341 2435 tribuit
1363 2389 1419 2434 ut
1444 2382 1532 2447 sit,
1551 2388 1641 2434 aut
1667 2378 1868 2451 volatili
1892 2377 2055 2451 pede-

473 2449 721 2517 stre,'ant
744 2449 970 2506 omnino
993 2452 1133 2505 aliud
1159 2452 1331 2514 alteri,
1374 2452 1427 2505 in
1465 2467 1531 2505 eo
1568 2449 1707 2519 quod
1758 2458 1859 2519 est,
1892 2449 2057 2502 ullam

472 2524 821 2577 Substantiam
843 2524 1209 2578 subministrat
1227 2538 1239 2585 ;
1260 2522 1571 2591 nullumque
1588 2518 1740 2574 alteri
1760 2518 1899 2573 aliud
1914 2519 2059 2588 prius

476 2603 578 2659 est,
610 2594 702 2647 sed
732 2594 885 2647 simul
910 2594 1086 2647 omnia
1107 2594 1173 2647 ab
1201 2592 1436 2660 animali,
1467 2592 1519 2647 id
1543 2600 1625 2647 est
1642 2591 1709 2646 ab
1737 2604 1843 2644 uno
1864 2603 2059 2660 genere

474 2673 588 2717 orta
613 2674 920 2719 nascuntur.

865 2742 1090 2799 CAPUT
1120 2744 1261 2799 XXI.
1290 2772 1361 2783 —-
1397 2743 1473 2797 De
1503 2742 1666 2795 Motu.

546 2813 731 2869 Omnis
755 2815 1052 2869 immutatio
1077 2830 1196 2883 qua:
1222 2824 1456 2880 μεταεςλή
1481 2827 1654 2881 grtece
1674 2820 1793 2879 est,
1816 2809 1875 2865 tit
1892 2810 2059 2867 tribus

474 2884 646 2939 modis
676 2904 689 2939 :
719 2895 810 2939 aut
838 2902 903 2938 ex
932 2899 1038 2938 non
1065 2884 1304 2951 subjecto
1331 2884 1382 2937 in
1411 2884 1711 2951 subjectum
1735 2923 1748 2945 ,
1782 2888 1840 2935 ut
1865 2890 1945 2935 est
1973 2897 2061 2935 or-

475 2965 559 3009 tus
597 2956 677 3009 vel
719 2955 962 3010 nativitas
982 2995 998 3021 ,
1040 2970 1197 3023 quam
1222 2954 1393 3008 Graeci
1421 2962 1590 3021 γένεσιν
1620 2962 1805 3007 vocant
1831 2970 1843 3014 ;
1877 2961 1967 3023 aut
1994 2968 2061 3007 ex

475 3025 713 3093 subjecto
757 3026 810 3079 in
854 3040 959 3078 non
1002 3022 1329 3092 subjectum,
1365 3035 1421 3077 ut
1456 3032 1534 3077 est
1564 3024 1802 3077 interitus
1832 3022 1913 3077 vel
1938 3037 2059 3077 cor-

477 3096 682 3167 ruptio,
726 3110 882 3164 quam
911 3102 1077 3167 φθορὰν
1102 3094 1272 3149 Gra‘ci
1295 3094 1582 3167 dixerunt;
1613 3104 1700 3147 aut
1730 3108 1795 3147 ex
1822 3094 2061 3167 subjecto

476 3166 527 3218 in
562 3165 855 3234 subjectum
876 3207 892 3231 ,
915 3164 1090 3219 ‘ut’est
1112 3174 1308 3229 motus,
1333 3166 1422 3234 qui
1448 3179 1619 3233 grrece
1646 3175 1820 3234 xamen;
1846 3164 2059 3217 dicitur.

478 3234 582 3289 Sed
628 3233 683 3289 et
722 3237 834 3306 ipse
872 3244 1047 3288 motus
1074 3244 1179 3288 tres
1210 3233 1415 3306 species
1444 3234 1631 3306 habet,
1659 3233 1711 3287 id
1738 3242 1850 3295 est,
1883 3235 2060 3306 inere-

478 3315 712 3360 mentum
727 3304 756 3372 ζ
790 3306 1210 3360 imminutionem
1227 3304 1257 3372 ,“
1292 3304 1757 3360 commutationem
1798 3304 2063 3373 qualitatis

478 3375 591 3430 sive
622 3376 743 3429 loci.
772 3376 896 3430 Haec
919 3391 950 3430 a
979 3374 1179 3431 Grtecis
1197 3383 1411 3442 αὓξησις,
1434 3390 1641 3443 μείωσις,
1666 3377 1931 3438 ἀλλοίωσις,
1952 3375 2064 3430 sive

478 3454 596 3515 φορὰ
615 3446 753 3499 dicta
781 3455 920 3499 sunt.
948 3446 1185 3516 Namque
1209 3446 1675 3501 commutationem
1704 3444 1843 3499 circa
1866 3446 2060 3511 locum,

478 3522 619 3586 φορὰν
657 3516 762 3569 diei
800 3517 1115 3585 voluerunt,
1142 3532 1298 3586 quam
1330 3531 1428 3571 nos
1450 3530 1659 3585 quoque
1689 3516 2066 3586 transgressio-

479 3585 599 3639 nem
641 3587 923 3641 maluimus
954 3587 1131 3641 dicere
1146 3585 1166 3651 ,⁷
1190 3588 1355 3641 secuti
1384 3587 1647 3641 doctores.
1679 3586 1879 3640 Verum
1918 3585 2065 3642 hunc

478 3656 719 3727 ordinem
741 3699 755 3721 ,
797 3673 953 3726 quem
1001 3672 1096 3711 nos
1122 3658 1173 3710 in
1204 3658 1486 3727 praesenti,
1519 3658 1669 3725 quasi
1697 3657 2062 3724 discrepantes

484 3726 551 3780 ab
595 3742 660 3779 eo
692 3727 862 3790 libro,
893 3728 980 3796 qui
1012 3726 1393 3797 categoriarum
1419 3728 1639 3785 dicitur.
1669 3728 1903 3796 diligenti
1936 3744 2065 3783 exa-

484 3796 774 3851 minatione
803 3796 1149 3866 digessimus,
1183 3798 1295 3867 ipse
1320 3814 1529 3867 quoque
1558 3798 1871 3853 Aristoteles
1894 3799 1944 3852 in
1968 3815 2063 3852 na-

482 3868 731 3921 turalium
776 3868 926 3921 libris
949 3870 1230 3935 exposuit;
1263 3869 1315 3922 in
1343 3870 1625 3937 categoriis
1647 3879 1822 3922 autem
1851 3880 2065 3923 secutus

480 3937 706 3992 docendi
748 3938 1153 4006 compendium,
1201 3940 1429 4008 speciem
1476 3956 1571 4007 pro
1613 3954 1836 4008 genere,
1888 3941 1938 3993 id
1983 3948 2066 3994 est

483 4020 686 4061 motum
727 4023 822 4077 pro
853 4009 1219 4062 immutatione
1246 4024 1348 4063 non
1379 4010 1636 4063 dubitavit
1664 4024 1936 4063 assumere
1966 4028 1977 4062 :
2007 4018 2067 4064 ut

484 4079 647 4131 motui
676 4077 876 4132 diceret
906 4080 1052 4147 quasi
1085 4081 1261 4147 generi
1291 4095 1384 4134 sex
1412 4081 1617 4149 Species
1646 4094 1764 4135 esse
1780 4080 2061 4149 subjectas,

487 4156 681 4214 γένεσιν,
702 4156 901 4220 φθορὰν,
948 4155 1179 4215 αὔξησιν,
1225 4162 1441 4217 μείωσιν,
1478 4153 1727 4204 ἀλλοίωσιν
1767 4152 2061 4218 ποιότητος¹,

542 4279 562 4313 ι
586 4286 761 4329 vocem
784 4278 1014 4331 Poiotétos
1037 4293 1134 4331 non
1154 4278 1250 4331 fert
1271 4280 1567 4333 Aristoteles.
1628 4288 1686 4331 Μ.

1646 356 1981 417 PRINCIPIA
2019 308 2468 415 iurrrromcss.

3611 356 3749 413 1440

2158 485 2284 532 κατὰ
2325 487 2403 531 τὸν
2428 486 2569 533 τόπον
2594 485 2876 544 μιταεο).ήν.
2904 474 3031 531 Haec
3057 490 3159 531 nos
3185 474 3353 531 Ιειῑῑιιο
3378 488 3625 533 sermone
3650 490 3747 532 or-

2160 556 2269 602 tum
2295 549 2525 603 diximus
2545 590 2559 614 ,
2588 549 2881 620 interitum,
2904 555 3265 616 augmentum,
3296 547 3747 620 imminutionem,

2157 620 2624 673 commutationem
2654 619 2921 686 qualitatis
2940 659 2955 685 ,
2991 620 3465 689 transgressionem
3497 619 3620 676 loci.
3651 619 3746 677 Ha:

2158 706 2252 743 sex
2294 692 2499 760 species
2543 690 2687 743 omni
2732 705 2759 741 a
2808 704 2865 744 se
2913 691 3119 745 ratione
3168 690 3413 744 discreta:
3456 692 3747 747 suntznisi

2158 760 2294 814 forte
2350 760 2611 831 cuiquam
2649 776 2833 828 parum
2892 760 3046 816 docte
3091 761 3437 830 intelligenti,
3477 762 3748 831 qualitatis

2157 832 2501 886 commutatio
2520 873 2534 895 ,
2568 830 2619 885 id
2640 840 2721 885 est
2742 835 3017 898 ἀλλοίωσις,
3047 833 3207 886 etiam
3232 832 3441 887 caeteris
3466 830 3745 889 existenti-

2158 901 2257 956 bus
2310 902 2426 957 ﬁeri
2476 902 2747 966 videatur,
2790 911 2845 956 ut
2879 917 2999 956 cum
3030 903 3264 958 nascitur
3288 902 3512 971 aliquid,
3543 914 3633 957 aut
3666 905 3748 958 in-

2157 974 2316 1039 terit,
2366 982 2457 1028 aut
2502 974 2728 1041 crescit,
2767 982 2856 1027 aut
2896 974 3181 1038 minuitur,
3227 983 3352 1027 tunc
3375 976 3509 1026 facta
3538 973 3747 1029 dicatur

2158 1044 2317 1099 etiam
2361 1044 2723 1099 commutatio.
2775 1042 2880 1097 Sed
2924 1042 2975 1097 id
3015 1043 3204 1097 falsum
3232 1045 3368 1097 ratio
3396 1044 3592 1098 docet:
3622 1059 3747 1099 nam

2157 1130 2276 1183 qum
2303 1126 2547 1169 crescunt
2572 1124 2659 1168 aut
2686 1114 3020 1178 minuuntur,
3049 1115 3339 1182 quantitate
3363 1114 3744 1181 immutantur,

2157 1200 2262 1239 non
2311 1194 2704 1240 commutantur
2748 1186 3017 1254 qualitate.
3060 1184 3417 1239 Commutatio
3450 1186 3592 1238 enim
3624 1201 3749 1253 pro-

2157 1256 2271 1325 prie
2298 1264 2380 1311 est
2404 1256 2689 1325 qualitatis.
2722 1256 3023 1310 Meminisse
3044 1265 3223 1310 autem
3249 1272 3345 1309 nos
3373 1264 3586 1323 oportet
3601 1256 3748 1310 aliud

2159 1340 2279 1379 esse
2326 1327 2747 1381 immutationem
2768 1369 2782 1389 ,
2827 1326 2966 1380 aliud
2990 1327 3479 1381 commutatiOuem.
3508 1326 3751 1395 Namque

2159 1396 2455 1451 immutatio
2501 1412 2667 1467 genus
2710 1407 2817 1461 est,
2868 1397 3212 1450 commutatio
3261 1398 3465 1464 species
3512 1397 3751 1465 subjecta

2159 1468 2361 1531 motui,
2394 1484 2549 1537 quam
2582 1469 2963 1521 immutationis
2984 1469 3215 1536 speciem
3238 1468 3484 1521 diximus.
3512 1468 3751 1536 Denique

2160 1546 2217 1590 ut
2264 1538 2453 1593 horum
2503 1540 2575 1595 sit
2624 1538 2905 1593 manifesta
2941 1538 3213 1603 discretio,
3240 1538 3623 1605 geometricum
3652 1553 3751 1605 po-

2160 1623 2350 1662 namus
2393 1610 2716 1677 exemplnm.
2760 1608 2814 1663 Si
2847 1617 3176 1677 tetragonutn
3210 1608 3408 1677 majus,
3440 1608 3579 1677 quod
3612 1610 3750 1661 intra

2159 1678 2424 1747 depictum
2454 1690 2535 1734 est
2555 1680 2891 1735 currentibus
2920 1694 3015 1747 per
3046 1680 3279 1734 medium
3308 1680 3459 1731 lineis
3487 1680 3537 1732 in
3569 1679 3752 1732 brevia

2161 1756 2433 1819 tetragona
2480 1751 2754 1818 partiaris,
2802 1751 2956 1819 eique
2999 1760 3121 1818 post
3150 1765 3311 1803 unum
3340 1749 3500 1803 breve
3524 1759 3754 1817 tetrago.

2160 1835 2286 1873 num
2330 1821 2617 1883 detrahas;
2666 1822 2896 1875 minuisti
2924 1830 3253 1891 tetragonum
3282 1820 3453 1888 majus
3477 1839 3490 1873 :
3515 1829 3569 1872 at
3592 1821 3636 1872 si
3658 1820 3755 1873 de-

2162 1891 2315 1944 tracti
2360 1892 2479 1946 loco
2520 1892 2683 1946 addas
2726 1890 3084 1961 gnomonem,
3136 1891 3225 1961 qui
3266 1890 3543 1961 hemicycli
3573 1891 3753 1960 specie

2159 1962 2402 2032 ponitur,
2451 1962 2567 2032 plus
2612 1960 2885 2031 tetragono
2926 1960 3169 2030 majori,’
3194 1976 3351 2030 quam
3398 1960 3749 2032 detraxeras,

2161 2031 2437 2112 reddidisti
2454 2030 2688 2112 {idque
2725 2030 3033 2103 quantitatis
3081 2040 3193 2096 est,
3232 2047 3335 2112 non
3363 2030 3665 2112 qualitatis,
3696 2038 3754 2085 et

2162 2101 2514 2157 immutatioui
2562 2101 2757 2173 potius
2787 2120 2944 2175 quam
2999 2101 3399 2175 COﬂlDlllIallOIIl
3459 2102 3749 2175 tribuitur,

2162 2186 2333 2241 eoque
2372 2189 2401 2227 a
2441 2189 2499 2228 se
2538 2171 2821 2243 plurimum
2845 2175 3113 2228 dillcrunt.
3148 2173 3231 2225 Fit
3253 2181 3428 2226 autem
3455 2171 3753 2225 differentia

2162 2257 2341 2297 rerum
2382 2245 2615 2298 omnium
2651 2245 2818 2300 tribus
2846 2246 3018 2299 modis
3049 2262 3061 2297 :
3088 2251 3178 2297 aut
3205 2244 3443 2306 materia,
3488 2251 3579 2295 aut
3617 2257 3753 2309 ope-

2165 2327 2243 2375 re,
2287 2324 2375 2366 aut
2406 2324 2648 2383 utroque.
2678 2316 2891 2368 Materia
2914 2358 2928 2382 ,
2961 2315 3005 2369 si
3036 2315 3140 2367 sint
3169 2314 3345 2366 annuli
3369 2313 3574 2366 similes
3610 2312 3749 2378 duo,

2163 2398 2404 2453 unusque
2442 2386 2510 2439 sit
2557 2402 2776 2447 aureus.
2828 2388 2964 2439 alter
3006 2392 3315 2454 argenteus;
3359 2398 3555 2451 opere,
3600 2384 3645 2435 si
3684 2398 3753 2437 ex

2164 2468 2296 2509 auro
2337 2455 2621 2510 dissimiles
2668 2458 2844 2510 annuli
2891 2456 3250 2519 fabricentur;
3293 2462 3557 2523 utroque,
3586 2454 3629 2506 si
3655 2467 3754 2506 an-

2163 2526 2321 2595 nulus
2350 2526 2416 2579 sit
2443 2542 2667 2591 aureus,
2699 2535 2751 2580 et
2776 2528 2924 2580 stilus
2955 2533 3254 2595 argenteus.
3287 2523 3462 2577 Clarct
3487 2525 3643 2591 igitur
3661 2524 3755 2577 has

2163 2594 2544 2650 immutationis
2586 2597 2789 2665 species
2810 2640 2823 2660 ,
2879 2613 2977 2650 nec
3021 2597 3240 2650 materia
3270 2595 3398 2657 sibi,
3428 2610 3525 2647 nec
3554 2609 3750 2661 opere,

2164 2680 2265 2721 nec
2289 2677 2515 2736 utroque
2544 2668 2792 2736 Conjungi
2826 2685 2839 2720 :
2872 2669 3006 2721 adeo
3031 2676 3206 2719 autem
3238 2665 3490 2736 sejuncta:
3519 2674 3671 2736 sunt,
3700 2673 3759 2736 ut

2164 2751 2349 2791 earum
2390 2734 2659 2790 nonnulle
2682 2734 2841 2791 etiam
2871 2739 2972 2791 sibi
2993 2738 3273 2790 contrariae
3300 2735 3600 2789 videantur.
3625 2734 3759 2800 Quis

2164 2809 2307 2861 enim
2337 2809 2542 2863 dubitet
2569 2818 2735 2874 γενέσει
2762 2818 2947 2880 φθορὰν,
2982 2808 3031 2880 id
3065 2818 3146 2880 est
3170 2806 3305 2860 ortui
3334 2806 3605 2880 interitum
3631 2821 3755 2860 esse

2165 2880 2518 2944 contrarium,
2566 2876 2851 2948 augmento
2892 2876 3356 2948 imminutionem?
3404 2876 3520 2944 ipsa
3546 2892 3759 2945 quoque

2165 2950 2510 3003 connnutatio
2558 2947 2669 3003 sive
2713 2950 2981 3019 qualitatis
3027 2949 3140 3002 sive
3186 2947 3317 3019 loci,
3343 2948 3496 3019 ilicet
3537 2962 3644 3019 non
3688 2962 3758 3019 ex

2166 3020 2352 3074 eodem
2396 3021 2694 3089 specierum
2732 3017 2996 3085 numero,
3050 3028 3225 3072 tamen
3271 3018 3467 3071 habent
3489 3017 3632 3086 quod
3658 3017 3759 3072 sibi

2166 3092 2491 3145 contrarium
2522 3092 2781 3144 videatur.
2812 3091 2942 3144 Nam
2971 3090 3317 3144 commutatio
3340 3089 3610 3157 qualitatis
3637 3097 3722 3141 est
3741 3127 3757 3153 ,

2166 3177 2285 3217 cum
2325 3178 2416 3236 ex
2442 3162 2587 3236 albo;
2605 3162 2662 3236 fit
2700 3162 2894 3231 aliquid
2920 3162 3125 3236 nigrum
3154 3160 3240 3236 vel
3267 3159 3448 3236 album
3477 3158 3544 3213 de
3570 3159 3758 3227 nigro,

2167 3248 2284 3303 quac
2322 3230 2419 3286 Sibi
2452 3233 2728 3288 manifeste
2753 3230 3015 3286 contraria
3046 3240 3188 3303 sunt.
3219 3230 3345 3303 Loci
3372 3243 3759 3303 quoquercom-

2167 3301 2420 3365 mutatio,
2443 3319 2599 3373 quam
2632 3304 3107 3371 transgressionem
3138 3302 3397 3363 diximus,
3424 3301 3759 3368 superiorum

2167 3381 2223 3427 et
2268 3374 2577 3427 inferiorum
2621 3376 3048 3429 contrarietatem
3100 3374 3329 3441 patitur,
3376 3380 3430 3425 et
3478 3380 3760 3442 propterea

2169 3460 2287 3500 eam
2309 3460 2520 3516 quoque
2547 3445 2741 3500 habere
2769 3445 3033 3499 contraria
3060 3452 3301 3513 apparet.

2452 3537 2677 3594 CAPUT
2706 3536 2867 3593 XXII.
2895 3568 2965 3577 —
2994 3536 3257 3591 Conclusio
3286 3536 3472 3606 operis.

2242 3621 2365 3675 ΙΙωο
2390 3630 2542 3685 sunt,
2594 3622 2665 3675 ﬁli
2712 3620 3054 3684 eharissime,
3106 3634 3224 3687 qua:
3264 3617 3369 3686 jugi
3396 3618 3580 3671 labore
3605 3628 3758 3687 asse;

2169 3692 2306 3757 cuti,
2360 3707 2478 3746 cum
2526 3693 2677 3746 nobis
2727 3690 3003 3745 Themistii
3054 3685 3231 3742 nostra
3270 3685 3519 3742 memoria
3552 3685 3755 3753 egregii

2171 3763 2475 3831 philosophi
2524 3762 2885 3826 magisterium
2934 3776 3037 3812 non
3090 3759 3328 3823 deesset,
3371 3757 3754 3831 admutilitatem

2170 3829 2312 3887 tuam
2341 3829 2406 3887 de
2431 3849 2607 3904 graeco
2635 3834 2687 3887 in
2717 3834 2938 3904 latinum
2960 3831 3345 3904 convertimus;
3376 3829 3575 3904 scilicet
3597 3836 3657 3904 _ut
3684 3840 3754 3882 ex

2171 3906 2237 3958 iis
2273 3897 2483 3975 quoque
2517 3908 2707 3959 bonam
2738 3903 2937 3975 frugem
2969 3901 3126 3955 studii
3152 3916 3180 3952 a
3214 3900 3365 3975 nobis
3384 3897 3610 3975 profecti
3632 3911 3758 3951 sus-

2171 3976 2369 4044 cipias,
2399 3972 2457 4028 ἐἰ
2505 3985 2555 4030 te
2601 3990 2704 4027 non
2746 3974 3055 4027 dissimilem
3095 3972 3547 4044 nostri‘.__aliarum
3575 3981 3757 4021 rerum

2170 4041 2288 4115 qua:
2328 4047 2541 4101 lubrica:
2580 4055 2739 4113 atque
2779 4046 2961 4098 inanes
2988 4052 3138 4115 sunt,
3164 4041 3425 4115 cupiditas
3456 4048 3756 4115 retentave-

2171 4110 2258 4170 in.
2306 4118 2445 4170 Nihil
2488 4110 2714 4185 namque
2743 4118 3016 4167 omisimus
3045 4116 3093 4165 in
3123 4112 3387 4185 huc‘libro
3412 4110 3757 4185 quodpossct

2171 4189 2571 4314 autddeleetare
2609 4179 2723 4257 jam
2763 4186 2983 4253 doctos,
3019 4191 3110 4238 aut
3150 4182 3393 4238 indoctos
3428 4179 3756 4236 manifestius

2171 4274 2264 4313 eru
2306 4274 2400 4314 ire.

2170 4274 2400 4314 erudire.

476 4402 3735 4434 mw

922 4542 1883 4658 PRINCIPIA
1956 4474 3094 4652 nnn'romcns
3156 4518 3301 4648 (α).

690 4768 916 4825 CAPUT
943 4765 1227 4823 PRIMUM.
1259 4794 1330 4805 —
1358 4764 1583 4817 Oratoris
1613 4763 1843 4833 ofﬁcium.

554 4852 791 4906 Oratoris
843 4848 1077 4903 officium
1122 4856 1243 4909 est,
1291 4844 1555 4914 proposita
1594 4844 1885 4911 qumstione
1925 4841 2063 4895 civili

485 4922 773 4985 duntaxat,
804 4921 1031 4989 primum
1064 4920 1228 4987 ipsam
1257 4916 1547 4985 intelligere
1567 4956 1587 4989 ,
1612 4914 1876 4989 generalis
1905 4914 1972 4989 sit
1997 4926 2064 4965 an

486 4993 729 5061 Speeialis
748 4983 767 5053 ,ν
794 4983 1018 5061 simplex
1050 4983 1114 5061 an
1141 4983 1513 5061 conjuncta‘ex
1538 4985 1797 5061 pluribus,
1826 4983 2064 5061 absoluta

486 5053 550 5117 an
594 5053 970 5129 comparativa.
1002 5059 1200 5113 Deinde
1225 5053 1344 5112 cum
1374 5053 1725 5129 intellexerit,
1756 5054 1989 5129 invenire
2013 5053 2065 5105 in

485 5151 545 5189 ea
599 5124 949 5203 congruentes
997 5129 1260 5203 partitioni
1309 5130 1479 5203 locos,
1528 5124 1950 5203 etliistnorales
1972 5138 2066 5177 seu

489 5194 758 5259 naturalés
805 5194 1207 5257 accommodare
1246 5199 1553 5254 sententias.
1598 5194 1800 5249 Exinde
1826 5195 2067 5262 judicare

488 5275 557 5329 de
586 5274 839 5335 inventis,
888 5272 1164 5340 repudiare
1201 5287 1317 5338 qua:
1358 5285 1542 5336 parum
1569 5266 1848 5340 commode
1877 5279 2066 5340 occur-

486 5346 654 5400 reriut
685 5364 697 5399 :
732 5356 841 5398 tum
873 5336 1078 5412 iisquae
1101 5336 1300 5409 judicio
1323 5339 1656 5412 examinarit,
1681 5337 1808 5412 dare
1826 5336 2068 5412 ordinem

486 5428 712 5469 certum.
766 5408 994 5470 Etenim'
1026 5408 1267 5481 quamvis
1312 5410 1470 5464 multa
1518 5409 1829 5481 pertinentia
1858 5408 2069 5461 inventa

487 5487 629 5551 sint,
679 5497 855 5540 tamen
904 5486 1003 5539 nisi
1047 5478 1149 5553 pro
1186 5483 1437 5553 qualitate
1465 5478 1527 5536 et
1551 5478 1907 5553 magnitudine
1938 5492 2065 5553 sua,

488 5549 650 5611 certis
687 5566 743 5610 et
782 5557 930 5625 quasi
970 5549 1220 5625 legitimis
1245 5553 1461 5625 sedibus
1488 5552 1835 5625 collocentur,
1868 5549 2070 5625 au_t_ub-

486 5636 677 5694 erunt,
700 5620 915 5681 aut—non
946 5620 1263 5697 magtmpere
1286 5624 1578 5697 proficient.
1602 5621 1836 5678 Subinde
1856 5620 2069 5673 ordina-

1090 5757 1341 5822 exemplar
1365 5758 1516 5809 ullum
1549 5766 1629 5807 Ms.
1662 5770 1757 5806 non
1776 5754 2070 5822 reperimus:

553 5762 628 5825 (a)
652 5759 879 5825 Opusculi
921 5760 1002 5825 huj

1018 5821 1099 5873 ula
1131 5818 1254 5877 citra
1272 5824 1615 5875 necessitatem
1643 5825 1863 5882 usurpat,
1906 5818 2076 5868 οοιιιτδ

491 5833 895 5894 Auctorgraecav

489 5896 675 5940 rnorem
690 5884 967 5949 lugustini.

2172 4761 2298 4815 tioui
2324 4760 2506 4814 rhetor
2524 4760 2928 4829 explicationem
2955 4774 3132 4814 rerum
3157 4756 3497 4813 commodare
3518 4756 3755 4813 debebit.

2170 4832 2297 4897 Qum
2341 4831 2544 4885 duabus
2583 4828 2819 4899 partibus
2846 4840 3086 4893 constat,
3119 4838 3397 4883 structura:
3427 4828 3678 4899 qualitate
3700 4836 3760 4883 et

2171 4901 2460 4971 quantitate
2494 4903 2797 4956 verborum.
2836 4902 2958 4955 Haec
2994 4901 3169 4954 omnia
3205 4900 3461 4971 memoria
3497 4900 3755 4971 suscipit,

2171 4970 2327 5041 quam
2364 4980 2418 5026 et
2447 4974 2680 5043 plerique
2709 4972 3014 5027 Grzecorum
3033 5010 3048 5035 ,
3076 4980 3133 5043 et
3159 4971 3226 5024 M.
3256 4970 3458 5025 Tullius
3487 4971 3537 5023 in
3570 4970 3758 5043 primis

2172 5040 2369 5096 eratori
2399 5040 2627 5097 affirmat
2654 5045 3005 5097 necessariam
3026 5084 3039 5104 ,
3074 5042 3202 5105 hoc,
3227 5050 3283 5095 ut
3303 5044 3489 5109 Opinor
3508 5082 3523 5103 ,
3552 5040 3711 5093 modo
3737 5056 3752 5094 :

2178 5130 2197 5163 ι
2230 5114 2395 5167 Venio
2438 5131 2577 5169 nunc
2619 5115 2684 5168 ad
2728 5114 3030 5168 thesaurum
3071 5127 3247 5168 rerum
3279 5112 3512 5166 omnium
3546 5126 3756 5163 memo-

2179 5202 2197 5235 ι
2235 5186 2365 5238 riam
2391 5201 2406 5249 ;
2457 5202 2574 5255 quae
2604 5186 2702 5241 nisi
2734 5194 2912 5239 custos
2934 5186 3191 5250 inventis,
3218 5182 3573 5249 ordinatisque
3593 5182 3759 5255 rebus

2180 5272 2198 5305 ι
2232 5251 2571 5315 adhibeatur.
2613 5256 2951 5324 intelligimus
2976 5256 3151 5309 omnia
3173 5296 3187 5319 ,
3221 5255 3423 5308 etiamsi
3455 5251 3755 5322 praeclaris-

2181 5344 2207 5398 ι
2236 5326 2365 5379 sima
2388 5328 2494 5380 sint
2512 5368 2527 5393 ,
2556 5328 2607 5381 in
2629 5337 2838 5382 oratore
2857 5328 3112 5398 peritura.
3144 5344 3161 5377 ι
3178 5325 3491 5398 Memoriam
3516 5338 3756 5398 pronun-

2176 5397 2322 5450 tiatio
2366 5408 2648 5467 sequetur,
2695 5413 2812 5459 res,
2857 5394 2913 5451 ut
2956 5396 3295 5451 Demostheni
3340 5395 3577 5467 videtur,
3616 5394 3757 5467 inter

2176 5470 2406 5521 oratoria
2432 5463 2601 5523 officia
2628 5470 2709 5523 vel
2742 5470 2907 5537 prima
2932 5469 3011 5521 vel
3042 5469 3153 5521 sola
3177 5485 3187 5518 :
3213 5481 3330 5536 qua)
3356 5465 3599 5518 consisdt
3618 5463 3755 5515 duo-

2177 5539 2275 5593 bus
2294 5582 2308 5603 ,
2353 5550 2495 5593 motu
2533 5543 2770 5610 corporis
2799 5550 2853 5593 et
2880 5554 3012 5593 sono
3037 5539 3203 5592 vocis.
3233 5538 3354 5591 [Lee
3375 5546 3583 5610 tantum
3606 5549 3758 5610 sunm-

2176 5612 2358 5664 matim
2384 5613 2615 5680 tetigisse
2632 5605 2763 5665 satis
2783 5620 2864 5665 est
2879 5653 2892 5673 ,
2914 5627 3033 5678 quin
3053 5618 3177 5663 sunt
3191 5609 3415 5663 oratoris
3434 5605 3633 5661 ofticia.
3656 5605 3760 5658 Re-

2178 5682 2377 5753 liquum
2408 5692 2488 5737 est
2517 5683 2695 5737 videre
2723 5682 2846 5752 quid
2873 5684 2940 5736 sit
2962 5682 3101 5736 linis.

2444 5773 2669 5831 CAPUT
2693 5776 2756 5829 II.
2779 5804 2849 5816 —
2877 5774 3000 5841 Quis
3023 5776 3086 5829 sit
3111 5773 3227 5842 ﬁnis
3249 5770 3483 5826 oratoris.

2249 5856 2398 5913 Finis
2437 5865 2554 5924 est,
2596 5870 2654 5914 ut
2683 5861 2905 5928 opinor,
2934 5858 2987 5915 in
3012 5855 3260 5914 omnibus
3285 5856 3447 5913 rebus
3465 5894 3481 5923 ,
3508 5852 3577 5909 ad
3598 5863 3759 5923 quell)
