4138 6364
405 362 539 418 MM

401 504 590 571 cuncta
629 495 960 571 referuntur,
1003 498 1155 571 cujus
1190 511 1351 571 causa
1379 497 1514 554 ﬁunt
1539 498 1986 570 reliquaomnia:

400 583 434 624 a
475 567 676 624 Grzecis
716 579 844 632 τέλος
870 567 1083 626 dicitur:
1109 570 1262 637 Quod
1286 571 1447 626 etiam
1473 571 1524 625 in
1555 567 1990 640 philoSOphorum

399 654 541 766 pgne
581 640 826 695 omnibus
857 641 1295 713 disputationibus
1322 642 1576 712 quaeritur
1593 683 1608 708 ,
1635 643 1752 712 quis
1777 642 1845 697 sit
1869 642 1991 700 ﬁnis

475 727 540 765 ne
559 710 804 766 vivendi:
834 714 1001 766 virtus
1019 755 1034 766 .
1057 728 1122 766 an
1149 713 1435 766 voluntas?
1464 713 1648 766 Finem
1676 713 1836 766 icitur
1862 729 1989 766 oro-

475 727 540 784 ne
559 710 811 784 vivendi;
834 710 1001 766 virtus
1019 755 1034 776 ,
1057 728 1122 767 an
1149 710 1435 782 voluptas?
1464 710 1836 784 Finem'igitur
1862 729 1989 784 pro-

441 783 575 853 rium
617 783 844 853 oratoris
883 784 1044 839 ofﬁcii
1086 785 1220 839 alius
1263 784 1424 838 alium
1453 783 1829 853 probaverunt.
1859 783 1989 850 Qui-

439 852 625 905 usdam
670 852 811 906 enim
855 856 1026 909 visum
1063 863 1175 921 est,
1217 852 1480 909 summam
1501 854 1727 909 oratoris
1751 854 1912 909 officii
1935 855 1990 910 in

403 919 541 995 bene
565 922 792 995 dicendo
819 938 938 979 esse
957 966 972 989 ,
1003 919 1320 995 quibusdam
1344 927 1396 980 in
1420 935 1562 980 recte
1583 925 1808 979 dicendo
1827 967 1842 989 ,
1874 926 1990 994 qui-

397 991 623 1066 busdam
652 993 705 1047 in
733 991 1100 1066 persuadendo
1125 997 1438 1052 consistere.
1471 995 1769 1062 Quinetiam
1800 997 1870 1050 illi
1893 991 1992 1066 qui

399 1061 537 1118 bene
559 1070 652 1135 aut
675 1061 800 1118 vere
819 1064 995 1122 dicere
1017 1067 1176 1121 ﬁnem
1203 1069 1430 1122 oratoris
1455 1061 1614 1120 ofﬁcii
1648 1061 1986 1135 putaverunt,

400 1147 529 1206 non_
552 1134 814 1206 abnuunt,
832 1145 1006 1192 tamen
1036 1135 1225 1192 horum
1257 1138 1490 1206 ipsorum
1514 1134 1670 1191 ﬁnem
1693 1151 1812 1192 esse
1831 1177 1846 1202 ,
1871 1151 1991 1206 per-

399 1203 626 1259 suadere
652 1221 666 1259 :
689 1213 747 1259 ut
775 1205 844 1260 sit
868 1207 990 1263 ﬁnis
1014 1209 1239 1263 oratoris
1268 1203 1450 1274 officii,
1483 1207 1617 1262 bene
1640 1207 1818 1261 dicere
1837 1225 1851 1272 ;
1872 1203 1992 1263 linis

398 1274 538 1330 bene
580 1275 824 1347 dicendi,
864 1279 1203 1346 persuadere.
1249 1279 1388 1347 Ergo
1413 1278 1562 1347 quasi
1591 1292 1853 1332 consensu
1879 1293 1994 1332 om-

397 1347 542 1418 nium
564 1346 722 1418 iﬁnis
749 1357 832 1401 est
867 1350 1095 1403 oratoris
1135 1346 1698 1418 officii,'persuadere.
1731 1349 1843 1403 Hoc
1865 1350 1992 1418 quia

396 1415 452 1470 in
496 1416 816 1470 calumniam
848 1419 1138 1490 videbatur
1184 1415 1634 1484 posse—recedere
1679 1419 1808 1490 (non
1847 1415 1991 1474 enim

398 1500 609 1556 semper
640 1488 924 1560 persuadet
945 1501 1157 1555 orator;
1184 1505 1285 1544 nec
1309 1490 1352 1543 si
1369 1490 1650 1560 aliquando
1674 1488 1994 1559 persuadere

402 1559 729 1631 nonpossit,
779 1560 1080 1614 facultatem
1129 1568 1183 1614 et
1231 1576 1422 1615 nomen
1461 1559 1698 1614 oratoris
1741 1562 1989 1631 amittit),

401 1628 600 1682 addidit
635 1629 1017 1701 Hermagoras,
1049 1647 1154 1701 quo
1184 1632 1501 1685 calumniam
1526 1632 1800 1700 effugeret,
1832 1628 1992 1687 tinem

399 1711 518 1752 esse
563 1699 790 1753 oratoris
834 1699 1024 1764 officii,
1070 1699 1421 1772 persuadere,
1465 1699 1725 1772 quatenus
1757 1703 1993 1756 conditio

399 1783 581 1842 rerum
611 1786 1062 1842 personarumque
1089 1774 1304 1842 patitur.
1337 1773 1451 1825 Alia
1477 1773 1701 1826 subinde
1722 1786 1786 1826 ex
1802 1773 1992 1827 eodem

397 1841 563 1894 verbo
594 1842 945 1909 persuadendi
975 1841 1239 1897 calumnia
1267 1843 1499 1897 nascitur
1517 1885 1530 1907 ,
1565 1844 1778 1897 inventa
1806 1858 1934 1897 sane
1960 1858 1992 1898 a

398 1909 652 1976 Plalone,
704 1922 924 1968 tractata
973 1915 1193 1968 multum
1243 1915 1294 1967 in
1323 1913 1586 1982 Gorgia;
1617 1913 1712 1968 sed
1766 1923 1886 1982 post
1931 1927 1995 1968 ac

397 1982 970 2055 multo__impudentius
1011 2000 1039 2038 a
1061 1984 1660 2055 quibusdam'technicis
1684 1984 1992 2038 obtrectan-

397 2052 538 2106 tibus
571 2053 911 2124 Hermagorze
947 2052 1283 2124 frequentata
1320 2056 1358 2106 ¹.
1395 2054 1601 2123 Negant
1641 2055 1839 2124 quippe
1865 2069 1990 2124 pro-

396 2125 572 2190 prium
623 2139 741 2178 esse
792 2124 950 2179 ﬁnem
1007 2127 1234 2180 oratoris
1290 2125 1450 2180 ofﬁcii
1505 2125 1855 2194 persuadere,
1898 2125 1993 2180 sed

398 2207 733 2264 communem
785 2210 923 2264 pene
951 2212 1069 2250 cum
1113 2196 1416 2250 universis:
1466 2212 1586 2249 nam
1622 2206 1676 2250 et
1700 2197 1995 2251 mathema-

397 2263 532 2318 ticos
579 2265 644 2318 de
675 2263 937 2336 iis,’qu:e
983 2267 1035 2320 in
1077 2268 1315 2322 notitiam
1364 2266 1599 2336 ipsorum
1648 2267 1990 2335 ceciderunt,

397 2336 758 2407 persuadere;
809 2347 862 2391 et
901 2338 1138 2392 medicos
1167 2339 1231 2393 de
1259 2337 1356 2400 iis,
1389 2352 1506 2407 qua:
1538 2338 1591 2390 in
1614 2349 1728 2391 arte
1757 2338 1995 2406 ipsorum

397 2405 802 2477 contineantur,
832 2408 1192 2476 persuadere;
1224 2405 1441 2477 opiﬁces
1471 2409 1631 2462 etiam
1661 2417 1714 2462 et
1740 2405 1991 2462 taberna-

397 2475 536 2549 rios,
565 2475 773 2542 fabros,
806 2475 861 2532 et
889 2479 932 2532 si
962 2480 1053 2549 qui
1080 2475 1381 2547 hujusmodi
1410 2489 1534 2532 sunt
1557 2518 1572 2544 ,
1605 2493 1761 2547 posse
1789 2478 1857 2532 de
1886 2493 1952 2532 eo
1973 2517 1988 2544 ,

398 2546 540 2614 quod
592 2555 784 2617 agant,
839 2546 1006 2603 cuivis
1055 2546 1397 2618 probabiliter
1443 2546 1794 2617 persuadere,
1840 2549 1994 2618 quasi

397 2618 604 2689 ratione
648 2618 852 2689 faciant
890 2637 904 2672 :
952 2617 1078 2689 ergo
1110 2636 1212 2673 non
1240 2633 1359 2674 esse
1385 2617 1648 2686 integrum
1674 2618 1834 2672 ﬁnem
1855 2617 1874 2686 ζ
1899 2618 1994 2689 qui

399 2686 567 2739 solam
592 2686 1034 2760 communitatem
1049 2689 1259 2752 habeat,
1289 2698 1468 2744 careat
1490 2690 1813 2760 proprietate
1831 2707 1848 2760 ς
1874 2686 1996 2760 esse

399 2765 575 2810 actum
602 2758 956 2828 persuadendi
983 2775 1320 2813 communem
1344 2775 1464 2813 cum
1492 2758 1692 2828 multis,
1722 2768 1776 2815 et
1796 2758 1996 2814 idcirco

401 2841 508 2898 non
554 2843 672 2881 esse
719 2830 1037 2897 persuadere
1066 2831 1338 2898 proprium
1371 2831 1531 2884 ﬁnem
1561 2831 1784 2884 oratoris
1811 2829 1992 2885 officii.

402 2895 537 2951 Huic
551 2895 762 2968 quoque
786 2895 1434 2967 calumniae—Hermagoras
1462 2899 1838 2968 percommode
1852 2900 1995 2954 obsi-

403 2968 517 3021 stit.
542 2969 678 3022 Dicit
694 2969 836 3023 enim
854 2986 972 3024 esse
989 2972 1216 3024 oratoris
1233 2970 1487 3040 officium,
1511 2970 1850 3040 persuadere,
1866 2985 1997 3040 qua-

402 3045 562 3109 tenus
586 3054 765 3092 rerum
796 3049 850 3094 et
870 3055 1217 3109 personarum
1239 3039 1475 3094 conditio
1500 3041 1717 3108 patitur,
1740 3039 1996 3093 duntaxat

401 3107 457 3162 in
481 3109 723 3164 civilibus
745 3107 1152 3179 quaestionibus:
1189 3126 1311 3164 nam
1334 3107 1661 3165 medicorum
1686 3118 1741 3164 et
1760 3109 1995 3178 philoso-

442 3179 628 3232 horum
667 3190 721 3234 et
753 3189 962 3235 eteterte
988 3182 1290 3250 hujusmodi
1317 3182 1638 3250 quaestiones
1657 3189 1805 3235 extra
1835 3195 1996 3250 regu-

426 3264 509 3302 am
533 3250 764 3320 civilem,
779 3266 941 3320 quam
962 3262 1209 3313 πολιτικὴν
1225 3251 1394 3307 Grzeci
1421 3260 1630 3319 vocant,
1648 3251 1992 3306 collocantur.

403 3319 629 3376 CAPUT
656 3320 744 3375 Ill.
771 3319 843 3362 5—
868 3321 951 3375 De
991 3324 1216 3376 civilibus
1240 3323 1596 3392 quaestionibus
1612 3363 1627 3388 ,
1649 3331 1696 3375 et
1711 3320 1996 3388 diﬁ’erentia

384 3420 390 3484 Ι
474 3460 506 3484 ρ
811 3394 1119 3484 θθῖιερζαιὶυηι
1148 3403 1192 3446 et
1221 3393 1533 3473 specialium.

474 3460 609 3516 Sunt
636 3460 828 3516 autem‘
843 3463 1027 3517 civiles
1055 3460 1378 3532 quaestioiies
1397 3504 1412 3530 ,
1441 3478 1664 3532 quarum
1694 3462 1996 3532 perspectio

401 3529 460 3584 in
511 3545 850 3603 communem
892 3529 1502 3602 animi—conceptionem
1549 3529 1726 3603 potest
1769 3529 1990 3600 cadere,

403 3616 562 3670 quam
589 3601 759 3657 Grzeci
798 3611 971 3656 εννοιαν
1011 3612 1234 3665 vocant._
1259 3601 1455 3658 Verum
1485 3601 1770 3658 ut‘facilius
1795 3603 1996 3658 intelli-

403 3685 533 3740 gas,
579 3687 698 3740 qua:
739 3672 944 3728 sithaec
981 3674 1093 3742 ipsa
1133 3674 1366 3727 conditio
1393 3689 1548 3743 quam
1578 3674 1994 3728 demonstratam

403 3755 524 3796 esse
552 3743 794 3814 volumus
813 3784 826 3808 ,
850 3745 1034 3814 omnia
1065 3759 1410 3814 qua-cumque
1437 3744 1740 3811 hujusmodi
1764 3753 1914 3806 sunt,
1940 3753 1996 3798 ut

403 3825 478 3886 ea
507 3813 716 3866 nescire
757 3813 975 3882 pudoris
1014 3814 1111 3886 sit,
1143 3823 1197 3868 ct
1224 3813 1344 3884 quze
1372 3814 1453 3868 vel
1486 3815 1822 3886 ignorantes,
1845 3815 1996 3884 quasi

403 3881 636 3954 sciamus
681 3881 854 3936 tamen
894 3900 1012 3954 cum
1044 3881 1381 3940 simulatione
1407 3881 1526 3954 prae
1557 3885 1712 3940 nobis
1739 3881 1992 3952 ferimus,

404 3952 845 4020 quotiescumque
891 3955 940 4007 in
985 3953 1367 4008 dubitationem
1408 3952 1723 4020 'vocantur,
1759 3955 1999 4010 efﬁciunt

404 4020 614 4094 civilem
663 4023 1036 4092 qumstionem.
1062 4023 1213 4091 Quod
1239 4025 1360 4079 dico
1389 4025 1690 4094 hujusmodi
1716 4035 1796 4080 est
1814 4066 1829 4092 ,
1857 4026 1902 4080 si
1931 4027 1997 4081 de

405 4091 642 4160 pondere
683 4091 908 4162 alicujus
952 4095 1030 4148 rei
1072 4105 1372 4163 quarratur,
1395 4096 1439 4150 si
1461 4091 1572 4149 non
1598 4091 1828 4150 videaris
1857 4097 1997 4152 scire

407 4172 535 4230 quot
573 4163 826 4217 librarum
862 4165 962 4230 sit,
988 4179 1093 4218 non
1119 4175 1201 4219 est
1221 4166 1640 4220 erubescendum
1667 4183 1682 4231 ;
1706 4167 1750 4220 si
1781 4165 1847 4219 de
1875 4167 1994 4220 lon-

404 4232 644 4306 gitudine
695 4248 800 4306 non
844 4234 1039 4306 videris
1083 4235 1220 4290 scire
1257 4244 1386 4306 quot
1425 4237 1616 4304 pedum
1649 4237 1744 4302 sit,
1779 4251 1884 4289 non
1914 4245 1999 4291 est

404 4303 862 4376 erubescendum;
905 4305 949 4358 si
989 4305 1058 4360 de
1091 4303 1296 4361 caeteris
1337 4303 1640 4376 hujusmodi
1677 4308 1836 4361 rebus
1864 4321 1998 4376 quas

363 4367 374 4440 ξ
405 4375 653 4448 persequi
679 4367 892 4448 longum
919 4384 1003 4431 est
1030 4386 1128 4448 :iet
1158 4376 1277 4448 ideo
1301 4367 1736 4448 quotiescumque
1764 4377 1816 4431 in
1847 4367 1997 4432 dubi-

407 4443 983 4519 tationem_veherint,
1034 4446 1155 4501 licet
1187 4443 1384 4502 faciant
1412 4443 1759 4519 quaestionem
1779 4488 1792 4512 ,
1821 4456 1996 4519 tamen

405 4513 615 4588 civilem
665 4513 842 4588 facere
882 4533 989 4571 non
1034 4527 1272 4587 possunt.
1314 4521 1384 4573 At
1421 4513 1507 4574 ubi
1545 4519 1831 4588 quteritur,
1860 4518 1998 4574 sitne

406 4583 608 4657 aliquid
657 4586 855 4657 justum
902 4603 970 4641 an
1013 4583 1298 4657 ihjustum,
1347 4583 1628 4645 honestum
1662 4606 1731 4644 an
1771 4583 1996 4644 inhone-

409 4655 978 4730 s_tum,laudanduman
997 4655 1738 4730 repreliendendnm,pr:emio
1759 4659 2000 4715 afficien-

408 4721 550 4804 dum.
581 4739 645 4778 an
689 4728 980 4796 supplicio,
1026 4721 1154 4784 utile
1191 4747 1259 4804 an
1304 4721 1597 4796 inutile,'et
1624 4731 1668 4784 si
1692 4745 1794 4800 qua
1816 4730 2000 4799 hujus-

367 4808 374 4829 ι
408 4795 554 4848 modi
597 4795 762 4859 sunt;
804 4813 960 4852 nemo
997 4814 1103 4852 non
1141 4801 1300 4854 etiam
1335 4811 1484 4855 extra
1508 4795 1728 4856 omnem
1748 4795 1917 4854 artem
1946 4810 2001 4857 et

409 4865 687 4919 scientiam
713 4867 1002 4921 collocatus
1021 4869 1334 4932 erubescat,
1363 4873 1408 4923 si
1439 4872 1554 4926 haec
1583 4872 1789 4925 nescire
1812 4871 1999 4926 videa-

410 4942 518 4990 tur.
570 4935 694 5008 Inde
739 4946 820 4991 est
865 4938 1006 5007 quod
1049 4954 1236 4994 omnes
1275 4954 1585 5008 persuasum
1621 4941 1880 5008 habeant,
1908 4950 2001 4997 aut

408 5014 555 5060 certe
599 5006 716 5080 aiiis
752 5006 1077 5080 persuadere
1113 5025 1218 5064 non
1249 5006 1520 5078 dubitent,
1558 5026 1713 5080 posse
1737 5027 1796 5066 se
1816 5006 1999 5068 cenci-

408 5089 544 5151 pere
561 5077 739 5130 animo
763 5079 1048 5133 discrimen
1068 5080 1196 5150 justi
1225 5088 1280 5135 et
1300 5081 1477 5151 injusti
1499 5122 1512 5146 ,
1540 5077 1749 5135 honesti
1770 5091 1823 5136 et
1845 5083 2000 5137 inho-

409 5147 546 5200 nesti
566 5189 586 5220 ,_
624 5156 1044 5220 caeterorumque
1071 5147 1199 5219 quae
1233 5147 1389 5220 supra
1419 5152 1686 5216 diximus;
1718 5160 1774 5207 et
1803 5153 2000 5210 idcirco

409 5231 528 5286 qua:
557 5217 910 5274 dubitationes
934 5217 984 5273 in
1009 5217 1311 5290 bujusmodi
1332 5223 1493 5277 rebus
1516 5223 1760 5277 oriuntur
1777 5265 1792 5289 ,
1816 5224 2000 5280 civiles

408 5297 667 5364 vocantur
709 5291 1028 5359 quzestiones
1048 5335 1062 5358 ,
1103 5293 1252 5362 quasi
1285 5309 1388 5347 non
1421 5293 1647 5364 propriae
1679 5309 1997 5362 paucorum,

410 5357 506 5432 sed
547 5357 858 5416 communes
894 5357 1285 5418 universorum.
1316 5357 1444 5432 Quae
1474 5357 1592 5418 cum
1625 5357 1694 5417 ita
1719 5365 1858 5430 sint,
1883 5357 1998 5421 me;

410 5428 621 5506 ritoque
657 5433 924 5486 communi
958 5436 1306 5503 conceptione
1325 5428 1486 5490 animi
1509 5436 1732 5504 perspici
1761 5428 1995 5506 possint,

410 5501 735 5576 quaestiones
779 5519 897 5571 qua:
944 5508 1025 5558 διὰ
1064 5501 1146 5568 τῆξ
1187 5511 1358 5568 ἐννοίας
1387 5501 1711 5576 deprehendi
1741 5501 1994 5576 possunt,

411 5571 598 5649 civiles
624 5583 954 5649 vocantur_et
978 5587 1101 5630 sunt
1121 5617 1136 5642 ,
1165 5577 1214 5630 in
1245 5578 1436 5647 quibus
1458 5571 1662 5632 versari
1689 5571 1999 5649 el'perstare

411 5639 628 5721 debebit
655 5655 858 5721 orator.
883 5645 1003 5721 Duo
1023 5639 1147 5702 sunt
1176 5639 1327 5718 primi
1359 5659 1412 5703 et
1435 5649 1586 5720 quasi
1615 5639 1892 5720 generales
1921 5652 1994 5704 ci-

413 5710 597 5764 vilium
640 5715 782 5770 modi
823 5710 1204 5786 quaestionum,
1243 5710 1468 5790 quorum
1498 5710 1643 5777 alter
1668 5729 1817 5787 θέσις,
1863 5722 1999 5776 alter

472 5801 490 5876 ξ
514 5802 701 5876 Addunt
722 5808 1020 5863 Benedictini
1044 5811 1266 5871 verbum,
1290 5816 1418 5876 sunt,
1441 5813 1570 5876 quod
1590 5812 1760 5864 nullihi
1797 5812 1846 5863 in
1881 5811 1993 5864 Edd.

406 5869 699 5926 reperimus.
764 5876 818 5919 Μ.

1860 379 2223 440 APPENDIX.

2103 507 2314 580 ὑπόθετις
2349 508 2572 554 vocatur
2593 511 2624 553 a
2648 495 2870 554 Graecis.
2897 503 3004 554 Nos
3027 499 3190 580 priori
3210 516 3401 580 nomen
3421 505 3524 562 nisi
3545 491 3684 580 ml.

2097 569 2374 651 cum_dar_e
2400 585 2506 624 non
2533 583 2846 651 possumus,
2873 574 3241 651 neposteriori
3262 577 3500 646 quidem,
3523 569 3684 651 q'uam

2099 641 2241 716 quod
2267 640 2780 716 videamur‘dedisse
2809 658 2823 695 :
2854 640 3096 698 dedimus
3124 640 3352 716 quippe;
3375 640 3685 707 controver.

2098 709 2231 766 siam
2258 711 2480 766 dicimus
2492 709 2592 786 (a),
2614 713 2756 789 quod
2769 727 2963 789 nomen
2986 709 3167 770 tamin
3187 709 3272 780 τῆὖ
3295 709 3436 789 θέσιν,
3450 735 3606 789 quam
3628 723 3683 779 in

2097 795 2185 861 τὴν
2208 789 2420 838 ὑπόθεσιν
2458 784 2634 853 petest
2655 784 2848 861 cadere
2880 803 2894 839 :
2912 787 2980 861 _in
3009 795 3235 856 utroque
3262 788 3402 842 enim
3425 784 3680 861 quaestio,

2097 851 2203 930 hoc
2245 862 2329 907 est
2369 851 2730 930 controversia
2769 865 2869 930 est.
2912 857 3079 913 Porro
3101 851 3185 920 τιῆς
3214 851 3461 930 enectus;
3487 851 3690 930 signiﬁ;

2097 923 2348 998 calio_,_et
2375 922 2675 998 declaratur
2694 941 2760 981 ex
2787 928 2904 996 ipso
2927 930 3223 998 composito
3252 929 3467 984 nomine
3487 971 3503 996 ,
3525 922 3580 985 Et
3598 941 3683 988 est

2098 992 2294 1071 aliquid
2337 993 2476 1071 quod
2515 1004 2610 1071 es_t_
2641 1001 2730 1071 ὓτεὸ
2757 992 2844 1060 {iis
2870 1007 3022 1067 θέσιν,
3052 992 3107 1052 id
3133 1008 3216 1071 est
3239 999 3340 1054 sub
3369 1000 3458 1054 illo
3484 992 3684 1071 genere

2097 1063 2249 1140 quasi
2271 1063 2513 1140 species.
2549 1065 2740 1140 Thesis
2762 1077 2856 1140 est
2869 1084 2955 1124 res
2978 1063 3095 1140 qua:
3118 1069 3347 1124 admittit
3375 1063 3686 1128 rationalem

2099 1134 2600 1219 considerationem,
2628 1137 2745 1219 sine
2761 1134 3068 1219 deﬁnitione
3084 1154 3347 1219 personae:
3368 1140 3687 1212 Hypothesis

2097 1213 2181 1260 est
2221 1220 2315 1260 seu
2352 1209 2744 1281 controversia,
2786 1209 3172 1281 utiimproprio
3200 1209 3683 1281 nomine'utamur,

2097 1289 2188 1330 res
2229 1291 2348 1345 qua:
2374 1276 2619 1333 admittat
2647 1276 2973 1335 rationalem
2985 1276 3376 1340 contentionem
3406 1297 3527 1336 cum
3555 1276 3687 1338 deti;

2100 1345 2304 1400 nitione
2353 1361 2615 1416 personae.
2658 1348 2846 1406 Melius
2888 1361 3066 1406 autem
3121 1351 3532 1407 declarabuntur
3587 1355 3722 1410 sub'

2098 1417 2344 1494 exemplo
2379 1418 2590 1494 :_thesis
2614 1428 2695 1494 est
2719 1422 2941 1494 quaestio
2970 1421 3272 1494 hujnsmodi
3293 1463 3309 1488 ,
3339 1437 3406 1476 an
3431 1423 3684 1494 navigan-

2098 1486 2223 1562 dum
2241 1527 2255 1551 ,
2285 1502 2350 1562 an
2373 1486 2852 1562 philosophandum
2875 1508 2890 1558 ;
2917 1486 3224 1562 hypothesis
3249 1486 3332 1547 est
3352 1486 3580 1561 quaestio
3591 1494 3690 1548 hu-

2094 1557 2328 1632 jus_m_o_di
2352 1557 2381 1622 ,⁷
2397 1573 2464 1632 an
2486 1557 2883 1632 decernendum
2903 1557 3063 1618 diielli
3087 1563 3344 1632 praelium.
3367 1557 3689 1621 Nec'desunt

2097 1628 2186 1753 aui
2235 1627 2358 1682 hinc
2385 1629 2544 1683 etiam
2577 1630 2954 1701 Hermagoram
2979 1627 3356 1698 criminentur;
3388 1647 3442 1689 et
3465 1635 3688 1704 Apollo-
3725 1679 3733 1693 .

2135 1713 2260 1752 orus
2299 1699 2351 1752 in
2387 1700 2606 1753 primis.
2655 1703 2923 1753 auinegat
2962 1703 3247 1753 auidnuam
3272 1703 3414 1753 aliud
3439 1719 3558 1753 esse
3590 1705 3687 1753 hv-

2135 1713 2260 1775 or_us
2293 1699 2351 1775 in
2387 1700 2606 1768 primis,
2647 1699 2923 1775 quinnegat
2962 1703 3247 1775 quidquam
3272 1703 3414 1758 aliud
3439 1699 3558 1762 esse
3589 1705 3687 1775 hy-

2098 1769 2343 1838 pothesin
2362 1809 2380 1836 ,
2435 1785 2592 1839 quam
2626 1769 2797 1826 thesin
2817 1769 2855 1838 ,⁷
2869 1781 2923 1827 et
2954 1769 3150 1828 nullius
3171 1775 3426 1828 momenti
3445 1789 3564 1830 esse
3580 1769 3691 1831 dis-

2098 1841 2300 1916 crimen
2344 1855 2692 1916 personarum
2711 1883 2726 1906 ,
2758 1857 3064 1916 quanquam
3091 1854 3370 1916 utrumque
3399 1845 3502 1900 hoc
3519 1859 3688 1916 genus

2099 1911 2411 1982 quaestionis
2454 1910 2809 1982 Hermagoras
2854 1910 3158 1969 distinxisse
3204 1910 3446 1970 videatur
3507 1910 3546 1968 τ’
3581 1931 3690 1972 non

2098 1982 2275 2036 minus
2314 1981 2745 2056 enim_inlinitam
2775 1989 2831 2038 et
2849 1983 3248 2056 interminatam
3279 2000 3397 2039 esse
3422 1984 3690 2056 hypothe-

2099 2064 2220 2126 seos
2258 2051 2649 2126 quamtheseos
2673 2054 3042 2126 quaestionem.
3065 2053 3196 2126 Nam
3226 2069 3348 2108 cum
3375 2051 3646 2126 quaeratur
3665 2098 3684 2125 ,

2098 2121 2170 2175 sit
2215 2137 2385 2176 necne
2429 2121 2957 2195 animadvertendum
3007 2127 3059 2178 in
3097 2121 3533 2195 Orestemfnon
3570 2121 3694 2195 per;

2097 2206 2285 2263 sonam
2311 2207 2432 2247 esse
2451 2233 2464 2258 ,
2498 2208 2616 2261 qua:
2648 2191 2804 2246 faciat
2832 2195 3182 2263 quaestionem
3201 2235 3218 2262 ,
3248 2194 3344 2249 sed
3364 2191 3607 2262 factum}
3636 2205 3691 2252 et

2100 2261 2230 2315 nihil
2268 2264 2522 2317 interesse
2555 2278 2620 2316 an
2651 2263 2723 2333 ita
2745 2261 3032 2333 quaeratur,
3065 2265 3135 2323 sit
3158 2261 3326 2320 necne
3351 2261 3689 2321 animadver-

2101 2333 2316 2407 tendum
2345 2335 2396 2387 in
2422 2332 2788 2407 matricidam}
2815 2334 2955 2402 quod
2974 2335 3018 2388 si
3039 2335 3110 2407 ita
3131 2343 3223 2407 est
3240 2377 3254 2400 ,
3279 2334 3408 2389 nihil
3428 2337 3566 2391 inter
3585 2337 3688 2407 hy-

2099 2402 2381 2476 pothesin,
2423 2403 2702 2476 thesinque
2735 2403 2973 2470 distaret.
3014 2404 3096 2459 Ad
3131 2404 3248 2460 haec
3283 2407 3489 2473 nostri,
3519 2402 3692 2476 primo

2099 2475 2336 2528 omnium
2377 2475 2684 2544 qualitatem
2723 2488 3066 2544 personarum
3107 2476 3492 2544 quaestionibus
3522 2475 3694 2532 diffe-

2099 2545 2323 2598 rentiam
2359 2544 2584 2616 aﬁ‘erre,
2625 2544 2860 2616 ipsisque
2893 2545 3050 2600 etiam
3083 2545 3499 2616 hypothesibus,
3529 2546 3581 2600 id
3608 2555 3692 2602 est

2099 2615 2476 2686 controversiis
2499 2630 2642 2683 saepe
2668 2615 2904 2680 evenire,
2923 2624 2980 2669 ut
3009 2615 3188 2685 punita
3214 2626 3269 2670 et
3293 2617 3568 2686 impunita,
3589 2617 3692 2672 ho-

2100 2694 2286 2738 norata
2311 2694 2364 2739 et
2387 2685 2725 2752 inhonorata,
2753 2686 2993 2754 quaedam
3013 2686 3356 2755 relinquenda
3371 2685 3691 2753 ’videantur,

2099 2769 2206 2809 non
2249 2764 2354 2826 tam
2383 2767 2464 2826 jexi
2493 2770 2670 2826 rerum
2728 2755 3014 2826 qualitate,
3051 2771 3226 2826 quam
3267 2757 3519 2826 qualitate
3567 2774 3692 2826 per-

2099 2840 2266 2906 sonze.
2301 2825 2685 2908 Deindeetiam
2717 2824 2808 2905 iilo
2829 2824 3165 2908 diStarebiec
3193 2824 3516 2908 dno'genera
3545 2824 3695 2908 quae-

2098 2896 2352 2966 stionum,
2380 2895 2520 2964 quod
2546 2897 2601 2948 in
2621 2895 2754 2950 thesi
2778 2896 3076 2964 perspectio
3095 2895 3165 2950 sit
3183 2895 3404 2965 alicujus
3428 2899 3500 2952 rei
3520 2895 3692 2966 qualis

2099 2965 2200 3030 sit,
2233 2967 2284 3018 in
2312 2965 2594 3038 hypothesi
2614 2966 2920 3038 contentio;
2947 2975 3002 3020 et
3031 2977 3287 3035 quantum
3310 2965 3695 3038 interestiinter

2099 3039 2527 3104 perspectionem
2571 3043 2626 3090 et
2664 3037 3092 3101 contentionem,
3133 3045 3331 3090 tantum
3359 3038 3496 3091 inter
3519 3037 3693 3092 thesin

2101 3113 2156 3160 et
2179 3105 2498 3176 hypothesin
2522 3120 2642 3160 esse
2663 3105 3006 3160 discriminis.
3028 3105 3230 3176 Deinde
3253 3109 3302 3160 in
3334 3107 3467 3162 thesi
3493 3108 3692 3176 quaeri,

2099 3174 2232 3245 quid
2247 3191 2432 3230 omnes
2452 3184 2694 3244 Oporteat
2715 3176 2920 3240 facere;
2952 3176 3004 3230 in
3026 3174 3340 3246 hypothesi,
3372 3174 3695 3246 quid‘unum

2099 3246 2428 3300 autalterum
2475 3255 2566 3300 aut
2604 3247 2759 3314 paulo
2796 3246 3008 3315 plures,
3047 3255 3193 3300 certe
3218 3247 3492 3300 deﬁnitum
3523 3248 3696 3301 homi-

2099 3332 2227 3388 num
2276 3316 2524 3388 modum.
2557 3317 2623 3388 Et
2663 3317 2823 3371 etiam
2860 3316 2948 3369 illa
2978 3315 3274 3388 differentia
3299 3317 3696 3388 accidit,quod

2100 3386 2156 3440 in
2184 3387 2347 3452 thesi,
2378 3386 2530 3456 quasi
2560 3387 2862 3456 ignorantes
2891 3387 3176 3456 quaerimus
3201 3387 3322 3455 quid
3347 3387 3416 3440 sit
3436 3386 3694 3456 Optimum

2099 3456 2278 3522 factu;
2307 3459 2360 3510 in
2389 3457 2666 3528 hypothesi
2685 3498 2699 3524 ,
2729 3457 2880 3528 quasi
2909 3456 3141 3512 scientes
3166 3457 3526 3528 defendimus.
3560 3457 3696 3513 Tum

2099 3528 2242 3598 quod
2283 3526 2457 3582 onmis
2499 3529 2663 3582 thesis
2712 3527 2780 3581 de
2815 3528 2989 3598 futuro
3028 3537 3144 3592 est;
3191 3526 3498 3598 hypothesis
3535 3542 3693 3592 raro,

2101 3597 2228 3668 quin
2277 3599 2384 3652 imo
2428 3612 2698 3667 nunquam
2744 3598 2846 3650 nisi
2890 3597 2956 3651 de
2998 3597 3298 3667 pneterito,
3341 3606 3436 3652 aut
3459 3614 3524 3652 eo
3553 3599 3698 3668 quod

2097 3667 2208 3738 jam
2237 3677 2443 3738 agatur,
2469 3667 2596 3722 facit
2624 3668 2972 3737 quaestionem
3001 3683 3025 3738 :7
3047 3683 3203 3722 nemo
3221 3668 3363 3722 enim
3382 3684 3552 3738 neque
3573 3667 3696 3724 reus

2101 3737 2216 3794 ﬁeri
2259 3737 2464 3808 potest,
2513 3739 2614 3792 nisi
2654 3738 2839 3808 fecerit
2874 3747 2966 3792 aut
3005 3737 3196 3792 fecisse
3243 3737 3482 3805 dicatur,
3523 3752 3697 3808 neque

2101 3806 2380 3879 praemium
2427 3817 2519 3862 aut
2565 3809 2763 3879 aliquid
2809 3806 3111 3876 hujusmodi
3167 3817 3382 3878 petere,
3438 3809 3538 3864 nisi
3581 3806 3694 3877 jam

2101 3881 2325 3935 meritus
2351 3879 2441 3945 sit,
2470 3887 2560 3934 aut
2585 3881 2834 3934 meritum
2863 3894 2982 3933 esse
3009 3894 3067 3932 se
3094 3880 3401 3933 contendat.
3433 3879 3563 3932 Huic
3578 3879 3697 3932 loco

2101 3957 2379 4020 opponunt
2421 3950 2714 4022 tyrannidis
2756 3960 2810 4004 et
2851 3949 3165 4022 proditionis
3197 3964 3350 4014 reos,
3378 3948 3695 4022 etveneticii

2100 4019 2344 4091 imperati
2363 4061 2378 4086 ,
2400 4019 2458 4076 et
2481 4021 2525 4075 si
2545 4036 2648 4090 qua
2678 4021 2728 4073 in
2752 4019 2996 4100 eumdem
3011 4019 3236 4100 modum
3261 4019 3545 4143 excogitari
3575 4034 3698 4100 pos-

2101 4101 2228 4143 sunt
2271 4111 2284 4143 z
2332 4093 2386 4143 in
2428 4107 2534 4143 auo
2557 4091 2734 4143 studio
2763 4090 3078 4143 criminandi
3106 4091 3376 4143 falluntur.
3434 4090 3533 4143 'am
3560 4098 3612 4143 et
3639 4105 3693 4143 In

2101 4090 2228 4149 sunt
2271 4111 2284 4146 :
2332 4093 2386 4146 in
2428 4107 2534 4160 quo
2557 4091 2734 4145 studio
2763 4090 3078 4146 criminandi
3106 4091 3376 4144 falluntur.
3402 4090 3533 4144 Nam
3560 4098 3612 4143 et
3639 4090 3693 4143 in

2101 4179 2168 4219 eo
2209 4161 2350 4233 quod
2392 4161 2705 4231 proditionis
2739 4169 3014 4233 reusest,
3041 4175 3147 4214 non
3172 4160 3238 4233 de
3258 4160 3439 4233 futura
3465 4175 3526 4214 re
3547 4176 3695 4228 qua:-

2101 4230 2272 4300 ritur,
2316 4233 2367 4286 id
2397 4230 2487 4286 est
2521 4233 2587 4286 de
2623 4233 2735 4300 ipsa
2759 4230 3051 4300 proditione
3070 4270 3086 4296 ,
3115 4231 3208 4285 sed
3238 4230 3305 4284 de
3328 4245 3392 4285 eo
3417 4245 3484 4284 an
3505 4244 3691 4284 susce-

2102 4305 2243 4374 perit
2286 4303 2567 4357 consilium
2612 4303 2960 4370 proditionis,
3004 4301 3144 4371 qnod
3173 4301 3354 4370 utique
3365 4300 3691 4424 .prascessit;

2103 4383 2158 4424 et
2186 4373 2252 4424 de
2275 4373 2553 4424 tvrannide
2581 4388 2733 4424 aeque
2754 4414 2770 4424 .
2793 4387 2859 4424 an
2889 4372 3133 4424 cogitarit
3155 4372 3360 4424 tvranni
3402 4386 3488 4424 em
3512 4388 3525 4424 :
3557 4369 3691 4424 etde

2103 4369 2158 4428 et
2186 4373 2252 4428 de
2275 4373 2553 4443 tyrannide
2581 4369 2733 4441 aeque
2754 4414 2770 4437 ,
2793 4387 2859 4425 an
2889 4369 3488 4443 cogitarittyrannidem
3512 4388 3525 4438 ;
3556 4369 3697 4443 etde

2103 4441 2427 4514 parricidio,
2471 4458 2599 4514 num
2649 4451 2950 4514 perpetrato
2977 4459 3010 4514 ;Δ
3033 4451 3086 4495 et
3127 4441 3192 4496 de
3234 4441 3512 4514 veneﬁcio.
3556 4441 3696 4514 Ergo

2101 4510 2317 4584 semper
2339 4523 2432 4567 aut
2450 4512 2518 4567 de
2541 4510 2838 4584 przeteritoi,
2864 4522 2956 4584 aut
2981 4511 3046 4565 de
3074 4513 3324 4580 praesenti
3342 4513 3394 4566 in
3413 4510 3696 4584 hypothesi

2103 4581 2340 4640 nascitur
2383 4581 2640 4653 quaestio;
2687 4583 2739 4637 in
2783 4582 2918 4637 thesi
2958 4592 3142 4636 contra
3184 4581 3462 4653 nunquam
3490 4581 3592 4635 nisi
3627 4581 3696 4636 de

2103 4657 2282 4711 futuro
2307 4673 2319 4708 :
2356 4670 2476 4724 quae
2506 4653 2552 4709 si
2580 4655 2652 4708 ita
2681 4661 2834 4720 sunt,
2862 4654 2993 4708 satis
3021 4654 3296 4725 utriusque
3321 4653 3588 4708 declarata
3612 4659 3695 4706 est

2104 4728 2404 4782 diversitas.

2104 4797 2328 4854 CAPUT
2366 4795 2456 4851 1V.
2480 4825 2554 4837 —
2579 4796 2707 4862 Qua:
2747 4795 2850 4850 sint
2877 4795 3269 4849 circumstantia:
3295 4791 3687 4848 controversiam
3727 4820 3744 4828 ι-

2799 4867 3030 4920 'acicntes.

2173 4937 2325 4994 Nunc
2347 4937 2593 5008 quoniam
2622 4872 3242 5008 quideg'iczl‘e'ﬁi‘ﬁ'erentia
3263 4931 3612 5006 generalium,
3637 4941 3692 4989 et

2105 5007 2410 5080 specialium
2436 5007 2789 5080 quaestionum
2819 5008 2952 5080 satis
2977 5007 3174 5080 dictum
3215 5016 3315 5072 est,
3342 5013 3693 5075 separataque

2105 5077 2242 5136 thesi
2272 5080 2338 5135 ab
2363 5077 2666 5149 hypethesi,
2690 5089 2746 5132 ut
2771 5079 2991 5149 perinde
3017 5077 3241 5132 distaret
3262 5092 3321 5133 re
3349 5091 3412 5130 ac
3440 5079 3691 5149 nomine;

2105 5147 2583 5227 conseqnens—esse
2606 5147 2821 5227 videtur
2859 5149 3066 5227 dicere,
3089 5149 3214 5227 quid
3241 5149 3311 5227 sit
3336 5147 3482 5227 quod
3501 5147 3693 5227 _hypo-

2105 5219 2303 5286 thesin,
2323 5221 2372 5275 id
2396 5230 2478 5275 est
2497 5221 2911 5275 controversiam
2928 5219 3146 5275 efficiat.
3173 5220 3266 5273 Est
3291 5219 3448 5288 igitur
3466 5219 3696 5272 circum—

2105 5294 2296 5347 stantia
2320 5307 2498 5346 rerum
2528 5307 2684 5362 quam
2709 5301 2977 5361 πιρίστασιν
3004 5290 3352 5361 Hermagoras
3381 5289 3694 5362 vocatusine

2105 5378 2207 5438 qua
2239 5363 2343 5417 ulla
2385 5353 2606 5417 omnino
2630 5353 2998 5438 controversia
3028 5375 3132 5438 non
3164 5353 3346 5438 ipstest
3381 5353 3691 5438 esse._Quid

2105 5428 2176 5510 sit
2204 5445 2380 5510 autem
2422 5432 2951 5510 nepte:_aza¢¢,__facilius
2992 5428 3283 5510 partitione
3311 5445 3477 5510 quam,
3503 5428 3697 5510 deﬁni-

2106 5507 2250 5562 tione
2276 5506 2390 5575 cjus
2417 5501 2740 5574 deprehendi
2769 5513 2960 5572 potest.
2990 5501 3127 5556 Sunt
3165 5501 3322 5571 igitur
3369 5509 3545 5575 partes
3589 5501 3696 5553 cir-

2106 5569 2458 5639 cumstantiae,
2476 5569 2525 5630 id
2553 5585 2635 5630 est
2653 5569 2984 5645 περιᾶτάσιως,
3001 5569 3227 5641 septeni,
3245 5586 3378 5641 quas
3402 5569 3694 5640 Hermago-

2106 5665 2194 5703 ras
2210 5659 2356 5723 μρξια
2379 5653 2688 5723 mpm-rcitato»;
2711 5653 2885 5710 vocat,
2905 5645 3216 5723 'i‘beodorus
3232 5657 3445 5723 στοικιῖιξ
3472 5646 3695 5723 «perﬂui-

2106 5714 2218 5785 τως
2253 5714 2306 5773 id
2337 5714 2724 5772 est'elementa
2757 5733 2770 5770 :
2799 5714 2941 5786 quod
2979 5729 3046 5769 ex
3086 5728 3272 5769 eorum
3323 5714 3698 5783 conjunctione

2169 5808 2242 5872 (a)
2257 5808 2440 5877 _Cic_ero
2484 5807 2647 5857 thesin
2670 5805 2967 5877 propositum
2994 5808 3080 5877 aut
3106 5802 3506 5859 cumulationem
3524 5806 3695 5864 vocat;

1867 5932 1874 5939 ,
1954 5925 1985 5938 ,_
2107 5869 2400 5936 hypethesin
2418 5879 2614 5923 causan
2642 5873 2725 5945 siit
2743 5869 3140 5923 controversiam.
