4138 6364
405 369 543 436 ulli

399 487 676 551 occidendi
698 500 880 555 causa,
905 484 1048 557 quod
1075 484 1228 539 miles
1251 485 1586 542 deserturum
1623 501 1684 544 se
1704 489 1986 558 essejura-

399 566 494 620 vit.
527 561 678 617 Nunc
697 561 944 629 quoniam
970 559 1169 614 scimus
1192 558 1315 628 quid
1355 559 1424 612 sit
1447 573 1626 623 causa,
1659 560 1784 629 quid
1809 561 1985 614 conti-

402 651 558 699 nens,
587 631 861 686 videamus
881 630 1039 684 etiam
1069 629 1195 700 quid
1225 630 1294 683 sit
1318 629 1385 683 de
1407 645 1512 698 quo
1535 631 1894 695 contenditur,
1929 633 1984 686 id

402 716 485 762 est
509 705 632 774 quid
661 703 732 756 sit
761 712 814 757 τὸ
845 711 1120 774 κρινόμενον.
1151 701 1244 774 Est
1288 709 1464 754 autem
1507 700 1636 774 nihil
1663 702 1802 774 aliud
1825 718 1980 772 quam

401 769 695 844 exploratio
720 769 1072 844 continentis,
1100 769 1184 826 τοῦ
1225 781 1506 844 συνέχοντρς.
1535 773 1685 837 Quod
1713 769 1856 826 dico'
1875 774 1984 844 iale

399 842 485 902 est
517 845 749 918 (etenim
788 843 852 918 _in
882 843 1071 918 eadem
1121 843 1485 918 controversia
1534 842 1983 918 perseverandum

401 912 552 987 puto,
602 913 1156 987 quohsintulucidiora
1188 927 1307 981 qua:
1346 912 1632 984 tradimus)
1661 924 1855 968 ταῖτιον
1903 923 1986 970 est

398 983 541 1057 quod
581 983 775 1057 occidit
799 983 1019 1057 militem
1049 983 1367 1052 imperator;
1399 993 1584 1052 συνέχον
1605 983 1703 1057 est.
1732 999 1985 1057 quoi-eus

399 1054 604 1119 nititur,
651 1055 704 1110 id
742 1062 826 1110 est
851 1054 985 1108 ratio
1015 1063 1234 1123 pr0pter
1256 1069 1412 1122 quam
1444 1067 1503 1108 se
1531 1055 1795 1111 occidisse
1820 1054 1980 1122 dicit;

399 1138 484 1184 est
507 1137 686 1182 autem
720 1125 861 1195 quod
883 1125 1036 1196 miles
1060 1124 1256 1196 juravit
1284 1139 1342 1179 se
1366 1124 1738 1196 deserturum:
1771 1134 1985 1196 κρινόμι-

399 1223 472 1254 νον
492 1207 596 1264 est,
628 1194 950 1250 examinatio
971 1194 1127 1264 hujus
1152 1194 1336 1264 ipsius,
1359 1196 1500 1265 quod
1526 1196 1590 1249 ad
1618 1194 1983 1251 defensionem

397 1286 522 1325 reus
543 1267 738 1324 attulit.
769 1267 824 1319 In
854 1281 961 1334 quo
988 1267 1057 1319 ita
1087 1266 1358 1334 quaeritur,
1394 1280 1521 1319 num
1563 1265 1665 1320 alia
1692 1280 1851 1320 causa
1878 1267 1982 1320 imo

397 1339 628 1410 peratori
655 1338 831 1410 fuerit,
855 1351 952 1391 cur
972 1335 1230 1410 occiderit
1252 1335 1472 1410 militem
1498 1354 1511 1388 :
1535 1346 1588 1410 et
1610 1335 1712 1391 hoc
1735 1337 1981 1410 praetexi-

401 1405 509 1478 tur,
538 1420 594 1465 ut
618 1407 879 1471 videatur,
905 1423 1015 1478 non
1038 1405 1158 1478 quia
1171 1405 1446 1478 jiuraverit,
1476 1407 1706 1478 occisus,
1733 1405 1828 1462 Sed
1849 1423 1982 1478 qua-

398 1475 504 1551 que
522 1481 604 1536 vel
629 1478 912 1551 simultatis
938 1475 1022 1531 vel
1045 1475 1253 1551 invidiae
1270 1491 1448 1551 causa.
1475 1477 1675 1551 Poterit
1701 1475 1984 1535 etiam'hoc

397 1547 560 1609 modo
583 1549 837 1605 articulus
868 1547 968 1600 iste
996 1547 1231 1618 tractari,
1263 1561 1330 1600 an
1360 1549 1564 1600 etiamsi
1585 1548 1861 1618 juraverit,
1894 1566 1985 1618 pa-

397 1639 514 1679 rum
538 1635 711 1677 tamen
733 1619 847 1674 Ιιειιο
863 1619 1003 1688 justa
1029 1631 1188 1672 causa
1209 1617 1380 1682 fuerit,
1405 1634 1502 1672 cur
1516 1617 1757 1674 debuerit
1776 1617 1944 1676 occidi
1965 1639 1978 1675 :

396 1704 450 1750 et
471 1703 578 1748 tota
603 1692 858 1764 perfectio
887 1691 1048 1742 totius
1073 1697 1358 1764 inﬁxos-reg,
1375 1691 1514 1758 quod
1543 1690 1607 1744 ad
1626 1701 1784 1744 αἴτιον
1827 1691 1985 1746 affer-

398 1773 503 1827 tur,
525 1758 784 1833 κριῦόμενον
809 1770 1046 1833 voratur.
1080 1758 1471 1833 Evenittamen
1504 1777 1903 1830 nonnunquam,
1928 1771 1984 1817 ut

398 1836 453 1890 in
475 1829 578 1888 una
602 1832 963 1904 controversia
987 1846 1093 1904 non
1133 1829 1286 1904 simul
1313 1838 1468 1884 αἴτιον
1489 1839 1548 1904 et
1588 1829 1775 1900 συνέχόν
1800 1843 1850 1887 et
1883 1829 1986 1904 apt-

397 1916 599 1975 νόμενον,
629 1903 720 1957 sed
763 1904 955 1971 saepius
995 1902 1106 1969 ipsa
1137 1902 1314 1975 omnia
1338 1915 1431 1975 per
1450 1902 1594 1956 vices
1614 1904 1850 1975 revoluta
1871 1902 1979 1958 tra-

396 1971 637 2039 cientur;
671 1982 727 2027 ut
747 1975 798 2026 in
832 1975 928 2045 hac
951 1971 1313 2045 controversia
1329 1971 1507 2045 :Reus
1525 1982 1610 2045 est
1632 1973 1847 2044 Ulysses
1869 1975 1983 2045 lege

396 2047 722 2116 reipublicaz,
742 2043 882 2113 quod
913 2055 1102 2112 procos
1126 2042 1397 2116 occiderit.
1417 2042 1512 2116 Hic
1530 2044 1670 2116 enim
1696 2042 1853 2099 ὰῖτιον
1877 2042 1975 2110 est,

397 2112 537 2187 quod
568 2112 858 2179 occiderit;
888 2122 1093 2187 advéxov,
1123 2112 1277 2187 quod
1301 2128 1393 2187 eos
1415 2114 1503 2187 qui
1523 2115 1667 2187 bona
1703 2129 1795 2169 sua
1819 2116 1983 2186 depo-

396 2185 736 2260 pulabantur,
763 2195 816 2239 et
841 2185 1107 2260 pudicitia:
1131 2185 1314 2260 uxoris
1328 2185 1728 2260 insidiabantur,
1757 2187 1978 2253 occidit;

397 2254 658 2325 ἷιρινόμινον
680 2266 780 2318 est,
812 2255 1064 2323 numquid
1107 2255 1316 2308 tametsi
1343 2254 1458 2308 haec
1503 2270 1589 2310 res
1626 2259 1978 2325 praecesserit,

396 2325 496 2383 alia
525 2339 698 2383 tamen
719 2341 897 2390 causa.
921 2341 1080 2394 quam
1111 2327 1371 2394 praetexit,
1395 2325 1684 2380 occiderit?
1714 2329 1815 2392 vel,
1837 2343 1982 2381 num-

433 2400 521 2454 uid
551 2415 616 2453 ne
658 2399 887 2466 pessime
919 2396 1132 2464 quidem
1163 2396 1230 2449 de
1258 2411 1316 2449 se
1362 2397 1600 2461 meritos,
1646 2398 1982 2454 indemnatos

433 2417 521 2454 ma
551 2417 616 2453 ne
658 2417 887 2466 pessune
919 2417 1132 2464 qunuem
1163 2417 1230 2449 ue
1258 2417 1316 2449 SC
1362 2417 1600 2461 IIICI'IIOS,
1646 2417 1978 2454 tnuemnatos

395 2417 637 2526 debuerit
657 2467 940 2540 occidere?
972 2467 1174 2540 Deinde
1194 2466 1259 2520 ad
1287 2465 1385 2540 ΙΙος
1410 2467 1685 2540 χρινόιμνδν,
1702 2469 1842 2522 aliud
1872 2494 1978 2540 συνῇ

397 2549 502 2610 ιχον
529 2541 684 2596 affert
711 2539 926 2610 Ulysses
951 2577 975 2610 ,ί
994 2553 1100 2610 quo
1125 2538 1338 2591 dicatse
1361 2535 1519 2610 jnSsu
1549 2538 1795 2593 Minervae
1819 2535 1980 2594 inter?

395 2608 609 2667 emisse.
641 2610 838 2664 Deinde
863 2609 925 2661 ad
964 2609 1066 2662 hoc
1087 2609 1258 2677 ipsum
1280 2617 1467 2674 συνέχον
1492 2608 1543 2680 iit
1572 2619 1850 2678 κρινόμενον,
1876 2626 1980 2680 quo

395 2684 653 2752 quaeritur
680 2690 1226 2752 utrumnamipropter
1252 2680 1456 2752 jussnm
1490 2679 1736 2752 Minervm
1764 2679 1975 2734 occide-

395 2749 484 2814 rit.
507 2761 561 2806 et
588 2753 640 2806 in
668 2751 758 2804 tali
784 2764 842 2804 re
870 2766 936 2802 ne
965 2749 1212 2802 Minervm
1249 2749 1460 2818 quidem
1492 2750 1860 2818 obtemperare
1886 2753 1980 2807 de-

394 2823 590 2879 buerit.
625 2823 717 2876 Est
742 2830 918 2873 autem
966 2830 1121 2872 αἴτιον
1148 2820 1391 2891 prOprius
1434 2822 1760 2874 accusatoris
1805 2821 1975 2891 locus,

395 2903 584 2965 συνέχον
610 2890 934 2965 defensoris,
945 2899 1212 2965 itptvdflgvov
1226 2890 1509 2965 utriusque
1534 2904 1836 2965 commune.

607 2961 832 3019 CAPUT
872 2959 1093 3014 Vlll.—
1111 2959 1252 3012 Medi
1280 2961 1746 3013 controversiarmn.

468 3034 706 3089 Subinde
745 3031 1028 3086 dicendum
1076 3039 1224 3099 puto,
1273 3030 1721 3099 quemadmodum
1760 3039 1815 3086 et
1854 3040 1981 3100 quot

397 3106 571 3162 modis
610 3103 972 3160 controversia
1019 3105 1280 3161 ἀσύστατος
1319 3103 1426 3154 tiat.
1481 3101 1714 3156 Tametsi
1761 3117 1830 3156 ne
1875 3103 1981 3158 dici

395 3177 611 3246 quidem
651 3173 1043 3246 controversias
1081 3179 1475 3246 Oportet,un
1507 3180 1700 3226 statum
1732 3175 1978 3246 non__ha-

395 3242 541 3308 bent,
575 3246 666 3300 sed
693 3254 948 3311 πλέγματα
986 3243 1392 3309 irrationabilia,
1426 3242 1478 3296 id
1507 3252 1587 3297 est
1613 3249 1781 3310 ἄλογα.
1821 3243 1982 3300 Fiunt

395 3329 573 3372 autem
613 3319 857 3370 ἀσύστατα
893 3313 1067 3366 modis
1107 3323 1374 3384 quatuor:
1409 3328 1570 3366 unum
1611 3330 1734 3368 cum
1783 3314 1977 3383 aliquid

395 3389 549 3443 deest
582 3403 648 3444 ex
691 3386 1087 3440 circumstantia
1122 3402 1133 3438 :
1166 3399 1286 3454 qua:
1324 3392 1499 3439 autem
1530 3385 1610 3438 vis
1639 3387 1707 3438 sit
1747 3385 1978 3440 circum-

395 3459 625 3522 stantiae,
657 3466 714 3511 ut
748 3471 907 3525 supra
942 3455 1204 3519 diximus;
1232 3455 1285 3508 id
1316 3465 1398 3509 est
1421 3470 1542 3510 cum
1576 3457 1975 3525 qtta‘stionibus,

395 3539 486 3582 aut
512 3543 693 3593 causa,
723 3540 814 3581 aut
849 3539 1094 3594 persona,
1124 3535 1214 3580 aut
1238 3527 1408 3592 locus,
1451 3535 1540 3579 aut
1567 3528 1760 3595 aliquid
1792 3543 1978 3581 eorum

395 3598 566 3663 deest,
593 3600 784 3668 quibus
816 3597 952 3652 effici
985 3597 1438 3650 circumstantiam
1463 3597 1710 3650 diximus.
1746 3597 1856 3652 Hoc
1879 3614 1978 3653 au-

397 3678 504 3723 tem
531 3667 699 3739 genus
723 3668 942 3739 asystati
969 3668 1021 3720 i-n
1047 3667 1416 3739 scholasticam
1444 3669 1718 3721 materiam
1749 3684 1853 3722 non
1888 3685 1981 3738 po-

397 3746 500 3793 test
518 3738 728 3801 cadere,
749 3738 947 3792 idcirco
973 3738 1094 3806 quia
1117 3752 1234 3791 esse
1261 3752 1367 3791 non
1391 3739 1582 3806 poterit
1607 3739 1770 3792 ullum
1803 3739 1979 3795 thema

396 3809 676 3865 deficiente
721 3810 1135 3863 circumstantia.
1166 3808 1222 3861 In
1260 3810 1482 3863 veritate
1520 3816 1696 3864 tamen
1736 3825 1981 3864 nonnun-

397 3897 554 3950 quam
584 3880 782 3944 evenit,
816 3889 874 3932 ut
912 3879 1105 3950 aliquid
1137 3879 1321 3932 horum
1353 3879 1510 3944 desit,
1544 3889 1596 3933 et
1635 3895 1728 3948 per
1774 3881 1977 3949 impru-

398 3949 629 4004 dentiam
685 3950 880 4003 actoris
933 3949 1204 4020 profligata
1253 3964 1410 4003 causa
1452 3951 1694 4003 veniatur
1731 3951 1796 4004 ad
1837 3952 1978 4020 judi-

398 4036 536 4075 cem.
586 4021 733 4074 Alter
783 4029 866 4074 est
913 4019 1102 4072 modus
1150 4021 1398 4088 asystati,
1441 4037 1595 4088 quem
1639 4022 1742 4073 κατ’
1784 4019 1979 4083 ἰσότητα

398 4092 687 4160 appellant.
710 4090 816 4144 Nos
844 4099 1017 4143 tamen
1045 4091 1088 4143 si
1116 4105 1310 4142 nomen
1333 4090 1551 4143 latinum
1579 4091 1704 4144 dare
1725 4107 1829 4145 non
1857 4107 1981 4160 pos-

399 4177 604 4228 sumus,
655 4171 829 4215 tamen
876 4162 981 4213 vim
1027 4160 1322 4227 intelligere
1363 4160 1655 4214 debemus:
1692 4177 1812 4214 nam
1856 4176 1976 4217 cum

399 4233 582 4286 eadem
612 4233 854 4300 utrinque
880 4231 1154 4294 dicuntur,
1186 4239 1240 4301 et
1274 4230 1414 4301 nulla
1443 4246 1500 4283 rc
1521 4271 1537 4297 ,
1571 4248 1637 4284 ne
1671 4246 1831 4300 parva
1859 4234 1978 4301 qui-

399 4302 541 4367 dem,
575 4299 968 4364 discernuntur,
995 4311 1168 4354 tamen
1200 4299 1500 4369 hujusmodi
1529 4299 1732 4367 πλέγμα,
1762 4299 1981 4371 propter

400 4373 751 4442 aequalitatem
784 4372 1058 4442 utriusque
1086 4372 1266 4440 partis,
1296 4380 1489 4424 statum
1526 4372 1776 4440 itnplicat.
1811 4373 1874 4427 Ut
1905 4375 1980 4428 vi-

399 4444 500 4498 cini
545 4444 960 4509 adolescentuli,
995 4443 1083 4512 qtti
1125 4442 1390 4512 speciosas
1440 4458 1631 4496 uxores
1675 4442 1976 4512 habebant,

399 4525 558 4568 noctu
584 4515 717 4568 alter
742 4515 965 4567 alterum
1001 4511 1215 4567 Obvium
1250 4511 1578 4578 habuerunt,
1606 4525 1856 4568 accusant
1896 4511 1978 4568 in;

399 4586 569 4654 vicem
619 4585 865 4640 adulterii
900 4601 912 4636 :
943 4601 1063 4638 nam
1109 4583 1364 4654 quidquid
1402 4584 1568 4638 altera
1608 4600 1728 4653 pars
1763 4585 1974 4651 dixerit,

399 4653 501 4708 hoc
530 4655 693 4707 altera
719 4655 860 4710 dicat
884 4671 1100 4710 necesse
1127 4653 1226 4709 est.
1265 4655 1380 4709 Veri
1408 4654 1582 4708 simile
1601 4664 1683 4709 est
1705 4663 1755 4709 te
1779 4658 1982 4711 adulte-

400 4726 537 4779 rium
575 4726 808 4779 voluisse
854 4729 1218 4791 committere,
1264 4727 1384 4794 quia
1433 4726 1742 4780 adolescens
1780 4742 1858 4780 es.
1907 4727 1980 4781 Te

400 4810 609 4865 quoque
636 4795 746 4849 veri
775 4795 945 4848 simile
980 4807 1063 4850 est
1098 4797 1347 4859 voluisse,
1387 4798 1508 4865 quia
1550 4799 1859 4852 adolescens
1897 4813 1976 4854 es.

401 4865 524 4921 Veri
553 4865 725 4937 simile
741 4875 842 4930 est,
864 4866 985 4934 quia
1003 4867 1296 4933 speciosam
1314 4882 1532 4921 uxorem
1552 4867 1739 4921 habeo.
1755 4867 1830 4923 Te
1850 4884 1982 4937 quo-

400 4951 505 5006 que
530 4938 642 4990 veri
659 4935 830 4989 simile
851 4947 950 4998 est,
974 4938 1095 5005 quia
1125 4947 1175 4989 et
1200 4951 1299 5006 ego
1319 4939 1610 5004 speciosam
1634 4955 1854 4994 uxorem
1871 4935 1980 4993 ha-

401 5006 522 5061 beo.
559 5007 882 5060 Facultatem
917 5007 1006 5060 tibi
1036 5007 1275 5060 vicinitas
1304 5009 1550 5076 praebuit.
1582 5009 1648 5062 Et
1679 5009 1767 5063 tibi
1795 5009 1979 5064 eadem

403 5077 647 5130 vicinitas
671 5078 898 5146 praebuit
921 5077 1238 5130 facultatem.
1268 5078 1376 5131 Cur
1398 5086 1551 5130 nocte
1582 5079 1630 5132 in
1655 5081 1775 5134 me?
1799 5083 1901 5135 Cur
1927 5090 1982 5136 tu

401 5158 577 5220 autem
606 5149 656 5200 in
682 5163 764 5200 me
787 5147 1054 5220 incidisti?
1079 5147 1220 5202 Nihil
1248 5158 1330 5202 est
1349 5149 1486 5219 quod
1516 5149 1901 5220 distinguatur;
1930 5160 1984 5206 et

403 5217 600 5272 idcirco
626 5226 744 5272 uter
759 5233 945 5272 eorum
983 5219 1096 5273 sive
1123 5227 1336 5273 accusat
1362 5217 1608 5287 alterum,
1634 5217 1703 5276 se'
1726 5221 1983 5276 crimina-

403 5296 525 5360 tur;
555 5289 668 5360 sive
695 5304 753 5343 se
780 5299 985 5360 purgat,
1009 5290 1240 5345 defendit
1270 5306 1388 5345 eum
1417 5306 1574 5360 quem
1603 5292 1874 5347 criminari
1901 5292 1982 5346 vi-

402 5357 572 5413 detur.
608 5357 974 5435 Tertiunt__'est
1011 5364 1226 5435 asyslati
1264 5357 1449 5435 genus,
1483 5363 1623 5435 quod
1663 5362 1832 5418 Graeci
1879 5363 1983 5419 καθ’

402 5437 693 5503 ἕτερομερίαν
712 5431 996 5504 appellant,
1021 5431 1179 5489 id'est
1200 5433 1488 5488 secundum
1511 5433 1728 5488 alteram
1758 5443 1981 5504 partem,

402 5515 520 5555 cum
552 5517 645 5556 reo
674 5503 814 5557 nulla
853 5503 1090 5558 defensio
1114 5514 1226 5568 est,
1267 5514 1319 5560 et
1345 5516 1434 5558 aut
1461 5504 1607 5560 color
1635 5505 1686 5559 in
1713 5503 1851 5560 facto
1877 5521 1984 5561 non

404 5571 708 5645 invenitur,
761 5583 850 5645 aut
902 5591 1086 5644 parum
1155 5576 1442 5645 probabilis
1505 5577 1656 5631 color
1699 5577 1980 5634 invenitur.

405 5639 555 5717 [inde
593 5644 752 5698 etiam
782 5639 1122 5702 Dem—ocrates
1148 5639 1443 5717 praeceptor
1479 5662 1629 5702 meus
1657 5649 1843 5703 solitus
1872 5656 1986 5703 erat

401 5711 598 5787 dicere,
630 5729 722 5770 eas
759 5717 918 5771 etiam
954 5711 1381 5783 controversias,
1418 5717 1471 5772 in
1509 5719 1698 5787 quibus
1724 5721 1870 5774 color
1896 5720 1988 5776 diu

400 5785 676 5854 qumritur,
700 5796 896 5842 statum
925 5805 1026 5843 non
1055 5789 1270 5846 habere.
1290 5788 1483 5844 Verum
1511 5785 1601 5844 ille
1624 5790 1986 5853 constantius;

400 5853 520 5927 tios,
550 5856 599 5914 si
623 5853 872 5917 silentur
895 5859 1095 5934 aliquid
1121 5860 1192 5921 ad
1217 5859 1583 5922 defensionem
1599 5861 1688 5922 vel
1703 5861 1991 5952 mediocri-

1862 362 2228 433 APPENDIX.

3541 373 3680 440 tuo

2094 496 2180 543 ter
2203 482 2498 556 probabile,
2526 483 2874 543 admittimus.
2900 488 3007 545 Sed
3045 491 3089 545 si
3130 492 3404 553 evidenter
3434 496 3676 556 confessa

2090 571 2250 640 eiusa
2281 564 2383 640 esi,
2411 565 2470 613 ut
2493 568 2705 627 oportet
2731 560 3020 640 secundum
3051 561 3462 640 heteromeriam
3491 572 3676 640 explo-

2092 629 2302 703 demus.
2335 626 2721 699 Nonnunquam
2749 630 2985 686 incidunt
3004 636 3345 703 quaestiones,
3374 626 3602 695 maxime
3623 642 3673 696 in

2091 700 2496 772 veritate,‘qttzu
2539 713 2802 756 summam
2841 700 3173 772 accusatori,
3210 700 3408 761 nullam
3448 725 3541 765 reo
3571 715 3674 766 lar-

2091 769 2308 838 gitmtnr
2336 767 2676 849 facultatem:
2693 789 2880 849 verum
2901 790 2992 849 eas
3023 791 3125 830 non
3151 767 3562 849 controversias,
3583 783 3674 838 sed

2091 842 2574 920 communeslocos
2602 842 2830 920 dicimus
2854 861 2869 899 :
2902 847 3098 918 quippe
3125 857 3208 902 est
3236 851 3285 903 in
3310 849 3391 904 his
3421 867 3524 904 non
3548 842 3676 920 pro-

2094 909 2239 990 batio
2268 912 2528 990 criminis,
2561 913 2656 990 sed
2682 915 2810 969 utin
2835 909 3148 985 expressum
3176 929 3335 990 atque
3362 909 3581 977 evidens
3603 923 3678 977 fa-

2090 981 2562 1061 cinus‘expressio.
2590 985 2820 1061 Quartus
2849 981 2932 1041 est
2957 990 3146 1043 modus
3185 981 3403 1061 asS'stati
3439 994 3523 1047 vel
3550 995 3678 1048 cali-

2089 1050 2516 1129 ginosissimus,
2561 1055 2695 1129 adeo
2749 1065 2806 1110 ut
2857 1050 3457 1129 nonnunquam'doctis
3517 1063 3677 1119 etiam

2091 1119 2399 1197 hominibus
2439 1119 2608 1197 soleat
2643 1127 2919 1197 obrepere.
2964 1119 3133 1185 Habet
3172 1132 3314 1186 enim
3368 1136 3676 1190 nonnullam

2089 1194 2324 1270 speciem
2358 1195 2666 1270 probabilis
2700 1194 3146 1270 consistentisque
3190 1204 3444 1258 materias.
3491 1205 3571 1259 Eat
3596 1213 3679 1260 est

2090 1260 2416 1336 h'ujusmod'i,
2449 1265 2502 1320 in
2525 1282 2627 1336 qua
2648 1268 2812 1334 judex
2840 1260 3074 1324 ferendae'
3108 1274 3384 1328 sententiae
3413 1276 3674 1330 rationem

2088 1334 2370 1413 explorare
2401 1352 2505 1390 non
2533 1334 2708 1413 potest
2737 1357 2751 1392 :
2784 1339 2886 1413 hoc
2918 1339 3088 1413 Graeci
3109 1348 3291 1413 ἄπορον
3329 1356 3539 1399 vocant.
3568 1345 3675 1402 Sed

2089 1403 2434 1484 subjiciamus
2462 1403 2764 1484 eixetnplum
2790 1428 2804 1464 :
2828 1410 3048 1484 Petebat
3068 1412 3136 1467 ab
3159 1403 3266 1467 alio
3290 1430 3505 1470 usuram
3525 1417 3676 1484 quasi

2089 1477 2328 1553 pecunia:
2360 1478 2575 1553 creditae
2601 1497 2617 1553 _:
2645 1480 2733 1535 ille
2761 1483 3030 1551 accepisse
3057 1497 3118 1538 se
3144 1487 3417 1553 pecuniam
3450 1477 3675 1541 confite-

2089 1543 2264 1608 batur,
2294 1547 2386 1600 sed
2427 1549 2758 1616 depositam;
2807 1560 2860 1605 et
2892 1543 3099 1606 idcirco
3126 1543 3262 1610 velle
3298 1570 3358 1611 se
3395 1559 3674 1613 restituere

2090 1624 2286 1694 sortem
2314 1619 2429 1694 sine
2461 1635 2638 1694 usura.
2681 1621 2950 1677 Pendente
2987 1624 3186 1679 interea
3222 1625 3442 1694 judicio,
3485 1629 3567 1681 lex
3607 1629 3675 1684 de

2087 1687 2241 1766 novis
2271 1689 2462 1766 tabulis
2505 1689 2607 1766 lata
2638 1699 2718 1744 est
2741 1709 2769 1766 _:_
2806 1694 2997 1766 repetit
3033 1695 3118 1748 ille
3162 1687 3310 1764 quasi
3354 1687 3670 1766 depositam,

2089 1755 2177 1838 ilic
2224 1759 2593 1838 retinetquasi
2627 1755 2904 1838 creditam.
2945 1764 3057 1838 Non
3085 1755 3225 1838 enim
3256 1767 3410 1823 video
3426 1755 3558 1838 'quid
3603 1755 3673 1823 sit

2089 1826 2195 1894 hic,
2238 1829 2379 1906 quod
2421 1826 2478 1906 iii
2503 1831 2803 1906 _sent_entia_
2839 1832 3055 1888 ferenda
3084 1837 3246 1901 judex
3290 1826 3669 1906 sequi'possit,

2087 1913 2206 1951 cum
2242 1902 2434 1966 petitor
2465 1901 2604 1954 idem
2633 1903 2895 1957 interdum
2935 1905 3246 1966 credidisse,
3283 1901 3546 1962 interdtnn
3573 1901 3672 1964 de;

2087 1970 2330 2047 posuisse
2357 1986 2416 2047 se
2437 1969 2609 2047 dicat;
2632 1981 2684 2026 et
2701 1973 2945 2047 illealter
2968 1975 3228 2030 interdum
3255 1977 3546 2047 depositam
3577 1996 3671 2034 ac-

2087 2040 2324 2118 cepisse,
2361 2040 2624 2118 interdum
2647 2045 2918 2118 creditam
2963 2065 2974 2098 :
3013 2054 3066 2118 et
3109 2058 3296 2102 neuter
3328 2040 3428 2103 sua
3470 2055 3667 2118 priore,

2087 2109 2180 2164 sed
2213 2119 2432 2179 uterque
2459 2113 2592 2165 alter
2611 2113 2825 2167 alterius
2854 2117 3118 2182 prmterita
3147 2121 3408 2172 sententia
3437 2109 3632 2174 utatur.

2262 2181 2490 2237 CAPUT
2529 2183 2619 2236 IX.
2633 2213 2706 2222 --
2724 2183 2798 2237 De
2821 2181 2999 2252 ﬁguris
3017 2191 3490 2242 controversiarum.

2158 2249 2434 2308 Pertinere
2457 2255 2616 2332 etiam
2647 2249 2884 2332 nonnihil
2911 2257 2976 2309 ad
2994 2273 3116 2332 rem
3139 2259 3510 2332 videturiscire
3541 2262 3670 2332 ﬁgu-

2086 2335 2174 2374 ras
2213 2327 2723 2401 controversiarum,
2761 2325 2955 2401 quibus
2993 2327 3219 2401 invicem
3265 2329 3532 2396 differant,
3563 2325 3670 2401 quo

2086 2394 2331 2470 magis‘in
2360 2395 2588 2470 evidenti
2617 2397 2704 2470 sit,
2728 2394 3171 2470 quemadmodum
3192 2415 3455 2470 quamque
3480 2394 3671 2456 tracte-

2088 2478 2227 2518 mus.
2260 2465 2392 2518 Sunt
2416 2467 2571 2534 igitur
2596 2465 2846 2534 themata,
2880 2469 2930 2522 id
2952 2478 3032 2521 est
3063 2465 3244 2538 figurae
3272 2465 3669 2527 con-troVersia-

2085 2547 2202 2586 rum
2229 2575 2242 2600 ,
2292 2544 2517 2611 quatuor
2563 2554 2575 2589 :
2621 2542 2824 2604 εὔδοξον,
2866 2540 3005 2608 quod
3067 2556 3163 2594 nos
3209 2543 3472 2611 opinionis
3514 2543 3670 2600 bona:

2085 2617 2379 2681 possumus
2412 2607 2619 2672 dicere;
2655 2607 2923 2681 spetam»,
2970 2611 3110 2678 quod
3152 2607 3256 2664 nos
3295 2615 3558 2681 opinionis
3602 2630 3668 2669 ex

2085 2684 2341 2743 utroque,
2369 2678 2597 2750 b0no_ac
2644 2678 2784 2750 malo
2806 2719 2820 2742 .
2851 2684 3084 2734 confusa:
3134 2678 3413 2750 possumus
3453 2686 3664 2738 dicere:

2085 2751 2369 2823 παράδοξον,
2388 2748 2528 2823 quod
2560 2763 2657 2802 nos
2677 2749 2941 2823 opinionis
2973 2748 3432 2823 malae—possumus
3453 2755 3667 2822 dicere;

2087 2819 2293 2895 tametsi
2338 2818 2576 2895 quidam.
2602 2833 2785 2886 parum
2828 2820 3109 2895 diligenter
3149 2818 3325 2895 grmce
3369 2818 3664 2895 loquentes,

2084 2887 2390 3009 Baradoxon
2411 2904 2506 2956 pro
2526 2887 2609 2942 his
2628 2905 2746 2958 qum
2763 2899 2887 2944 sunt
2907 2891 3060 2945 bona:
3079 2887 3362 2961 opinionis,
3381 2887 3666 2962 accipiunt.

2136 2956 2237 3009 nde
2277 2959 2438 3009 vuleo
2477 2959 2636 3009 etiam
2681 2959 3074 3009 Olvmnionieas
3103 2972 3156 3009 ρι
3188 2974 3415 3009 eastern;
3440 2969 3666 3009 vium-ea

2136 2956 2237 3010 nde
2277 2959 2438 3026 vulgo
2477 2956 2658 3012 etiam
2681 2959 3074 3030 Olympionicas
3103 2956 3156 3016 et
3188 2956 3415 3019 caeteros
3440 2956 3670 3022 victores

2083 3038 2356 3106 sacrorum
2384 3031 2752 3106 certaminum,
2783 3031 3080 3106 paradoxos
3107 3043 3316 3102 vocant,
3350 3038 3518 3106 magis
3542 3051 3673 3091 con-

2083 3097 2363 3178 suetudine
2390 3114 2547 3178 quain
2576 3097 2953 3178 ratione‘ducti
2975 3120 2988 3155 :
3016 3116 3242 3178 nam,_ut
3269 3097 3477 3174 opinoF,
3505 3114 3664 3178 παρά-

2085 3169 2352 3260 δεξονθενιιἱ
2367 3167 2510 3238 quod
2540 3178 2623 3260 est
2663 3178 2794 3251 τεαρά
2822 3185 2907 3260 τῂν
2937 3177 3093 3260 sagax,
3128 3167 3182 3227 id
3222 3167 3318 3260 est"
3333 3167 3517 3258 contra
3554 3167 3672 3260 opi-

2083 3236 2296 3317 nionem
2322 3236 2536 3317 bonam.
2568 3236 2805 3317 Denique
2849 3241 2972 3317 licet
2996 3236 3142 3298 alias
3183 3247 3431 3317 vulgares
3469 3236 3671 3317 signiti-

2083 3310 2320 3382 cationes
2348 3311 2572 3378 probare
2611 3312 2852 3366 malimus
2874 3313 3029 3382 hujus
3063 3310 3311 3381 nominis,
3346 3310 3541 3370 tameu'
3565 3318 3670 3373 hoc

2082 3379 2220 3443 loco,
2252 3387 2310 3433 ut
2334 3382 2498 3455 multa
2526 3397 2662 3455 nova
2690 3392 2795 3436 tam
2833 3399 2863 3436 a
2894 3379 3146 3438 technicis
3179 3395 3232 3439 et
3256 3379 3666 3455 mathematicis,

2083 3465 2240 3520 quam
2281 3466 2310 3504 a
2351 3451 2681 3521 philosophis
2698 3455 3174 3527 cognominantur,
3215 3458 3457 3527 accipere
3501 3451 3667 3513 debeQ

2082 3537 2338 3597 musunon
2366 3532 2473 3576 tam
2504 3538 2602 3592 pro
2633 3523 2792 3597 solito
2812 3541 2906 3579 usu
2936 3523 3366 3589 c0nsuetndinis',
3389 3544 3546 3597 quam
3572 3544 3670 3597 pro

2081 3592 2388 3647 conditione
2409 3594 2902 3666 pr:ucepti.iQuarta
2929 3603 3014 3650 est
3032 3597 3238 3666 species
3261 3592 3662 3662 controversiae,

2082 3678 2200 3740 qua:
2242 3678 2418 3740 graece
2462 3669 2626 3740 ᾀδοξος
2657 3664 2878 3740 dicitur,
2914 3664 3077 3740 quani
3116 3683 3213 3721 nos
3255 3683 3360 3722 non
3401 3678 3456 3723 ut
3508 3670 3666 3740 vulgo

2083 3733 2244 3806 malae,
2258 3734 2544 3802 opinionis,
2577 3735 2670 3789 sed
2702 3738 2896 3790 nullius
2924 3733 3192 3806 opinionis
3227 3740 3472 3801 dicimus,
3504 3739 3554 3794 id
3581 3733 3666 3794 e'st

2083 3803 2337 3880 humilem
2378 3816 2435 3880 _e_t
2471 3806 2761 3880 sordidam.
2794 3807 2899 3861 Sed
2929 3803 3205 3863 evidenter
3240 3810 3351 3864 haec
3384 3811 3665 3880 propositis

2081 3875 2338 3952 exemplis
2378 3875 2670 3944 liquebunt.
2710 3883 2910 3944 Εὔδοξος
2957 3881 3316 3933 controversia
3359 3875 3662 3952 liujuSInodi

2082 3953 2182 4019 est,
2211 3947 2260 3999 in
2291 3961 2392 4015 qua
2413 3955 2526 4019 tam
2553 3963 2775 4016 persona
2815 3965 2970 4019 quam
3002 3964 3089 4004 res
3118 3961 3200 4004 est
3234 3947 3491 4017 honesta;
3523 3952 3663 4006 Velut

2081 4015 2258 4090 Scipio
2302 4017 2453 4070 victis
2492 4017 2670 4071 Poenis
2711 4015 2847 4088 petit
2877 4021 2926 4072 in
2959 4023 3233 4088 praemium
3263 4033 3319 4075 ut
3357 4015 3560 4090 spectet
3588 4023 3665 4075 lu-

2080 4085 2181 4161 dos
2208 4087 2384 4142 laurea
2410 4097 2692 4161 coronatus
2711 4085 2736 4141 ἐ
2769 4099 2822 4144 et
2844 4085 3068 4159 persona
3101 4093 3316 4144 honesta
3341 4085 3424 4146 est
3455 4092 3662 4161 Scipio-

2083 4159 2196 4219 nis,
2226 4168 2290 4233 et_
2305 4159 2442 4233 quod
2478 4160 2671 4225 petitur
2707 4175 2812 4214 non
2846 4161 3163 4233 improbum.
3193 4167 3446 4233 ᾼμψίδοξος
3474 4159 3582 4226 est,
3608 4165 3660 4218 in

2083 4244 2184 4297 qua
2209 4229 2301 4300 vel
2331 4228 2659 4300 honestatem
2694 4228 2934 4299 personui
2973 4232 3242 4300 turpitudo
3272 4228 3352 4285 'rei
3399 4234 3658 4300 maculat;

2081 4300 2225 4370 velut
2263 4299 2307 4370 si
2351 4299 2488 4353 idem
2531 4299 2709 4368 Scipio
2739 4310 2884 4370 petat
2931 4299 3131 4370 pra-mli
3173 4303 3386 4356 nomine
3432 4299 3659 4358 mortem

2083 4368 2280 4441 Tiberii
2310 4370 2493 4422 Asellii
2529 4387 2543 4441 :_
2582 4387 2701 4441 nam
2736 4368 2974 4439 petitoris
3013 4387 3235 4440 persona
3284 4371 3505 4428 honesta
3545 4383 3659 4441 est;

2083 4439 2226 4509 quod
2249 4449 2422 4492 autem
2444 4439 2637 4507 petitur
2661 4439 3024 4496 inhonestum.
3051 4441 3144 4496 Vel
3171 4452 3385 4505 contra,
3426 4444 3472 4498 si
3511 4439 3662 4498 abdi?-

2083 4521 2230 4582 catus
2262 4510 2467 4563 fortiter
2489 4509 2692 4582 fecerit,
2716 4522 2769 4565 et
2794 4521 2939 4582 petat
2968 4514 3166 4582 praemii
3189 4515 3405 4570 nomine
3433 4515 3660 4571 reditum

2083 4581 2138 4634 in
2164 4581 2378 4635 domum
2420 4581 2582 4650 patris
2611 4598 2624 4634 :
2652 4581 2876 4650 persona
2908 4581 3027 4652 quze
3060 4585 3220 4652 petit,
3249 4584 3525 4639 inhonesta
3569 4587 3659 4639 ab-

2083 4651 2277 4716 dicati;
2307 4667 2394 4706 res
2433 4667 2590 4722 quam
2629 4652 2780 4720 petit,
2813 4651 3031 4708 honesta
3062 4651 3117 4708 ut
3158 4656 3207 4708 in
3243 4656 3456 4709 domum
3498 4656 3658 4725 patris

2085 4725 2282 4777 redeat.
2313 4727 2580 4791 Παράδοξον
2599 4732 2681 4776 est
2703 4727 3077 4779 controversizu
3097 4741 3284 4794 genus,
3314 4736 3367 4778 ut
3387 4741 3544 4794 supra
3573 4727 3658 4780 de-

2085 4794 2353 4859 liniebam,
2374 4796 2424 4846 in
2447 4810 2552 4866 quo
2568 4805 2795 4866 utraque
2813 4806 2935 4851 sunt
2957 4796 3251 4860 inhonesta,
3273 4806 3375 4848 tam
3398 4812 3484 4849 res
3503 4811 3656 4866 quam

2085 4879 2344 4937 persona,
2383 4865 2526 4918 velut
2563 4865 2903 4934 impudicitiae
2941 4881 3064 4922 reus
3110 4866 3316 4919 fortiter
3351 4866 3499 4929 fecit,
3530 4865 3662 4937 petit

2087 4936 2289 5006 praemii
2317 4937 2530 4989 nomine
2557 4940 2878 4992 accusatoris
2900 4939 2979 4990 sui
3012 4947 3234 4989 tuortem
3269 4954 3283 4990 :
3315 4951 3436 4989 nam
3464 4945 3517 4991 et
3533 4936 3664 5005 per-

2085 5021 2214 5060 sona
2245 5007 2471 5077 petentis
2497 5006 2772 5060 inhonesta
2800 5019 2900 5070 est,
2929 5007 3186 5076 siquidem
3217 5006 3313 5060 fuit
3340 5022 3464 5062 reus
3488 5008 3662 5076 impu-

2085 5078 2299 5149 dicitiae,
2324 5079 2541 5149 tametsi
2573 5078 2768 5147 aliquid
2799 5077 3106 5147 turpitudini
3133 5077 3490 5149 derogavg‘rit,
3521 5080 3663 5149 quod

2085 5130 2298 5204 fortiter'
2315 5130 2475 5212 feeit;
2505 5130 2558 5200 et
2587 5130 2680 5200 res
2706 5130 2866 5216 quam
2884 5130 3325 5218 improba.
3355 5130 3665 5215 legales":

2085 5219 2460 5290 controversae
2498 5231 2666 5286 genus
2705 5219 2817 5290 sine
2851 5219 3096 5286 Opinione
3124 5229 3364 5290 utraque,
3390 5219 3587 5273 humile
3612 5229 3666 5275 et

2086 5289 2381 5345 sordidum.
2415 5287 2618 5356 Pauper
2640 5289 2951 5342 vestimenta
2977 5287 3271 5355 vendebat;
3298 5291 3499 5345 exstitit
3529 5291 3665 5346 alius

2086 5377 2307 5432 pauper,
2326 5358 2429 5432 qui
2455 5357 2742 5432 vindicaret
2769 5374 2849 5425 ea,
2876 5368 2930 5414 et
2954 5360 3090 5432 furto
3116 5361 3284 5415 ablata
3312 5361 3412 5432 sibi
3441 5377 3560 5417 esse
3586 5361 3668 5415 di-

2087 5429 2232 5488 ceret
2263 5448 2274 5483 :
2306 5431 2392 5484 ille
2423 5429 2665 5501 venditor
2686 5429 2779 5493 ait,
2799 5445 2858 5485 se
2873 5432 2939 5484 ab
2958 5431 3198 5486 adultero
3217 5430 3551 5501 deprehenso
3572 5431 3662 5488 illa

2089 5505 2407 5558 vestimenta
2435 5500 2725 5555 detraxisse
2753 5517 2768 5554 :
2795 5501 3017 5557 invicem
3043 5500 3313 5568 accusant,
3346 5503 3434 5558 ille
3461 5503 3667 5559 adulte-

2091 5576 2176 5641 rii,
2220 5574 2307 5629 hic
2351 5574 2494 5627 furti.
2542 5571 2635 5625 llic
2687 5572 2829 5644 enim
2868 5581 2921 5626 et
2964 5587 3206 5644 persona:
3250 5573 3479 5628 humiles
3531 5590 3663 5644 pau-

2089 5662 2304 5718 perum,
2346 5653 2401 5702 et
2456 5656 2542 5718 res
2585 5657 2703 5712 quae
2748 5642 3232 5718 videnturhfccisse
3281 5642 3662 5718 quzcstionem,

2093 5714 2315 5788 abiecta:
2344 5757 2359 5783 ,
2409 5714 2847 5788 vestimentorum
2890 5715 3260 5788 vindicatioet
3293 5714 3508 5788 agnitio
3551 5736 3564 5774 :
3610 5714 3667 5774 et

2095 5786 2394 5862 quanquam
2433 5787 2782 5862 intervenerit
2828 5787 3031 5843 crimen
3079 5786 3322 5842 adulterii
3350 5786 3458 5862 non
3507 5788 3658 5862 abie-

2095 5855 2450 5930 c’tum,tamea
2471 5856 2592 5928 quia
2617 5855 2770 5926 plura
2811 5867 2936 5915 sunt
2965 5867 3095 5935 ante
3137 5871 3406 5934 κιρίοτασιν
3441 5855 3662 5924 humilia
