4138 6364
402 339 427 395 1
438 337 536 395 M9

394 450 604 506 dicente
627 465 640 502 :
674 446 847 503 Nolite
864 448 1080 519 cogitare
1100 446 1333 519 dicentes,
1358 444 1477 515 quid
1484 444 1649 519 _cd_eti_s
1671 485 1685 505 ,
1718 455 1803 497 aut
1840 446 1961 515 quid

394 520 666 574 uestiemini
689 534 707 573 :
727 520 821 572 hoc
844 513 974 571 cniin
996 516 1176 571 Gentes
1204 513 1441 585 cogitant.
1474 514 1583 569 Scit
1606 513 1759 566 Pater
1806 513 1963 568 vester

392 592 510 658 quia
539 591 713 644 horum
748 589 970 642 omnium
997 586 1228 658 indigetis
1246 584 1484 658 :quafrite
1519 585 1733 653 primum
1755 601 1961 658 regnum

510 702 523 721 ,
556 669 602 743 et
616 658 1001 743 justitiam-elus
1016 653 1234 743 aet/two
1259 653 1426 707 omnia
1461 664 1775 743 opponentur
1797 653 1956 743 .uobis.

394 726 702 797 (Matthfvt
728 769 743 793 ,
783 726 989 795 51-35).
1035 726 1419 797 Verumtamen
1446 733 1724 797 antequam
1766 733 1962 778 statuat

392 792 512 852 esse
539 800 590 851 in
615 792 965 859 monasterio,
998 796 1186 867 probet
1214 794 1535 867 propositum
1566 792 1783 847 fratrum
1803 802 1960 867 atque

392 868 691 935 exemplum
719 908 732 924 .
764 875 817 919 et
859 867 972 933 ipse
998 863 1339 935 probeturio
1377 863 1521 916 omni
1550 864 1959 935 conversatione

392 937 458 990 ab
482 932 572 989 illo
600 936 687 1004 qui
720 932 1070 998 Priorest,'et
1096 933 1300 988 caeteris
1325 932 1803 1004 consentientibus,
1835 948 1959 1000 pro-

391 1015 511 1074 pter
562 1002 686 1059 illud
726 1004 864 1074 quod
891 1004 1157 1072 Scriptura
1185 1004 1341 1057 docet
1357 1013 1413 1074 et
1430 1002 1909 1074 admonet,_dicens
1941 1019 1954 1054 :

391 1071 619 1128 Hmieum
669 1072 773 1127 noli
816 1075 912 1126 cito
964 1071 1306 1142 comprobare.
1350 1071 1454 1126 Sed
1498 1071 1543 1124 si
1580 1072 1860 1140 contigerit
1902 1082 1958 1142 ut

391 1145 582 1214 aliquis
625 1159 691 1197 ex
732 1144 964 1212 qualibet
1005 1158 1163 1197 causa
1206 1142 1540 1214 necessitatis
1578 1157 1607 1193 a
1639 1141 1958 1214 monasterio

326 1252 334 1275 ρ
392 1211 549 1267 fuerit
582 1211 896 1277 abstractus,
928 1227 995 1267 ne
1027 1214 1106 1267 vel
1139 1220 1318 1266 mente
1341 1211 1602 1278 concipiat
1641 1225 1819 1263 secum
1858 1213 1957 1263 ali-

390 1283 512 1352 quid
542 1282 681 1337 ferre
699 1282 766 1336 de
792 1283 854 1336 iis
882 1281 1125 1335 omnibus
1152 1280 1345 1352 qutein
1373 1280 1692 1352 monasterio
1721 1278 1954 1346 fuerunt,

390 1349 501 1406 sive
525 1354 683 1408 etiam
706 1367 826 1422 qua:
851 1366 1030 1422 secum
1052 1349 1331 1422 aliquando
1344 1349 1611 1409 attulerat.
1631 1350 1741 1401 sive
1760 1364 1819 1422 ea
1840 1366 1957 1417 qum

390 1438 510 1475 cum
542 1417 790 1476 fratribus
830 1417 1153 1489 acquisierat'
1185 1436 1199 1472 :
1231 1421 1349 1488 quia
1378 1428 1578 1472 certum
1609 1426 1691 1489 est
1712 1460 1726 1481 ,
1770 1417 1959 1474 fratres

392 1493 523 1545 nihil
554 1492 771 1553 habere.
799 1488 1251 1560 posSidere,dare,
1272 1488 1607 1560 velaccipere
1631 1488 1824 1560 debere
1842 1489 1958 1543 sine

391 1562 680 1630 superioris
715 1558 943 1630 licentia.
977 1559 1126 1624 Quod
1153 1560 1196 1613 si
1213 1558 1586 1630 propinquus,
1619 1558 1697 1630 vel
1724 1558 1954 1630 amicus,

390 1627 473 1685 vel
498 1631 714 1696 quilibet
736 1629 954 1683 fratrum
982 1669 997 1695 ,
1029 1628 1225 1698 aliquid
1259 1627 1451 1682 offerre
1488 1627 1744 1689 voluerit;
1791 1628 1959 1695 primo

387 1702 601 1769 quidem
635 1700 801 1753 Priori
829 1699 1157 1762 insinuetur,
1191 1707 1242 1751 et
1268 1698 1685 1769 sicsuscipiatur
1708 1738 1742 1769 ,_
1766 1698 1808 1769 si
1846 1699 1958 1769 ipse

390 1766 719 1823 mandaverit
747 1785 760 1820 :
794 1769 860 1822 de
896 1784 1000 1838 quo
1031 1778 1203 1821 tamen
1236 1767 1364 1821 nihil
1394 1766 1661 1838 fiataliud,
1695 1766 1793 1838 nisi
1818 1768 1958 1836 quod

390 1841 557 1893 Priori
589 1839 875 1909 placuerit,
898 1836 990 1909 vel
1032 1837 1639 1909 permiserit;_quouiam
1676 1836 1827 1890 valde
1865 1854 1957 1909 ve-

391 1906 612 1962 rendum
643 1917 744 1973 est,
766 1923 832 1962 ne
865 1908 961 1961 sibi
1001 1908 1209 1962 eveniat
1247 1907 1387 1976 quod
1428 1907 1679 1976 scriptum
1705 1914 1788 1960 est
1815 1922 1827 1976 :_
1874 1906 1959 1960 Vir

390 1979 642 2031 mutabilis
679 1979 731 2029 in
762 1978 934 2047 lingua
960 1977 1133 2030 incidit
1167 1974 1374 2047 iniiitala
1400 1978 1417 2043 (
1441 1975 1589 2047 Prov.
1626 1991 1716 2029 xm
1736 2015 1751 2040 ,
1771 1974 1859 2045 ὃ).
1895 1978 1959 2031 Ει

390 2048 580 2102 iterum
603 2088 618 2113 ,
642 2057 698 2099 ut
724 2046 923 2100 nullum
958 2048 1174 2100 oumino
1201 2046 1268 2099 de
1293 2046 1538 2099 fratribus
1558 2060 1737 2100 secum
1760 2060 1957 2115 provo-

393 2126 476 2170 cet
498 2157 513 2178 ,
548 2132 613 2171 ne
639 2117 804 2185 magis
843 2116 1139 2169 destructor
1158 2130 1322 2185 quam
1347 2115 1955 2185 ardiﬁcatormouasterii

389 2186 668 2239 videatur:
701 2194 913 2254 propter
937 2185 989 2238 id
1031 2184 1170 2253 quod
1189 2186 1439 2252 scriptum
1477 2193 1594 2237 est:
1629 2184 1729 2249 Qui
1758 2201 1854 2238 non
1888 2193 1960 2239 est

389 2272 609 2317 mecum,
638 2265 807 2307 contra
843 2271 922 2308 me
941 2264 1048 2316 est;
1083 2264 1128 2308 et
1168 2255 1254 2321 qui
1290 2269 1481 2306 mecum
1513 2269 1612 2306 non
1654 2265 1954 2323 congregat,

389 2326 629 2394 dispergit
663 2323 883 2395 (Matth.
913 2339 1018 2388 xu,
1039 2324 1161 2395 50).
1196 2325 1259 2395 Et
1284 2324 1606 2395 quicumque
1643 2333 1959 2392 provocatus

389 2395 456 2447 ah
474 2392 681 2462 aliquo,
699 2393 764 2447 de
791 2394 1109 2447 monasterio
1137 2394 1362 2448 voluerit
1386 2392 1691 2456 abscedere,
1718 2402 1809 2447 aut
1835 2395 1958 2448 red-

389 2475 571 2532 arguat
615 2472 986 2532 provocantem
1011 2502 1029 2527 ,
1071 2473 1164 2516 aut
1197 2472 1321 2516 ante
1360 2462 1556 2516 indicet
1602 2463 1956 2530 Prtcposito‘,

390 2535 473 2587 cui
506 2532 684 2602 utique
708 2532 775 2587 de
807 2533 869 2585 iis
890 2574 905 2597 ,
933 2532 1129 2604 quzein
1166 2532 1435 2604 communi
1455 2532 1797 2604 decrevimus
1812 2533 1958 2604 _nihil

388 2617 507 2657 esse
530 2618 723 2656 censeo
749 2602 1163 2656 subtrahendum
1182 2644 1196 2666 ,
1214 2602 1338 2670 quia
1365 2602 1617 2669 scriptum
1648 2611 1730 2656 est
1760 2618 1773 2654 :
1803 2602 1958 2655 Paci-

387 2673 472 2739 ﬁci
495 2672 596 2725 sint
618 2671 703 2724 tibi
730 2673 904 2734 multi,
934 2672 1020 2723 sed
1056 2688 1183 2724 unus
1213 2687 1274 2725 ea:
1292 2670 1432 2724 mille
1450 2673 1512 2725 sit
1538 2671 1625 2724 tibi
1642 2673 1959 2727 consiliarius

389 2740 578 2809 (Ereti.
608 2756 681 2803 rt,
696 2740 771 2811 6).
799 2742 955 2809 Igitur
982 2741 1095 2793 lucc
1114 2756 1231 2809 quas
1252 2740 1444 2811 scripta
1457 2749 1597 2805 sunt,
1613 2755 1731 2795 cum
1753 2758 1958 2795 summa

387 2811 653 2879 diligentia
704 2811 1029 2865 observanda
1087 2818 1210 2863 sunt
1256 2825 1287 2863 a
1340 2810 1630 2879 Praeposito
1675 2826 1838 2879 usque
1891 2812 1957 2865 ad

1694 333 1967 390 RLGULA
2007 332 2340 391 SECUNDA.

3514 346 3644 403 “5G

2068 462 2254 531 omnes
2277 447 2494 531 fratres:
2514 450 2576 504 Et
2594 451 2637 506 si
2658 450 2773 521 quis
2788 451 2855 531 ab
2873 452 3049 522 aliquo
3075 454 3367 511 doctrinam
3391 456 3639 531 audierit,

2071 529 2265 586 pra-ter
2294 534 2451 586 quam
2483 522 2533 574 in
2569 522 2890 576 monasterio
2926 536 3242 579 consecutus
3274 536 3357 581 est
3373 527 3440 582 ab
3465 543 3529 581 eo
3553 529 3638 582 cui

2068 603 2128 661 se
2150 589 2403 661 credidit;
2431 590 2567 644 hanc
2587 600 2762 645 autem
2788 594 3059 661 suscipiat,
3087 604 3140 647 et
3167 610 3284 649 eam
3302 611 3407 651 non
3428 599 3642 652 subtra-

2072 657 2161 710 bat
2194 659 2397 737 doctori
2430 661 2873 737 :qi_i_ia_scriptum_
2902 657 2983 737 est
3013 657 3219 737 :Omne
3237 667 3371 737 quod
3404 668 3637 737 manife~

2067 738 2245 804 statur,
2270 730 2361 804 lux
2381 740 2451 782 est
2476 729 2686 804 (Ephes.
2710 729 2763 796 v,
2794 732 2900 804 15).
2928 732 2984 786 Si
3003 735 3144 787 enim
3172 729 3304 787 bona
3329 735 3503 800 fuerit,
3528 729 3641 791 col-

2072 798 2328 871 laudanda
2350 809 2458 871 est;
2482 800 2526 852 si
2556 815 2681 871 vero
2695 798 2884 871 prava,
2909 804 3255 869 reprobando.
3279 804 3352 858 De
3374 806 3436 858 iis
3461 798 3640 860 autem

2068 866 2318 943 fratribus
2346 870 2456 943 _qui
2502 870 2551 921 in
2602 866 2796 943 uniiate
2837 866 3166 943 Consistunt,
3224 873 3269 928 si
3302 875 3421 943 quis
3468 876 3640 929 subito

2068 938 2320 1008 adversus
2344 939 2687 1008 Przrpositum
2704 941 2987 994 altercatus
3015 942 3197 1005 fuerit;
3228 938 3335 997 non
3353 945 3523 998 solum
3548 961 3639 1000 sc-

2068 1007 2192 1070 mel,
2224 1007 2577 1081 sedsecundo
2597 1018 2648 1062 et
2667 1011 2840 1081 tertio,
2863 1021 2919 1063 ut
2947 1012 3284 1081 Evangelium
3315 1014 3489 1079 docet,
3515 1014 3638 1069 licet

2066 1090 2288 1150 exorare
2315 1078 2522 1150 (Matth.
2563 1095 2685 1150 xvm
2710 1122 2723 1139 ,
2758 1080 2968 1150 15-17).
3016 1081 3071 1135 Si
3100 1078 3276 1136 autem
3313 1078 3542 1138 noluerit
3580 1100 3639 1138 se

2066 1148 2382 1221 emendare,
2411 1148 2500 1203 ille
2521 1148 2613 1221 cui
2654 1150 2897 1216 iujuriam
2932 1148 3192 1221 irrogatus
3234 1161 3339 1219 est,
3379 1163 3496 1221 post
3533 1155 3639 1221 pri-

2066 1230 2205 1269 mam
2230 1218 2308 1271 vel
2337 1219 2620 1291 secundam
2648 1218 3161 1291 correctionem,'qui
3179 1237 3284 1275 non
3312 1218 3638 1277 revocaverit

2065 1294 2451 1361 contumacem,
2480 1288 2751 1361 denuntiet
2768 1298 2830 1361 et
2858 1290 2984 1357 illud
3012 1288 3321 1358 Prieposito,
3354 1308 3419 1346 ne
3438 1308 3531 1361 per
3556 1303 3636 1346 ta-

2065 1354 2440 1429 citurnitatem,
2465 1367 2519 1429 et
2548 1359 2653 1429 ille,
2680 1368 2731 1412 et
2759 1355 2919 1413 frater
2942 1375 3070 1413 suus
3094 1354 3473 1429 periclitentur,
3502 1362 3639 1417 sicut

2065 1422 2311 1480 Salomon
2341 1422 2447 1491 ait,
2482 1427 2580 1492 Qui
2604 1429 2819 1482 occultat
2847 1422 3155 1483 inimicitiam
3173 1472 3186 1492 ,
3216 1431 3416 1485 instruit
3442 1422 3634 1485 dolum.

2066 1494 2123 1548 Si
2152 1505 2384 1570 v_cro,__ut
2410 1497 2522 1551 lieri
2551 1498 2705 1570 solet,
2734 1498 2962 1570 incursio
2987 1501 3255 1568 repentina
3277 1503 3635 1570 supervenerit

2066 1573 2155 1617 aut
2176 1565 2453 1630 hostilitas,
2480 1576 2540 1619 ut
2565 1566 2888 1635 llllpOSsilllit’.
2916 1570 2984 1622 sit
3010 1565 3257 1625 fratribus
3284 1565 3525 1624 in'uuum
3553 1570 3635 1624 fu-

2063 1648 2181 1702 gam
2239 1645 2421 1704 petere
2475 1652 2567 1703 pro
2588 1646 2686 1691 iter
2736 1638 3112 1693 insa'cutionem
3157 1640 3489 1694 inimicorum
3518 1682 3534 1706 ,
3582 1652 3636 1697 et

2066 1706 2399 1758 postmodum
2430 1705 2539 1758 Deo
2565 1654 2769 1758 iavente
2806 1710 3070 1758 evaserint
3093 1751 3108 1758 -
3140 1718 3196 1758 et
3224 1712 3486 1758 noluerint
3514 1726 3634 1758 ner-

2065 1706 2400 1778 postmodum
2430 1705 2539 1758 Deo
2565 1705 2769 1778 favente
2806 1710 3108 1773 evaserint,
3140 1718 3196 1763 et
3223 1712 3486 1778 potuerint
3514 1726 3634 1778 per-

2062 1776 2245 1830 venire
2270 1776 2356 1828 ubi
2376 1775 2719 1843 Praepositum
2740 1792 2859 1830 esse
2877 1775 3250 1843 cognoverint;
3274 1780 3433 1833 veluti
3456 1775 3545 1833 lilii
3566 1782 3633 1833 ad

2065 1854 2266 1911 patrem
2285 1886 2301 1918 _,
2330 1845 2577 1918 festinare
2599 1846 2896 1918 debebunt.
2928 1845 3034 1901 Nec
3062 1848 3169 1902 ullo
3201 1849 3360 1903 modo
3386 1860 3634 1918 poterunt

2064 1916 2317 1987 separari.
2350 1930 2482 1983 quos
2499 1916 2679 1987 divina
2708 1915 2935 1987 charitas
2957 1918 3175 1971 sociavit
3197 1959 3210 1979 ,
3234 1920 3353 1987 quia
3375 1915 3629 1985 scriptum

2064 1993 2148 2058 est
2165 2025 2179 2047 ,
2212 1982 2445 2058 Perfecta
2473 1985 2671 2038 dilectio
2697 1986 2833 2058 [oras
2860 1987 3005 2038 mittit
3033 1982 3333 2058 timorem-(1
3359 1982 3514 2041 Joan.
3536 2005 3591 2042 tv
3617 2030 3632 2050 ,

2066 2053 2178 2123 18).
2207 2053 2261 2107 Si
2286 2057 2403 2123 quis
2429 2066 2621 2117 autem,
2653 2056 2791 2124 quod
2824 2058 3067 2124 superius
3082 2053 3327 2121 diximus,
3360 2072 3516 2111 causa
3536 2075 3631 2110 ue-

2064 2125 2326 2195 cessitatis
2348 2124 2549 2195 detinet
2579 2125 2626 2178 id
2648 2166 2663 2185 .
2690 2126 2827 2193 quod
2849 2143 2876 2177 a
2906 2126 3225 2180 monasterio
3250 2142 3428 2181 secum
3460 2139 3637 2195 porta-

2064 2193 2171 2255 vit;
2211 2208 2426 2248 necesse
2462 2194 2696 2261 habebit,
2731 2196 2814 2248 ubi
2854 2195 3173 2263 Praepositus
3206 2211 3334 2250 suus
3359 2193 3473 2258 est,
3505 2196 3633 2250 illud

2066 2263 2300 2335 perferre
2328 2263 2480 2333 :quia
2512 2280 2612 2317 non
2640 2264 2832 2333 poterit
2856 2264 2953 2317 sibi
2980 2266 3228 2329 retinere,
3261 2266 3397 2334 quod
3421 2281 3515 2335 per
3536 2282 3634 2335 pa-

2063 2343 2205 2385 ctum
2234 2334 2299 2403 ad
2331 2349 2515 2388 omnes
2542 2336 2765 2402 pertinet
2785 2374 2798 2396 ,
2827 2343 2881 2388 et
2910 2335 3015 2389 Deo
3042 2336 3220 2403 utique
3252 2344 3334 2388 est
3359 2334 3636 2390 consecra-

2068 2414 2193 2455 tum.
2224 2402 2327 2457 Sed
2355 2404 2396 2456 si
2426 2404 2732 2471 cogitaverit
2756 2404 2821 2457 de
2846 2404 2928 2459 his
2955 2402 3149 2472 aliquid
3173 2406 3420 2465 retinere,
3452 2415 3633 2459 contra

2064 2472 2259 2525 dictum
2290 2474 2526 2541 Apostoli
2553 2488 2709 2543 agere
2736 2473 2974 2538 videtur,
3000 2475 3086 2542 qui
3115 2474 3221 2536 ait,
3254 2474 3459 2529 Nemini
3484 2476 3634 2543 quid-

2063 2560 2213 2666 zuam
2242 2543 2485 2607 debeatis,
2516 2545 2611 2596 nisi
2635 2553 2689 2597 ut
2707 2544 2913 2597 invicem
2937 2544 3159 2613 diligatis
3184 2561 3269 2599 vos
3298 2543 3472 2614 (liam.
3504 2561 3595 2599 xm
3616 2585 3634 2607 ,

2107 2618 2140 2666 i.
2170 2612 2355 2666 Omnia
2379 2628 2505 2666 emo
2532 2629 2650 2666 qua:
2678 2614 2730 2666 in
2770 2614 2871 2666 isto
2900 2614 3033 2666 libro
3064 2614 3420 2666 continentur.
3449 2629 3634 2666 munus

2103 2618 2140 2681 ).
2170 2612 2355 2667 Omnia
2379 2628 2505 2682 ergo
2532 2629 2650 2683 qua:
2678 2614 2730 2667 in
2770 2614 2871 2667 isto
2900 2612 3041 2668 libro
3064 2612 3420 2674 continentur.
3449 2629 3635 2667 onmcs

2066 2683 2254 2754 fratres
2292 2685 2605 2754 observent;
2632 2692 2791 2752 atque
2822 2683 3176 2748 subscribam,
3220 2687 3309 2754 qui
3351 2684 3472 2739 boni
3517 2700 3637 2738 esse

2062 2751 2384 2806 desiderant.
2436 2752 2629 2806 Verum
2672 2751 2886 2821 propter
2911 2754 3029 2807 illos
3067 2764 3190 2807 sunt
3222 2751 3397 2818 cauta,
3451 2754 3501 2807 id
3552 2765 3636 2808 est

2064 2822 2279 2891 scripta,
2308 2822 2393 2891 qui
2427 2822 2476 2873 in
2508 2822 2749 2875 omnibus
2779 2822 2993 2877 stabiles
3017 2838 3134 2877 esse
3156 2832 3462 2877 noscuntur.

448 2941 465 2973 ι
487 2940 773 3000 ιιοιςιοιιίιιε,
798 2920 980 2992 Abbati.

2565 3038 3175 3052 .._._...__—.._—.——-—.—-—

766 3049 1051 3060 ..α-ι..-

394 3048 737 3064 βα*-

1600 3050 1779 3062 -——....,.

1804 3120 2251 3185 ADMONlTiO

1575 3241 1661 3295 DE
1698 3239 2035 3306 SEQUENTI
2075 3236 2451 3294 OPUSCULO.

455 3371 784 3428 Contulimus
812 3372 948 3425 istud
974 3374 1281 3438 opuscolum
1303 3372 1367 3426 ad
1394 3374 1662 3441 exemplar
1689 3371 2009 3428 Corbeiense
2035 3381 2157 3427 ante
2182 3372 2327 3427 mille
2352 3384 2541 3441 annos,
2566 3369 2639 3422 uti
2663 3368 2887 3441 videtur,
2914 3379 3208 3434 exaratum,
3240 3385 3345 3440 quo
3370 3370 3421 3424 in
3449 3386 3633 3428 exem-

389 3444 519 3513 plari
549 3443 616 3513 ab
645 3458 709 3513 eo
737 3443 854 3496 loco
871 3441 1105 3513 ,_Psalmi
1134 3457 1228 3513 ιιι,
1260 3458 1360 3496 ιλιι
1380 3482 1395 3506 ,
1413 3453 1529 3513 καις.
1553 3438 1675 3507 ’(ιιῒδί
1707 3445 1875 3497 Lucas
1907 3443 2209 3498 Holstenius
2237 3444 2287 3495 in
2317 3438 2867 3513 r‘odice‘chularum,
2894 3448 3043 3513 parte
3071 3438 3300 3513 secunda
3329 3455 3448 3513 cum
3476 3441 3634 3494 editi:

387 3509 609 3583 lmerb.
637 3512 787 3565 Eras.
815 3520 867 3565 et
889 3511 1016 3583 Lov.
1046 3512 1173 3564 satis
1195 3511 1540 3583 concordat),
1575 3513 1746 3567 variat
1773 3513 1912 3566 hunc
1940 3514 1990 3566 in
2024 3513 2237 3567 modum
2273 3529 2285 3563 :
2310 3510 2519 3583 Psalmi
2547 3520 2665 3583 tres,
2683 3510 3017 3583 seragesimus
3043 3509 3309 3580 secundus,
3338 3512 3559 3583 quintus,
3588 3522 3636 3564 et

387 3582 721 3652 octogesimus
742 3598 918 3652 nonus.
944 3580 1173 3652 (Lacuna
1202 3581 1286 3633 hic
1305 3592 1384 3652 est
1404 3579 1612 3650 exigua,
1638 3583 1832 3643 deleto,
1860 3584 1933 3635 uti
1960 3583 2188 3644 videtur,
2214 3582 2493 3652 verlioqsex
2515 3579 2725 3652 circiter
2750 3579 3065 3652 litterarum,
3088 3589 3143 3632 et
3168 3579 3549 3652 mox_scquitur
3577 3588 3633 3652 τί)

388 3652 467 3705 Ad
501 3648 706 3703 tertiam
748 3648 971 3721 psalmus
1014 3650 1089 3701 ad-
1114 3648 1519 3721 respondendum
1560 3652 1801 3705 dicatur:
1832 3652 2011 3705 deinde
2044 3652 2332 3721 antiphonw
2357 3650 2471 3721 dum
2494 3690 2506 3712 ,
2544 3649 2717 3710 lectio,
2761 3657 2807 3700 et
2836 3650 3234 3721 completorium.
3269 3648 3441 3702 Simili
3485 3648 3633 3702 modo

386 3731 528 3800 sexta
555 3730 779 3800 et_nona.
807 3720 887 3773 Ad
912 3720 1247 3800 lucernariunt
1272 3732 1435 3800 autem
1462 3721 1684 3790 psalmus
1708 3722 2053 3789 responsorius
2093 3719 2241 3800 uitus,
2274 3719 2564 3800 antipltome
2594 3727 2827 3800 quatuor,
2866 3719 3235 3800 item‘psalptus
3263 3735 3627 3800 uuusfespon.

386 3791 575 3860 sarius,
604 3791 745 3842 lectio
769 3829 782 3851 ,
812 3800 859 3842 et
883 3789 1281 3860 completorium.
1328 3789 1390 3841 Et
1427 3787 1656 3857 tempore
1675 3787 1957 3858 oppertuno
1996 3800 2105 3860 post
2145 3787 2481 3843 lucernarium
2502 3828 2516 3851 ,
2550 3787 2774 3860 omnibus
2812 3787 3105 3860 sedentibus
3120 3788 3351 3856 legantur
3399 3789 3632 3860 lectiones

388 3858 508 3929 (Hic
532 3874 740 3913 erasum
767 3868 848 3911 est
873 3857 1031 3910 unum
1060 3858 1298 3929 verbum.
1325 3868 1379 3911 et
1407 3862 1643 3924 proxime
1663 3857 1901 3929 sequitur
1926 3877 1939 3913 :
1962 3857 2131 3928 )Post
2158 3860 2263 3912 lucc
2289 3869 2453 3910 autem
2477 3857 2901 3929 consuetudinarii
2927 3857 3106 3925 psalmi
3133 3866 3248 3929 ante
3272 3858 3519 3929 somnium
3545 3858 3597 3909 di
3608 3889 3627 3899 ο

385 3926 585 3991 cantur,
614 3936 757 3997 nocte
789 3927 1249 3997 autentoratt'ones,
1284 3944 1449 3979 mense
1475 3926 1752 3993 novembri,
1783 3940 1908 3994 ctc.,
1946 3926 2034 3982 tibi
2066 3930 2205 3997 quod
2233 3928 2398 3983 semel
2418 3927 2676 3997 etiterum
2700 3926 2927 3997 dicitur,
2948 3936 2990 3979 et
3018 3927 3411 3996 completorium,
3426 3927 3633 3981 videtur

386 4012 575 4050 sonare
612 3995 752 4049 idem
795 4011 913 4048 cum
961 3996 1126 4049 isthac
1155 3997 1374 4048 formula
1405 4012 1433 4047 a
1466 3998 1619 4050 Patre
1646 4010 1827 4051 nostro
1856 3995 2139 4052 Benedicto
2166 3999 2533 4051 Matutinarum
2567 3996 2796 4049 officium
2837 3995 3147 4066 ordinante,
3190 3997 3271 4050 his
3291 4005 3560 4066 usurpata,
3580 4008 3627 4050 et

385 4068 688 4136 completum
712 4073 813 4136 est,
838 4066 885 4117 id
911 4073 995 4118 est
1019 4074 1287 4136 peractum
1315 4066 1390 4136 sic
1412 4067 1513 4119 erit
1536 4067 1789 4132 officium,
1833 4069 1950 4131 vel,
1982 4068 2203 4122 addetur
2232 4067 2404 4121 fmalis
2431 4065 2621 4130 oratio,
2653 4066 2825 4136 qualis
2851 4080 2915 4119 ea
2945 4065 3290 4136 scilicetquze
3315 4068 3364 4118 in
3392 4065 3620 4134 antiquis

387 4134 688 4189 misSaIibus
734 4134 1220 4206 4d_comptenduin_
1257 4135 1531 4206 vocitatur.
1576 4136 1741 4189 Porro
1788 4138 1839 4190 in
1886 4137 2072 4191 eodem
2119 4137 2303 4191 codice
2346 4136 2654 4206 opusculum
2695 4135 2894 4206 absque
2928 4135 3087 4206 titulo
3124 4135 3200 4188 sic
3244 4135 3427 4204 incipit
3456 4153 3470 4189 :
3500 4137 3631 4190 Aule

387 4206 701 4270 omnia,etc.
744 4202 846 4258 Sed
876 4204 940 4255 ad
982 4203 1312 4273 haecultima
1355 4204 1513 4256 verba
1534 4246 1549 4268 ,
1594 4206 1656 4257 de
1691 4216 1852 4257 vestra
1888 4208 2067 4259 salute.
2097 4206 2275 4271 Amen,
2313 4202 2647 4259 continenter
2672 4213 2726 4257 et
2759 4202 3140 4258 in’eodemmet
3166 4220 3320 4273 versu
3350 4202 3627 4273 subjicitur

386 4273 600 4395 gegula.
717 4272 996 4354 Augustini
1025 4270 1152 4324 viris
1186 4281 1359 4341 aptata
1382 4313 1397 4337 ,
1436 4274 1509 4327 uti
1537 4274 1647 4342 jam
1689 4276 2116 4339 observavimus,
2153 4291 2272 4329 cum
2310 4275 2455 4330 hisce
2496 4274 2673 4328 verbis
2715 4274 2766 4326 in
2810 4273 2953 4327 line:
2985 4273 3210 4344 Explicit
3235 4270 3629 4343 Reguta'saucti

438 4352 653 4395 uausttnt
678 4359 915 4395 emscom.
3506 4391 3517 4395 -

438 4343 656 4413 uguslini
678 4343 915 4412 episcopi.

3242 4452 3613 4468 —-——-———-——_

1146 4521 1879 4635 REGULA
1946 4521 2814 4635 εεουιιιωι.

2054 4711 2307 4764 lectiones
2334 4717 2463 4781 tres.
2492 4709 2678 4781 Martio
2696 4752 2709 4769 ,
2742 4711 2891 4779 aprili
2909 4753 2923 4773 ,
2946 4712 3252 4781 septembri,
3281 4712 3503 4767 oclobri.
3534 4726 3629 4765 an-

2055 4781 2285 4848 tiphonze
2312 4780 2518 4845 decem,
2541 4780 2723 4846 psalmi
2754 4780 3017 4849 quinque,
3036 4783 3287 4835 lectiones
3315 4792 3442 4833 tres.
3468 4782 3626 4846 Maio,

2051 4850 2220 4918 junio,
2245 4850 2397 4916 julio,
2423 4862 2476 4901 et
2502 4860 2719 4919 augusto
2736 4892 2749 4915 ,
2775 4852 3079 4919 antiphonte
3107 4864 3248 4916 oeto,
3269 4850 3454 4918 psalmi
3493 4868 3625 4919 qua-

457 4712 509 4766 i.
536 4713 673 4766 Ante
695 4712 868 4766 omnia
889 4752 905 4777 ,
936 4712 1122 4766 fratres
1149 4710 1444 4765 charissimi
1466 4753 1481 4773 ,
1510 4711 1757 4780 diligatur
1786 4711 1946 4775 Deus,

384 4782 574 4836 deinde
611 4790 665 4836 et
701 4783 999 4851 proximus.
1026 4781 1151 4851 quia
1182 4780 1279 4834 ista
1308 4790 1567 4848 pt‘mcepta
1596 4780 1952 4849 principaliter

384 4852 536 4906 nobis
562 4858 683 4905 sunt
704 4851 845 4904 data.
870 4850 1106 4917 Qualiter
1128 4858 1302 4902 autem
1332 4863 1425 4902 nos
1454 4862 1660 4917 oportet
1685 4866 1835 4904 orare
1871 4851 1952 4905 vel

421 4922 607 4974 saliere
630 4960 646 4985 ,
673 4919 1018 4973 describimus
1048 4936 1061 4970 :
1093 4917 1143 4970 id
1168 4926 1283 4980 est,
1326 4918 1376 4970 in
1406 4920 1673 4971 matutinis
1712 4920 1953 4974 dicantur

427 4990 578 5045 saluii
611 5005 683 5044 Ill.
718 5004 844 5051 an,
875 5004 947 5048 vi,
977 4997 1027 5041 et
1055 4998 1457 5057 annuncum
1489 4987 1681 5041 debitis
1706 4991 1949 5057 antipho-

384 5060 499 5123 nis,
522 5059 762 5112 versibus
789 5066 844 5111 et
868 5056 1239 5126 respousoriis.
1277 5055 1362 5126 Ad
1392 5057 1613 5126 primam
1654 5065 1708 5110 et
1745 5055 1950 5113 tertiam

383 5129 627 5183 dicantur
652 5128 730 5180 sui
752 5124 975 5195 psalmi,
1003 5125 1303 5193 antiphome
1330 5124 1451 5195 dua:
1469 5165 1483 5187 ,
1528 5125 1777 5179 lectiones
1812 5128 1951 5180 duze.

384 5197 553 5252 Simili
585 5194 834 5252 modoad
855 5206 1057 5249 Sextam
1080 5203 1132 5248 et
1160 5209 1349 5249 nonam
1372 5194 1613 5248 dicantur
1640 5195 1720 5248 sui
1744 5196 1950 5263 psalmi,

383 5282 501 5321 cum
542 5266 735 5320 debitis
772 5265 1124 5334 respousoriis
1157 5274 1211 5317 et
1235 5264 1554 5332 antiphonis.
1595 5264 1705 5317 Hoc
1740 5264 1875 5318 idem
1899 5265 1950 5318 in

385 5336 618 5403 vesperis
663 5345 717 5388 et
759 5333 1115 5402 completoriis
1158 5342 1416 5389 servetur.
1474 5333 1552 5386 Ad
1603 5334 1953 5388 lucernarium

385 5415 558 5458 autem
586 5404 836 5472 psalmus,
858 5404 1250 5472 responsorimn
1280 5418 1459 5463 unum,
1491 5404 1789 5471 antiphontc
1814 5414 1948 5467 tres,

387 5475 641 5529 lectiones
684 5485 806 5527 tres.
861 5473 928 5527 Et
969 5484 1203 5541 tempore
1242 5482 1537 5539 opportuno
1573 5483 1688 5540 post
1717 5474 1953 5526 lucerna-

385 5546 540 5598 rium.
571 5544 816 5597 omnibus
830 5543 1135 5597 sedentibus
1163 5543 1399 5611 lcgantur
1432 5543 1700 5595 lectiones.
1732 5542 1953 5595 Noetur-

384 5629 465 5666 me
491 5622 663 5666 autem
704 5614 971 5666 orationes
1002 5627 1178 5664 mense
1211 5612 1513 5675 novembri,
1549 5613 1846 5675 decembri,
1875 5625 1956 5678 ja-

386 5683 571 5736 nuario
596 5691 650 5735 et
677 5682 963 5745 februario,
991 5680 1292 5749 autiphoua:
1313 5680 1613 5746 duodecim,
1637 5682 1821 5749 psalmi
1836 5698 1948 5743 sex,

618 5773 840 5835 Ssucr.
873 5776 1142 5834 Arausr.
1182 5774 1229 5832 ι.

2057 4931 2194 4981 tuor,
2226 4920 2477 4972 lectiones
2496 4920 2633 4972 tium.

2126 4990 2181 5042 2.
2221 4988 2516 5055 Opercutur
2545 5005 2571 5040 a
2606 5004 2759 5041 mane
2787 5004 2953 5057 usque
2984 4988 3048 5041 ad
3076 4998 3312 5054 sextam,
3343 4998 3397 5041 et
3420 5004 3448 5041 a
3478 5001 3623 5047 sexta

2055 5074 2223 5128 usque
2247 5058 2311 5110 ad
2360 5073 2551 5128 nonam
2601 5067 2789 5111 vacent
2840 5058 3070 5119 lectioni,
3113 5068 3167 5111 et
3194 5058 3262 5111 ad
3285 5073 3475 5112 nonam
3500 5074 3622 5112 reu-

2056 5127 2183 5181 dant
2210 5128 2440 5181 codices.
2470 5127 2536 5179 Et
2571 5136 2847 5196 postquam
2876 5128 3176 5188 refecerint,
3211 5128 3325 5183 sive
3353 5129 3405 5181 in
3434 5129 3587 5181 horto
3609 5171 3625 5195 ,

2056 5198 2167 5267 sive
2192 5197 2505 5267 ubicumque
2525 5210 2750 5267 necesse
2778 5195 2954 5261 fuerit,
2984 5197 3176 5251 faciant
3196 5213 3331 5264 opus
3363 5213 3528 5267 usque
3556 5200 3624 5252 ad

2057 5265 2240 5337 horam
2277 5266 2575 5337 lucernarii.
2621 5264 2787 5337 Nemo
2833 5267 2932 5320 sibi
2979 5267 3172 5337 aliquid
3216 5264 3457 5322 vindicet
3499 5284 3625 5337 pro-

2058 5334 2404 5407 prium,__sive
2442 5334 2868 5407 investimento,
2914 5338 3025 5389 sive
3069 5334 3125 5389 in
3174 5334 3511 5407 quacumque
3546 5354 3624 5391 re.

2057 5404 2414 5477 Apostolicam
2442 5404 2583 5457 enim
2611 5405 2769 5477 vitam
2801 5414 3043 5477 optamus
3067 5404 3239 5459 vivere
3260 5404 3487 5477 (Aenii,
3506 5408 3622 5468 45).

2056 5473 2222 5546 Nemo
2250 5487 2367 5526 cum
2401 5488 2667 5528 murmure
2696 5475 2888 5543 aliquid
2915 5474 3069 5546 faciat
3089 5516 3104 5535 .
3137 5487 3192 5529 ut
3220 5473 3325 5530 non
3352 5478 3509 5532 simili
3532 5478 3621 5546 ju~

2057 5544 2196 5596 dicio
2225 5553 2670 5614 murmuratorem
2701 5554 2881 5613 pereat
2909 5563 2921 5597 ε
2954 5544 3179 5600 fideliter
3217 5547 3464 5601 obediant
3492 5564 3505 5598 :
3534 5544 3626 5614 pa-

2059 5623 2192 5685 trem
2220 5627 2370 5685 suum
2412 5613 2671 5685 honorent
2707 5624 2825 5683 post
2856 5615 3016 5669 Deum
3052 5634 3063 5667 :
3097 5617 3383 5685 Przeposito
3411 5632 3506 5670 suo
3525 5613 3625 5673 de-

2060 5682 2232 5734 ferant
2278 5683 2413 5735 sicut
2468 5681 2620 5736 decet
2672 5681 2882 5737 sanctos
2920 5702 2933 5737 :
2970 5681 3226 5740 sedentes
3268 5687 3357 5740 ad-
3389 5702 3628 5744 mensam

2776 5776 3329 5853 (Quarantr—six.)
