2069 3182
256 159 325 187 14Ῑί5

255 217 297 244 vel
312 213 467 250 expetenda:
486 212 672 241 familiaritatis
693 220 737 239 aut
755 210 877 250 amicitia:
892 210 1044 250 spiritualis,

255 246 406 279 discurrant
420 250 505 276 nuntii
521 258 528 276 :
542 256 593 276 nec
607 255 698 275 eorum
721 246 876 274 munuscula
895 247 1046 280 litteraSqne

255 286 396 320 suscipias,
412 292 461 312 nec
474 284 526 311 illis
540 289 583 310 tua
596 283 705 320 dirigas,
727 287 803 320 prout
822 281 968 320 moris_esl,
985 286 1045 320 pota

255 316 347 351 tonas.
363 316 507 353 tnaisupia,
523 326 583 352 qum
598 318 702 353 diverso
715 317 868 353 stati-inect
878 316 1046 353 subtegmine
1059 324 1063 327 '

255 356 355 382 variata
371 359 441 387 sunt,
455 351 483 381 et
496 351 593 380 caitera
609 359 667 385 qum
683 351 833 385 lmjusmnli
853 351 1047 387 adolescentio-

255 391 328 419 ribus
348 385 468 417 monachi
484 396 530 422 per
543 387 654 414 clericos
675 387 789 417 mittunt,
812 386 881 422 quod
901 385 1045 412 forncntum

255 429 299 453 est
309 426 407 455 amoris
420 421 514 454 illiciti.
529 426 556 448 et
572 422 658 455 magni
675 421 783 447 materia
797 421 868 447 mali.

255 459 370 487 CAPUT
384 458 429 486 XI.
443 473 479 478 —-
494 454 752 491 Operelurimnnibus,
773 460 875 482 ornetur
887 454 1044 491 verecundia.

293 494 409 529 Qpcrare
423 490 534 529 proinde
551 499 592 523 ea,
612 498 671 525 qua:
684 491 724 517 vel
743 490 886 529 necessitas
899 490 992 529 poscit,
1004 490 1045 517 vel

257 524 404 564 prze‘scribit
419 524 527 564 utilitas,
543 531 569 553 et
583 524 674 564 eorum
697 526 808 559 pretium
827 525 877 564 tuis
897 524 1046 564 usibus_ce-

255 559 310 596 dat,
325 563 453 599 quibussi
470 561 650 599 non_cguc_tjis,
666 566 711 587 aut
730 561 884 599 necessaria
902 559 1023 599 ecclesizc
1036 579 1044 591 ,

256 594 484 633 ant’pauperibus,
507 594 574 624 sicut
589 596 714 627 diximus,
734 595 842 634 tribuas.
865 594 947 621 Ornet
963 594 1044 634 etiam

254 629 348 660 onmcs
363 629 449 660 motus
459 650 467 665 ,
482 638 575 658 omnes
588 637 724 657 sermones
742 630 859 665 inclusae,
872 629 1043 661 verecundia,

253 675 315 704 qua
329 668 444 704 linguam
458 670 619 704 compescat,
635 666 700 704 iram
716 665 825 704 mitiget,
837 664 922 698 iurgia
939 668 1041 704 caveat.

255 698 339 737 Quam
361 698 431 730 Enim
456 698 555 737 pudere
574 701 650 727 decet
669 701 785 737 honeste
815 699 929 737 honesta
955 698 1043 737 loqui;

254 733 360 773 q‘uauta:
375 733 542 773 impudentia:
556 739 606 773 est,
624 739 652 761 ut
669 735 806 773 inhonesta
818 754 832 773 ,_
850 734 908 760 licet
924 733 1043 760 laeessita

255 769 356 807 injuriis
371 769 419 799 :mt'
427 771 560 807 stimulata
569 770 672 807 furore.
683 769 810 807 loquatur
817 769 833 807 _?

254 804 367 836 CAPUT
390 807 447 834 XII.
463 820 498 827 -—
514 805 621 833 Recluso
637 805 716 831 verbis
736 804 848 831 lacessita
870 808 898 830 ut
916 811 942 829 se
960 810 1045 838 gerere

606 840 686 866 debet.

291 877 393 904 Inclusa
411 876 491 911 igitur
505 875 616 911 litiganti
632 882 683 911 non
699 872 857 908 respondeat
867 893 887 911 ,_
892 872 1043 911 detrahenti

253 921 305 939 non
327 907 490 946 improperet
503 929 512 944 ,
539 907 679 946 lacessenti
701 907 942 946 no.n_cootra_dicat
964 915 970 934 :
994 907 1044 946 sed

254 948 279 974 in
293 942 487 981 omnibus-qua:
504 942 534 972 in
555 944 661 979 publico
671 964 678 974 ,
698 943 738 970 vel
760 943 904 983 inoccnlto
916 947 961 968 aut
975 942 1043 983 obji-

253 984 368 1014 ciuntur,
384 985 429 1008 ιιιιι
443 984 614 1008 susurrantur
625 999 632 1010 ,
653 986 686 1006 ex
709 983 1043 1014 CHIISCIQIIII'JE»_SQI:CIIIOI‘IS

254 1025 315 1044 arce
330 1012 492 1048 contemnat,
512 1015 602 1042 dicens
624 1022 683 1041 cum
711 1012 854 1048 Apostolo,
876 1012 940 1044 ΜΗιί
960 1017 1044 1048 utilem

254 1061 300 1087 pro
309 1052 412 1079 minimo
427 1056 461 1087 est
474 1055 501 1087 ut
519 1058 534 1076 a
553 1049 619 1087 vobis
635 1048 736 1087 judjct’r
747 1047 768 1082 (l
781 1047 840 1075 Cor.
855 1055 890 1079 tv,
903 1047 1044 1087 3')_._.Super

252 1082 342 1114 omnia
354 1087 425 1114 enim
440 1086 540 1112 inclusa
555 1082 661 1111 studere
673 1083 762 1114 debet,
777 1087 805 1109 ut
826 1082 1041 1115 tranquillitatem

253 1123 371 1156 spiritus,
387 1125 414 1148 et
434 1127 527 1156 pacem
550 1119 641 1156 cordis»
658 1117 755 1156 iugiter
775 1118 901 1156 retinens,
918 1117 989 1143 illum
1002 1117 1042 1156 sui

252 1152 369 1192 pectoris
379 1152 507 1192 aeternum
520 1155 617 1181 habent
636 1153 849 1192 inhabitatorepb
864 1152 897 1192 d‘e
913 1159 966 1186 quo
978 1152 1044 1192 sc_ri-

272 1198 326 1219 tum
341 1195 392 1227 est,
404 1190 511 1227 Inpone
521 1192 603 1225 fartus
616 1193 650 1227 est
659 1188 728 1215 locus
741 1187 795 1227 ελειε
809 1186 894 1223 (Psal.
907 1195 986 1227 Lxsv,
1002 1187 1042 1227 ᾇ).

272 1201 326 1219 tum
341 1201 392 1223 εει,
404 1201 437 1217 In
451 1201 511 1225 pace
521 1201 603 1225 [unus
616 1201 650 1215 est
659 1201 728 1215 tum»
741 1201 795 1222 qua
809 1201 894 1223 \raut.
907 1201 986 1220 nun,
1002 1201 1039 1221 υ).

253 1201 287 1255 Et
299 1226 363 1254 alias
375 1225 501 1253 Dominus
513 1232 562 1260 per
572 1223 739 1260 prophetam,
756 1222 838 1260 Super
849 1230 931 1256 quem,
946 1222 1039 1260 inquit,

252 1262 386 1297 requiescet
399 1261 501 1296 spiritus
512 1257 591 1290 ineas,
606 1258 742 1297 rutisuper
755 1257 912 1297 Itumileut‘et-
918 1257 1040 1297 quietum,

253 1291 420 1323 et'timenteni
439 1302 564 1331 sermones
579 1301 645 1320 meo;
656 1292 733 1327 (luti.
748 1300 819 1331 uri,
836 1291 884 1327 2)?
906 1292 979 1331 Hunc
998 1300 1043 1331 sa-

251 1331 428 1359 cratissimum
451 1330 547 1357 mentis
570 1326 678 1359 statum,
698 1335 750 1354 non
774 1326 860 1354 solum
881 1326 1043 1360 stultiloquia

249 1371 383 1397 evertunt,
397 1365 444 1393 sed
457 1370 483 1392 et
497 1367 660 1399 pervertunt.
674 1362 743 1389 Nihil
756 1367 808 1389 tam
820 1368 880 1389 esse
891 1361 937 1388 tibi
946 1369 1043 1389 censeo

251 1401 417 1433 sectandum,
433 1407 512 1433 quant
528 1398 673 1426 silentium.

296 1431 415 1464 CAPUT"
425 1431 494 1462 Xlll.
508 1448 535 1453 —
556 1433 593 1459 De
606 1438 716 1467 tempore
728 1431 844 1467 loquendi
857 1436 880 1458 et
894 1431 1000 1458 latendi.

287 1471 345 1498 Iam
361 1477 431 1497 nunc
445 1474 550 1503 tempus
569 1466 703 1503 loquendi.
724 1474 755 1503 ac
774 1466 876 1494 tacendi
887 1471 990 1503 tempus
999 1466 1042 1503 di-

252 1507 428 1541 stinguamus.
460 1501 610 1541 lgitur_ab’
631 1502 797 1529 Exaltatione
824 1506 924 1541 sancta:
949 1501 1042 1529 Crucis

253 1537 335 1576 usque
347 1540 379 1566 ad
393 1537 627 1576 Quadragesimmn
641 1558 647 1569 ,
669 1541 729 1571 post
745 1537 945 1576 completorium
959 1544 1042 1576 usque

253 1576 284 1603 ad
294 1571 420 1602 auroram
435 1574 570 1601 silentium
586 1577 674 1599 teneat
688 1581 694 1599 :
706 1576 732 1598 et
747 1577 807 1599 tunc
820 1571 889 1599 dicta
905 1571 988 1606 prima
999 1591 1007 1604 ,
1019 1572 1041 1598 si

253 1610 323 1638 aliud
345 1610 379 1637 de
401 1609 494 1636 diurna
516 1607 672 1634 necessitate
694 1607 806 1634 voluerit
829 1614 970 1641 suggerere
984 1615 1041 1633 ser-

254 1646 345 1677 vienti,
361 1644 450 1678 paucis
463 1644 514 1670 hoc
528 1643 605 1669 faciat
616 1642 720 1678 verbis;
737 1641 801 1668 nihil
810 1642 935 1678 cuiquam
951 1645 1042 1675 postea

256 1687 339 1715 usque
352 1676 385 1706 ad
402 1679 504 1715 tertiam
523 1678 653 1715 loquatur.
674 1676 743 1715 Inter
758 1677 979 1715 te_rtia_m_vero__et
993 1684 1042 1702 no-

255 1711 325 1747 nam,
341 1715 382 1741 his
395 1714 440 1749 qui
453 1711 665 1749 supervenerint,
680 1712 752 1749 prius
764 1711 786 1749 si
803 1711 958 1749 admittendi
969 1716 1039 1749 sunt,

253 1746 436 1785 competenter
452 1747 620 1782 respondeat,
633 1752 660 1774 ct
674 1746 811 1785 ministris,
821 1746 889 1781 quod
903 1746 1038 1785 placuerit,

255 1781 382 1820 injurigat.
398 1784 467 1820 Post
482 1781 579 1819 nonam
593 1786 700 1820 sumpto
714 1782 772 1808 cibo
787 1788 866 1820 omne
881 1781 1041 1820 colloquium

254 1816 289 1847 ct'
302 1816 484 1846 dissolutionis
506 1817 643 1844 materiam
665 1820 767 1849 caveat,
791 1823 824 1842 ne
843 1816 1002 1851 impingatur
1017 1816 1041 1843 ei

254 1854 329 1887 illud,
345 1853 414 1888 quod
427 1853 556 1887 scriptum
569 1857 606 1888 est
620 1860 629 1888 _:
644 1851 717 1888 Sedit
732 1851 839 1886 populus
854 1852 1005 1888 nutuducure
1019 1855 1042 1877 et

255 1885 385 1922 bibere-et
404 1885 565 1915 Iurreierunt
580 1886 666 1913 ludere
680 1885 778 1922 (Eajod.
801 1894 882 1920 xxxii,
905 1886 1042 1922 6)._I‘orro

256 1920 408 1959 vespertina
420 1923 496 1959 laude
511 1921 607 1952 soluta,
623 1929 682 1959 cum
696 1921 815 1959 ministra
830 1928 912 1959 u_sque
924 1920 958 1948 ad
973 1925 1040 1947 tem-

256 1955 312 1994 ιιιιέ
318 1958 466 1986 collationis
478 1957 511 1994 de
522 1956 677 1994 necessariis
690 1955 819 1994 εοιιΙξςι-ιιιἒ
837 1956 967 1990 Tempore
978 1963 1042 1994 vero

254 1991 469 2028 Quadragcsimm
488 1992 587 2028 inclusa
609 1998 714 2028 semper
731 1991 865 2028 silentium
885 1995 975 2017 tenere
996 1991 1042 2016 de-

257 2025 330 2057 lieret
343 2037 349 2055 :
362 2025 409 2056 sed
421 2028 480 2062 quia
497 2026 546 2054 hoc
564 2026 658 2053 durum
673 2025 895 2062 impossibileque
915 2029 1040 2062 putatur,

254 2072 314 2092 cum
335 2060 489 2091 confessam
508 2065 593 2089 sumet
616 2061 746 2093 ministra,
771 2060 856 2087 rarius
878 2068 956 2094 quam
982 2060 1041 2088 aliis

256 2098 438 2134 temporibus,
461 2098 595 2134 loquatur;
614 2100 641 2122 et
662 2103 727 2134 cuni
744 2095 816 2121 nullo
825 2094 893 2134 alio,
908 2095 956 2121 nisi
977 2095 1043 2122 forte

256 2130 343 2167 aliqua
358 2130 502 2167 reverenda
517 2138 629 2165 pet-Sona
641 2138 673 2157 ex
685 2130 744 2167 aliis
759 2130 899 2164 provinciis
915 2137 1041 2167 superve-

256 2165 334 2195 nerit.
349 2167 412 2194 Post
426 2166 525 2193 Pascha
541 2173 604 2192 vero
616 2172 698 2199 tmue
712 2165 744 2191 ad
759 2170 862 2199 tempus
878 2165 1041 2199 praedictum,

256 2173 334 2195 nent.
349 2173 412 2194 t'ost
426 2173 525 2193 rascna
541 2173 622 2192 vcrot
640 2173 644 2177 ·
667 2173 698 2192 ue
712 2173 744 2191 aa
759 2173 862 2199 tempus
878 2173 1041 2199 prmutetum,

255 2212 270 2229 a
281 2201 457 2237 completorio
469 2208 552 2237 usque
563 2200 596 2237 ad
609 2173 673 2237 satis
682 2204 773 2237 ortum
785 2199 1041 2237 silentio‘custodito,

256 2245 317 2266 cum
330 2235 422 2264 horam
436 2236 546 2271 pritnam
563 2236 588 2262 in
604 2235 704 2262 diurnis
718 2235 851 2269 obsequiis
860 2235 1041 2267 celebraverit,

256 2281 316 2300 eum
333 2270 459 2299 ministris
470 2271 524 2297 suis
539 2271 660 2304 loquatur
674 2270 695 2296 si
706 2270 867 2304 oportuerit;
878 2277 938 2297 cum
949 2278 1040 2303 super-

255 2307 439 2339 Vctiientibus,
455 2306 523 2333 inter
537 2313 632 2332 nonam
655 2309 681 2332 et
702 2313 847 2338 vesperam.
870 2304 955 2332 Finita
977 2305 1042 2332 hora

255 2340 575 2378 vesperarttin,_dispon:it
588 2347 648 2366 cum
662 2339 788 2367 ministris
798 2339 869 2375 quod
885 2347 952 2375 opus
965 2339 1044 2367 fuerit

256 2375 340 2405 astute
353 2376 386 2403 ad
400 2375 580 2403 collationem.

255 2410 368 2441 CXI’UT
382 2411 451 2438 XIV.
461 2425 497 2431 —-
511 2410 605 2443 Quibus
618 2410 739 2436 exercitiis
754 2410 891 2436 recondunt
904 2418 919 2436 a
933 2410 1044 2437 colendis

444 2445 556 2472 nouemb.
569 2445 602 2471 ad
618 2444 850 2479 Quadrugesimum.

293 2482 340 2510 llis
363 2481 499 2515 inspectis,
515 2480 587 2515 operi
601 2487 741 2511 manuum,
759 2479 864 2506 lectioni
888 2484 915 2506 et
930 2480 1042 2507 orationi

257 2522 331 2545 certa
352 2514 471 2551 tempora
493 2515 661 2549 deputentur.
680 2514 804 2541 Otiositas
826 2515 922 2551 quippe
933 2514 1043 2551 inimica

258 2558 300 2580 est
311 2549 417 2584 animm,
430 2557 509 2586 quam
522 2550 709 2586 prmonmibus
726 2557 826 2586 cavere
838 2549 916 2586 debet
932 2549 1042 2586 inclusa.

257 2587 303 2616 Est
320 2594 391 2614 ctum
405 2584 523 2612 omnium
537 2585 666 2611 malormn
681 2592 784 2619 parens,
802 2584 915 2612 libidinis
929 2584 1021 2612 artifex
1034 2606 1042 2618 ,

258 2622 473 2657 iurrvagntionmn
486 2620 574 2657 altrir,
586 2620 672 2657 nutri;
684 2619 815 2657 vitiorum.
829 2619 1044 2657 fomentumace-

256 2653 317 2688 ὓὶηι,
333 2653 445 2684 tristitiae
466 2655 636 2682 incentivum.
659 2654 714 2689 Ipsa
731 2655 857 2688 pessimas
871 2653 1043 2688 cogitationes

258 2693 381 2722 seminat,
391 2690 543 2718 aﬂcctimtes
553 2690 655 2716 illicitas
665 2690 769 2724 quan-it,
778 2689 887 2716 suscitat
900 2689 1041 2717 desideria.

259 2728 316 2760 Ipsa
338 2725 435 2761 quietis
454 2724 588 2761 fastidium
602 2725 680 2758 parit,
696 2725 831 2761 horrorem
846 2724 939 2761 incutit
955 2725 1041 2761 cellae.

257 2759 395 2796 Nunquam
413 2765 439 2788 te
453 2760 626 2796 improvidam
636 2778 644 2791 ,
666 2759 797 2794 nunquam
811 2763 836 2786 te
849 2759 956 2796 spiritus
970 2760 1043 2796 inve~

257 2796 313 2824 niat
327 2795 449 2823 otiosam.
464 2795 516 2822 Sed
531 2795 591 2830 quia
607 2801 683 2821 mens
700 2799 800 2830 nostra,
812 2802 870 2828 qua:
885 2795 910 2821 in
928 2795 978 2821 hac
989 2795 1041 2821 vita

256 2831 360 2860 subdita
374 2835 415 2858 est
426 2829 545 2860 vanitati,
559 2837 691 2864 nunquam
709 2829 735 2855 in
753 2829 845 2856 eodem
860 2834 928 2856 statu
941 2837 1042 2864 pernm-

256 2871 317 2901 uel;
336 2865 456 2894 otiositas
473 2864 660 2894 exercitiorum
682 2865 808 2892 varietate
823 2864 933 2899 luganda
949 2869 1003 2898 est,
1016 2869 1042 2892 et

962 153 1142 182 APPENDIX.

1818 156 1887 185 H58

1100 211 1175 244 quies
1190 215 1277 237 nostra
1291 215 1405 245 quadam
1419 217 1527 245 operum
1545 211 1727 240 vicissitudine
1741 211 1886 241 fulcienda.

1099 245 1190 280 Itaque
1211 253 1225 271 a
1245 245 1363 283 calendis
1383 246 1535 283 novembris
1551 254 1635 281 usque
1656 247 1689 274 ad
1710 247 1886 283 Quadragesi-

1100 288 1168 307 mam
1183 301 1190 312 ,
1214 280 1357 307 secundum
1378 281 1579 317 restimationem
1593 280 1693 314 suam,
1718 280 1777 317 plus
1796 280 1885 311 m'edia

1100 320 1177 352 nocte
1194 320 1316 352 repauset
1328 324 1334 340 :
1346 315 1420 352 etAsic
1431 323 1541 352 surgens
1559 324 1620 343 cum
1637 325 1687 351 qua
1702 315 1789 352 potest
1803 318 1886 345 devo-

1099 351 1188 382 ti0ne,
1209 349 1353 386 secundum
1375 349 1487 386 formam
1506 351 1614 385 Regula:
1628 349 1709 386 beati
1729 353 1886 386 Benedicti,

1099 389 1241 411 nocturnas
1251 385 1353 419 vigilias
1363 385 1495 417 celebret,
1512 386 1607 420 quibus
1619 394 1678 413 mox
1690 388 1814 415 succedat
1826 385 1887 415 ora;

1099 421 1136 446 tio
1152 428 1158 445 :
1174 420 1317 457 secundum
1330 420 1399 457 quod
1414 421 1604 457 eam»Spiritus
1618 426 1724 457 sanctus
1735 422 1867 457 adjuvet-it
1878 444 1887 455 ,

1098 459 1143 481 aut
1153 454 1283 488 protelare
1295 454 1373 481 debet
1387 459 1433 481 aut
1445 455 1610 482 abbreviarc.
1630 455 1727 484 Caveat
1742 454 1830 485 autem
1853 466 1887 485 ne

1099 489 1227 523 prolixior
1251 490 1335 525 oratio
1359 488 1492 525 fastidium
1516 491 1611 525 pariat.
1632 490 1725 518 Utilius
1747 497 1788 518 est
1813 494 1888 520 enim

1098 525 1195 561 smpius
1205 524 1421 561 orarc_b_rcviter,_
1429 532 1506 561 quam
1517 524 1602 552 Semel
1611 526 1690 553 nimis
1702 527 1803 561 prolixe
1816 536 1822 555 :
1834 527 1886 554 nisi

1099 558 1169 586 forte
1178 559 1290 595 orationi
1301 558 1406 595 devotio
1415 559 1540 594 inspirata
1548 560 1605 594 ipso
1611 558 1754 594 nesciente,
1761 563 1804 595 qui
1813 568 1886 595 orat,

1097 594 1303 632 propagaverit.
1320 594 1391 632 Post
1404 595 1550 621 orationem
1576 595 1601 622 in
1627 595 1754 623 honorem
1770 594 1887 632 Virginis

1096 628 1213 655 debitum
1226 628 1312 655 solvat
1324 628 1450 661 cilicium,
1462 634 1611 657 sanctorum
1620 628 1888 658 commemorationes

1096 663 1232 697 adjiciens.
1245 663 1315 699 Cave
1329 667 1415 690 autent
1432 671 1465 691 ne
1478 664 1511 691 dc
1526 672 1637 692 numero
1651 666 1828 699 l’salmorum,
1844 667 1888 693 vel

1095 698 1355 734 commemoratione,
1377 699 1491 734 aliquam
1507 699 1552 726 tibi
1575 700 1658 734 legem
1678 698 1824 734 imponas}
1838 701 1887 728 sed

1095 733 1220 767 quamdiu
1233 737 1259 760 te
1273 733 1367 759 Psalmi
1380 733 1523 766 delectant,
1540 733 1614 761 utere
1630 735 1691 762 illis.
1712 733 1739 763 Si
1763 736 1809 763 tibi
1830 744 1887 763 cm-

1096 768 1250 805 perintesse
1263 768 1377 805 onerosi,
1393 768 1472 805 transi
1487 769 1519 795 ad
1533 770 1671 797 lectionem
1684 779 1690 796 :
1705 778 1764 805 qua:
1774 771 1795 797 si
1810 770 1887 797 fasti-

1095 802 1167 829 dium
1189 802 1293 839 ingerit,
1310 810 1388 838 surge
1407 803 1440 830 atl
1460 804 1626 831 orationem:
1642 805 1679 831 sic
1697 802 1728 831 ad
1748 812 1815 839 opus
1831 814 1883 832 ma.

1096 845 1187 869 ntuttn,
1197 837 1237 864 his
1246 837 1360 871 fatigata,
1368 839 1557 872 pertransiens,
1565 844 1593 865 ut
1604 839 1701 866 salubri
1709 837 1887 867 alternatioue

1095 872 1215 906 spiritum
1229 880 1345 905 recrees,
1365 877 1392 900 et
1412 873 1494 907 pellas
1508 874 1637 900 acediam.
1659 874 1752 901 Finitis
1767 882 1887 901 comme-

1095 907 1286 944 morationibus
1300 915 1411 942 quarum
1423 915 1560 935 numerum
1577 917 1628 936 non
1642 910 1826 944 propositioni,
1840 911 1884 936 vel

1095 942 1153 978 voci
1183 943 1329 969 necessitas
1353 947 1524 977 extorqueat,
1544 944 1591 970 scd
1616 942 1748 978 inspirans
1775 944 1887 972 devotio

1094 977 1190 1008 dictat;
1204 981 1309 1011 tempus
1320 977 1394 1014 quod
1407 982 1488 1005 restat
1501 986 1588 1014 usque
1602 978 1635 1005 ad
1648 977 1770 1006 auroram
1784 1000 1791 1012 ,
1810 980 1886 1014 operi

1097 1019 1220 1039 mammm
1249 1019 1309 1039 cum
1339 1012 1500 1047 psalmorum
1529 1013 1709 1041 modulatione
1742 1012 1886 1042 deserviat.

1094 1047 1253 1084 Albescente
1265 1054 1359 1084 aurora
1376 1048 1518 1084 matutinas
1530 1048 1620 1075 laudes
1630 1056 1690 1076 eum
1704 1050 1776 1076 bone
1792 1050 1886 1084 prima:

1095 1083 1244 1117 orationum
1266 1082 1370 1117 hymnis
1390 1083 1544 1117 persolvat:
1565 1088 1592 1110 et
1608 1084 1646 1110 sic
1664 1085 1689 1110 iu
1712 1082 1888 1111 alternatione

1094 1116 1249 1149 lectionum,
1266 1116 1431 1144 Psalmorum
1440 1125 1544 1153 quoque
1558 1124 1635 1152 prout
1644 1126 1674 1145 ea
1683 1119 1789 1146 devotio
1797 1120 1886 1146 varia-

1094 1153 1172 1184 verit,
1194 1153 1296 1188 tertiam
1309 1157 1455 1186 exspectet,
1470 1161 1521 1187 qua
1534 1154 1602 1180 dicta
1620 1154 1644 1180 in
1659 1161 1739 1188 opere
1757 1162 1884 1181 manumn

1094 1193 1178 1221 usque
1189 1186 1222 1213 ad
1238 1187 1329 1213 horam
1344 1195 1439 1214 nonam
1452 1186 1604 1221 occupetur.
1620 1186 1687 1215 Cibo
1704 1193 1794 1216 autem
1807 1197 1883 1216 sum-

1095 1226 1141 1256 pto
1155 1226 1181 1249 et
1192 1222 1496 1258 grati:~.rumractionihus
1511 1224 1563 1250 Deo
1577 1223 1686 1254 solutis,
1708 1224 1741 1251 ad
1762 1225 1885 1258 praescri-

1095 1261 1166 1290 ptam
1193 1257 1418 1283 mansuetudinem
1441 1258 1531 1285 redeat
1550 1259 1731 1292 spiritualibus
1749 1257 1885 1286 exercitiis

1094 1299 1160 1326 opus
1171 1293 1308 1326 corporale
1320 1293 1495 1319 intermitteus
1506 1300 1588 1327 usque
1600 1293 1632 1320 ad
1646 1300 1781 1328 vesperas.
1801 1294 1882 1321 Facto

1094 1331 1182 1354 autem
1204 1334 1285 1361 parvo
1309 1327 1449 1354 intervallo
1468 1328 1582 1361 aliquam
1603 1327 1742 1356 lectionem
1760 1329 1794 1356 de
1817 1329 1886 1356 Vitis

1094 1361 1201 1389 Palmm
1213 1362 1254 1389 vel
1268 1362 1394 1389 institutis
1409 1362 1449 1389 vcl
1463 1363 1596 1390 miraculis
1611 1371 1703 1391 eorum
1724 1364 1774 1391 sibi
1793 1372 1885 1391 secre-

1094 1397 1146 1424 tius
1166 1397 1236 1431 legat
1250 1405 1256 1423 :
1271 1401 1299 1423 ut
1314 1402 1371 1423 orta
1387 1405 1419 1424 ex
1439 1397 1482 1424 his
1503 1398 1591 1432 aliqua
1613 1399 1819 1432 compunctione
1831 1419 1839 1430 ,
1858 1399 1884 1426 in

1094 1431 1209 1466 quodam
1223 1431 1325 1459 fervore
1339 1432 1447 1465 spiritus
1464 1431 1665 1466 completorium
1676 1431 1766 1465 dicat;
1782 1438 1810 1460 ut
1822 1442 1884 1460 cum

1094 1468 1173 1503 pleno
1189 1471 1295 1501 pectore
1310 1466 1459 1503 devotionis
1474 1467 1572 1495 lectulo
1588 1469 1704 1495 membra
1717 1473 1859 1503 componat
1875 1477 1883 1495 :

1094 1502 1138 1537 illa
1160 1509 1224 1528 sane
1245 1504 1304 1536 qua:
1324 1502 1425 1528 litteras
1441 1510 1493 1529 non
1511 1503 1647 1537 intelligit,
1663 1503 1736 1537 operi
1757 1502 1883 1531 manuum

1093 1536 1246 1571 diligentius
1260 1537 1372 1563 insistant.
1393 1537 1429 1564 Ita
1451 1543 1479 1564 ut
1497 1546 1557 1564 eum
1581 1536 1706 1572 paulatim
1729 1537 1807 1565 fuerit
1825 1538 1885 1565 fati-

1093 1576 1163 1606 gata,
1178 1575 1267 1605 surgat
1280 1576 1307 1598 ct
1324 1579 1408 1607 genua
1423 1572 1525 1605 ﬂectat,
1545 1577 1571 1600 ct
1591 1574 1705 1600 breviter
1718 1578 1777 1600 oret
1794 1573 1885 1600 Domi-

1095 1614 1156 1633 num
1183 1613 1276 1639 suum,
1305 1612 1331 1634 et
1358 1608 1445 1642 statim
1476 1615 1559 1642 opus,
1586 1608 1656 1642 quod
1684 1608 1882 1640 intermiserat,

1094 1646 1212 1678 resumat
1238 1650 1244 1667 :
1267 1642 1374 1678 etlch
1400 1641 1618 1678 laciatftcmporc
1647 1643 1748 1670 scilicet
1772 1648 1885 1678 utroque

1095 1676 1215 1703 lectionis
1232 1680 1259 1703 ct
1279 1676 1385 1707 laboris,
1412 1677 1574 1704 llominicam
1596 1678 1742 1704 orationem
1764 1676 1883 1705 crebrius

1095 1711 1164 1747 inter
1174 1719 1253 1746 opera
1268 1711 1360 1738 eadem
1374 1717 1515 1746 repetens:
1531 1717 1558 1739 et
1573 1712 1596 1739 si
1615 1720 1682 1747 quos
1701 1713 1816 1747 psalmos
1838 1722 1884 1740 vo-

1094 1746 1183 1775 luerit.
1199 1748 1370 1773 interserens.

1093 1780 1204 1809 CAPUT
1222 1780 1279 1809 XV.
1301 1794 1335 1800 —
1353 1781 1392 1808 De
1409 1782 1530 1808 exercitiis
1549 1790 1565 1808 α
1586 1781 1683 1809 Pascha
1708 1782 1742 1809 ad
1761 1783 1881 1810 calendas

1414 1817 1561 1843 novembris.

1128 1851 1151 1878 Α
1167 1850 1266 1878 Pascha
1279 1858 1342 1878 vero
1352 1857 1436 1884 usque
1448 1859 1479 1878 ac
1490 1852 1627 1886 praedictas
1636 1852 1758 1879 calendas
1770 1853 1809 1880 sic
1823 1859 1884 1879 sur-

1093 1891 1138 1920 gat
1151 1886 1184 1912 ad
1200 1886 1315 1920 vigilias,
1332 1890 1360 1912 ut
1375 1886 1455 1913 liuitis
1470 1888 1606 1914 nocturnis
1622 1887 1723 1920 hymnis
1736 1894 1762 1915 et
1778 1888 1881 1914 Oratio-

1095 1921 1189 1957 nibus,
1213 1921 1369 1957 parvissimo
1390 1922 1534 1957 intervallo
1555 1923 1711 1957 pra-misso,
1740 1923 1883 1949 matutinas

1094 1956 1214 1996 incipiat.
1225 1956 1325 1988 Quibus
1337 1956 1543 1996 expletisusque
1556 1956 1587 1983 ad
1603 1958 1706 1996 plcinnn
1722 1958 1783 1996 solis
1796 1963 1883 1985 ortqu

1093 1990 1256 2018 orationibus
1270 1995 1345 2018 vaec-t
1359 1996 1386 2018 et
1399 1990 1522 2025 psalmis,
1539 1997 1564 2019 et
1580 1990 1640 2019 tunc
1656 1993 1724 2019 dicta
1741 1994 1823 2026 prima
1839 2000 1883 2018 sa-

1094 2025 1320 2062 criﬁciumrdiurni
1335 2027 1422 2061 operis
1437 2027 1560 2059 inchoet,
1578 2035 1661 2062 usque
1675 2028 1707 2054 ad
1723 2027 1813 2054 horam
1829 2032 1883 2054 ter-

1094 2061 1173 2088 tiam:
1184 2061 1209 2088 in
1224 2061 1335 2097 lectione
1347 2067 1373 2088 ct
1383 2062 1502 2089 oratione
1512 2070 1595 2097 usque
1605 2061 1637 2089 ad
1648 2068 1749 2089 sextam
1762 2062 1883 2096 spiritum

1094 2100 1216 2130 occupet.
1231 2096 1295 2123 Post
1309 2101 1409 2123 sextam
1430 2103 1536 2131 sumpto
1549 2097 1623 2128 cibo,
1638 2101 1732 2131 pausct
1747 2098 1772 2124 in
1788 2097 1884 2124 lectulo

1094 2138 1143 2158 suo
1155 2138 1238 2165 usque
1252 2131 1284 2157 ad
1299 2139 1394 2158 nonam
1409 2139 1415 2157 :
1432 2136 1459 2159 et
1471 2132 1510 2158 sic
1519 2130 1606 2166 'usque
1622 2130 1656 2158 ait
1671 2140 1806 2166 vesperam
1824 2141 1881 2158 ma-

1095 2165 1173 2192 nibus
1185 2171 1318 2201 Operetur.
1332 2166 1395 2192 Post
1406 2174 1543 2201 vesperam
1557 2165 1620 2193 vero
1631 2165 1794 2194 orationibus
1807 2173 1883 2194 vacet

1095 2201 1260 2241 ct_psalmis,
1277 2200 1369 2241 horam
1381 2200 1531 2241 collationis
1548 2202 1582 2228 ita
1596 2206 1763 2241 temperans,
1780 2206 1808 2228 ut
1822 2207 1882 2241 ante

1095 2236 1159 2271 solis
1178 2243 1302 2263 occasum
1323 2236 1435 2263 lectulus
1453 2237 1570 2264 membra
1591 2237 1709 2271 recipiat.
1730 2237 1881 2264 Cavendum

1095 2270 1166 2297 eiiim
1180 2274 1221 2298 est
1235 2271 1306 2297 omni
1323 2275 1440 2305 tempore
1454 2279 1486 2298 ne
1499 2276 1579 2298 totam
1593 2270 1741 2299 dici'lucem
1757 2279 1822 2303 nos,
1834 2280 1882 2298 an-

1097 2310 1200 2340 tequam
1214 2305 1355 2332 dormitum
1370 2310 1422 2336 eat,
1436 2308 1491 2333 suis
1504 2307 1618 2334 obducat
1632 2307 1750 2334 tenebris
1760 2327 1767 2339 ,
1782 2312 1808 2334 et
1820 2307 1882 2334 dor-

1096 2341 1162 2368 mire
1174 2345 1283 2376 cogatur
1295 2348 1353 2376 eum
1365 2341 1472 2376 vigilare
1485 2342 1572 2369 debet.

1172 2374 1283 2403 CAPUT
1295 2374 1365 2404 XVI.
1426 2376 1464 2402 De
1478 2376 1687 2411 quadragesima]!
1696 2376 1806 2412 jejunio.

1131 2410 1168 2446 De
1183 2415 1300 2444 tempore
1317 2410 1536 2446 quadragesima“
1551 2410 1679 2443 locuturi,
1695 2410 1782 2446 primo
1791 2412 1881 2440 excel-

1096 2444 1204 2472 lentiam
1219 2445 1277 2479 ejus
1298 2444 1432 2473 credimus
1452 2444 1703 2474 commendandam:
1715 2447 1780 2473 (lum
1799 2447 1883 2474 multa

1096 2479 1375 2516 suntCliristiauorum
1387 2481 1495 2515 jejunia,
1513 2481 1635 2508 omnibus
1649 2482 1754 2509 excellit
1767 2483 1883 2516 quadra-

1095 2515 1220 2549 gesimalc
1230 2515 1357 2549 jejunium
1369 2536 1377 2548 ,
1393 2516 1463 2550 quod
1478 2516 1565 2543 divina
1583 2517 1740 2543 auctoritate
1758 2515 1811 2543 non
1826 2518 1883 2543 sitt-

1096 2550 1163 2584 gulis
1186 2551 1394 2585 quibuscumque
1415 2553 1553 2585 personis,
1576 2559 1631 2578 non
1655 2551 1725 2579 illius
1747 2552 1789 2579 vel
1813 2552 1883 2578 illius

1096 2584 1200 2612 ordinis
1208 2584 1368 2618 hominibus,
1380 2584 1426 2613 sed
1441 2587 1564 2613 omnibus
1578 2586 1702 2614 indicitur
1715 2587 1882 2614 Christianis.

1096 2620 1179 2657 liabet
1191 2625 1293 2657 autem_
1293 2621 1471 2657 testimonium
1483 2621 1647 2657 excellentia;
1659 2629 1673 2647 a
1688 2621 1773 2657 Lege,
1786 2629 1801 2648 a
1817 2621 1883 2648 Pro-

1096 2655 1183 2689 phetis
1192 2655 1263 2691 etab
1274 2655 1424 2689 Evangelo.
1436 2656 1501 2683 Nam
1514 2656 1616 2691 Moyses
1630 2655 1742 2683 famulus
1755 2657 1802 2684 Dei
1812 2657 1883 2691 jeju-

1096 2690 1167 2726 navit
1179 2690 1350 2726 quadraginta
1364 2690 1456 2718 diebus
1471 2695 1497 2718 et
1516 2690 1687 2726 quadraginta
1703 2692 1838 2724 noctibus,
1854 2695 1882 2717 ιιι

1097 2725 1181 2758 legem
1197 2725 1299 2752 Domini
1311 2726 1431 2760 accipere
1448 2725 1602 2753 mereretur.
1619 2725 1707 2753 llelias
1720 2731 1807 2753 autem
1823 2733 1884 2760 pro-

1095 2760 1174 2795 pheta
1188 2767 1248 2787 cum
1261 2760 1446 2788 manducassct
1456 2761 1489 2788 de
1499 2768 1566 2795 pane
1575 2761 1761 2793 subcincricio,
1776 2769 1885 2795 aquam-

1096 2803 1147 2829 quc
1163 2795 1280 2827 bibisset,
1292 2803 1370 2830 quam
1381 2796 1489 2830 angelus
1499 2797 1523 2823 ei
1534 2797 1729 2823 ministravcrat
1738 2804 1745 2827 ;
1755 2796 1885 2830 jejunavit

1096 2830 1276 2866 quadraginkr
1287 2830 1378 2866 diebus
1400 2836 1427 2858 et
1439 2832 1608 2866 quadraginta
1629 2831 1766 2862 noctibus,
1781 2836 1808 2857 ct
1823 2836 1884 2858 tunc

1097 2872 1190 2892 vocem
1204 2865 1307 2893 Domini
1318 2865 1408 2894 audire
1420 2865 1572 2901 promeruit.
1586 2866 1712 2893 Dominus
1725 2871 1751 2893 et
1762 2866 1884 2893 Salvator
