4138 6364
395 381 531 439 “57

395 505 574 568 noster
589 509 708 549 cum
726 491 980 568 jejunavit
993 491 1333 561 quadraginta
1355 489 1540 544 diebus
1555 496 1608 542 et
1621 487 1966 568 quadraginta

397 566 660 631 noctibus,
691 557 963 632 superavit
989 557 1322 627 tentatorem,
1349 569 1403 615 et
1425 557 1760 615 accesserunt
1780 557 1968 628 Angeli

398 645 453 692 et
477 631 844 691 ministrabant
867 631 938 688 ei.

497 704 720 759 CAPUT
746 703 906 758 XVII.
930 732 1002 742 —-
1025 699 1353 771 Persequitur
1376 699 1438 752 de
1465 699 1858 770 virtutejejuuii.

465 776 560 830 Est
583 789 711 844 ergo
723 773 980 844 jejunium
1006 770 1198 844 contra
1211 770 1389 844 omnia
1415 777 1732 844 tentainenta
1751 779 1812 844 _et
1836 783 1967 844 pec-

395 845 621 901 cabilem
645 838 865 897 statum.
899 841 956 896 In
986 840 1128 894 omni
1159 840 1495 895 tribulatione
1532 839 1658 893 utile
1683 838 1964 908 refugium,

394 915 638 970 omnibus
682 912 878 968 nostris
920 910 1279 980 irrefragabile
1319 909 1699 980 fulcimentum.
1743 908 1967 980 Quanta:

392 995 569 1040 autem
600 983 808 1038 virtutis
850 982 918 1036 sit
947 977 1204 1051 jejunium
1237 982 1348 1050 ipse
1370 979 1614 1034 Christus
1654 995 1755 1051 non
1786 977 1963 1044 tacuit,

391 1069 487 1110 cur
515 1054 809 1108 dazmonem
839 1053 926 1121 qui
950 1049 1267 1106 Vlunaticum’
1291 1051 1584 1121 invaserat,
1623 1049 1820 1118 ejicere
1859 1063 1964 1102 non

390 1132 694 1195 potuerunt.
725 1121 836 1176 Hoc
858 1120 1036 1195 genus,
1065 1122 1265 1195 inquit,
1293 1120 1655 1195 dgmouioruni
1666 1135 1781 1195 Iron
1809 1126 1966 1188 potest

389 1187 531 1272 ἓῘῑιλί,Δ
553 1187 978 1272 ξζξῇιερςςζᾷοηε
1004 1199 1052 1272 ει
1072 1187 1274 1272 jejunio
1303 1187 1751 1272 (dlurcgtxn‘ﬁs).

459 1263 685 1318 CAPUT
711 1261 980 1317 XVIII.—
993 1258 1446 1330 De’signiﬁcatiane
1463 1258 1889 1330 Quadragesimaz.

460 1334 609 1388 Licet
647 1343 821 1388 autem
851 1329 1340 1400 religionis’comes
1373 1344 1585 1398 semper
1616 1329 1808 1383 debeat
1847 1342 1966 1400 esse

385 1403 664 1474 jejunium,
687 1403 801 1474 sine
825 1416 930 1474 quo
954 1397 1168 1474 casulas
1207 1407 1461 1474 tutaiesse
1487 1397 1590 1453 non
1621 1407 1819 1474 putest;
1853 1397 1966 1452 lia-c

390 1469 567 1551 tamen
588 1469 1376 1551 quadragesimaiisobseryatio
1397 1485 1649 1551 magnum
1673 1470 1724 1551 in
1754 1484 1812 1523 se
1839 1483 1966 1522 con-

390 1545 524 1598 tinet
550 1539 960 1598 sacramentum.
991 1540 1200 1596 Primus
1230 1540 1376 1594 locus
1397 1539 1738 1594 habitationis
1768 1548 1964 1593 nostra:

389 1612 663 1680 paradisus
690 1613 806 1667 fuit.
829 1610 1104 1666 Secundus
1127 1610 1352 1665 mundus
1374 1610 1469 1664 iste
1491 1609 1676 1678 plenus
1691 1609 1962 1680 aerumnis.

387 1678 600 1739 Tertius
625 1683 676 1737 in
704 1681 839 1737 caalo
866 1697 985 1736 cum
1009 1680 1224 1751 Angelis
1243 1690 1296 1735 et
1323 1680 1622 1749 Spiritibus.
1653 1678 1965 1750 Signiﬁcant

387 1763 564 1808 autem
609 1753 695 1808 isti
737 1751 1077 1821 quadraginta
1119 1751 1234 1821 dies
1281 1759 1445 1804 totum
1485 1759 1719 1821 tempus,
1765 1763 1966 1821 cntinuo

389 1823 576 1905 pulsus
602 1833 684 1905 est
708 1819 871 1905 Adam
894 1819 969 1905 de_
990 1820 1231 1905 paradiso
1255 1835 1421 1905 usque
1441 1820 1504 1872 ad
1527 1820 1774 1905 ninnium
1795 1819 1960 1905 diem,

389 1890 442 1948 in
476 1908 582 1963 quo
608 1894 760 1962 plene
789 1891 1156 1963 liberabuntur
1182 1890 1249 1963 ab
1293 1891 1392 1963 hoc
1429 1890 1635 1963 exsilio,
1669 1890 1761 1963 llic
1785 1897 1960 1963 autem

388 1958 572 2018 simius
601 1958 653 2017 in
682 1963 887 2024 timore,
911 1961 962 2014 in
985 1960 1187 2026 labore,
1212 1960 1262 2012 in
1292 1959 1496 2024 dolore,
1525 1960 1742 2028 projecti
1772 1975 1801 2012 a
1831 1958 1966 2014 facie

389 2033 665 2089 oculorum
711 2033 844 2097 Dei,
874 2031 1072 2086 exclusi
1101 2045 1130 2084 a
1158 2030 1362 2101 gaudiis
1398 2029 1658 2101 paradisi,
1695 2029 1860 2101 jejuni
1897 2029 1966 2101 ab

388 2104 642 2157 alimento
670 2102 871 2157 cmlesti
901 2118 914 2152 :
943 2097 1370 2168 semper'autem
1401 2097 1668 2154 debemus
1698 2097 1838 2153 hanc
1867 2100 1966 2153 mi-

387 2174 583 2228 seriam
611 2181 844 2226 nostram
879 2171 1238 2234 considerare,
1279 2179 1334 2224 et
1360 2170 1661 2238 deplorare,
1699 2177 1756 2224 et.
1782 2177 1963 2224 osten-

389 2243 516 2298 dere
543 2243 596 2314 in
618 2241 1086 2314 operibusinostris
1113 2241 1458 2314 quod_sumus
1492 2239 1708 2294 advena:
1733 2248 1788 2314 et
1806 2254 1964 2309 pere-

391 2314 527 2381 grini
549 2313 600 2367 in
621 2308 836 2366 mundo.
861 2309 963 2365 Sed
981 2311 1102 2376 quia
1126 2308 1225 2364 hoc
1241 2309 1396 2365 facile
1417 2326 1519 2364 non
1543 2319 1715 2380 potest
1736 2308 1964 2364 humana

392 2383 662 2454 fragilitas,
683 2382 962 2454 constituit
997 2381 1223 2454 Spiritus
1251 2394 1467 2454 sanctus
1485 2381 1703 2454 tertium
1730 2389 1961 2454 uam_pus,

391 2449 499 2521 quo
517 2453 566 2507 id
595 2453 866 2514 faciamus,
891 2461 946 2506 et
964 2449 1217 2521 quasdam
1234 2450 1632 2504 observationes
1655 2451 1706 2504 in
1730 2449 1965 2521 Ecclesia

392 2520 506 2577 licri
525 2523 808 2587 ordinavit,
829 2521 1018 2591 quibus
1039 2520 1204 2591 ipsius
1225 2521 1478 2591 temporis
1497 2535 1708 2574 causam
1737 2520 1968 2573 animad-

393 2601 603 2648 vertere
631 2587 916 2646 valeamus.
949 2587 1076 2645 Nam
1110 2589 1198 2644 ubi
1227 2587 1458 2645 ostendit
1497 2604 1592 2643 nos
1624 2591 1802 2658 pulsos
1825 2605 1962 2655 esse,
1993 2587 2000 2590 ’

391 2663 628 2730 adiectos
665 2662 821 2716 morti
866 2670 1082 2731 pr0pter
1108 2658 1510 2731 verbumiquud
1543 2659 1676 2731 dixit
1717 2659 1967 2714 Dominus

392 2729 471 2786 ad
487 2731 678 2799 Adam,
699 2746 818 2784 cum
842 2729 977 2784 eum
1004 2730 1294 2796 expelleret
1323 2729 1401 2783 de
1422 2730 1697 2799 paradiso;
1734 2745 1854 2782 cum
1885 2731 1964 2783 ci-

396 2817 584 2856 nerum
610 2800 920 2870 aspersione
940 2799 1130 2853 dicitur
1145 2799 1328 2870 nobis,
1353 2799 1528 2853 Pulvis
1548 2815 1619 2864 es,
1643 2809 1690 2870 et
1718 2800 1770 2852 in
1801 2799 1971 2868 pulve-

394 2888 501 2949 rem
527 2867 966 2949 reuertqiﬁlien.
992 2885 1069 2931 ut,
1256 2867 1332 2949 Ut_
1357 2870 1586 2949 sciamus
1610 2867 1809 2949 etiam,
1829 2869 1969 2937 quod

397 2943 449 2996 in
481 2941 582 2996 hoc
599 2941 791 2996 exsilio
815 2937 1039 3009 negatur
1069 2937 1219 2993 nobis
1241 2938 1372 2992 visio
1395 2937 1507 3009 Dei,
1539 2939 1853 3009 appenditur
1878 2955 1968 2992 ve.-

398 3012 504 3065 lum
532 3011 670 3065 iuter
689 3024 788 3065 nos
816 3018 870 3064 et
894 3007 1074 3064 sancta
1093 3017 1418 3062 sanctorum.
1451 3007 1642 3062 Verum
1675 3017 1730 3061 ut
1755 3007 1973 3065 reduca-

397 3096 515 3134 mus
561 3079 627 3134 ad
676 3080 1022 3144 memoriam,
1061 3077 1201 3146 quod
1247 3078 1405 3146 longe
1452 3093 1636 3133 smnus
1678 3078 1745 3132 ab
1788 3093 1971 3132 eorum

397 3152 651 3204 societate
685 3149 754 3205 de
777 3150 968 3219 quibus
1011 3149 1262 3217 scriptum
1309 3156 1430 3219 est;
1457 3146 1600 3201 Beati
1625 3149 1712 3218 qui
1748 3148 1974 3202 habitant

399 3222 452 3274 in
485 3220 635 3273 domo
659 3229 776 3284 tua,
797 3217 1058 3282 Domine;
1085 3220 1137 3271 in
1163 3217 1349 3272 uacula
1375 3217 1671 3272 saeculorum
1697 3219 1975 3272 laudabunt

401 3299 446 3342 te
471 3289 490 3359 (
517 3289 656 3344 Psal.
689 3304 882 3359 nsunt
902 3330 916 3352 ,
948 3288 1051 3357 5);
1082 3290 1331 3359 usitatum
1360 3289 1575 3359 verbum
1605 3288 1775 3359 laudis
1803 3288 1972 3343 inter—

401 3356 679 3414 mittimus.
702 3358 854 3424 Quod
881 3356 1008 3413 vero
1037 3372 1134 3412 nos
1159 3359 1272 3426 ipso
1299 3356 1400 3412 hoc
1420 3357 1593 3412 altiori
1618 3358 1822 3426 jejunio
1847 3374 1976 3413 con-

398 3429 726 3498 stringimur,
761 3429 1028 3482 recordari
1059 3428 1326 3498 nosifacit,
1354 3427 1494 3496 quod
1525 3428 1576 3482 in
1604 3428 1704 3483 hac
1728 3429 1831 3484 vita
1861 3443 1974 3484 coe-

399 3499 518 3553 lesti
542 3496 694 3568 ‘pane
721 3513 826 3553 non
855 3498 1128 3568 satiamur.
1161 3496 1343 3568 Inbue
1367 3512 1494 3565 ergo
1534 3506 1770 3562 tempore
1801 3499 1976 3553 omnis

399 3567 725 3623 ehristianus
743 3567 941 3637 aliquid
966 3567 1164 3622 addere
1187 3567 1379 3621 dicitur
1401 3568 1572 3624 solitis
1598 3568 1864 3637 obsequiis
1879 3610 1894 3634 ,
1923 3578 1977 3623 et

401 3639 706 3708 diligentius
721 3646 877 3707 atque
898 3638 1222 3708 frequentius
1244 3637 1380 3691 circa
1402 3637 1578 3708 cordis
1597 3646 1651 3691 et
1673 3640 1780 3692 oris
1801 3647 1978 3692 custo-

401 3707 542 3762 diam
558 3709 822 3776 occupari.
839 3707 943 3763 Sed
962 3707 1160 3767 inclusa
1179 3707 1404 3760 maxime
1420 3707 1765 3762 institutionis
1783 3717 1978 3777 tempo-

402 3779 476 3847 ris
509 3778 664 3847 hujus
681 3778 934 3832 rationem
965 3778 1130 3833 multo
1151 3777 1339 3832 melius
1355 3777 1618 3846 intelligit,
1639 3785 1836 3846 quanto
1856 3793 1974 3832 cam

402 3845 456 3900 iu
485 3845 692 3916 propria
713 3847 818 3901 vita
833 3863 926 3901 sua
942 3847 1244 3915 expressius
1263 3845 1613 3915 recognoscit.
1632 3845 1687 3902 In
1710 3847 1792 3901 his
1809 3849 1980 3916 proin-

402 3916 473 3970 de
497 3918 663 3972 sacris
682 3917 1007 3972 orationibus
1029 3917 1222 3987 quibus
1243 3916 1453 3970 Christo
1482 3917 1688 3984 placere
1716 3918 1980 3987 praecipue

402 3987 766 4041 desideramus
787 4027 802 4052 ,
832 3993 994 4042 totam
1033 4001 1092 4041 se
1123 3987 1232 4040 Deo
1256 3993 1444 4040 voveat
1481 3998 1638 4054 atque
1664 3988 1975 4042 sanctilicet.

402 4055 600 4115 Omnes
627 4055 1095 4128 deliciasrespuat,
1127 4069 1313 4128 omnes
1337 4054 1798 4128 confabulationes
1824 4057 1978 4128 abju-

402 4134 524 4190 ret;
555 4133 609 4180 et
634 4125 787 4195 quasi
809 4125 922 4179 dies
947 4123 1246 4195 nuptiarum
1277 4123 1381 4195 hoc
1411 4132 1619 4195 tempus
1649 4123 1977 4195 existimans,
2030 4147 2032 4149 ν

402 4195 469 4250 ad
495 4193 769 4265 amplexus
786 4195 980 4250 Christi
1001 4193 1142 4248 Omni
1168 4193 1418 4265 aviditate
1433 4193 1686 4265 suspiret.
1712 4194 1981 4265 Frequen-

404 4265 510 4321 tius
529 4263 685 4319 solito
709 4266 978 4321 incumbat
1001 4264 1250 4324 orationi,
1273 4263 1511 4318 crebrius
1529 4279 1588 4318 se
1611 4263 1981 4332 pedibus'Jesu

403 4343 724 4405 prosternat,
755 4334 940 4405 crebra
973 4334 1200 4388 nominis
1227 4333 1365 4386 illius
1389 4334 1700 4402 repetitione
1727 4350 1983 4405 compun-

403 4403 634 4473 etiouem
660 4403 873 4462 excitet.
905 4405 1164 4473 lacrymas
1193 4413 1474 4473 provocet,
1505 4418 1598 4458 cor
1624 4405 1690 4458 ab
1711 4403 1866 4461 onmi‘
1892 4422 1983 4461 va-

403 4472 614 4544 gaiioue
643 4483 963 4544 compescat.
994 4472 1181 4528 Finitis
1199 4472 1385 4544 itaque
1404 4474 1570 4544 sacris
1585 4474 1787 4544 vigiliis
1821 4475 1984 4530 inter-

405 4543 624 4614 vallum,
653 4543 793 4614 quod
823 4558 866 4614 a7
884 4544 1159 4614 nocturnis
1186 4543 1433 4614 laudibus
1455 4543 1642 4598 dividit
1661 4543 1978 4613 matutinas,

404 4613 630 4683 orationi
654 4613 710 4667 et
752 4613 1079 4668 meditationi
1105 4613 1390 4669 observiat.
1430 4614 1680 4683 Dictaque
1720 4624 1838 4683 post
1866 4631 1980 4668 ma-

406 4681 808 4753 tutinashprima
849 4698 1014 4753 usque
1049 4683 1114 4738 ad
1161 4685 1368 4753 plenam
1409 4681 1618 4739 tertiam
1663 4681 1877 4753 psalmis
1920 4701 1984 4742 ac

406 4750 720 4823 lectionibus
744 4761 914 4805 vacet.
932 4750 1140 4823 Tertia;
1163 4750 1294 4808 vero
1317 4752 1464 4808 horae
1501 4750 1678 4809 Iaude'
1697 4756 1980 4823 completa,

405 4820 552 4891 operi
579 4834 828 4874 manuum
851 4837 1013 4890 usque
1032 4821 1099 4875 ad
1121 4821 1302 4876 horam
1325 4838 1517 4876 nonam
1537 4823 1730 4878 devota
1753 4820 1980 4891 insistat,

407 4889 596 4965 breves
639 4905 734 4958 per
770 4889 1046 4946 intervalla
1069 4891 1621 4965 orationesinserens
1650 4895 1825 4948 :dicta
1865 4889 1986 4965 post

406 4958 755 5034 hoc__vc3pera
781 4975 975 5026 corpus
998 4960 1218 5027 reﬁciet,
1245 4970 1298 5014 et
1322 4959 1400 5015 sic
1423 4970 1626 5031 tempus
1653 4958 1984 5034 cOtnplciorii

410 5029 640 5100 psallens
666 5038 957 5100 ἐξερεειθιι

407 5098 632 5155 CAPUT
672 5098 814 5154 XIX.
856 5129 929 5140 -—
960 5098 1039 5154 Dc
1208 5109 1256 5180 et
1295 5109 1441 5169 potus
1468 5103 1707 5171 qualitate
1745 5113 1792 5158 et
1819 5121 1979 5173 quau—

1115 5179 1268 5223 litate.

476 5239 594 5311 lam
633 5237 702 5311 de
737 5238 838 5311 cibi
864 5247 919 5292 et
956 5246 1110 5311 potus
1135 5240 1387 5309 qualitate
1427 5241 1510 5296 vel
1548 5242 1875 5311 quantitate,
1917 5261 1982 5300 ex

405 5307 692 5390 abundanti
712 5309 924 5390 quidem
951 5309 1041 5363 tibi
1061 5307 1227 5390 legem
1251 5311 1544 5380 imponere,
1568 5307 1737 5378 soror,
1769 5307 1886 5384 qua:
1917 5314 1985 5369 ab

406 5377 519 5449 ipsa
554 5377 994 5450 infantiausque
1035 5377 1470 5434 ad'senectutem
1494 5421 1510 5442 ,
1553 5397 1671 5450 qua:
1714 5377 1850 5438 nunc
1898 5392 1982 5438 tua

407 5447 644 5502 membra
672 5447 934 5521 debilitat,
965 5450 1274 5521 parcissime
1297 5451 1418 5504 cibo
1443 5451 1526 5504 vix
1556 5447 1750 5521 corpus
1777 5465 1986 5509 susten-

409 5523 490 5570 tas
521 5534 535 5570 :
566 5533 662 5587 pro
685 5518 804 5588 aliis
831 5532 950 5572 cum
977 5520 1166 5588 quibus
1197 5519 1246 5574 id
1274 5521 1401 5574 utile
1437 5518 1668 5574 futurum
1698 5525 1981 5587 arbitrans,

407 5586 606 5659 certam
644 5588 713 5642 de
742 5586 827 5659 his
853 5586 1199 5657 praescribere
1243 5590 1475 5659 regulam
1521 5591 1753 5645 tentabo.
1794 5586 1984 5648 Beatus

406 5655 723 5728 Benedictus
748 5655 934 5712 libram
969 5659 1117 5728 panis
1154 5667 1207 5728 et
1251 5655 1515 5728 lien'iinam
1556 5671 1709 5727 potus
1745 5664 1986 5718 concedit

407 5727 672 5804 monacho
693 5745 709 5804 ξ
735 5729 876 5798 quod
895 5727 998 5804 nos
1024 5727 1244 5783 inclusis
1258 5727 1665 5804 delicatioribus
1678 5747 1807 5804 non,
1827 5748 1986 5804 nega-

407 5810 562 5862 mus;
588 5797 1012 5856 adolcSrentibus
1041 5807 1219 5857 tamen
1256 5798 1308 5855 in
1347 5813 1570 5870 corpore
1611 5803 1843 5859 robustis
1863 5797 1985 5871 [ab

1645 376 1734 432 DE
1775 374 1930 430 VITA
1972 370 2362 434 EREMITICA.

3513 373 3648 432 M38

2075 487 2220 541 omni
2266 485 2406 556 quod
2449 485 2708 556 inebriare
2754 494 2958 555 potest,
3005 485 3268 542 abstinere
3311 489 3646 546 utilissimum

2075 568 2176 629 est.
2211 555 2406 611 Panem
2434 555 2653 629 nitidum
2681 558 2904 629 eti-ibes
2931 557 3213 629 delicatos,
3243 560 3392 627 quasi
3423 560 3648 629 impudi-

2074 627 2210 680 citia:
2247 643 2503 681 venenum
2531 627 2707 681 evitet.
2738 626 2827 680 Sic
2855 627 3152 682 necessitati
3192 626 3432 688 consulat
3455 670 3467 690 .
3500 626 3554 684 ut
3593 641 3646 686 ct

2074 694 2267 769 famem
2291 697 2532 769 repellat,
2565 698 2933 769 etiappetitnm
2972 712 3074 751 non
3116 697 3289 769 satiet.
3323 698 3500 768 itaque
3529 715 3646 769 qua:

2073 766 2138 836 ad
2187 766 2553 836 perfectiorem
2592 766 2990 822 abstinentiam.
2994 767 3248 836 progredi
3294 766 3645 836 non‘vale'nt,

2073 835 2223 919 libra.
2248 837 2398 919 panis
2422 845 2497 919 ct_
2515 837 2720 919 hemina
2749 835 3163 919 lautioris-potus
3192 847 3473 919 punientur
3502 835 3644 919 siuti

2072 908 2185 962 sive
2210 907 2290 961 his
2311 907 2616 970 comedunt,
2642 907 2754 960 sive
2779 909 2969 961 semel.
2988 907 3160 962 Unum
3191 908 3416 962 habeant
3441 908 3510 962 de
3535 910 3648 965 ole-

2073 978 2224 1032 ribus
2249 977 2346 1047 vel_
2372 975 2722 1047 leguminibus
2753 977 3076 1045 pulmentum
3101 1019 3116 1040 ,
3145 977 3226 1031 vel
3256 989 3399 1032 certe
3425 978 3492 1032 de
3526 979 3650 1032 lari-

2073 1048 2283 1118 naceis.
2312 1045 2407 1101 Cui
2428 1045 2710 1118 'modicum
2755 1047 2856 1118 ulei
2879 1048 3005 1118 ,δἐι
3039 1047 3210 1118 butyri
3243 1049 3319 1102 vel
3347 1048 3496 1103 Iactis
3523 1049 3646 1118 inji-

2071 1117 2246 1183 ciens,
2274 1117 2373 1171 hoc
2401 1117 2736 1172 condimento
2767 1116 3030 1170 faStidium
3070 1116 3308 1186 repellat.
3347 1120 3410 1172 lit
3443 1121 3540 1172 hoc
3565 1116 3635 1184 ei,

2071 1187 2114 1240 si
2146 1202 2206 1240 ea
2234 1188 2318 1241 die
2345 1197 2614 1242 comatum
2642 1196 2738 1251 est,
2772 1186 3017 1241 sufficiat.
3045 1187 3124 1241 Ad
3157 1203 3362 1242 coenam
3400 1204 3525 1244 vero
3551 1205 3644 1251 pa-

2071 1271 2188 1311 rum
2233 1258 2382 1311 laetis
2410 1257 2510 1312 sibi
2550 1257 2632 1311 vel
2671 1257 2828 1326 piscis
2870 1256 3168 1322 modicum,
3203 1258 3282 1312 vel
3319 1259 3513 1325 aliquid
3546 1256 3644 1316 lut-

2067 1327 2296 1394 jusmodi
2341 1328 2382 1380 si
2429 1336 2620 1397 praesto
2659 1327 2846 1387 fuerit,
2876 1337 3128 1397 apponat.
3161 1327 3275 1383 Uno
3311 1344 3505 1397 genere
3543 1331 3642 1384 eihi

2070 1407 2314 1468 eimtenta
2336 1413 2455 1451 eum
2481 1398 2648 1466 pomis
2669 1407 2722 1452 et
2738 1398 2914 1452 herbis
2940 1397 3138 1461 crudis,
3165 1400 3206 1452 si
3231 1415 3359 1468 quas
3382 1399 3642 1466 habuerit,

2073 1467 2184 1520 luce
2213 1468 2321 1534 ipsa
2361 1468 2404 1520 si
2447 1469 2612 1522 semel
2657 1469 2949 1540 comederit
2978 1469 3034 1540 iu
3073 1468 3191 1534 die,
3222 1467 3490 1537 pra-libato
3534 1472 3646 1540 pul-

2071 1545 2250 1591 nn-nto
2278 1551 2498 1605 possunt
2525 1539 2736 1606 apponi.
2767 1538 2820 1592 ln
2851 1538 3038 1607 vigiliis
3064 1548 3364 1594 sanctorum
3393 1538 3563 1594 tamen
3593 1552 3647 1595 et

2069 1607 2305 1673 Quatuor
2330 1607 2647 1675 'l‘empornm
2675 1607 2908 1677 ji-jttniis,
2938 1609 3174 1662 omnium
3199 1610 3358 1664 etiam
3390 1608 3636 1664 feriarum

2067 1689 2249 1799 guarta
2277 1686 2331 1730 et
2363 1687 2540 1743 sexta,
2571 1686 2722 1730 extra
2753 1678 3250 1748 Quinquagesimam
3287 1679 3338 1732 in
3374 1680 3492 1734 cibo
3518 1697 3646 1749 qua-

2109 1748 2397 1799 raeesimali
2427 1746 2641 1799 ieiunet.
2666 1746 2719 1799 In
2747 1748 3155 1799 (lnadrauesima
3182 1764 3309 1799 vero
3331 1765 3490 1799 unum
3516 1766 3646 1799 filio-

2109 1748 2397 1819 ragesimali
2421 1746 2644 1819 jejtmet.
2666 1746 2719 1800 In
2747 1746 3155 1818 Quadragcsima
3182 1764 3309 1802 vero
3331 1765 3490 1803 unum
3516 1746 3648 1819 quo-

2070 1816 2196 1889 tidie
2229 1817 2278 1889 ci
2306 1816 2908 1889 sufﬁciatpttlmentmn.
2949 1816 3012 1889 Et
3041 1819 3138 1873 nisi
3173 1819 3446 1873 infirmitas
3474 1816 3638 1889 impe-

2069 1888 2196 1950 diat,
2218 1888 2343 1957 feria
2365 1899 2513 1942 sexta
2536 1887 2586 1941 in
2606 1902 2738 1956 pane
2757 1897 2810 1942 ct
2829 1903 2962 1957 aqua
2975 1888 3198 1956 jejuuct.
3220 1890 3299 1942 Ab
3317 1887 3647 1946 Exaltatiouc

2069 1967 2270 2028 sancta:
2297 1956 2481 2028 Crucis
2508 1973 2671 2028 usque
2696 1957 2761 2012 ad
2792 1956 3262 2028 Quadragesimam,
3285 1960 3451 2014 semel
3481 1960 3531 2012 in
3561 1961 3647 2015 dic

2069 2027 2197 2080 hora
2227 2043 2362 2081 nona
2399 2027 2617 2081 reliciat.
2653 2027 2708 2080 In
2750 2027 3159 2096 Quadragesima
3181 2069 3195 2086 ,
3235 2027 3374 2082 dicta
3400 2043 3644 2097 vespera,

2065 2097 2322 2166 jejunium
2364 2097 2552 2150 solvat.
2593 2097 2636 2151 A
2674 2097 2873 2151 Pascha
2909 2113 3075 2166 usque
3108 2097 3174 2150 ad
3203 2097 3550 2153 Pentecosten
3579 2101 3644 2154 ad

2069 2176 2271 2222 Sextum
2306 2168 2592 2237 prandeat,
2632 2179 2686 2222 et
2715 2169 2786 2237 ad
2824 2168 3097 2236 prandium
3128 2168 3393 2222 silentium
3435 2177 3644 2224 teneat:

2069 2238 2209 2308 quod
2231 2235 2392 2293 etiam
2424 2247 2529 2292 tota
2558 2235 2942 2308 wslatcrfaCiet,
2968 2246 3160 2306 praeter
3184 2238 3342 2295 ferias
3376 2248 3560 2308 quarta
3591 2250 3646 2295 et

2069 2307 2240 2374 sexta,
2267 2317 2320 2363 et
2344 2307 2915 2376 solemnibusjejuniis.
2951 2308 3142 2362 Diebus
3165 2315 3339 2362 autem
3361 2307 3551 2377 quibus
3568 2309 3646 2376 je-

2065 2377 2235 2447 junat,
2259 2378 2412 2432 liceat
2435 2378 2484 2432 ei
2513 2378 2562 2448 in
2585 2387 2768 2432 testate
2792 2393 2889 2448 pro
2908 2392 3098 2430 somno
3117 2377 3409 2448 meridiano
3431 2387 3486 2433 ct
3508 2379 3650 2434 inter

2071 2449 2355 2572 matutinas
2384 2459 2438 2503 et
2463 2447 2686 2518 primam
2726 2446 2987 2503 uindicem
3015 2447 3205 2517 quietis
3224 2446 3496 2519 indulgere
3528 2463 3649 2504 cor-

2074 2535 2233 2572 nnscu
2257 2534 2308 2572 ο.

2092 2534 2308 2574 IIISCIIIO.

2073 2537 2400 2645 Ιηιδὲᾎίξςυτ
2434 2587 2551 2643 XX.
2578 2619 2651 2629 ,η
2677 2587 2754 2643 οε
2777 2588 3076 2642 vestimentis
3105 2598 3150 2641 et
3176 2588 3540 2642 calceamentis.

2144 2659 2309 2713 i‘orro
2340 2660 2457 2712 talia
2487 2661 2531 2711 ei
2565 2660 2875 2713 vestimenta
2911 2658 3177 2714 saflieiant
3217 2674 3336 2728 quae
3373 2659 3538 2728 frigus
3565 2674 3653 2713 re-

2074 2731 2288 2800 pellant.
2321 2728 2686 2784 Grossiorihns
2713 2729 2935 2796 pelliciis
2962 2737 3167 2792 utatur,
3197 2738 3252 2782 et
3281 2729 3505 2800 pellibus
3527 2744 3651 2800 pro-

2074 2812 2192 2868 pter
2223 2799 2490 2859 hiemem;
2534 2807 2747 2866 propter
2785 2807 3020 2851 :estatem
3061 2808 3236 2868 autem
3272 2815 3429 2853 unam
3460 2799 3649 2853 habeat

2077 2867 2303 2924 tunicam
2339 2886 2353 2923 :
2381 2878 2604 2935 utroque
2628 2875 3018 2938 veroitempore
3045 2867 3175 2922 duas
3204 2868 3271 2922 de
3291 2870 3529 2938 stupacio
3559 2883 3650 2924 ca-

2075 2940 2255 2992 misias
2278 2939 2358 2993 vel
2387 2939 2661 2992 staminas.
2688 2936 3152 3008 Velamencapitis
3169 2953 3274 2991 non
3297 2936 3454 2992 sit'de
3480 2953 3654 3008 panno

2075 3007 2256 3062 subtili
2297 3009 2378 3062 vel
2409 3008 2658 3076 pretioso,
2687 3007 2780 3060 sed
2819 3005 3072 3076 mediocri
3103 3006 3252 3076 nigro
3277 3024 3290 3060 :
3321 3024 3387 3062 ne
3417 3005 3656 3064 videatur

2075 3079 2255 3133 colore
2276 3074 2421 3131 vario
2441 3076 2686 3131 all'ectare
2706 3076 2973 3146 decorem.
2992 3074 3390 3146 Calceamenta,
3412 3078 3653 3146 pedilles,

2076 3149 2269 3218 ealigas
2288 3188 2304 3213 ,
2335 3155 2589 3218 quantum
2631 3146 2760 3200 satis
2800 3144 2959 3218 fuerit
2988 3145 3204 3218 habeat.
3231 3144 3653 3218 Etrpatipertatis

2076 3215 2392 3272 suaicustos
2417 3217 2643 3272 sollicite
2665 3215 2996 3282 consideret,
3017 3225 3075 3269 ut
3101 3217 3258 3270 etiam
3279 3215 3656 3285 aliquantulum

2078 3290 2253 3342 minus
2275 3287 2464 3340 habeat
2491 3301 2646 3356 quam
2683 3287 2956 3354 indulgere
2984 3286 3082 3341 sibi
3113 3287 3272 3355 possit
3301 3286 3441 3354 justa
3471 3301 3657 3356 ncces-

2079 3359 2226 3413 sitas.
2261 3357 2384 3412 Haec
2406 3397 2429 3422 ι
2461 3355 2614 3410 soror
2640 3356 2984 3419 charissima,
3016 3356 3084 3411 de
3122 3356 3398 3410 exterioris
3427 3355 3658 3410 hominis

2077 3428 2482 3487 conversatione
2524 3443 2628 3481 non
2663 3442 2756 3494 pro
2796 3426 3123 3495 antiquitatis
3158 3424 3406 3492 fervore,
3438 3425 3531 3480 sed
3563 3441 3658 3495 pro

2079 3498 2236 3568 hujus
2253 3497 2428 3555 nostri
2441 3497 2690 3566 temporis
2709 3497 2884 3568 spatio
2902 3507 2951 3552 te
2970 3495 3322 3568 compellente
3340 3496 3654 3568 conscripsi,

2079 3565 2310 3628 infirmis.
2329 3565 2674 3636 temperatum
2695 3566 2974 3636 quemdam
2997 3565 3211 3620 modum
3238 3566 3445 3636 vivendi
3469 3582 3660 3634 propo—

2082 3654 2236 3704 nens,
2265 3637 2568 3693 fortioribus
2601 3637 2667 3690 ad
2695 3635 3005 3705 perfectiora
3040 3635 3412 3707 progrediendi
3442 3638 3657 3691 liberta-

2083 3717 2188 3762 tem
2219 3709 2546 3775 relinquens.

2080 3778 2304 3834 CAPUT
2330 3777 2476 3832 XXI.
2498 3807 2566 3816 —
2590 3775 2825 3831 Solitudo
2855 3785 2927 3830 est
2965 3775 3224 3828 hominum
3251 3777 3499 3830 consortio
3528 3787 3659 3846 prte-

2259 3847 2465 3916 [erenda
2491 3855 2694 3917 prapter
2714 3847 3136 3917 conservationem
3161 3846 3480 3917 virginitatis.

2152 3918 2256 3974 Sed
2292 3919 2401 3987 jam
2429 3916 2569 3972 nunc
2592 3917 2771 3971 audiat.
2797 3925 2850 3971 et
2875 3916 3138 3987 intelligat
3160 3916 3319 3987 verba
3345 3931 3484 3987 mea,
3514 3931 3660 3985 qutu-

2081 3985 2307 4058 cumque
2342 3987 2718 4058 abrenuntiatis
2763 3986 2959 4058 inuudo
2998 3987 3157 4040 vitam
3196 3985 3656 4058 hancsolitariam

2081 4055 2334 4128 elegerit,
2375 4057 2628 4128 abscondi
2666 4055 2997 4128 desitkrans,
3040 4071 3146 4128 non
3187 4056 3487 4128 videri,_et
3508 4056 3660 4128 quasi

2084 4125 2290 4183 mortua
2325 4128 2520 4182 smculo
2564 4127 2616 4181 in
2657 4127 2902 4196 spelunca
2939 4125 3151 4196 Christo
3178 4125 3663 4194 consepeliri.'Pri-

2086 4215 2228 4252 mum
2258 4199 2348 4253 tibi
2372 4194 2706 4252 solitudinem
2729 4196 3001 4250 hominum
3026 4194 3221 4250 debeas
3252 4197 3500 4264 prasferre
3528 4211 3660 4250 con-

2083 4269 2283 4330 sortio,
2329 4268 2606 4337 diligenter
2639 4265 3102 4337 iattcnde._l’irgo,
3143 4265 3308 4337 inquit
3350 4266 3658 4337 Apostolus.

2083 4339 2265 4407 cogitat
2289 4353 2400 4406 quw
2417 4335 2936 4407 sunt-Dei,qt_t_omodo
2961 4335 3306 4407 placeatpeo,
3329 4346 3382 4388 ut
3404 4335 3468 4407 sit
3488 4345 3664 4390 sancta
3686 4353 3694 4356 ’

2084 4403 2310 4476 corpore
2336 4423 2393 4458 ac
2421 4406 2601 4476 spiritu
2629 4405 2646 4476 (
2671 4403 2834 4476 [σοι’.
2865 4421 2969 4468 vn,
2999 4403 3123 4476 ⁸54).
3157 4405 3520 4476 voluntarium
3562 4407 3663 4476 hoc

2085 4474 2399 4530 sacriﬁcium
2440 4474 2521 4530 est
2540 4515 2555 4538 ,
2597 4474 2794 4529 oblatio
2820 4474 3131 4543 spontanca,
3158 4474 3224 4527 ad
3252 4489 3408 4543 quam
3438 4489 3543 4529 non
3574 4475 3662 4529 lex

2087 4546 2327 4616 impellit.
2351 4545 2456 4600 Sed
2486 4545 2776 4616 necessitas
2802 4547 2962 4616 cogit,
2999 4559 3104 4616 non
3141 4554 3289 4613 urget
3320 4554 3660 4614 praeceptum.

2087 4613 2240 4672 Unde
2267 4616 2522 4670 Dominus
2559 4615 2611 4668 in
2644 4614 2966 4684 Evangelia:
2997 4613 3109 4684 Qui;
3131 4623 3292 4682 potest
3321 4613 3534 4682 capere,
3576 4630 3665 4666 ca-

2087 4685 2558 4758 pittl(dlultlt.x1_x,
2590 4682 2711 4758 12),
2743 4682 2873 4758 Quis
2901 4682 3116 4758 potest?
3144 4684 3234 4739 Ille
3262 4693 3407 4738 certe
3444 4684 3533 4758 cui
3558 4684 3665 4758 Do-

2088 4754 2264 4811 iuintis
2311 4756 2448 4810 hanc
2503 4754 2836 4822 inSpiraverit
2887 4755 3211 4807 voluntatem
3256 4763 3313 4807 et
3359 4754 3673 4822 prazstiterit.

2088 4827 2408 4885 facultatem.
2428 4825 2663 4880 Primum
2683 4825 2840 4894 igitur
2857 4832 2915 4879 ut
2934 4825 3096 4892 virgo,
3119 4823 3314 4894 bonum
3339 4825 3663 4894 propositum

2089 4908 2233 4952 tuum
2260 4897 2357 4966 ipsi
2386 4896 2480 4966 qui
2506 4893 2778 4962 iuSpiravit
2803 4910 2922 4948 cum
2951 4908 3158 4966 sumina
3187 4893 3468 4947 devotione
3487 4893 3664 4966 cordis

2087 4962 2422 5032 commenda,
2454 4967 2803 5019 intentissima
2829 4965 3066 5018 oratione
3093 4962 3410 5032 deposcens,
3443 4964 3664 5032 utquod

2089 5038 2415 5108 impossibile
2454 5045 2535 5090 est
2573 5050 2669 5105 per
2697 5036 2970 5096 meritum,
3003 5032 3157 5108 facile
3185 5033 3379 5108 sentiat
3418 5048 3511 5103 per
3539 5049 3664 5108 grav

2091 5103 2235 5160 tiam.
2263 5107 2446 5176 Cogita
2485 5103 2697 5176 semper
2720 5145 2733 5166 ,
2765 5119 2923 5173 quam
2953 5105 3241 5173 pretiosum
3277 5103 3582 5176 thesaurum
3613 5104 3664 5156 iu

2088 5193 2244 5245 quam
2270 5173 2439 5246 fragili
2462 5175 2675 5228 vasculo
2698 5185 2894 5246 portes,
2913 5183 2966 5228 et
2983 5189 3142 5246 quam
3169 5173 3666 5246 mercedem,_quam

2087 5244 2308 5314 gloriam
2330 5244 2528 5314 {quam
2559 5259 2808 5298 coronam
2842 5244 3111 5315 virginitas
3135 5253 3340 5315 servata
3367 5244 3662 5299 'ministrct.

2088 5313 2254 5383 Quam
2299 5313 2514 5384 insuper
2558 5329 2810 5383 pinnam,
2858 5313 3013 5383 quam
3061 5313 3462 5384 confusionem,
3506 5330 3665 5383 quam

2087 5383 2480 5440 damnationem
2523 5385 2769 5452 importet
2811 5386 3042 5448 amissa,
3089 5383 3447 5438 indesinenter
3487 5385 3667 5437 auium

2088 5456 2322 5510 revolve.
2355 5453 2491 5521 Quid
2533 5453 2634 5508 hoc
2677 5455 2960 5523 pretiosius
3000 5455 3283 5524 thesauro?
3315 5468 3420 5524 quo
3467 5455 3664 5510 caelum

2087 5525 2312 5592 emitur,
2345 5539 2449 5594 quo
2484 5525 2701 5594 angelus
2748 5525 3077 5591 delectatur,
3111 5523 3260 5592 cujus
3285 5524 3398 5592 ipse
3422 5523 3668 5580 Christus

2087 5595 2312 5664 cupidus
2330 5603 2431 5658 est,
2453 5609 2558 5662 quo
2579 5594 2789 5649 illicitnr
2812 5595 2877 5648 ad
2903 5595 3210 5660 amandum,
3231 5603 3283 5649 et
3310 5594 3376 5648 ad
3403 5606 3656 5660 pmstau.

2088 5667 2212 5720 dum
2232 5675 2571 5734 provocatur,
2589 5665 2746 5733 quid?
2763 5665 2932 5719 audeo
2947 5664 3145 5728 dicere,
3163 5664 3396 5734 seipsum
3413 5671 3468 5718 et
3487 5667 3663 5719 ouunn

2089 5751 2202 5789 sua.
2233 5733 2412 5804 Itaque
2433 5734 2628 5788 pardus
2650 5735 2960 5804 virginitatis
2982 5743 3084 5788 tua:
3107 5734 3263 5787 etiam
3287 5733 3338 5787 in
3359 5734 3664 5790 caale~tibus

2089 5807 2222 5861 dans
2248 5804 2466 5866 odorem
2490 5819 2664 5872 suum,
2697 5804 2820 5861 facit
2848 5815 2904 5860 ut
2929 5804 3265 5875 concupiscat
3291 5819 3384 5860 rex
3414 5804 3676 5876 decorem.
