4138 6364
568 388 583 438 l
604 389 697 442 i339

556 512 701 554 tuum
726 539 740 565 ,
772 507 826 553 et
854 501 965 568 ipse
993 509 1073 553 est
1103 500 1351 553 Dominus
1394 498 1531 552 Deus
1575 508 1714 553 tuus.
1746 499 1876 555 Vide
1911 500 2123 570 qualem

550 570 646 640 tibi
666 584 928 639 sponsum
954 571 1175 640 elegeris
1194 612 1210 637 ,
1241 570 1447 638 qualem
1472 571 1564 624 tibi
1604 572 1828 624 amicum
1864 572 2121 625 attuleris.

553 639 669 706 Ipse
694 649 776 699 est
805 639 1074 710 speciosus
1103 640 1267 694 forma
1296 656 1404 707 prae
1434 640 1552 696 filiis
1580 640 1873 694 hominum.
1903 640 2121 711 Specio-

551 711 660 765 sior
683 711 841 781 etiam
862 711 974 765 sole
994 720 1047 765 et
1071 724 1229 779 super
1248 725 1457 763 omnem
1487 711 1755 765 Stellarum
1779 710 2122 781 pulchritudi-

551 795 693 835 nem.
719 779 944 849 Spiritus
965 781 1082 848 ejus
1103 794 1263 848 super
1283 781 1387 833 mel
1408 780 1592 841 dulcis,
1622 790 1675 835 ct
1705 779 1984 834 haereditas
2008 785 2122 849 ejus

550 864 712 919 super
734 852 834 904 mel
860 860 911 903 et
942 849 1132 919 favum.
1162 850 1456 917 Longitudo
1484 852 1534 903 in
1562 852 1778 905 dextera
1810 852 1923 919 ejus
1943 893 1957 917 ,
1988 861 2041 905 et
2068 853 2117 904 in

547 920 759 974 sinistra
787 919 900 988 ejus
940 918 1134 972 divitiae
1174 928 1228 974 et
1263 920 1449 988 gloria.
1479 921 1596 989 lpse
1638 929 1690 975 te
1724 918 1847 987 jam
1872 921 2029 989 elegit
2067 923 2117 976 in

548 1004 813 1060 sponsam.
845 989 951 1060 Sed
976 1004 1081 1043 non
1115 990 1387 1044 coronabit
1428 991 1525 1044 nisi
1554 991 1849 1060 probatam.
1890 992 1948 1043 Et
1994 991 2120 1045 dicit

547 1057 815 1128 Scriptura
858 1076 872 1112 :
916 1057 1158 1128 Quiunon
1212 1069 1283 1112 est
1331 1057 1579 1125 tentatus,
1627 1077 1725 1113 non
1771 1070 1840 1112 est
1884 1062 2119 1128 probatus

547 1126 732 1199 (Eccli.
768 1143 957 1191 xxxiv,
985 1126 1075 1199 9).
1107 1130 1389 1198 Virginitas
1414 1144 1597 1184 aurum
1626 1138 1725 1194 cst,
1755 1126 2115 1195 eella'fornax,

545 1198 802 1269 conflator
840 1198 1108 1263 diabolus,
1155 1200 1287 1269 ignis
1323 1200 1540 1253 tentatio
1562 1241 1574 1261 ,
1618 1215 1742 1253 caro
1778 1199 1992 1267 virginis
2026 1216 2117 1255 vas

547 1268 740 1323 luteum
783 1269 833 1322 in
866 1283 970 1337 quo
1004 1268 1191 1323 aurum
1221 1269 1541 1335 reconditur,
1576 1285 1673 1325 nec
1723 1282 1816 1323 vas
1843 1271 2059 1323 ulterius
2085 1285 2114 1323 a

543 1339 777 1423 attollis!
802 1339 1012 1423 utilite
1030 1348 1322 1423 meamet:

542 1407 766 1463 CAPUT
807 1407 973 1462 XXII.
996 1437 1066 1447 --
1093 1407 1159 1463 Ut
1201 1408 1499 1481 uirginitatis
1538 1410 1847 1480 propositum
1886 1410 2118 1481 religiose

1127 1479 1522 1532 custodiendum.

613 1546 737 1620 time
762 1549 911 1618 virgo
946 1547 1138 1620 jugiter
1164 1548 1408 1620 cogitans
1422 1547 1866 1620 pretiosissimum
1893 1549 2112 1620 virgini-

542 1617 664 1671 tatis
693 1617 1022 1684 thesaurum,
1053 1617 1142 1687 qui
1173 1628 1275 1671 tam
1319 1619 1518 1672 utiliter
1546 1619 1859 1686 possidetur,
1893 1617 1997 1672 tam
2036 1620 2110 1673 ir-

541 1689 969 1756 recuperabililer
1005 1688 1281 1751 amittitur,
1332 1702 1535 1742 summa
1572 1688 1860 1757 diligentia,
1904 1705 2112 1743 summo

539 1773 658 1810 cum
693 1758 881 1812 timore
920 1758 1201 1811 custodiat.
1240 1758 1446 1827 Cogitet
1475 1759 1589 1812 sine
1617 1758 2004 1812 intermissione
2043 1759 2109 1813 ad

539 1827 691 1897 cujus
736 1830 1008 1882 ordinatur
1037 1827 1343 1893 thalamum,
1383 1828 1449 1881 ad
1476 1828 1623 1897 Cujus
1651 1837 1976 1896 praeparatur
1997 1844 2110 1881 am-

542 1896 753 1964 plexum
800 1915 813 1951 :
865 1908 1125 1967 proponat
1169 1898 1267 1952 sibi
1310 1912 1501 1965 agnum
1546 1913 1707 1967 quem
1748 1897 1898 1965 sequi
1930 1898 2106 1966 habet,

538 1982 873 2039 quocumque
901 1966 1038 2039 ierit.
1081 1967 1476 2039 Contempletur
1501 1966 1856 2021 beatissimam
1877 1967 2108 2039 Mariam

540 2036 926 2107 prmcedeittem
985 2036 1177 2093 choros
1204 2106 1207 2107 ν
1238 2038 1495 2107 virginum
1529 2078 1542 2101 ,
1613 2045 1668 2092 et
1732 2038 2115 2105 prtecinentem

539 2105 693 2161 dulce
723 2108 848 2163 illud
878 2123 997 2161 cum
1027 2105 1338 2176 virginitatis
1380 2116 1628 2178 tympano
1656 2107 1939 2170 canticum,
1972 2108 2109 2174 quod

541 2190 699 2246 nemo
741 2186 915 2246 potest
958 2192 1150 2231 canere
1192 2178 1292 2231 nisi
1338 2177 1610 2246 utriusque
1648 2193 1804 2231 sexus
1852 2177 2104 2246 virgines.

540 2245 615 2317 De
658 2245 848 2317 quibus
885 2248 1138 2315 scriptum
1182 2255 1304 2300 est:
1351 2246 1419 2299 lli
1460 2245 1576 2300 sunt
1602 2248 1686 2315 qui
1723 2263 1835 2299 cum
1882 2245 2106 2301 mulieri-

538 2315 630 2369 bus
669 2315 767 2371 non
814 2326 929 2387 sunt
971 2317 1313 2387 coinquinati;
1354 2317 1568 2385 uirgines
1613 2317 1743 2369 enim
1784 2329 1899 2370 sunt
1929 2318 2105 2387 (Apoc.

538 2399 644 2456 xiv,
671 2386 749 2456 4).
790 2386 897 2441 Nec
929 2387 1004 2440 sic
1046 2386 1147 2441 hoc
1175 2387 1370 2441 dictum
1410 2386 1661 2453 :estimes,
1701 2388 1851 2455 quasi
1898 2386 2001 2440 non
2031 2390 2109 2443 vir

537 2454 654 2525 s_ine
702 2454 945 2521 muliere,
995 2465 1085 2509 aut
1122 2456 1311 2510 mulier
1360 2457 1474 2510 sine
1520 2458 1633 2510 viro
1686 2454 1851 2525 possit
1902 2458 2105 2513 foedari.

537 2522 669 2595 Cum
697 2525 1062 2595 detestandum
1094 2526 1220 2579 illud
1248 2526 1440 2585 scelus.
1470 2542 1574 2595 quo
1592 2522 1756 2580 vir'in
1788 2528 1977 2591 virum,
2022 2530 2102 2582 vel

537 2593 729 2666 (omina
756 2595 807 2666 in
840 2594 1108 2666 fetninatn,
1144 2597 1386 2650 omnibus
1418 2593 1625 2665 flagitiis
1653 2595 2000 2650 damnabilius
2019 2598 2107 2666 juo

536 2662 761 2736 dicetur.
790 2665 894 2720 Sed
923 2675 975 2720 et
1004 2665 1203 2734 absque
1229 2667 1413 2719 alienae
1455 2662 1630 2719 carnis
1656 2667 1923 2736 consortio
1951 2662 2109 2736 virgi-

537 2733 677 2804 nitas
726 2736 1031 2803 plerumque
1071 2733 1455 2804 corrumpitur,
1498 2736 1710 2788 castitas
1753 2735 1997 2789 violatur.
2040 2733 2106 2791 'Si

536 2803 903 2859 vehementior
922 2814 1081 2858 arstus
1096 2803 1308 2858 carnem
1329 2805 1635 2857 concutiens
1658 2805 1985 2858 voluntatem
2009 2806 2107 2861 sibi

536 2873 849 2940 subdiderit,
877 2884 931 2928 et
968 2875 1203 2941 rapuerit
1249 2873 1505 2937 membra,
1538 2874 1731 2942 cogitet
1768 2875 1915 2943 virgo
1946 2891 2105 2943 super

537 2944 714 3014 omnia
743 2958 837 2997 sua
864 2944 1186 3014 sanctificata
1202 2944 1348 3014 _Deo,
1382 2943 1680 3014 incorrupta
1721 2944 1949 3007 Christo,
1984 2945 2105 3014 Spi-

538 3012 661 3067 ritui
698 3023 882 3066 sancto
911 3013 1167 3067 dedicata.
1200 3012 1472 3083 Indignum
1511 3012 1709 3082 judicet
1732 3014 1873 3083 quod
1911 3012 2105 3069 Christi

539 3090 622 3135 est
644 3124 659 3145 ,
694 3082 900 3153 tradere
922 3092 1139 3153 satana},
1173 3092 1226 3136 et
1253 3082 1484 3152 virginea
1515 3084 1628 3153 ejus
1657 3082 1891 3139 membra
1920 3086 2107 3141 erube-

540 3151 746 3221 scatvel
762 3152 985 3221 simplici
1007 3160 1149 3206 motu
1173 3151 1441 3206 maculari.

572 3219 795 3276 CAPUT
834 3219 1019 3276 XXIII.
1052 3251 1123 3261 —
1151 3222 1403 3276 Castitatis
1452 3223 1766 3291 dispendium
1810 3225 1862 3277 in
1902 3242 2071 3279 mensa

935 3291 1226 3358 timendum,
1258 3303 1302 3345 et
1331 3293 1381 3345 in
1411 3292 1687 3361 colloquiis.

611 3359 792 3430 Itaque
818 3362 1039 3430 proinde
1061 3363 1111 3432 in
1143 3361 1453 3432 virginitatis
1474 3359 1582 3415 suae
1606 3362 1895 3416 custodiam
1936 3371 2103 3416 totum

538 3432 771 3502 animum
818 3432 1017 3502 tendat.
1061 3430 1418 3502 Cogitationes
1455 3433 1739 3502 expendat,
1790 3442 1846 3485 ut
1896 3433 2105 3486 virtutis

540 3499 695 3568 lmjus
723 3501 1101 3569 perfectionem
1131 3499 1392 3566 esuriens,
1444 3499 1635 3556 fintiem
1678 3502 1893 3556 delicias
1936 3511 2101 3570 putet.

538 3570 752 3624 divitias
782 3579 1160 3640 paupertatem.
1203 3571 1256 3624 In
1288 3572 1425 3636 cibo,
1468 3571 1519 3623 in
1558 3579 1702 3639 potu,
1732 3575 1782 3623 in
1812 3586 2020 3637 somno,
2053 3575 2104 3625 in

538 3654 784 3694 sermone
824 3656 1034 3709 semper
1070 3643 1247 3695 timeat
1292 3640 1621 3709 diSpendium
1648 3641 1925 3703 castitatis,
1958 3656 2024 3695 ne
2055 3642 2101 3696 si

542 3710 657 3777 plus
682 3710 860 3764 debito
879 3711 1022 3765 carni
1051 3710 1353 3772 reddiderit,
1371 3712 1508 3764 vires
1526 3712 1756 3778 praebeat
1781 3709 2101 3775 adversario,

540 3789 595 3833 et
622 3780 829 3834 occulto
859 3781 1053 3834 nutriat
1081 3781 1307 3833 hostem.
1335 3780 1536 3835 Sedens
1563 3780 1721 3849 igitur
1752 3780 1817 3833 ad
1866 3795 2102 3834 mensam

540 3849 783 3904 decorem
813 3849 1073 3917 pudicitize
1113 3857 1290 3904 mente
1316 3850 1571 3915 revolvat,
1601 3860 1653 3905 et
1688 3849 1753 3903 ad
1791 3849 1905 3917 ejus
1936 3850 2106 3918 perfe-

540 3920 767 3974 ctionem
808 3920 1080 3988 suspirans
1108 3920 1254 3973 cibos
1295 3918 1540 3983 fastidiat,
1581 3929 1760 3986 potum
1803 3920 2102 3986 exhorreat,

539 3989 698 4061 etiam
723 3992 861 4061 quod
877 3989 1199 4061 sumendum
1232 3989 1866 4061 nccessitasujudicaverit,
1894 3998 1984 4061 aut
2017 4005 2107 4042 ra-

540 4059 614 4129 tio
640 4057 932 4123 dictaverit,
964 4074 1085 4129 cum
1110 4057 1293 4112 dolore
1316 4059 1651 4129 autupudore,
1679 4058 1961 4129 aliquando
1985 4074 2103 4112 cum

539 4114 787 4196 Iacrytnis
816 4114 1006 4181 suniat.
1038 4128 1093 4182 Si
1119 4130 1167 4182 ei
1198 4142 1366 4182 sermc
1412 4114 1566 4182 fuerit
1592 4114 1710 4181 cum
1741 4114 1935 4196 aliquo,
1967 4141 2108 4181 sem-

542 4211 635 4275 per
662 4206 863 4251 metuat
900 4197 1115 4275 aliquid
1137 4198 1339 4275 audire,
1372 4197 1509 4275 quod
1546 4199 1624 4250 vel
1655 4197 1919 4275 modicum
1958 4213 2106 4275 sere-

528 4266 759 4335 nitatem
784 4265 1040 4319 castitatis
1068 4265 1339 4319 obnubilet
1364 4283 1377 4329 ;
1409 4267 1755 4321 deserendum
1784 4282 1842 4321 se
1869 4282 1899 4319 a
1938 4268 2103 4335 gratia

542 4334 894 4456 nonfdulttitet,
925 4337 968 4387 si
1007 4335 1089 4388 vel
1120 4351 1278 4389 unum
1310 4336 1525 4389 verbum
1553 4345 1734 4391 contra
1772 4334 2105 4393 honestatem

542 4418 637 4456 uro
662 4420 746 4456 em
778 4442 791 4455 .

578 4412 791 4457 referat.

625 4422 637 4452 ἱ
778 4442 791 4455 ο

540 4418 963 4529 ἓῖέῗῗιχχιν.
978 4504 1046 4514 -
1067 4474 1192 4545 Ante
1219 4490 1447 4529 somnum
1475 4476 1771 4529 conscientia
1791 4475 2106 4545 excutienda,

995 4553 1041 4597 ct
1070 4544 1337 4598 dolendum
1361 4546 1421 4598 de
1450 4546 1679 4615 peccatis.

611 4612 879 4683 Prostrata
907 4614 1098 4667 lectulo
1141 4612 1610 4683 pudicitiam'tuam
1637 4614 1946 4669 commenda
1975 4615 2103 4677 Deo,

540 4691 593 4737 et
617 4682 695 4736 sic
722 4684 873 4751 signo
895 4684 1067 4738 crucis
1091 4682 1290 4738 armata
1308 4686 1518 4739 revolve
1538 4686 1714 4738 animo
1732 4684 1999 4753 quomodo
2022 4684 2108 4739 die

540 4754 632 4807 IIIO
658 4754 853 4817 visisu,
887 4754 928 4807 si
972 4754 1153 4815 verbo,
1186 4754 1229 4806 si
1269 4768 1449 4822 opere,
1496 4755 1541 4807 si
1570 4755 1756 4808 affectu
1796 4754 2002 4807 Domini
2033 4755 2105 4807 tui

540 4822 720 4877 oculos
746 4822 1040 4886 offendisti;
1072 4824 1115 4877 si
1146 4824 1329 4889 levior,
1356 4823 1400 4877 si
1429 4824 1667 4887 otiosior,
1691 4825 1735 4877 si
1762 4823 2108 4891 negligentior

542 4891 718 4946 debito
758 4892 930 4953 fuisti;
978 4894 1022 4946 si
1070 4894 1189 4961 plus
1212 4893 1332 4947 cibo
1369 4892 1601 4954 crudior,
1633 4901 1755 4961 potu
1798 4892 2106 4946 dissolutior

542 4970 708 5015 metas
727 4961 1055 5017 necessitatis
1074 4963 1364 5017 excessisti.
1388 4960 1443 5017 Si
1464 4960 1771 5031 subreptum
1799 4961 1891 5014 tibi
1910 4961 2106 5029 aliquid

542 5030 727 5096 horum
771 5031 1141 5100 deprehendis,
1184 5033 1410 5101 suspira,
1452 5030 1639 5099 pectus
1677 5030 1867 5094 tunde;
1917 5039 1970 5083 et
2009 5031 2108 5085 hoc

540 5100 798 5181 sacrificio
821 5102 1122 5169 vespertino
1144 5111 1232 5155 tuo
1255 5100 1642 5156 reconciliatam
1669 5115 1863 5210 δροἚο
1883 5115 2108 5169 sponsus

545 5179 783 5210 avmnml-

542 5170 784 5235 excipiat.

542 5240 621 5293 UA
630 5238 764 5297 PUT
795 5239 955 5295 XXV.
972 5271 1041 5280 ——
1053 5240 1116 5293 In
1137 5240 1485 5294 tentutionibus
1506 5241 1571 5291 im
1578 5239 1771 5307 pudicis
1787 5239 2108 5310 recogitanda

984 5310 1187 5380 uirginis
1213 5310 1413 5380 Agnetis
1433 5310 1658 5362 historia.

609 5378 664 5432 Si
682 5380 924 5459 vigilanti
957 5368 1151 5459 subito,
1182 5368 1280 5459 ειιυῖ
1296 5380 1836 5459 quiete-soporis,aut
1860 5387 1974 5433 arte
1991 5388 2107 5434 ten-

542 5450 724 5519 tutori§
752 5450 899 5503 calor
934 5451 1170 5517 corporis
1200 5450 1355 5519 fuerit
1380 5450 1653 5510 excitatus,
1690 5457 1744 5503 ct
1781 5450 1831 5501 in
1861 5463 2106 5503 somnum

542 5518 760 5571 eillidus
801 5519 965 5572 hostis
1012 5519 1286 5579 invexerit,
1328 5518 1652 5586 diversisque
1697 5519 2102 5584 cogitationibus

542 5588 767 5658 quietem
807 5589 1066 5658 pudieithe
1112 5587 1453 5651 infestaverit,
1496 5590 1925 5658 proposueritquc
1970 5589 2105 5641 deli-

542 5655 670 5713 cias.
703 5656 823 5710 vita:
849 5657 1075 5711 durioris
1102 5659 1375 5713 horrorem
1403 5655 1707 5721 incesserit;
1739 5655 1912 5710 veniat
1937 5658 2027 5711 tibi
2055 5658 2105 5710 in

543 5733 773 5798 tuentem
821 5727 1263 5798 beatmvirginis,
1309 5743 1426 5798 quae
1470 5728 1522 5798 in
1571 5736 1747 5781 tenera
1799 5736 1955 5781 astate
2000 5735 2106 5798 tam

543 5793 730 5850 crebro
750 5796 1036 5865 reportavit
1058 5793 1132 5854 de
1148 5793 1456 5869 impiiséimo
1477 5797 1627 5854 hoste
1648 5798 1987 5868 trium1ihum.
2013 5793 2107 5853 Co-

2038 354 2397 444 A‘rrENotx.

3674 399 3692 451 l
3716 399 3813 453 $60

2228 500 2329 569 gita
2380 503 2577 576 Agnem
2623 502 2978 576 beatissimam
3022 519 3049 556 a
3096 520 3195 574 qua
3238 519 3453 576 aurum,
3503 519 3802 576 argentum,

2231 580 2401 642 ve~tes
2430 572 2839 638 pretiosissima),
2884 574 3081 641 lapides
3116 572 3332 642 pretiosi
3362 584 3415 628 et
3442 584 3548 629 tota
3566 572 3806 633 'srecula-

2228 642 2300 693 ris
2334 641 2517 715 gloria!
2547 657 2736 715 pompa
2766 645 2912 715 quasi
2943 641 3189 715 quaedam
3214 653 3448 715 stercora
3485 656 3608 699 sunt
3640 663 3805 715 repu-

2227 719 2355 784 tata.
2396 712 2584 764 Vocata
2622 712 2687 784 ad
2721 713 2944 784 tribunal
2971 729 3073 766 non
3101 714 3299 777 abfuit;
3334 712 3807 784 blandicbatur'ju-

2226 779 2347 844 ιιι-κ,
2379 782 2724 849 contempsit;
2772 782 3088 844 minabatur,
3121 784 3303 844 irrisit,
3343 786 3511 852 magis
3552 779 3798 842 metuens

2227 865 2293 903 ne
2342 860 2579 924 parceret
2619 867 2773 924 quam
2820 867 2886 905 ne
2933 853 3143 924 puniret
3171 870 3198 924 :_
3231 853 3533 924 fordumquc
3574 856 3800 924 lupanar

2226 920 2379 991 vertit
2398 921 2459 991 in
2490 922 2809 991 oratorium:
2838 922 2976 991 qumI
3008 938 3126 975 cum
3154 922 3357 991 virgine
3381 920 3680 991 ingrediens
3707 942 3801 979 an~

2222 989 2368 1063 golus
2396 990 2563 1044 lucem
2610 990 2794 1063 infudit
2825 989 3076 1063 tenebris,
3109 1001 3164 1047 et
3197 989 3561 1046 ittsectaliireni
3594 996 3801 1063 pudici-

2225 1059 2309 1131 tige
2335 1072 2503 1131 morte
2530 1060 2807 1113 multabat.
2836 1061 2889 1115 Si
2919 1062 3073 1131 igitur
3100 1072 3151 1115 et
3178 1070 3230 1114 tu
3253 1064 3505 1123 oraveris,
3529 1072 3580 1115 et
3595 1059 3793 1118 eontra

2218 1128 2452 1202 libidinis
2483 1131 2806 1184 inccntorem
2852 1128 3200 1202 lacrymarum
3232 1141 3437 1184 tuarutn
3477 1148 3622 1185 arma
3654 1134 3796 1187 leva-

2222 1200 2380 1259 veris,
2414 1216 2515 1252 non
2560 1211 2703 1254 certe
2748 1200 2973 1265 angelus
2998 1211 3087 1253 tuo
3129 1211 3274 1253 casto
3315 1202 3482 1254 deerit
3526 1203 3795 1266 cubiculo,

2221 1268 2307 1342 qui
2340 1271 2627 1342 prostibqu
2647 1285 2752 1323 non
2770 1270 2954 1323 defuit.
2987 1270 3173 1342 Merito
3204 1270 3409 1342 beatam
3432 1273 3631 1342 Agnorit
3661 1274 3800 1342 ignis

2221 1337 2319 1390 iste
2359 1340 2643 1393 tnatcrialis
2672 1342 2905 1408 nequivit
2945 1341 3189 1399 adurere.
3238 1341 3323 1393 cui
3369 1337 3542 1393 carnis
3584 1337 3798 1395 flamma

2221 1414 2477 1475 tepuerat,
2509 1425 2663 1477 quam
2692 1410 2827 1479 ignis
2851 1410 3195 1463 succenderat
3221 1409 3514 1463 charitatis.
3542 1410 3794 1476 Quoties-

2219 1490 2444 1549 cutnque
2478 1494 2703 1549 nequam
2746 1479 2962 1546 spiritus
2993 1480 3168 1532 illicita
3197 1495 3419 1548 qua-que
3448 1483 3789 1547 suggesserit,

2218 1545 2583 1618 vehementior
2623 1545 2920 1603 incubuerit
2958 1560 3150 1613 aestus;
3200 1545 3350 1601 illiilli
3387 1551 3471 1618 qui
3516 1545 3788 1603 scrutatur

2216 1616 2375 1687 corda
2403 1626 2454 1671 et
2479 1632 2653 1680 renes,
2682 1618 2812 1672 scito
2834 1634 2949 1672 esse
2971 1628 3305 1687 przusentem.
3325 1628 3374 1671 et
3403 1616 3501 1671 Sub
3524 1620 3641 1682 ejus
3666 1635 3796 1673 ocu-

2218 1684 2299 1738 los
2324 1702 2442 1741 esse
2470 1687 2719 1757 quidquid
2760 1691 2870 1755 agis
2900 1684 2984 1743 vel
3006 1689 3224 1756 cogitas.
3274 1689 3417 1742 llabe
3448 1689 3668 1755 proinde
3708 1706 3794 1743 rc-

2216 1758 2505 1826 verentiam
2539 1758 2777 1821 Domino,
2809 1775 2963 1826 quem
3008 1760 3094 1812 tibi
3124 1759 3387 1811 assismre.
3411 1773 3515 1810 non
3554 1759 3785 1821 dubites,

2216 1834 2271 1878 et
2289 1825 2645 1907 depraedatori
2667 1825 2930 1907 responde
2955 1845 2968 1881 :
2998 1830 3252 1896 Angelum
3278 1828 3788 1907 babeqatnatnrein,

2214 1896 2302 1962 qui
2330 1896 2492 1949 nimio
2521 1898 2634 1950 zelo
2664 1898 2888 1950 custodit
2915 1913 3106 1966 corpus
3142 1913 3337 1950 meum.
3377 1896 3597 1963 Adjuvet
3621 1912 3786 1949 cona-

2216 1972 2327 2019 tum
2357 1976 2500 2019 tuum
2523 1967 2573 2019 in
2602 1966 2692 2020 tali
2720 1967 3032 2021 necvssitalc
3051 1968 3275 2020 discreta
3299 1966 3634 2019 abs:inentia.
3656 1968 3791 2031 Quia

2217 2034 2304 2087 ubi
2336 2036 2499 2088 multa
2528 2038 2702 2089 carnis
2721 2036 2956 2101 afflictio,
2984 2046 3074 2091 aut
3103 2038 3264 2099 nulla,
3306 2044 3394 2088 aut
3424 2051 3580 2103 parva
3608 2036 3785 2105 aliqua

2217 2112 2388 2171 potest
2417 2120 2533 2158 esse
2561 2106 2861 2159 delectatio.

2212 2174 2436 2229 CAPUT
2464 2175 2649 2228 XXVI.
2671 2206 2739 2214 ——
2756 2176 2969 2228 Custitas
2997 2176 3047 2227 in
3064 2174 3279 2245 juvenili
3306 2183 3449 2227 a'tate
3472 2174 3580 2227 sine
3605 2191 3790 2244 magna

2379 2246 2543 2297 cordis
2568 2256 2611 2297 et
2640 2246 2861 2313 carparis
2889 2246 3138 2297 attritione
3166 2262 3264 2296 non
3288 2253 3381 2295 stat
3409 2245 3620 2313 integra.

2282 2312 2448 2367 Nemo
2474 2330 2530 2368 se
2555 2312 2749 2383 palpet,
2778 2330 2933 2367 nemo
2961 2314 3257 2367 blandiatur
3280 2314 3399 2379 sibi,
3435 2312 3590 2366 nemo
3610 2330 3667 2366 se
3689 2313 3787 2365 fal-

2214 2382 2305 2435 lat.
2338 2382 2613 2455 Nunquam
2646 2382 2726 2438 ab
2765 2384 3189 2438 adolescentibus
3228 2385 3341 2437 sine
3374 2399 3559 2450 magna
3607 2385 3786 2455 cordis

2212 2454 2530 2508 contritione
2555 2462 2609 2508 et
2636 2456 2809 2508 carnis
2853 2454 3140 2508 afflictione
3182 2455 3396 2506 castitas
3436 2454 3783 2521 Cunquit’ilttt’,

2213 2524 2293 2576 vel
2322 2534 2579 2587 servatur,
2612 2540 2726 2593 qua:
2756 2525 3061 2593 plerumque
3086 2525 3243 2592 mgris
3275 2522 3355 2575 vel
3398 2524 3611 2575 senibus
3637 2524 3781 2590 peri-

2212 2594 2443 2648 clilatur.
2472 2594 2600 2647 Nam
2626 2595 2745 2647 licet
2769 2595 3089 2647 continentia
3112 2594 3305 2646 donum
3336 2593 3427 2644 Dei
3452 2594 3538 2653 sit,
3560 2600 3610 2644 et
3632 2607 3788 2644 nemo

2215 2664 2379 2731 possit
2406 2679 2524 2717 esse
2553 2665 2849 2727 continens,
2879 2664 2975 2717 nisi
3010 2664 3145 2717 Deus
3177 2662 3287 2726 det,
3319 2676 3417 2714 nec
3447 2662 3567 2715 ullis
3591 2661 3787 2713 nostris

2212 2734 2413 2786 meritis
2433 2734 2627 2787 donum
2659 2734 2774 2795 hoc,
2807 2734 2898 2787 sed
2927 2734 3040 2801 ejus
3060 2734 3297 2801 gratuita:
3322 2733 3389 2784 sit
3410 2731 3588 2798 gratia“:
3616 2732 3783 2783 ascrio

2213 2801 2478 2866 bendum;
2515 2804 2632 2855 illos
2661 2811 2833 2856 tamen
2862 2812 3006 2856 tanto
3025 2803 3167 2856 dono
3191 2802 3430 2870 indignos
3454 2801 3672 2868 judieat,
3693 2801 3785 2866 qui

2213 2872 2409 2941 aliquid
2441 2872 2633 2926 laboris
2662 2889 2755 2940 pro
2785 2888 2848 2925 eo
2869 2873 3047 2927 Subire
3083 2872 3400 2931 detrectant,
3430 2872 3668 2941 volentes
3702 2871 3785 2921 in-

2214 2940 2537 2996 ter’delicias
2562 2944 2691 2995 casti
2716 2957 2855 3007 esse,
2886 2944 3021 2995 inter
3048 2943 3229 3011 epulas
3253 2942 3615 3011 continentes;
3648 2940 3785 2991 inter

2215 3026 2404 3079 pueros
2425 3022 2477 3065 et
2503 3013 2702 3080 puellas
2731 3013 3050 3072 conversari,
3082 3009 3133 3066 et
3179 3027 3280 3064 non
3340 3010 3561 3080 tentari;
3592 3009 3643 3061 in
3691 3023 3785 3062 co-

2217 3079 2625 3137 messationibus
2657 3091 2710 3135 et
2734 3081 3076 3135 ebrietatibus
3102 3081 3254 3135 foedis
3287 3079 3513 3133 disteudi
3554 3080 3787 3129 humori-

2211 3150 2330 3216 bus,
2353 3162 2405 3205 et
2433 3167 2535 3204 non
2561 3152 2914 3219 coinquinari;
2938 3152 3101 3219 ligare
3116 3151 3283 3201 visum
3306 3164 3460 3201 suum
3480 3164 3595 3201 eum
3624 3146 3775 3219 flam-

2213 3222 2401 3341 mis,.qt
2430 3236 2533 3301 non
2556 3217 2727 3277 exuri.
2760 3217 3101 3275 Diﬂieile'hoc
3126 3228 3300 3273 utrum
3330 3228 3421 3271 aut
3441 3217 3784 3287 impossibile,

2213 3300 2265 3341 tu
2296 3306 2362 3341 vn
2384 3305 2507 3341 eris.

2213 3300 2265 3342 tu
2296 3291 2507 3344 videris.

2211 3360 2431 3413 CAPUT
2472 3360 2677 3413 XXVII.
2700 3390 2769 3399 —-
2789 3359 2867 3414 De
2890 3357 3132 3412 monacho
3154 3357 3412 3411 stinmlum
3438 3356 3602 3408 carnis
3631 3355 3783 3408 duris

2280 3431 2692 3483 umcerutionibus
2720 3432 2803 3483 vix
2829 3429 3201 3499 comprimente,
3233 3443 3332 3479 non
3358 3429 3552 3495 penitus
3581 3426 3779 3477 exstiu~
3820 3457 3832 3470 .

2282 3510 2478 3561 guente.

2280 3556 2409 3622 Novi
2447 3585 2545 3638 ego
2588 3568 2926 3633 monachum,
2960 3568 3047 3636 qui
3078 3581 3199 3638 cum
3242 3566 3391 3619 initio
3418 3580 3527 3638 suae
3554 3578 3781 3638 conver-

2206 3638 2392 3703 sionis,
2427 3634 2531 3692 tam
2574 3639 2896 3692 naturalibus
2942 3634 3237 3698 incentivis,
3266 3644 3371 3687 tam
3406 3635 3655 3686 violentia
3687 3634 3772 3685 vi-

2212 3710 2359 3761 tiosas
2404 3709 2815 3772 consuetudinis,
2864 3716 2969 3760 tam
3013 3704 3567 3776 suggestionecallidi
3600 3703 3778 3755 hostis

2212 3786 2519 3851 tentaretur,
2569 3788 2626 3831 ut
2670 3771 2975 3851 pudiCitiam
3020 3771 3169 3830 suain
3216 3773 3489 3844 periclitari
3535 3771 3773 3851 timeret,

2207 3848 2377 3901 erexit
2402 3862 2460 3901 se
2484 3855 2666 3901 contra
2688 3862 2766 3909 se,
2788 3856 2841 3900 et
2859 3846 3115 3901 adversus
3142 3860 3290 3900 suam
3309 3856 3521 3896 carnem
3565 3846 3777 3895 suavis-

2210 3918 2400 3970 simum
2427 3918 2730 3985 concipiens
2765 3916 2943 3969 odium
2993 3915 3121 3968 nihil
3149 3914 3316 3982 magis
3353 3926 3509 3985 quam
3535 3910 3779 3985 quodad

2210 4002 2325 4040 eam
2376 3981 2663 4052 affectaret,
2700 3994 2996 4058 ex_peteret._
3041 3985 3217 4058 Itaque
3259 3981 3777 4058 inedia_macerabat

2210 4070 2418 4123 corpus,
2452 4064 2507 4109 et
2531 4051 2715 4124 quaeei
2742 4051 2807 4108 de
2828 4069 2887 4108 se
2914 4051 3240 4125 debebantur
3259 4051 3598 4125 subtrahens,
3616 4051 3773 4101 etiam

2211 4120 2386 4179 motus
2413 4126 2527 4193 ejus
2549 4120 2822 4193 simplices
2849 4124 3247 4191 comprimebat.
3296 4120 3401 4174 Sed
3427 4134 3546 4193 cum
3586 4120 3776 4172 iterum

2212 4195 2370 4248 nimia
2396 4189 2768 4249 debilitassibi
2800 4194 2916 4262 plus
2954 4189 3225 4261 indulgere
3255 4189 3616 4262 compelleret,
3656 4202 3780 4239 ecce

2210 4281 2334 4336 caro
2380 4279 2563 4336 rursus
2593 4270 2759 4336 caput
2794 4257 3003 4336 erigeus
3027 4257 3357 4336 acquisitam,
3378 4268 3442 4336 _ut
3475 4257 3779 4336 putabatur,

2212 4333 2491 4389 infestabat
2516 4326 2777 4402 quietem;
2827 4326 3194 4402 plerisque—se
3238 4328 3440 4397 frigidis
3477 4326 3779 4402 aquisjnji-

2209 4404 2375 4467 ciens,
2409 4396 2640 4457 trem-ens
2668 4396 2970 4472 aliquandiu
3004 4396 3257 4472 psallebat
3369 4398 3583 4472 orabat.
3623 4396 3777 4461 Step6

2209 4475 2368 4527 etiam
2400 4473 2607 4527 illicitos
2640 4467 2872 4527 sentiens
2901 4467 3075 4524 motus
3109 4469 3290 4523 urticis
3321 4467 3540 4521 l'ricabat
3564 4478 3773 4531 corpus,

2211 4554 2264 4597 et
2289 4543 2441 4597 nudas
2465 4545 2611 4597 carni
2637 4543 2879 4610 aperiens
2895 4540 3190 4594 incendium
3215 4537 3456 4610 incendio
3476 4534 3775 4610 superabat.

2212 4614 2415 4668 Etcum
2447 4612 2563 4667 liceo
2584 4606 2760 4664 omnia
2792 4626 2894 4664 non
2932 4610 3254 4671 sufficerent,
3276 4606 3620 4660 nihilominus
3658 4618 3780 4655 eum

2210 4684 2425 4751 Spiritus
2471 4681 2833 4735 fornicationis
2858 4690 3102 4751 urgeret;
3132 4688 3255 4731 tunc
3276 4675 3429 4751 quod
3464 4675 3635 4727 solum
3685 4688 3778 4751 su-

2212 4746 2419 4821 perfuit,
2453 4758 2745 4821 prostratus
2756 4759 2877 4821 ante
2898 4746 3056 4818 pedes
3074 4748 3197 4801 Jesu
3215 4756 3351 4804 orat,
3380 4746 3577 4821 plorat,
3601 4746 3778 4821 suspi-_

2211 4811 2312 4882 'rat,
2346 4811 2515 4894 rogat,
2560 4820 2787 4894 adjnrat,
2831 4811 3149 4894 obtestatur,
3202 4825 3257 4868 ut
3301 4811 3394 4868 aut
3416 4814 3647 4894 occidat,
3697 4811 3782 4894 vel

2211 4899 2392 4954 sanet;
2414 4887 2841 4954 'clatnat‘crebro,
2864 4888 2977 4943 Non
3004 4887 3181 4947 abibo,
3213 4900 3318 4939 non
3341 4887 3576 4954 quiesco,
3594 4895 3700 4954 nec
3731 4889 3783 4932 te

2209 4952 2469 5014 dimittam
2497 4960 2595 5012 nisi
2624 4952 2955 5012 benediiteris
2981 4956 3107 5010 mihi
3139 4973 3151 5007 :
3181 4962 3463 5025 pra-statur
3499 4952 3563 5025 ad
3593 4952 3777 5025 horam

2212 5030 2561 5098 refrigerium,
2579 5028 2672 5081 sed
2693 5037 2910 5096 negatur
2931 5021 3205 5098 securitas.
3222 5021 3623 5098 Quiescentibus
3637 5021 3780 5097 enim

2214 5093 2476 5168 paululum
2506 5098 2681 5153 carnis
2707 5093 2932 5151 stimulis
2954 5096 3258 5148 affectiones
3281 5093 3470 5145 illicitre
3494 5098 3675 5157 pectus
3700 5093 3784 5140 in-

2212 5171 2424 5223 vndunt.
2459 5169 2596 5221 Deus
2623 5168 2802 5220 meus!
2828 5180 2959 5236 quas
2983 5179 3322 5236 cruces,qu:n
3358 5168 3622 5236 tormenta
3655 5169 3781 5236 tuuc

2213 5240 2424 5306 pertulit
2453 5240 2613 5291 miser
2638 5238 2741 5301 ille,
2770 5228 2937 5290 donec
2976 5244 3131 5307 tanta
3159 5228 3328 5286 infusa
3358 5240 3441 5285 est
3469 5230 3517 5307 ei
3555 5228 3772 5307 dilectio

2211 5300 2485 5369 castitatis,
2515 5315 2569 5361 ut
2599 5300 2782 5360 omnes
2802 5322 2921 5376 qua)
2953 5304 3134 5359 sentiri
3162 5312 3400 5370 possunt,
3429 5300 3511 5352 vel
3537 5300 3776 5376 cogitari,

2210 5380 2423 5447 quasvis
2452 5378 2688 5445 injiceret
2734 5373 3054 5447 voluptates;
3097 5379 3150 5426 el
3178 5383 3299 5424 tunc
3327 5384 3537 5439 quoque
3563 5373 3783 5447 recessu

2211 5445 2277 5501 ab
2305 5463 2388 5501 eo.
2430 5449 2530 5502 Sed
2563 5461 2726 5513 usque
2755 5445 2819 5498 ad
2853 5457 3056 5512 tempus
3082 5452 3135 5497 et
3168 5457 3307 5494 nunc
3350 5445 3607 5513 senectuti
3631 5450 3784 5513 rnor-

2212 5518 2310 5571 bus
2335 5517 2575 5573 accessit,
2607 5505 2702 5567 nec.
2731 5517 2806 5568 sic
2826 5505 2999 5568 tamen
3028 5528 3086 5567 se
3101 5512 3165 5565 de
3192 5510 3472 5564 securitate
3491 5505 3777 5559 blanditur.

2210 5587 2433 5640 CAPUT
2475 5584 2703 5638 XXVIiI.
2757 5613 2827 5623 —-—
2866 5584 3050 5635 Contra
3093 5598 3229 5633 senes
3270 5579 3353 5646 qui
3392 5575 3786 5629 concubinarum

2663 5653 2908 5706 consortio
2927 5668 3094 5704 curere
3126 5650 3321 5721 nolunt.
3418 5714 3429 5721 _
3579 5710 3610 5721 η

2284 5724 2432 5779 Unde
2468 5740 2572 5777 non
2618 5738 2799 5792 parum
2828 5722 2988 5790 pudet
3022 5718 3368 5794 quorumdam
3416 5711 3780 5794 impudicitiae,

2210 5797 2301 5868 qui
2326 5810 2444 5850 cum
2482 5800 2535 5849 in
2561 5794 2804 5851 sordibus
2832 5798 3137 5857 senuerunt,
3184 5802 3281 5841 nec
3310 5791 3387 5841 sic
3410 5791 3781 5855 suSpeCtarum
