4138 6364
470 387 596 451 11ίὲ1

462 514 805 575 personarum
837 499 1020 553 volunt
1054 511 1242 575 carere
1274 494 1577 575 consortio;
1614 505 1860 575 cumque,
1892 488 2034 559 quod

459 565 603 629 dictu
647 570 796 627 nefas
840 578 941 634 est,
970 567 1155 622 eodem
1196 567 1392 621 lectulo
1436 565 1694 619 cubantes
1740 565 1877 615 inter
1918 575 2032 613 am-

461 645 646 714 plexus
667 650 719 696 et
753 641 929 714 oscula
952 638 1019 692 de
1049 652 1142 691 sua
1170 638 1413 690 castitate
1432 650 1490 714 se
1517 634 1851 714 dicuntesse
1882 645 2006 714 secti
2024 659 2037 671 -

460 703 568 779 i'os,
594 709 1105 782 quos_frig_eseen_te_
1120 721 1339 782 corpore
1372 704 1468 782 _adt
1506 703 1672 757 cmlus
1712 703 2033 782 tepescentia

466 775 701 838 membra
727 775 992 834 deﬁciant.
1026 776 1262 830 Infelices
1302 775 1387 829 isti
1424 781 1478 828 et
1514 788 1621 842 prae
1657 775 1860 826 cunctis
1893 783 2033 823 mor-

465 852 659 906 talibus
718 849 935 913 miseri,
976 848 1167 915 quibus
1220 860 1342 902 cum
1391 843 1529 915 desit
1576 842 1793 915 sceleris
1842 853 2032 915 perpe-

466 920 639 975 trandi
685 909 940 989 facultas,
984 909 1155 971 adhuc
1198 915 1465 989 manetiu
1512 912 1625 989 ipsa
1674 910 1911 989 foeditate
1958 909 2033 988 la:

458 991 650 1045 cultas.
692 988 803 1042 Non
845 988 1068 1056 quiescit
1105 995 1257 1056 turpe
1303 983 1654 1047 desiderium,
1702 983 1941 1049 quamvis
1983 983 2031 1030 ei

459 1060 719 1131 frigiditas
743 1057 1183 1131 negetelfectum.
1218 1055 1402 1131 Videat
1426 1062 1610 1131 tamen
1649 1060 1828 1131 utrum
1849 1062 2031 1102 verum

458 1121 619 1196 ἀίξαι,
649 1135 739 1182 aut
763 1121 1048 1182 méntiatur
1076 1125 1319 1196 iniquitas
1340 1124 1462 1196 sibi,
1485 1133 1536 1196 et
1563 1121 1687 1196 dum
1718 1121 1903 1172 nititur
1937 1132 2031 1196 ve-j

460 1202 569 1255 lare
598 1190 779 1259 unum,
833 1197 1027 1267 duplex
1073 1195 1126 1249 in
1166 1190 1232 1250 se
1273 1193 1461 1267 prodat
1490 1190 1742 1267 ﬂagitium
1774 1206 1786 1241 :
1811 1202 1949 1267 cum
1980 1195 2034 1267 et

461 1270 573 1325 fere
601 1256 898 1336 decrepitos
908 1256 1249 1336 'nocturnum
1270 1256 1553 1336 aliquando
1565 1256 1776 1336 plasma
1795 1256 2026 1336 deludat,

458 1350 511 1395 et
535 1328 829 1394 emortuam
872 1344 1199 1391 senectutem
1238 1328 1543 1387 intestinum
1570 1329 1671 1384 hoc
1708 1328 1904 1382 malum
1932 1341 2031 1381 sa:-

459 1411 577 1478 pius
603 1408 876 1479 inquietat:
1508 1471 1557 1479 ..
1709 1467 1722 1479 .

457 1467 689 1535 CAPUT.
709 1476 900 1532 XXIX.
918 1505 990 1517 -—-
1017 1474 1169 1541 Virgo
1194 1489 1387 1541 semper
1407 1471 1589 1541 pavida
1626 1485 1679 1524 se
1704 1467 1813 1538 ipsa
1840 1467 2031 1521 muniat

937 1545 1070 1600 verbi
1098 1532 1190 1598 Dei
1216 1532 1548 1597 nteditaiione.

526 1618 623 1683 Te,
664 1632 832 1681 soror,
866 1630 1132 1686 nunquam
1158 1614 1454 1686 _vol_otcsse
1498 1624 1776 1686 securam;
1817 1608 1911 1663 sed
1960 1609 2030 1663 ti-

457 1680 623 1749 mere,
641 1680 955 1756 semperque
979 1680 1119 1756 tuam
1152 1683 1479 1756 fragilitatem
1498 1680 1691 1734 habere
1709 1688 2026 1756 suSpectam,

455 1759 522 1813 ad
558 1759 721 1811 instar
759 1749 961 1825 pavida:
1007 1749 1263 1825 columbae
1307 1752 1642 1825 frequentare
1687 1749 1828 1803 rivos
1862 1763 2027 1817 aqua-

458 1843 599 1891 rum,
632 1836 685 1881 et
723 1820 869 1895 quasi
898 1825 952 1878 in
993 1824 1207 1893 speculo
1233 1820 1498 1895 accipitris
1523 1833 1743 1874 cernere
1777 1833 2028 1895 supervo-

457 1889 613 1951 lautis
630 1889 886 1969 effigiem,
934 1903 988 1949 et
1026 1889 1257 1969 cavere._
1287 1890 1404 1969 Rivi
1450 1904 1702 1969 aquarum
1749 1889 2027 1969 sententim

458 1975 582 2022 sunt
623 1958 1034 2033 Scripturarnm,
1067 1977 1185 2032 quae
1225 1960 1293 2016 de
1342 1959 1711 2033 Iimpidissimo
1758 1958 2029 2033 sapieutiae

456 2037 601 2091 fonte
628 2027 952 2107 proﬂuentes
972 2027 1349 2088 diabolicarutn
1377 2027 1767 2105 suggestionum
1796 2027 2029 2107 produnt

457 2097 737 2176 imaginem
784 2114 837 2159 et
885 2117 1097 2176 sensum
1119 2144 1142 2176 ,_
1181 2116 1285 2176 quo
1333 2097 1640 2176 caveantur,
1686 2106 1740 2176 et
1787 2097 2023 2176 etudant:

455 2167 594 2231 Nihil
636 2176 776 2230 enim
824 2175 990 2243 magis
1030 2167 1380 2243 cogitationes
1415 2168 1649 2243 excludit
1673 2167 1901 2243 tin‘utiles
1938 2168 2021 2243 ve!

453 2246 739 2315 compescit
766 2236 1029 2310 lascivias,
1060 2236 1216 2315 quam
1244 2239 1514 2315 meditatio
1544 2237 1689 2292 verbi
1730 2236 1844 2302 Dei,
1885 2238 2027 2315 quod

457 2319 533 2371 sic
558 2308 622 2370 ad
647 2317 878 2369 animum
904 2308 1056 2368 suum
1078 2308 1233 2381 'virgo
1253 2310 1412 2381 debet
1432 2322 1765 2381 assuescere,
1791 2315 1847 2381 ut
1882 2308 2024 2381 aliud

455 2388 659 2445 nolens.
692 2400 795 2439 non
837 2384 1002 2453 possit
1035 2375 1467 2453 aliud:med_itari.
1498 2375 2026 2453 CpgitantideScri-

493 2456 620 2510 turis
646 2447 860 2509 somnus
886 2453 1125 2521 obrepat.
1167 2448 1443 2521 Evigilanti
1474 2448 1697 2521 primum
1721 2447 1917 2521 aliquid
1958 2448 2025 2521 de

454 2517 739 2593 Scripturis
761 2517 1034 2577 occurrat:
1054 2517 1615 2593 Dormientis__somnia
1643 2517 1898 2571 memoria
1923 2518 2023 2571 ali-

492 2610 553 2648 ua
575 2586 647 2648 de
674 2593 961 2661 Scripturis
980 2589 1236 2661 sgntentia
1260 2586 1492 2661 condiat.

492 2612 553 2648 ua
580 2612 647 2648 ae
675 2612 961 2661 Scripturts
980 2612 1236 2645 St‘lttelltta
1260 2612 1492 2641 cuuutau.

451 2612 677 2729 EAPUT
713 2661 881 2717 XXX.
903 2691 973 2701 —
995 2660 1180 2715 Contra
1223 2674 1319 2729 eos
1343 2657 1428 2729 qui
1464 2656 1686 2729 rigorem_
1716 2653 2029 2710 abstinentia:

523 2749 621 2787 non
643 2725 1030 2795 umplectuutur,
1051 2746 1111 2781 ne
1125 2727 1345 2797 corporis
1363 2725 1655 2797 languorem
1671 2725 1950 2797 incurrant.

524 2802 629 2858 Sed
655 2802 919 2871 quidama
946 2794 1263 2853 salutaribus
1289 2796 1554 2871 erercitiis
1577 2794 1929 2871 retrahuntur
1955 2796 2023 2871 ti-_

454 2887 625 2938 more,
652 2862 720 2925 tie
750 2870 997 2923 videlicet
1038 2876 1252 2938 propter
1290 2864 1505 2938 nimiam
1543 2862 1914 2938 abstinentiam
1944 2866 2023 2938 vel

454 2934 661 3013 vigilias
692 2934 1069 3013 itnrnoderatas
1085 2934 1328 3013 incidant
1349 2934 1408 3013 in_
1431 2934 1756 3013 languorem,
1780 2940 1833 2986 et
1857 2934 1925 2986 ita
1949 2934 2027 3013 ef-

453 3001 695 3067 ficiantur
716 3010 831 3064 aliis
858 3008 1026 3071 oneri,
1056 3006 1154 3059 sibi
1179 3012 1353 3057 autem
1379 3001 1546 3056 dolori
1573 3019 1585 3054 :
1611 3001 1728 3055 haec
1755 3004 2025 3057 excusatio

452 3091 633 3137 nostra
669 3081 724 3134 in
763 3077 992 3148 peccatis
1024 3075 1251 3148 nostris.
1288 3072 1465 3148 Quam
1496 3072 1648 3148 pauci
1696 3079 1820 3126 sunt
1871 3072 2027 3141 hodie

452 3168 590 3222 quos
640 3142 979 3222 talis-fervor
1021 3144 1234 3222 ignivitl
1279 3142 1475 3222 Otones
1513 3143 1778 3222 sapientes
1819 3156 2020 3222 sumus,

451 3211 638 3277 dmnes
665 3219 887 3289 providi,
915 3211 1100 3289 omnés
1128 3213 1372 3289 discreti:
1401 3211 1580 3280 procul
1606 3211 1886 3289 oderamus
1915 3211 2027 3289 bel-

454 3293 586 3357 lum,
617 3280 677 3345 et
695 3291 771 3345 sic
800 3280 1041 3342 morbum
1065 3282 1301 3357 corporis
1320 3290 1599 3350 antequam
1621 3280 1899 3347 sentiatur,
1923 3280 2029 3335 for-

454 3353 744 3423 midamus;
768 3368 823 3412 ut
844 3358 1151 3427 languorem
1172 3353 1541 3427 anim:e_que_m
1570 3361 2028 3427 prresentemﬁsen-

455 3432 635 3495 timus,
666 3420 835 3483 territi
860 3420 1206 3496 negligamus,
1234 3422 1381 3496 quasi
1406 3420 1747 3496 tolerabilius
1773 3422 1842 3475 sit
1873 3420 2025 3474 llam—

453 3517 594 3556 mam
622 3491 872 3560 libidinis,
913 3491 1310 3566 qua'mtventris
1357 3492 1583 3545 tolerare
1622 3491 1891 3566 rttgitum;
1936 3500 2028 3566 aut

454 3571 619 3625 multo
646 3570 831 3623 melius
856 3560 1206 3621 sit—continuo
1246 3562 1501 3630 languore
1524 3561 1702 3615 carnis
1744 3560 1911 3615 vitare
1940 3560 2029 3630 ila-

457 3640 695 3702 seiviam,
740 3652 895 3705 quam
925 3650 1113 3689 sanum
1137 3642 1199 3705 et
1242 3629 1563 3686 inculumem
1608 3632 1661 3705 in
1698 3631 1819 3705 ejus
1846 3629 2025 3705 _redigi

453 3700 778 3765 servitutem.
805 3706 938 3773 Quid
969 3705 1108 3760 enim
1134 3704 1353 3756 interest
1380 3710 1555 3773 utrum
1577 3700 1912 3773 abstinentia,
1958 3715 2026 3753 an

455 3781 707 3849 languore
730 3770 857 3849 caro
884 3775 1195 3849 super-biens
1231 3770 1630 3849 comprimatur,
1660 3771 1875 3824 castitas
1891 3785 2028 3849 cett-

454 3838 731 3903 servetur?
756 3846 860 3901 Sed
891 3838 1154 3908 rvinissio,
1184 3838 1372 3910 inquit,
1402 3838 1634 3910 cavenda
1666 3850 1768 3905 est,
1799 3856 1865 3892 ne
1887 3838 2027 3893 forte

454 3920 731 3973 occasione
746 3915 1064 3967 infirmitatis
1088 3908 1415 3965 incurramus
1437 3908 1709 3962 illecebras
1723 3910 2023 3978 voluptatis.

455 3988 613 4042 Certe
637 3989 680 4040 si
710 3987 940 4053 languet,
972 3983 1016 4035 si
1046 3978 1699 4053 mgrotat,_si__torquentur
1732 3980 1952 4053 viscera,
1981 3979 2026 4032 si

455 4058 649 4112 arescit
668 4046 989 4115 stomuebus,
1012 4046 1260 4121 quaelibet
1286 4046 1495 4102 delicia‘;
1510 4046 1658 4100 oneri
1685 4050 1851 4117 magis
1872 4058 2027 4103 erunt

455 4122 999 4198 quamdelreletioni;

453 4184 676 4253 CAPUT
705 4191 1043 4249 XXXl.-—De
1056 4188 1366 4242 adolescente
1378 4184 1473 4239 resi
1477 4186 1641 4256 piscen
1648 4195 1693 4239 te
1710 4196 1753 4240 et
1773 4185 2027 4241 Christum

942 4262 1066 4315 hora
1103 4258 1278 4313 mortis
1316 4256 1528 4310 vidente.
1738 4266 1745 4275 ‘

526 4335 644 4389 Vidi
670 4333 961 4394 hominem,
984 4330 1074 4400 qui
1100 4343 1222 4400 cum
1249 4326 1554 4395 poenitentia
1584 4339 1700 4392 sua,
1726 4326 1775 4379 vi
1796 4339 2025 4400 consue-

455 4406 651 4460 tudinis
674 4416 980 4473 oppressus,
1004 4395 1296 4473 'continere
1324 4410 1429 4473 nou
1470 4404 1683 4463 posset;
1730 4395 1943 4473 tandem
1972 4395 2023 4473 in

453 4492 512 4531 se
537 4465 780 4529 reversus
808 4465 972 4542 supra"
995 4468 1210 4544 modum
1234 4466 1445 4544 erubuit
1477 4473 1577 4544 ;_et
1614 4479 1737 4544 mort
1762 4465 2026 4544 concaluit

455 4561 549 4598 cor
575 4548 689 4613 ejus
739 4535 893 4613 intra"
916 4555 1067 4613 eum,
1104 4547 1158 4592 et
1182 4537 1251 4613 _in
1281 4535 1621 4613 meditatione
1670 4535 1783 4613 ejus
1827 4536 2026 4589 exarsit

454 4604 620 4682 ignis:
654 4612 850 4666 Deinde
876 4609 1156 4682 salubriter
1182 4608 1418 4682 irascens
1439 4604 1559 4682 sibi,
1584 4604 1879 4682 invectione
1906 4620 2027 4682 gra-

455 4674 667 4736 vissima
690 4682 842 4735 irruit
861 4682 913 4734 in
939 4696 996 4734 se
1026 4680 1295 4747 ipsumet
1316 4676 1513 4731 bellum
1535 4674 1779 4747 indicens
1790 4674 2020 4745 corpori,

454 4755 609 4806 etiam
626 4752 672 4804 ei
701 4765 817 4818 qua:
835 4743 1127 4802 necessaria
1152 4746 1482 4818 videbantur,
1510 4743 1733 4818 ademit:
1750 4743 2025 4801 Successit

453 4814 963 4891 gravimsiev‘itati,
1014 4816 1315 4891 loquacitati
1354 4815 1640 4867 silentium.
1688 4814 1856 4891 Nemo
1901 4831 2022 4870 eum

455 4884 635 4961 postea
656 4888 787 4961 vidit
800 4884 1361 4961 iocantem,ridentem
1379 4898 1534 4961 nemo
1549 4885 1843 4961 conspexit,
1868 4901 2024 4961 neruo

454 4951 517 5016 ex
546 4976 637 5013 ore
666 4958 780 5027 ejus
801 4951 1055 5027 'otiosumt
1080 4951 1632 5027 sermonem‘audivit.
1677 4953 2020 5027 Tentporales

455 5021 864 5092 consttlationes,
895 5035 948 5080 et
971 5022 1221 5095 quidquid
1257 5021 1402 5095 carni
1426 5021 1912 5095 suagepnlabatur,
1951 5026 2020 5077 ita

454 5099 767 5168 contempsit
791 5091 855 5151 et
870 5091 1161 5168 exhorruit,
1194 5091 1473 5168 ut_nn_llam
1500 5091 1597 5168 sibi
1616 5106 1690 5168 _re
1709 5093 2024 5168 tuiem,_nttl-

457 5171 559 5222 latn
590 5169 640 5221 in
666 5161 784 5221 cibo
812 5166 894 5219 vel
930 5174 1054 5234 potu
1097 5161 1509 5234 consolationem
1542 5161 1813 5234 indulgere
1852 5162 1901 5215 ei
1930 5177 2021 5231 pa-

458 5247 675 5293 teretur.
715 5231 1102 5306 Cogitationum
1141 5245 1355 5306 suarum
1390 5231 1471 5306 ita
1509 5231 1765 5306 sollicitus
1792 5240 1847 5306 ct
1874 5248 2023 5306 scru-

458 5309 671 5377 pulosus
690 5300 821 5377 erat,
858 5314 914 5358 ut
935 5305 986 5357 in
1010 5303 1111 5357 hoc
1136 5302 1250 5377 soto
1277 5300 1471 5377 nimius
1503 5300 1789 5377 videretur.
1831 5301 1905 5355 Ita
1931 5302 2024 5377 de-

459 5369 623 5432 inisso
655 5369 1090 5441 vultu—oculisque
1131 5370 1349 5441 dejectis
1374 5369 1564 5441 stabat,
1596 5370 1835 5441 sedebat,
1868 5380 1924 5424 ut
1954 5371 2020 5425 ti-

457 5462 608 5501 mens
635 5455 689 5501 et
715 5455 943 5499 tremens
979 5442 1172 5497 divinis
1199 5440 1543 5494 tribunalibus
1563 5440 1831 5494 videretur
1862 5442 2023 5494 assis-

458 5526 590 5593 tere.
604 5516 815 5593 Talibus
833 5514 992 5567 armis
1007 5512 1289 5593 gloriosum
1316 5510 1492 5593 retulit
1510 5508 1575 5593 de
1592 5518 1817 5591 tyranno
1834 5510 2021 5592 trium-

460 5586 641 5655 phum.
704 5585 833 5639 Natn
883 5579 1253 5655 gravissimum
1307 5579 1561 5655 stomachi
1605 5579 1881 5634 incurrens
1920 5581 2021 5655 tin-

459 5650 790 5711 commodum
837 5650 953 5720 post
1004 5652 1305 5705 diuturnum
1361 5650 1704 5720 languorem,
1749 5664 1868 5702 cum
1912 5650 2021 5717 jam

461 5726 787 5777 domuitionis
818 5719 931 5793 ejus
959 5722 1083 5776 bora
1116 5722 1361 5785 instaret;
1391 5720 1537 5789 Sine,
1570 5719 1755 5790 inquit,
1785 5734 1908 5774 ecce
1936 5720 2021 5774 Je-

462 5808 549 5849 bUS
578 5803 735 5847 νρηιι.

1730 376 1815 433 DE
1860 375 2010 431 VITA
2054 373 2448 434 EREMITICA.

3581 382 3719 437 1162

2176 489 2400 547 CAPUT
2438 491 2653 547 XXXII.
2689 524 2758 532 —
2791 492 2920 547 Vera
2967 495 3231 559 discretio,
3281 494 3421 549 carni
3462 495 3684 552 animant

2778 580 3086 635 prwpouere.

2212 630 2499 705 Hmc‘rdico
2527 642 2585 687 ut
2620 630 3015 705 discretionem,
3046 648 3166 705 quae
3190 634 3426 705 omnium
3456 635 3713 691 virtutum

2140 709 2194 774 et
2221 703 2390 774 mater
2414 711 2468 756 et
2493 703 2666 774 nutrix
2691 712 2790 768 est,
2818 703 3099 774 detegam}
3138 703 3231 759 sed
3260 704 3505 758 vitiorum
3545 717 3718 762 maleo

2140 770 2246 825 rias
2271 769 2443 843 gulam
2470 773 2900 843 comprimamus,
2925 769 3158 843 {requiem
3199 774 3456 843 corporis,
3492 774 3716 829 femina-

2141 855 2256 913 rum
2277 850 2332 895 et
2355 841 2776 897 effeminatorum
2806 841 3211 898 familiaritatem
3237 841 3394 913 atque
3415 845 3714 899 convictum

2140 910 2277 982 intra
2318 921 2486 982 metas
2511 912 2837 967 necessarias
2862 913 3238 977 cohibeamus;
3268 910 3387 982 quia
3415 926 3557 980 saepe
3583 913 3718 969 falso

2139 981 2354 1053 nomine
2389 981 2734 1053 discretionis
2776 983 3051 1051 palliamus
3094 981 3359 1053 negotium
3411 982 3737 1053 voluptatis.f

2141 1049 2275 1122 vera
2314 1052 2457 1122 enim
2486 1051 2734 1106 discretio
2759 1040 2841 1105 est
2874 1054 3105 1107 animam
3135 1040 3281 1106 curui
3303 1040 3630 1122 praeponere,
3665 1040 3735 1107 etI

2139 1120 2226 1172 ubi
2246 1121 2581 1192 periclitatur
2609 1130 2987 1189 utraque,.nec
3024 1124 3137 1178 sine
3166 1120 3468 1192 ltujusmudi
3511 1123 3718 1177 iueont-

2139 1189 2297 1261 tnodo
2331 1190 2401 1243 illi
2444 1199 2619 1260 potest
2665 1192 2809 1261 salus
2848 1192 3160 1259 consistere,
3193 1189 3288 1261 pro
3327 1193 3477 1261 illius,
3495 1193 3721 1245 utilitate

2139 1258 2603 1330 istamtnegligere.
2633 1261 2757 1315 liree
2780 1260 3010 1315 diximus
3036 1271 3095 1315 ut
3122 1258 3313 1330 quanta
3336 1260 3638 1330 tibidebeat
3666 1262 3719 1315 in

2134 1302 2521 1399 considertiuda
2561 1331 2805 1399 pudicitia
2849 1346 2969 1386 esse
3011 1302 3330 1393 solliuitudo,
3379 1329 3712 1392 adverteres,

2136 1397 2265 1462 Qua}
2303 1415 2421 1454 eum
2472 1397 2708 1455 omnium
2734 1401 2989 1455 virtutum
3013 1400 3111 1456 llos
3135 1403 3205 1456 sit
3242 1411 3295 1457 et
3320 1411 3713 1465 ornamentum,

2136 1468 2252 1524 sine
2267 1469 2573 1540 bumilitate
2604 1479 2777 1524 tamen
2803 1480 2917 1524 aret
2941 1480 3097 1540 atque
3121 1472 3422 1526 marcescit.

2255 1536 2479 1595 CAPUT
2504 1540 2739 1613 XXXIII.
2766 1569 2839 1613 -_—-
2864 1540 2939 1593 De
2967 1536 3200 1612 superbia
3222 1550 3271 1595 et
3299 1545 3407 1613 ejus
3443 1540 3717 1613 specieius.

2204 1608 2316 1681 Hoc
2340 1621 2421 1665 est
2442 1620 2646 1664 certum
2666 1610 2804 1664 haud
2831 1608 3073 1681 securum
3106 1608 3439 1681 peccatorum
3481 1610 3718 1665 omnium

2134 1677 2553 1750 fundamentum,
2582 1695 2645 1733 ex
2669 1694 2773 1750 quo
2794 1680 3044 1750 quidquid
3072 1677 3328 1745 aedificas,
3360 1682 3528 1739 ruina:
3548 1690 3713 1750 patet.

2135 1747 2343 1821 initium
2365 1750 2538 1821 omnis
2557 1749 2757 1821 peccati
2772 1747 3036 1821 superbia,
3062 1765 3178 1820 quae
3197 1753 3441 1821 angelum
3467 1756 3535 1811 de
3550 1747 3714 1817 caelo,

2133 1816 2402 1891 hominem
2438 1819 2504 1873 de
2550 1816 2794 1891 paradiso
2839 1816 3293 1891 expolia—Hujus
3321 1826 3566 1891 pessimae
3591 1816 3714 1875 cunt

2093 1900 2098 1905 ·
2134 1889 2281 1960 multi
2314 1890 2418 1960 sint
2443 1889 3027 1960 rami;_omnes_tamen
3058 1890 3109 1944 in
3154 1890 3285 1944 duas
3323 1889 3532 1960 species
3579 1891 3711 1947 divi.

2131 1957 2347 2029 duntur,
2376 1958 2425 2012 in
2468 1958 2734 2029 carnalem
2768 1956 2975 2029 scilicet
3000 1956 3433 2029 'etspiritualein.
3473 1962 3716 2018 Carnalis

2131 2028 2374 2101 superbia
2403 2028 2577 2101 estde
2602 2028 2924 2101 carnalibus,
2950 2028 3237 2101 spiritualis
3260 2038 3342 2084 est
3369 2030 3435 2086 de
3463 2033 3714 2101 spiritua-

2132 2096 2274 2180 lib’us.
2300 2098 2597 2181 superbire:
2623 2096 2866 2181 carnalis
2896 2096 3081 2181 postea
3115 2098 3169 2181 in
3195 2098 3327 2181 duas
3347 2096 3717 2181 Asubd'iriditur

2130 2169 2338 2237 species
2369 2167 2383 2224 ἐ
2411 2169 2461 2222 in
2488 2167 2797 2237 iactantiam
2834 2167 3055 2231 scilicet,
3086 2177 3141 2223 et
3163 2170 3469 2226 vanitatem.
3502 2171 3718 2225 Vanitas

2130 2235 2308 2311 est,__s_i
2330 2235 2521 2293 ancilla
2540 2235 2906 2311 Christiintus
2934 2238 2989 2311 in_
3028 2239 3327 2311 animosuo
3354 2242 3613 2311 glorietur
3657 2256 3717 2295 se

2132 2309 2393 2380 nobilibus
2418 2316 2588 2363 ortam
2607 2307 2876 2380 natalibus
2892 2324 2916 2380 ;_
2948 2308 2991 2361 si
3032 2322 3090 2361 se
3123 2307 3319 2380 divitiis
3349 2307 3713 2380 paupertatem

2131 2379 2429 2450 prtetulistse
2470 2392 2572 2450 pro
2596 2376 2806 2450 Christo
2832 2377 3161 2450 delectetur;
3191 2378 3235 2432 si
3282 2376 3367 2434 se'
3392 2376 3718 2450 pauperiori-

2133 2448 2229 2503 bus
2268 2457 2321 2503 et
2363 2446 2760 2518 ignobilioribus
2799 2446 3049 2518 praeferre
3075 2456 3343 2518 conetur;
3392 2446 3436 2503 si
3484 2446 3547 2505 se
3581 2465 3716 2504 con-

2131 2516 2411 2599 tempsisse
2429 2517 2649 2573 divitum
2679 2517 2909 2586 nuptias,
2937 2516 3087 2588 quasi
3116 2517 3313 2589 aliquid
3343 2535 3589 2592 magnum
3617 2520 3712 2574 ad-

2130 2599 2278 2641 mtrel
2288 2604 2369 2642 ιη’.

2127 2656 2353 2713 CAPUT
2407 2654 2804 2715 XXXIV.-—De
2832 2656 3051 2727 quadam
3071 2658 3235 2727 specie
3263 2660 3495 2714 vanitatis
3525 2660 3575 2713 in
3606 2659 3711 2713 cel-

2531 2727 2655 2780 lula
2681 2726 2982 2796 oratort‘ique
3005 2726 3327 2782 ornamentis.

2200 2796 2295 2850 Est
2341 2796 2501 2851 etiam
2549 2795 2789 2865 quaedam
2832 2795 3038 2865 species
3079 2798 3323 2853 vanitatis
3370 2800 3420 2854 in
3468 2798 3712 2854 affectata

2128 2864 2303 2934 aliqua
2332 2864 2744 2934 pulchritudine,
2775 2864 2933 2917 etiam
2959 2865 3103 2934 intra
3137 2868 3380 2923 cellulam
3428 2869 3713 2934 delectari;

2130 2933 2358 3003 parietes
2389 2935 2548 2989 variis
2577 2934 2795 3004 picturis
2819 2941 2871 2987 ct
2892 2933 3144 2990 celaturis
3170 2952 3394 3003 ornare;
3426 2941 3712 2993 oratorium

2129 3019 2425 3072 pannorum
2482 3013 2536 3058 et
2591 3003 2878 3071 imaginum
2946 3005 3202 3060 varietate
3258 3007 3531 3063 decorare.
3588 3009 3714 3063 llaec

2129 3074 2304 3127 omnia
2332 3074 2479 3139 quasi
2508 3072 2824 3140 professioni
2854 3081 2956 3125 ture
2986 3076 3247 3130 contraria
3274 3092 3421 3131 eave.

2182 3142 2416 3216 QAPUT
2436 3141 2652 3216 XXXV.
2680 3171 2749 3216 -τ
2775 3140 2967 3216 Rursus
2998 3143 3060 3197 de
3082 3145 3299 3216 quadam
3321 3147 3469 3216 inani
3495 3147 3675 3216 gloria.

2200 3212 2475 3284 Quatenim
2504 3212 2675 3284 fronte
2713 3210 2779 3265 de
2806 3209 3002 3284 divitiis
3036 3209 3117 3267 vel
3154 3215 3415 3268 natalibus
3444 3209 3710 3284 gloriaris,

2130 3298 2247 3352 qua:
2277 3283 2416 3336 illius
2467 3282 2547 3353 vis
2594 3295 2787 3351 sponsa
2817 3279 3004 3344 videri,
3051 3284 3139 3353 qui
3173 3299 3371 3352 pauper
3414 3279 3582 3338 factus
3610 3296 3712 3349 est,

2130 3351 2248 3405 eum
2279 3361 2421 3406 esset
2449 3351 2616 3412 dives,
2646 3364 2931 3420 pauperent
2959 3351 3203 3422 matrem,
3245 3351 3527 3422 pauperem
3559 3353 3713 3407 fami-

2130 3424 2276 3486 liam,
2295 3421 2510 3477 domum
2533 3422 2690 3492 etiam
2715 3421 3087 3492 pauperculam
3115 3430 3170 3476 et
3190 3421 3428 3492 praisepii
3459 3423 3711 3477 vilitatem

2130 3492 2326 3560 elegit?
2354 3492 2497 3545 Itane
2522 3490 2851 3561 gloriandum
2876 3490 2975 3561 tibi
2994 3501 3093 3561 est,
3124 3490 3263 3561 quod
3290 3490 3377 3545 Dei
3403 3492 3591 3547 Filium
3620 3492 3714 3546 ho-

2131 3563 2330 3615 mitnnn
2362 3561 2485 3615 [iliis
2516 3560 2811 3628 prmtulisti,
2836 3560 2980 3631 quod
3014 3560 3203 3631 foedam
3228 3577 3441 3615 carnem
3474 3578 3567 3631 pro
3609 3564 3713 3616 vir-

2128 3632 2361 3701 ginitatis
2386 3631 2579 3701 decore
2604 3630 2868 3701 sprevisti,
2908 3630 3048 3700 quod
3096 3642 3321 3685 :etcrnas
3358 3630 3483 3687 cmli
3504 3632 3714 3688 divitias

2129 3699 3138 3771 atquedeliciastmartyriis_sanctorum
3168 3702 3537 3757 commntasti?

2129 3767 2354 3827 CAPUT
2410 3769 2646 3825 XXXVI.
2689 3767 2761 3809 '—
2804 3767 2881 3825 De
2909 3772 3221 3891 grnameutis
3263 3772 3499 3825 virtutum
3524 3776 3709 3845 pra'fc—

2818 3855 2903 3891 ren
2945 3856 3007 3891 ιε.

2818 3855 3007 3893 renats.

2200 3909 2253 3965 Si
2281 3908 2520 3979 gloriaris
2557 3908 2608 3962 in
2638 3907 2881 3979 Domino,
2916 3909 3119 3979 servias
3142 3910 3191 3964 ei
3211 3925 3330 3965 cum
3371 3912 3578 3965 timore.
3605 3910 3710 3965 Sed

2130 3978 2273 4052 illam
2286 3977 2357 4033 'te
2378 3980 2482 4052 noli
2513 3978 2660 4052 quasi
2690 3977 2788 4052 sub
2804 3978 2979 4052 specie
2999 3979 3296 4052 devotionis
3316 3983 3461 4050 sequi
3488 3981 3708 4052 glorianti

2130 4050 2181 4103 in
2214 4049 2451 4117 picturis,
2480 4049 2561 4102 vel
2592 4047 2896 4115 sculpturis,
2936 4047 2990 4102 in
3018 4051 3205 4117 pennis
3246 4047 3419 4104 aviqu
3440 4092 3455 4116 ,
3493 4047 3581 4104 'ch
3615 4051 3711 4104 be-

2129 4116 2348 4189 stiarum
2391 4127 2481 4189 aut
2524 4118 2857 4189 diversorum
2885 4116 3091 4189 Atlortim
3132 4119 3446 4189 imaginibus
3472 4121 3706 4174 variatis.

2127 4188 2245 4243 Sint
2274 4189 2387 4243 haec
2409 4188 2641 4258 illorum,
2672 4186 2772 4258 qui
2790 4186 2920 4240 nihil
2960 4188 3119 4250 intus,
3152 4189 3203 4242 in
3243 4186 3355 4258 quo
3395 4191 3706 4257 glorientur,

2130 4258 2405 4321 habentes,
2426 4256 2660 4312 exterius
2676 4254 2775 4327 sibi
2796 4268 3125 4327 comparant,
3159 4259 3209 4312 in
3238 4254 3426 4327 quibus
3442 4260 3708 4315 delecten-

2128 4336 2233 4380 tur.
2257 4327 2443 4400 _0ntnis
2485 4327 2646 4400 gloria
2671 4326 2779 4395 ejus
2807 4326 3102 4400 [iliteregis
3124 4327 3192 4400 ab
3234 4326 3386 4393 intus,
3416 4330 3476 4400 in,
3495 4330 3709 4400 ﬁmbriis

2126 4398 2292 4469 aureis
2315 4396 3052 4469 circumamictduarietatibui.
3079 4397 3132 4453 Si
3170 4408 3345 4453 autem
3374 4408 3429 4453 tu
3462 4396 3571 4469 jam
3602 4400 3707 4454 lilia

2127 4466 2265 4534 regis
2295 4481 2374 4533 es,
2397 4474 2595 4536 utpote
2637 4464 2726 4536 lilii
2775 4466 2924 4536 regis
2961 4480 3174 4536 sponsa,
3220 4464 3495 4536 Patrisque
3523 4484 3707 4523 vocem

2126 4533 2340 4595 audisti,
2370 4533 2614 4599 dicentis,
2673 4533 2827 4599 Audi,
2851 4533 3056 4603 lilia,'et
3083 4536 3212 4602 vide,
3242 4548 3287 4592 et
3315 4533 3503 4592 inclina
3529 4554 3704 4592 aurem

2127 4616 2265 4658 tuam
2287 4605 2304 4677 (
2325 4604 2469 4677 Psal.
2494 4618 2638 4677 xuv,
2669 4603 2754 4677 14,
2778 4602 2864 4669 15,
2900 4605 2958 4677 141
2976 4602 3018 4676 );
3051 4606 3119 4677 sit
3145 4606 3231 4661 tua
3258 4609 3431 4661 omnis
3448 4608 3614 4677 gloria
3639 4610 3706 4661 ab

2127 4674 2439 4740 intus,'vidc
2466 4683 2521 4728 ut
2560 4674 2723 4742 gloria
2776 4683 2860 4727 tua
2889 4675 2956 4729 sit
2977 4674 3343 4731 testimonium
3369 4674 3709 4732 conscientias

2128 4755 2249 4800 tum.
2284 4746 2357 4799 Ibi
2385 4746 2452 4799 sit
2480 4743 2834 4814 pulcherrima
2860 4746 3110 4799 virtutum
3138 4747 3381 4801 varietas.
3411 4746 3487 4800 lbi
3507 4748 3703 4801 diversi

2125 4818 2332 4871 eolorcs
2358 4817 2434 4870 sic
2463 4814 2798 4885 conveniant,
2822 4824 2876 4868 et
2904 4816 2983 4870 sic
3004 4817 3291 4885 junguntur
3318 4816 3440 4881 sibi,
3479 4826 3536 4871 ut
3562 4817 3701 4871 alte-

2125 4886 2235 4940 rius
2266 4884 2710 4956 pulchritudinem
2737 4884 3074 4956 alteraugcat
3095 4884 3119 4948 ;“
3132 4896 3185 4939 et
3205 4888 3290 4953 qui
3316 4887 3365 4940 in
3393 4902 3486 4939 sua
3515 4896 3703 4941 natura

2126 4954 2300 5009 minus
2328 4957 2485 5025 lucet,
2507 4954 2723 5025 alterius
2743 4955 3023 5025 coltatione
3048 4956 3271 5011 lucidior
3294 4966 3565 5025 appareat.

2124 5026 2349 5081 CAPUT
2392 5022 2649 5079 XXXVII.
2700 5053 2768 5062 —
2813 5022 3135 5092 Persequitur
3178 5026 3241 5079 de
3265 5022 3502 5080 virtutum
3546 5043 3698 5081 orna-

2814 5095 3011 5148 mentis.

2195 5164 2452 5234 Jungatur
2478 5162 2703 5234 castitati
2748 5161 3041 5234 humilitas,
3087 5172 3140 5218 et
3183 5164 3310 5218 nihil
3341 5166 3440 5222 erit
3466 5166 3701 5234 splendi-

2126 5233 2268 5287 dius.
2316 5232 2612 5303 Prudentia:
2661 5232 2890 5303 sot-ietur
2928 5235 3234 5303 simplicitas
3266 5276 3281 5299 ,
3330 5246 3382 5289 et
3429 5232 3554 5289 nihil
3599 5241 3701 5291 erit

2128 5303 2366 5356 lucidius.
2399 5301 2686 5372 Copulrtur
2713 5301 3071 5357 misericordia
3097 5305 3333 5372 justitize,
3356 5315 3408 5360 et
3440 5305 3566 5359 nihil
3594 5308 3700 5361 erit

2125 5374 2359 5425 suavius.
2394 5371 2543 5425 Adde
2569 5370 2861 5425 fortitudini
2882 5370 3212 5439 modestiam,
3239 5385 3287 5429 et
3315 5375 3443 5431 nihil
3470 5378 3571 5429 erit
3597 5381 3697 5429 nti-

2128 5443 2245 5495 lius.
2277 5440 2329 5495 In
2360 5441 2455 5495 hac
2488 5442 2740 5495 varietate
2770 5450 2871 5495 tua:
2892 5444 3083 5500 mentis
3103 5446 3286 5499 oculos
3305 5460 3523 5501 occupa.
3553 5445 3698 5501 llane

2126 5513 2177 5565 in
2208 5512 2379 5566 anima
2408 5520 2495 5563 tua
2518 5511 2662 5564 omni
2707 5512 2880 5565 studio
2929 5513 3092 5567 forma
3114 5532 3125 5567 :
3150 5516 3233 5569 cui
3264 5516 3306 5569 si
3339 5511 3570 5569 ﬁmbrias
3599 5532 3694 5568 au-

2126 5597 2242 5636 reas
2264 5581 2446 5654 addas,
2472 5590 2673 5654 vestem
2699 5582 3020 5654 polymitam,
3045 5586 3093 5636 in
3122 5600 3222 5653 qua
3258 5596 3308 5640 te
3331 5601 3553 5654 sponsus
3575 5602 3701 5641 cum

2126 5666 2331 5704 summa
2358 5650 2637 5704 dilectione
2683 5650 2992 5720 cortspieiat,
3040 5650 3247 5709 texuisti
3298 5650 3548 5709 :litnltria
3597 5672 3696 5709 cx-

2128 5731 2291 5774 trenta
2323 5735 2461 5787 pars,
2505 5720 2650 5787 quasi
2703 5721 2820 5774 linis
2864 5730 2945 5775 est
2988 5726 3316 5789 vestimenti;
3348 5725 3492 5779 Finis
3531 5737 3703 5781 (nam

2128 5791 2361 5861 praecepti
2383 5790 2603 5843 Charitas
2631 5800 2700 5844 cst
2727 5790 2788 5845 de
2804 5791 2953 5845 card:
2977 5809 3121 5864 puro,
3151 5803 3197 5847 et
3218 5797 3516 5849 conscientia
3541 5795 3696 5860 bona.
