4138 6364
534 364 671 420 “63

530 490 577 531 et
604 478 705 542 [ide
722 492 820 530 non
848 477 964 542 ﬁcta
986 474 1003 543 (
1024 474 1039 526 Ι
1063 474 1187 527 Tim.
1221 492 1259 541 ι,
1290 474 1376 543 5).

532 545 756 602 CAPUT
783 542 1067 599 XXXVIII.
1093 575 1162 585 —
1192 546 1273 598 Ea:
1291 544 1402 605 lini,
1427 558 1525 610 quo
1544 542 1704 595 altare
1726 549 1953 607 ornatur,
1984 556 2103 593 con-

772 616 1075 669 sideratione
1097 613 1343 683 quomodo
1370 627 1531 683 mores
1550 611 1856 683 instituendi.

603 685 657 739 In
683 686 763 739 his
789 684 1050 754 glorieris,
1074 677 1123 737 in
1153 684 1235 736 his
1253 681 1531 754 delecteris
1549 696 1582 754 ;_
1614 682 1781 754 intus,
1803 696 1918 754 non
1936 677 2099 754 foris;

530 755 582 807 itt
623 755 760 809 veris
792 748 1094 817 virtutibus,
1141 767 1244 805 non
1290 751 1343 804 in
1399 750 1615 819 picturis
1661 758 1716 803 et
1766 748 2099 817 imaginibus.

531 824 698 879 Pauni
718 824 841 880 linei
870 822 1073 877 candidi
1106 830 1251 875 tuum
1277 820 1536 874 adornent
1561 820 1749 883 altare,
1772 819 1858 887 qui
1889 818 2103 871 castita-

531 904 648 947 teur
659 910 754 948 suo
774 893 1002 947 candore
1028 889 1419 951 commendent,
1444 898 1499 943 et
1540 888 1927 956 simplicitatem
1971 902 2102 954 prte-

528 973 843 1017 monstreut.
873 961 1054 1028 Cogita
1077 975 1181 1029 quo
1203 960 1404 1021 labore,
1435 958 1625 1027 quibus
1647 957 1976 1029 tousionibus
1997 965 2105 1029 ter:

530 1047 737 1097 renum,
774 1033 825 1085 in
850 1045 974 1099 quo
998 1028 1183 1093 crevit,
1231 1030 1395 1082 linum
1423 1029 1652 1081 colorem
1689 1028 1913 1091 exuerit,
1945 1035 1997 1099 et
2035 1040 2065 1077 a

532 1103 686 1169 talem
724 1096 1011 1155 candorem
1040 1099 1359 1169 pervenetjt,
1406 1105 1463 1150 ut
1487 1114 1551 1150 ex
1580 1110 1645 1150 eo
1672 1105 1888 1169 ornetur
1912 1096 2097 1157 altare,

526 1168 720 1224 Christi
759 1184 954 1239 corpus
996 1165 1239 1239 veletur.
1267 1166 1398 1239 Cum
1441 1174 1653 1239 terreno
1693 1165 1872 1219 colore
1914 1178 2101 1218 omnes

528 1241 795 1293 nascimur
826 1234 1121 1307 {quoniam
1147 1238 1199 1290 in
1224 1234 1575 1307 iniquitatibus
1595 1244 2021 1307 fonceptusjunt,
2052 1242 2101 1307 et

526 1309 579 1360 in
632 1309 844 1376 peccatis
871 1302 1094 1377 concepit
1133 1324 1210 1359 me
1238 1302 1394 1377 mater
1413 1322 1520 1358 mea
1558 1302 1737 1377 (Paul.
1770 1318 1821 1367 ι,
1862 1303 1934 1371 7).
1981 1302 2099 1358 Pri-

526 1373 671 1431 mum
719 1378 896 1446 igitur,
940 1373 1287 1446 charissmta,
1321 1375 1485 1429 linum
1534 1373 2096 1446 aquisuimmergitur:

525 1461 621 1499 nos
644 1448 693 1499 in
713 1441 864 1516 aquis
882 1446 1216 1515 Baptisntatis
1234 1444 1443 1499 Christo
1467 1441 1883 1516 consepelimur;
1903 1441 1985 1516 ibi
2008 1441 2101 1516 de:

525 1516 667 1569 letur
691 1510 1062 1585 iniquitas,'sed
1083 1516 1303 1569 necdum
1332 1523 1549 1567 sanatur
1568 1510 1863 1585 infirmitas.
1884 1510 2097 1585 Aliquid

521 1580 1109 1655 candoris'recepitnus
1149 1590 1200 1639 in
1247 1592 1583 1655 peccatorum
1628 1584 1971 1640 remissione;
2003 1580 2098 1635 sed

524 1654 749 1708 necdum
793 1653 951 1724 plene
990 1664 1201 1708 terreno
1246 1654 1421 1724 colore
1467 1653 1709 1724 exuimur
1748 1659 2092 1724 pronaturze,

521 1739 641 1791 qua:
668 1720 854 1788 restat,
881 1724 1237 1792 corruptione.
1271 1723 1395 1776 Post
1418 1737 1588 1792 aquas
1616 1722 1780 1792 linum
1825 1720 2050 1773 siccatur
2080 1736 2095 1771 :

520 1793 641 1862 quia
673 1807 889 1847 necesse
917 1801 1019 1857 est,
1044 1791 1187 1863 ’post
1208 1807 1388 1863 aquas
1416 1791 1749 1863 Baptismatis
1769 1804 1961 1857 corpus
2005 1804 2099 1857 per

521 1860 893 1917 abstinentiam
921 1860 1241 1916 maceratum
1272 1860 1463 1915 illicitis
1507 1860 1793 1913 honoribus
1823 1869 2093 1913 vacuetur.

524 1932 721 1986 Deinde
746 1933 911 1986 littum
933 1931 1135 1985 malleis
1171 1931 1425 1993 tunditur,
1451 1937 1506 1984 et
1535 1944 1658 1983 euro
1703 1935 1880 1983 nostra
1919 1928 2095 1982 multis

523 2001 899 2055 teutatiouibus
927 2000 1191 2069 fatigatur.
1224 2003 1347 2054 Post
1372 1999 1474 2052 hoc
1500 2000 1661 2052 linunt
1693 1997 1877 2069 ferreis
1897 1997 2094 2069 aculeis

518 2070 851 2140 discerpitur,
884 2080 939 2123 ut
966 2067 1197 2138 deponat
1236 2070 1537 2140 superflua:
1583 2077 1636 2121 et
1675 2067 2095 2140 nosudiscipliua:

521 2137 725 2208 ungulis
755 2141 857 2193 nisi
885 2141 967 2193 vix
994 2137 1289 2193 necessaria
1320 2137 1627 2194 retinemus.
1658 2137 1953 2191 Adhibetur
1976 2148 2096 2206 post

522 2208 623 2263 hoc
654 2210 767 2288 lino
799 2210 1009 2262 suavior
1045 2209 1375 2288 stimulorum
1422 2208 1694 2288 leviorque
1725 2208 1964 2288 purgatio
1994 2226 2007 2261 :
2038 2217 2093 2261 et

520 2292 620 2331 nos
650 2278 799 2333 victis
841 2293 960 2332 cunt
989 2294 1178 2346 magno
1208 2278 1385 2333 labore
1418 2277 1658 2345 pessimis
1684 2277 2032 2343 passionibus,
2063 2293 2093 2331 a

520 2348 807 2402 levioribus
835 2358 889 2400 et
911 2345 1228 2416 quolidianis
1253 2349 1482 2415 peccatis
1515 2346 1738 2414 simplici
1761 2345 2095 2401 confessione

517 2425 570 2469 et
598 2417 958 2471 satisfactione
991 2417 1325 2471 inundantur.
1368 2417 1483 2470 lam
1516 2426 1640 2473 tunc
1666 2434 1693 2468 a
1740 2416 1986 2470 nentibus
2024 2416 2092 2470 li-

519 2502 645 2539 nunt
674 2488 725 2540 in
772 2487 983 2555 longum
1014 2487 1320 2555 producitur
1350 2504 1362 2538 :
1392 2496 1445 2540 et
1487 2501 1583 2541 nos
1610 2486 1662 2539 in
1687 2486 1950 2540 anteriora
1978 2485 2094 2540 lou-

515 2556 819 2623 gauimitate
843 2570 906 2609 ex
918 2555 1198 2610 teudimur.
1229 2557 1392 2609 l’orro
1419 2565 1473 2608 ut
1493 2557 1539 2608 ei
1573 2556 1852 2622 perfectior
1877 2556 2095 2609 accedat

518 2626 772 2693 perfectio
799 2634 853 2679 et
880 2625 1233 2695 pulchritudo,
1268 2626 1401 2694 ignis
1444 2624 1725 2683 adhibetur
1748 2636 1801 2679 et
1829 2639 1961 2695 aqua
1994 2642 2007 2677 :
2038 2637 2093 2679 et

519 2695 672 2749 nobis
704 2694 1081 2749 transeundum
1120 2706 1202 2749 est
1252 2712 1345 2762 per
1396 2695 1567 2763 ignem
1620 2694 1990 2763 tribulationis.
2038 2704 2094 2749 et

516 2780 709 2834 aquam
734 2765 1174 2833 eompunctionis,
1198 2774 1253 2817 ιιι
1277 2762 1641 2832 perveniamus
1665 2764 1730 2817 ad
1759 2762 2088 2831 refrigerium

516 2836 792 2889 castitatis.
820 2834 944 2889 Ηωο
987 2834 1077 2887 tibi
1114 2836 1329 2887 oratorii
1358 2834 1428 2887 tui
1458 2843 1765 2885 ornamenta
1801 2848 2093 2900 reprtesen-

521 2913 652 2967 tcnt,
682 2920 783 2958 non
814 2904 997 2957 oculos
1021 2912 1137 2956 tuos
1157 2904 1499 2957 varietatibus
1530 2902 1721 2955 mentis
1756 2911 1988 2969 pascant.

519 2970 742 3028 CAPUT
746 2972 1085 3043 ΑΧΧΧΙΧἿ-
1114 2971 1293 3043 Imago
1324 2972 1588 3043 Cruci/ixi,
1611 2971 1943 3043 etassistcntis
1973 2973 2089 3026 ltinc

564 3044 706 3096 -inde
735 3041 919 3096 Maria:
946 3058 1005 3094 ac
1028 3040 1247 3096 Joannis
1264 3052 1342 3097 tat
1364 3057 1466 3096 esse
1490 3041 1628 3095 debet
1653 3042 1704 3094 in
1730 3042 2088 3095 sanctimonia-

589 3112 715 3165 lium
741 3111 979 3167 oratorio.

590 3181 827 3251 Sufficiat
856 3181 948 3235 tibi
976 3181 1026 3235 in
1048 3180 1200 3236 altari
1236 3189 1325 3235 tuo
1353 3181 1643 3237 Salvatoris
1692 3182 1742 3236 in
1769 3196 1926 3236 cruce
1957 3197 2088 3251 pcn-

518 3252 691 3306 deutis
721 3250 915 3319 imago,
959 3266 1077 3320 qua:
1105 3252 1402 3320 passionem
1425 3268 1573 3306 suam
1604 3251 1696 3305 tibi
1721 3250 2086 3320 repraesentet,

517 3338 672 3392 quatn
709 3320 963 3392 imiteris;
995 3322 1250 3392 expansis
1280 3321 1510 3375 brachiis
1544 3321 1609 3375 ad
1642 3336 1776 3392 suos
1810 3331 1859 3375 te
1887 3322 2091 3392 invitet

516 3390 791 3462 amplexus
820 3391 871 3462 in
895 3390 1090 3462 quibus
1132 3391 1448 3456 delecteris;
1480 3390 1689 3462 nudatis
1728 3391 1981 3462 uberibus
2009 3392 2089 3447 lac

516 3458 794 3515 sua—vitatis
830 3458 1087 3530 infundat,
1128 3476 1233 3530 quo
1263 3462 1572 3519 consoleris.
1603 3461 1669 3515 Et
1697 3460 1743 3515 si
1767 3460 1869 3517 hoc
1897 3462 2089 3529 placet,

522 3533 587 3584 ad
640 3529 1116 3586 commendandam
1147 3529 1264 3585 itibi
1315 3531 1626 3599 virginitatis
1680 3531 2086 3595 excellentiam,

516 3603 662 3669 virgo
692 3609 860 3655 mater
888 3600 937 3654 in
976 3615 1091 3664 sua,
1121 3608 1177 3655 et
1220 3601 1367 3670 virgo
1394 3600 1683 3669 discipulus
1711 3600 1765 3653 in
1801 3615 1916 3663 sua.
1942 3601 2091 3669 juxta

520 3686 732 3724 erucem
759 3682 1046 3724 curventur
1071 3670 1328 3739 imagine;
1358 3680 1414 3723 ut
1441 3673 1640 3740 cogites
1664 3685 1820 3738 quam
1848 3680 1997 3739 grata
2023 3671 2093 3725 sit

517 3740 730 3794 Christo
766 3740 1037 3811 utriusque
1065 3754 1223 3811 sexus
1251 3739 1543 3811 virginitas,
1570 3754 1729 3811 quam
1757 3739 1809 3799 in
1846 3750 2017 3811 matre
2040 3749 2095 3811 et

518 3826 627 3879 prae
656 3810 866 3863 ueteris
906 3809 1004 3861 sibi
1046 3808 1237 3863 dilecto
1264 3808 1522 3879 discipulo
1564 3808 1912 3863 consecravit.
1940 3808 2093 3864 Unde

517 3878 611 3933 eos
637 3879 873 3946 pendens
900 3879 951 3937 in
981 3893 1137 3934 cruCe
1168 3888 1312 3935 tanto
1329 3878 1528 3937 foedere
1552 3878 1836 3948 copulavit,
1869 3888 1926 3933 ut
1949 3879 2091 3933 illam

518 3949 779 4022 discipulo
804 3958 1049 4022 matrem,
1096 3948 1241 4022 illum
1294 3950 1447 4022 matri
1497 3949 1661 4002 lilium
1711 3948 2004 4022 delegaret:
2047 3949 2093 4005 Ο

520 4017 887 4072 beatissimum
916 4019 1015 4071 huc
1053 4018 1353 4073 testimonio
1380 4018 1639 4074 Joannem
1690 4018 1772 4070 cui
1804 4018 1961 4071 totius
1990 4017 2093 4071 bu-

523 4088 667 4142 tnani
697 4088 909 4157 generis
933 4086 1113 4147 decus.
1143 4103 1271 4156 opes
1291 4087 1493 4148 mundi.
1523 4088 1687 4156 gloria
1704 4087 1847 4152 cteli,
1870 4087 2093 4142 misero-

520 4174 635 4211 rutn
678 4158 965 4226 refugium.
1010 4157 1325 4213 aﬂlictorum
1356 4158 1620 4219 solatium,
1654 4172 1943 4225 pauperum
1966 4172 2093 4211 eon-

522 4228 733 4292 solatio,
763 4227 1161 4295 tlespcratorum
1187 4227 1405 4293 erectio,
1429 4235 1758 4295 peccatorum
1788 4227 2093 4281 reconcilia~

523 4298 615 4359 tio,
648 4307 917 4363 postremo
953 4294 1096 4348 orbis
1125 4294 1359 4362 domina,
1403 4294 1523 4350 coeli
1563 4296 1763 4364 regina,
1794 4298 2092 4352 testamenti

522 4367 833 4426 auctoritate
848 4364 1215 4420 committitur!
1241 4366 1363 4427 Haec
1378 4366 1467 4419 tibi
1488 4365 1754 4434 praebeant
1770 4365 2089 4421 incentivum

521 4436 812 4499 charitatis,
844 4450 948 4489 non
975 4435 1328 4502 Spectaculum
1352 4436 1594 4490 vanitatis
1624 4452 1636 4488 :
1663 4434 1744 4490 bis
1759 4437 1899 4490 enim
1915 4437 2090 4491 omni-

521 4505 619 4558 bus
669 4504 735 4562 ad
786 4519 948 4560 unum
993 4514 1345 4575 necesse_est
1384 4515 1440 4559 ut
1480 4506 1803 4571 contendas;
1840 4508 2090 4575 quoniam

522 4590 682 4629 untun
711 4585 793 4630 est
820 4575 1194 4633 necessarium.
1233 4573 1363 4645 Illud
1390 4586 1470 4630 eSt
1498 4591 1681 4637 unum,
1711 4573 1982 4645 quod—non
2005 4577 2091 4631 itt-

524 4646 733 4705 venitur
760 4645 857 4699 nisi
886 4645 936 4701 in
961 4658 1086 4705 uuo.
1102 4644 1247 4715 apud
1272 4661 1454 4710 unum,
1478 4660 1597 4715 cunt
1622 4660 1745 4710 uno,
1765 4646 1902 4714 apud
1932 4662 2090 4715 quem

520 4730 624 4768 non
654 4724 735 4775 est
780 4714 1167 4779 transmutatio,
1201 4730 1298 4769 nec
1334 4714 1707 4768 vicissitudinis
1735 4714 2087 4771 obumbratio.

517 4784 615 4851 Qui
636 4785 871 4838 adhaeret
890 4784 961 4847 ei,
992 4798 1129 4837 unus
1147 4799 1269 4854 cum
1296 4799 1361 4837 eo
1390 4784 1605 4854 spiritus
1632 4783 1878 4847 efﬁcitur,
1908 4797 2083 4840 trans-

518 4856 634 4908 iens
679 4855 731 4912 in
771 4854 897 4924 illud
926 4869 1108 4917 unum,
1136 4853 1275 4924 quod
1308 4853 1531 4924 semper
1558 4854 1697 4924 idem
1721 4864 1823 4920 est,
1863 4864 1918 4908 et
1941 4856 2091 4924 cujus

516 4925 642 4977 atttti
674 4939 779 4981 non
806 4923 1076 4981 deficiunt.
1104 4922 1479 4995 Adhzesio‘ista
1505 4923 1780 4979 charitatis
1799 4925 1947 4995 quasi
1967 4922 2091 4993 spe-

519 4995 668 5047 cialis
692 5004 773 5047 est
797 5002 1014 5046 ornatus
1041 4993 1160 5045 linis
1185 5002 1239 5046 et
1267 4993 1491 5045 fimbria.

514 5062 739 5118 CAPUT
765 5062 949 5117 XL—
977 5060 1053 5115 De
1066 5063 1328 5116 dilectione
1348 5062 1442 5115 Dei
1454 5072 1503 5116 et
1532 5062 1767 5133 proximi,
1790 5079 1857 5133 ac
1878 5063 2093 5132 primum

653 5143 707 5186 ut
730 5133 783 5185 in
809 5134 1092 5201 proximum
1117 5133 1389 5185 exercenda
1418 5149 1450 5184 a
1472 5132 1949 5187 sanctimonialibus.

588 5202 762 5256 Vestis
788 5203 982 5271 quippe
1028 5202 1273 5271 nuptialis
1315 5218 1380 5256 ex
1413 5203 1659 5256 virtutum
1691 5204 1943 5256 varietate
1968 5218 2093 5257 con-

516 5283 694 5337 texta,
741 5282 953 5341 Oportet
994 5281 1050 5329 ttt
1093 5271 1313 5325 ﬁmbriis
1357 5273 1565 5337 aureis,
1611 5271 1661 5324 id
1702 5281 1785 5326 est
1822 5273 2093 5327 charitatis

516 5343 889 5411 splendoribus
910 5341 1190 5402 ambiatur,
1213 5358 1330 5410 qum
1348 5357 1534 5395 omnes
1560 5342 1781 5395 virtutes
1801 5345 2089 5406 contineat,

515 5422 570 5466 et
598 5413 925 5493 constringat
954 5412 1003 5465 itt
1033 5428 1215 5493 unum,
1245 5422 1311 5492 et
1352 5426 1517 5493 suam_
1533 5412 1853 5493 singularem
1892 5413 2095 5493 clarita-

520 5492 625 5535 tem
658 5481 986 5551 impertiens,
1016 5482 1083 5536 de
1108 5482 1288 5535 multis
1307 5498 1465 5534 unum
1494 5481 1666 5544 faciat,
1691 5491 1744 5535 ct
1767 5496 1885 5535 cum
1915 5482 2094 5536 multis

521 5552 605 5621 nni
628 5551 896 5606 adurereat
913 5568 928 5616 ;
945 5552 1119 5621 utjam
1138 5552 1310 5603 omnia
1336 5568 1438 5604 non
1461 5552 1567 5604 sint
1590 5551 1770 5608 multa.
1794 5551 1885 5621 sed
1906 5568 2086 5605 unum.

516 5620 762 5675 Charitas
801 5632 974 5676 autem
1003 5620 1055 5675 in
1083 5623 1189 5676 duo
1218 5621 1488 5685 dividitur,
1521 5622 1571 5675 in
1620 5621 1709 5674 Dei
1746 5620 1985 5675 videlicet
2015 5622 2095 5687 tli-

536 5691 801 5761 ectionem
831 5700 887 5746 et
912 5692 1154 5761 proximi.
1185 5692 1350 5745 Porro
1376 5691 1841 5761 dilectioproxiuti
1888 5692 1939 5745 in
1987 5692 2094 5745 duo

518 5760 891 5826 subdividitur,
914 5760 974 5816 in
1000 5762 1353 5821 innocentiam
1375 5772 1429 5818 et
1453 5760 1872 5827 beneficentiam,
1904 5762 2092 5816 videli-

2001 352 2358 409 APPENDIX.

3644 362 3793 419 1466

2209 477 2294 523 cet
2340 476 2397 521 ut
2436 467 2561 521 nulli
2613 482 2805 540 noceas
2840 508 2856 534 ,
2889 468 3207 540 benefacias
3249 470 3439 539 quibus
3492 475 3727 540 potueris
3762 492 3782 528 :

2210 539 2475 608 scriptunl
2500 546 2581 608 est
2608 538 2820 606 quippe,
2862 539 3009 603 Quod
3037 541 3122 592 tibi
3147 558 3245 593 non
3268 538 3345 593 si.
3367 538 3508 608 ﬁeri,
3549 543 3695 595 alteri
3720 561 3791 599 ne

2211 609 2384 687 [cretis
2408 605 2556 687 (Ton.
2583 605 2662 687 ni,
2688 608 2777 687 16)
2803 625 2816 660 :
2845 617 2899 687 et
2924 610 3035 687 hate
3061 605 3380 663 innocentia.
3414 605 3778 687 Et’_l)_omin‘us

2210 676 2261 749 in
2283 676 2589 749 Evangelio,
2618 676 2822 749 Omnia,
2852 678 3038 745 inquit,
3078 695 3401 749 qutecumque
3440 682 3590 735 cultis
3614 691 3667 734 ut
3695 683 3781 749 fa-

2206 747 2340 823 ciant
2368 745 2503 823 nobis
2522 745 2774 823 nomines,
2801 756 2845 823 et
2871 762 2955 801 vos
2984 745 3131 816 facite
3158 748 3260 823 illis
3280 745 3491 823 (Matth.
3520 766 3591 805 vn
3632 745 3779 823 12):

2212 818 2328 868 inec
2377 816 2744 890 beneficentia.
2800 818 3065 890 Quantum
3101 817 3176 890 ad
3217 828 3267 872 te
3306 819 3411 872 duo
3462 821 3558 873 ista
3613 816 3782 890 perii-

2208 892 2392 955 neant,
2434 885 2714 953 diligenter
2762 887 2995 940 adverte.
3027 887 3261 945 Primum
3294 898 3351 941 ut
3380 890 3511 944 nulli
3545 885 3778 955 noceas;

2206 954 2396 1007 deinde
2419 966 2473 1007 ut
2503 956 2628 1008 nulli
2653 956 2779 1008 velis
2806 972 3015 1009 nocere.
3042 958 3274 1010 Primum
3304 958 3432 1012 illud
3465 960 3619 1014 facile
3655 954 3773 1021 tibi,

2206 1038 2456 1096 ςιιιιιληθο
2482 1023 2532 1096 id
2572 1025 2739 1096 possis
2777 1026 2875 1079 nisi
2904 1024 3040 1079 forte
3070 1028 3243 1095 lingua
3287 1030 3652 1096 percusseris:
3688 1044 3777 1083 se-

2204 1093 2433 1166 cundum
2478 1093 2626 1166 illud,
2659 1109 2764 1166 non
2790 1096 2892 1149 erit
2921 1093 3166 1161 difﬁcile;
3181 1096 3226 1149 si
3256 1093 3577 1166 propositum
3605 1108 3780 1153 alten-

2205 1161 2299 1215 das
2327 1171 2471 1215 tuum
2492 1178 2506 1225 ;
2527 1163 2571 1215 si
2591 1162 2879 1231 professam
2901 1165 3149 1219 dilexeris
3171 1161 3477 1225 nuditatem.
3496 1167 3609 1222 Non
3633 1168 3775 1223 enim

2206 1231 2297 1285 tibi
2325 1232 2519 1299 poterit
2544 1248 2667 1301 erga
2696 1232 2921 1301 aliquam
2950 1251 3069 1289 esse
3098 1236 3251 1288 make
3280 1236 3562 1292 voluntatis
3604 1249 3775 1291 mate-

2204 1303 2303 1375 ria,
2337 1302 2421 1375 ubi
2449 1302 2707 1375 cupiditas
2737 1303 2901 1375 nulla,
2936 1304 3023 1357 ubi
3044 1305 3172 1375 nihil
3196 1304 3455 1375 diligitur,
3486 1306 3625 1375 quod
3655 1323 3752 1374 pos

2204 1374 2273 1442 sit
2299 1370 2523 1442 auferri;
2555 1372 2684 1424 nihil
2712 1373 2931 1437 tollitur,
2957 1374 3097 1442 quod
3126 1370 3518 1429 debeat—amari:
3550 1370 3774 1429 Demum

2203 1438 2339 1513 bene
2363 1440 2491 1494 velis
2511 1442 2777 1513 omnibus,
2807 1438 2993 1513 prosis'
3014 1443 3203 1512 quibus
3230 1444 3418 1513 possis.
3459 1446 3512 1498 In
3541 1460 3663 1513 quo,
3690 1446 3775 1501 in-

2203 1509 2353 1584 quis;
2386 1525 2504 1584 cum
2534 1510 2664 1563 mihi
2694 1512 2979 1584 nontliceat
3010 1509 3095 1567 vel
3122 1509 3409 1580 modicum,
3436 1509 3575 1584 quod
3605 1530 3774 1584 egea-

2204 1578 2615 1649 tibusgtribuam,
2648 1582 2950 1649 possidere?

2202 1645 2425 1705 CAPUT
2466 1645 2672 1723 Χιλιέ
2700 1650 2772 1703 De
2800 1650 3024 1723 easemplo
3061 1650 3242 1705 Maria:
3275 1662 3321 1706 et
3345 1651 3586 1720 Marthae,
3615 1653 3775 1723 deque

2621 1721 2720 1791 vita
2738 1722 2897 1791 activa
2913 1730 2958 1773 et
2980 1723 3381 1791 contemplativa.

2272 1788 2515 1857 Agnosce
2560 1789 2915 1843 conditionem
2963 1800 3128 1851 tuam,
3174 1788 3503 1848 charissima.
3546 1792 3780 1846 Duteso-

2201 1871 2351 1911 rores
2376 1866 2529 1913 erant
2560 1859 2760 1913 Martha
2790 1870 2845 1914 et
2878 1860 3035 1913 Maria
3073 1879 3085 1913 :
3121 1861 3391 1915 laborabat
3420 1864 3529 1922 illa.
3559 1862 3779 1919 vacabat

2200 1926 2325 1999 ista;
2360 1928 2446 1999 illa
2468 1929 2738 1997 erogabat,
2777 1930 2873 1984 ista
2913 1930 3150 1997 petebat;
3182 1929 3267 1983 illa
3309 1932 3587 1999 praestabat
3616 1932 3774 1986 obse-

2199 1998 2400 2069 quium,
2428 1998 2524 2069 ista
2562 1998 2826 2069 nutriebat
2860 1999 3122 2054 allectum.
3166 1998 3400 2069 Denique
3441 2018 3543 2055 non
3591 2003 3781 2054 ambu-

2200 2065 2336 2139 lans,
2366 2068 2447 2139 vel
2476 2067 2777 2139 discurrens
2805 2068 2909 2122 huc
2927 2079 3081 2138 atque
3110 2070 3253 2133 illuc,
3277 2065 3379 2125 non
3400 2071 3467 2125 de
3484 2071 3778 2139 suscipien-

2198 2135 2280 2190 dis
2299 2137 2593 2207 hospitibus
2610 2139 2856 2199 sollicita,
2876 2153 2978 2191 non
2998 2135 3123 2192 cura
3142 2141 3217 2201 rei
3236 2140 3505 2198 familiaris
3522 2135 3776 2201 distenta,

2200 2222 2304 2279 nou
2345 2222 2632 2279 pauperum
2677 2209 2998 2279 clamoribus
3029 2209 3225 2262 intenta
3257 2211 3479 2267 sedebat
3519 2210 3585 2264 ad
3616 2211 3779 2279 pedes

2196 2274 2426 2347 Jcsu,_et
2449 2274 2934 2332 audiebatverbum
2964 2278 3122 2331 illius.
3177 2279 3301 2333 Hmc
3346 2296 3465 2347 pars
3494 2274 3777 2340 tuafcba—

2198 2346 2425 2418 rissiuta,
2457 2362 2574 2418 quae
2596 2348 2791 2401 sareulo
2820 2358 3024 2400 mortua
3052 2358 3209 2416 atque
3237 2346 3464 2418 sepulta,
3493 2349 3653 2403 surda
3680 2350 3776 2403 tle-

2198 2414 2292 2468 bes
2318 2431 2438 2470 esse
2466 2414 2531 2470 ad
2579 2418 2753 2469 omnia
2784 2418 2961 2471 saeculi
2994 2414 3352 2472 blandimenta
3381 2419 3661 2483 audienda,
3705 2418 3776 2478 ad

2198 2484 2514 2553 loquendum
2544 2496 2683 2539 muta
2716 2504 2728 2540 :
2772 2502 2870 2541 nec
2896 2488 3056 2541 debes
3099 2488 3348 2552 disteutli,
3387 2488 3482 2543 sed
3520 2489 3772 2552 extendi;

2199 2554 2425 2627 impleri,
2474 2570 2581 2608 non
2628 2555 2917 2627 exhauriri.
2991 2558 3322 2626 Exsequatur
3375 2568 3579 2627 partem
3624 2574 3775 2613 suam

2194 2624 2396 2678 Martha
2432 2643 2447 2679 :
2484 2641 2600 2694 quze
2630 2626 2752 2679 licet
2795 2641 2899 2680 non
2929 2624 3160 2694 negetur
3193 2628 3347 2690 bona,
3376 2624 3556 2682 'Maria
3598 2638 3775 2682 tamen

2196 2694 2384 2765 melior
2410 2694 2743 2761 pmdicatur.
2770 2696 3036 2765 Numquid
3080 2697 3263 2751 invidit
3311 2697 3530 2752 Martha:
3576 2698 3774 2751 Maria?

2196 2763 2283 2815 illa
2315 2765 2485 2835 potius
2514 2764 2619 2817 isti.
2652 2765 2725 2822 Ita
2752 2763 3178 2835 etiam—qumqute
3207 2768 3419 2835 optima:
3444 2768 3694 2822 videntur
3718 2768 3776 2827 in

2194 2834 2411 2898 smculo,
2440 2842 2581 2887 tuam
2609 2836 2769 2888 vitam
2809 2834 3145 2901 azmulenltir,
3192 2834 3296 2889 non
3342 2837 3548 2894 illarum
3583 2847 3658 2890 tu.
3690 2836 3774 2895 Ad

2194 2902 2313 2956 illos
2340 2912 2544 2972 spectat
2569 2904 3026 2975 eleentosynarutn
3054 2904 3281 2974 largitio,
3307 2920 3530 2973 quorum
3558 2916 3641 2961 est
3662 2916 3774 2959 ter-

2194 2987 2336 3044 rena
2364 2974 2648 3044 possessio,
2681 2976 2760 3028 vel
2788 2974 2980 3044 quibus
3022 2975 3223 3035 credita
3265 2984 3345 3030 est
3393 2991 3572 3033 rerum
3596 2976 3774 3032 eccle-e

2193 3040 2523 3095 siastiCarum
2554 3040 2899 3113 dispensaiio.

2172 3118 2416 3191 'CAPUT
2453 3134 2611 3190 XLII.
2642 3166 2715 3176 —
2741 3136 2819 3191 De
2843 3154 3007 3260 rerum
3034 3137 3483 3193 ecclesiasticarum
3504 3136 3769 3207 dispessa.

2920 3225 3049 3260 :one.

2920 3225 3049 3261 :one.

2263 3276 2390 3344 Qua:
2419 3276 2559 3331 enim
2585 3278 2937 3333 sacrosanctis
2978 3278 3217 3332 ecclesiis
3253 3292 3281 3330 a
3312 3276 3557 3332 fidelibus
3582 3276 3775 3333 collata

2193 3357 2337 3412 sunt,
2378 3347 2630 3416 episcopi,
2659 3347 2960 3402 sacerdotes
2986 3357 3040 3402 et
3065 3347 3243 3402 clerici
3272 3347 3622 3416 dispensanda
3659 3360 3778 3416 sus-3

2193 3415 2422 3485 cipiunt,
2470 3425 2524 3471 et
2574 3432 2676 3486 non
2731 3418 3097 3479 recondenda;
3155 3432 3260 3471 non
3299 3415 3637 3486 possidenda,
3678 3415 3775 3473 sed

2192 3486 2479 3556 eroganda.
2508 3485 2773 3555 Quidquid
2806 3488 3021 3552 habent,
3045 3485 3337 3556 pauperum
3364 3498 3467 3550 est.
3496 3486 3775 3556 viduarum

2194 3564 2249 3609 et
2269 3555 2647 3626 o’rpbanorum,
2672 3564 2726 3626 et
2750 3571 2931 3611 eorum
2958 3555 3058 3626 qui
3087 3557 3239 3610 altari
3266 3556 3614 3626 deserviuntt
3626 3564 3683 3608 ιιι
3705 3555 3776 3626 de

2193 3623 2344 3682 altari
2376 3627 2569 3680 vivant.
2615 3625 2720 3696 sed
2767 3641 2831 3681 ea
2873 3623 2992 3696 (ιιιεὲ
3040 3627 3091 3680 in
3123 3641 3248 3681 usus
3276 3641 3546 3696 servorum
3575 3623 3775 3696 Christi

2196 3694 3771 3793 ῗὲίῖηῗῗὲθῗξῖδηὲῑίθξῗὲίέἱῗξέοξέἷίῖδηὲθᾷῗεδηέῗᾞῗὲθηὲῗῗ

2193 3905 3081 4029 ἓᾶἥῗδυίιῗῖῧῗῗυ-Γὲιαωιναια
3125 3992 3223 4027 non
3264 3973 3441 4028 debent
3497 3989 3774 4044 pauperum

2614 4054 2659 4097 et
2679 4045 2929 4125 hosgitum
2949 4062 3070 4097 cura
3090 4045 3323 4125 distendi.

2266 4114 2333 4168 Et
2376 4113 2477 4168 hoc
2520 4114 2726 4167 illorum
2773 4111 3019 4179 interest,
3060 4115 3253 4184 quibus
3283 4128 3405 4183 pars
3434 4121 3516 4167 est
3556 4111 3773 4166 Marthae

2194 4183 2497 4264 commissa,
2530 4200 2632 4264 non
2663 4184 3015 4264 quiusalntari
3066 4184 3177 4238 otio
3219 4192 3411 4237 vacant
3437 4198 3556 4264 cuin
3589 4181 3769 4264 Maria.

2198 4253 2278 4331 Ita
2301 4254 2668 4331 claustralibus
2693 4253 2832 4331 nulla
2862 4254 3023 4331 debet
3048 4269 3167 4308 esse
3197 4270 3291 4331 pro
3318 4253 3637 4331 pauperibus
3663 4254 3771 4331 sol-

2195 4323 2428 4404 licitudo,
2460 4324 2603 4404 nulla
2637 4337 2743 4404 pro
2772 4322 3068 4404 hospitibus
3098 4322 3446 4404 suscipiendis
3488 4322 3768 4404 distentin;

2193 4394 2390 4462 quippe
2419 4393 2609 4461 qutbus
2635 4393 2776 4446 nulla
2800 4393 2956 4448 debet
2977 4408 3097 4447 esse
3112 4394 3178 4447 de
3203 4393 3436 4446 crastino
3454 4408 3603 4453 cura.
3629 4391 3773 4444 nulla

2193 4464 2296 4541 cibi
2323 4463 2953 4541 vel_potus_‘providentia
2989 4481 3001 4516 :
3035 4465 3336 4541 nutriantur
3365 4462 3538 4541 potius
3567 4460 3625 4541 in
3646 4476 3767 4513 cro-

2193 4534 2324 4598 ceis,
2354 4532 2715 4601 spiritualibus
2741 4544 3042 4601 pascantur.
3061 4534 3232 4587 Altius
3256 4530 3432 4587 autem
3459 4530 3513 4583 bi
3539 4533 3627 4599 qui
3646 4545 3773 4583 eon-

2194 4610 2300 4683 tem
2308 4601 2514 4683 ptibiles
2528 4611 2650 4683 sunt
2663 4602 3015 4683 constitutiad
3028 4601 3393 4670 iudicandum,
3407 4601 3772 4683 amplexantur

2192 4681 2449 4727 stercora.
2481 4673 2580 4740 Ipsi
2610 4673 2804 4741 quippe
2829 4681 2953 4726 sunt
2994 4673 3177 4740 boves,
3205 4688 3429 4742 quorum
3464 4673 3613 4740 piger
3639 4679 3775 4724 ster-

2191 4743 2405 4797 eoribus
2424 4741 2702 4809 lapidatur.

2192 4832 2417 4887 CAPUT
2465 4828 2646 4885 XLIV.
2706 4861 2777 4871 —
2819 4831 3195 4886 Administratio
3239 4831 3591 4902 temporalium
3629 4831 3768 4883 haud

2248 4903 2472 4957 convenit
2496 4902 2769 4967 ctenobt'tis,
2806 4903 3057 4972 multoque
3091 4904 3254 4957 minus
3277 4901 3459 4973 virgini
3480 4901 3709 4954 reclusis.

2264 4990 2399 5046 Sunt
2422 4991 2562 5045 enim
2600 4990 2835 5060 quidam,
2866 4992 2954 5060 qui
2984 4993 3123 5046 circa
3154 4991 3443 5060 Spiritualia
3468 4989 3679 5044 desides
3718 4998 3774 5045 et

2197 5062 2335 5135 pigri
2367 5062 2547 5135 instar_
2574 5062 2754 5135 p0puli
2794 5064 3103 5135 peccatoris,
3153 5077 3312 5129 super
3337 5075 3527 5135 manna
3556 5061 3776 5115 caeleste

2196 5131 2473 5192 nauseant,
2502 5131 2843 5199 videntesque
2884 5132 3015 5184 alios
3040 5133 3179 5185 circa
3208 5133 3510 5199 temporalia
3542 5145 3772 5198 occupa-

2198 5212 2300 5265 tos,
2326 5200 2581 5263 invident,
2622 5200 2927 5266 detrahunt,
2970 5211 3325 5265 murmurant,
3355 5208 3411 5257 et
3455 5215 3548 5267 pro
3574 5209 3771 5253 sterco-

2197 5272 2365 5335 ribus,
2414 5271 2606 5339 quibus
2652 5271 2746 5337 ipsi
2793 5270 3075 5335 laedantur,
3118 5271 3215 5323 zeli
3258 5282 3311 5323 et
3365 5269 3772 5325 amaritudinum

2196 5341 2439 5399 stimulos
2462 5339 2634 5394 ferunt
2664 5357 2676 5392 :
2709 5341 2775 5393 de
2803 5340 2992 5407 quibus
3014 5341 3059 5393 si
3088 5340 3221 5394 forte
3246 5341 3473 5409 aliquam
3504 5348 3773 5408 tempora-

2198 5412 2322 5464 lium
2348 5409 2793 5480 dispensationem
2826 5411 3021 5463 fueriut
3042 5411 3241 5480 adepti,
3266 5410 3642 5480 coavenienter
3667 5409 3772 5468 dici

2199 5489 2411 5549 potest}
2439 5479 2537 5544 Qui
2554 5480 2725 5532 nutriti
2748 5490 2886 5532 erant
2909 5481 2960 5532 in
2976 5479 3182 5544 croceis,
3210 5479 3481 5549 amplenati
3506 5488 3622 5531 sunt
3646 5489 3776 5533 ster-

2198 5566 2317 5609 cora
2346 5548 2657 5621 (Tltren.gtv,
2688 5550 2762 5621 5).
2788 5551 2915 5621 Cum
2946 5551 3101 5618 igitur
3124 5565 3222 5603 nec
3258 5552 3377 5614 illis,
3406 5550 3492 5618 qui
3523 5550 3573 5603 itt
3592 5563 3780 5621 emno-

2199 5621 2298 5674 ltiis
2322 5618 2464 5683 sunt,
2494 5618 2681 5687 quibus
2709 5619 2759 5671 iu
2794 5619 2993 5672 Martha
3028 5636 3129 5672 non
3155 5635 3310 5686 parva
3337 5619 3640 5672 cotttntuuio
3669 5628 3773 5681 est,

2198 5690 2335 5744 circa
2361 5689 2579 5757 plurima
2606 5693 2850 5756 occopari
2872 5690 3208 5749 conceditur;
3228 5700 3425 5759 quanto
3450 5690 3626 5742 minus
3656 5689 3774 5759 tibi,

2198 5775 2316 5830 qua:
2370 5770 2421 5813 te
2478 5767 2637 5813 totant
2685 5760 2751 5813 de
2796 5761 2991 5814 saeculo
3044 5760 3255 5828 emisti,
3312 5759 3397 5814 cui
3446 5774 3549 5817 non
3596 5758 3771 5822 solum
