4138 6364
441 265 575 323 “69

439 391 538 438 cro,
559 374 769 429 Andrea
794 374 1042 437 sanctior,
1069 374 1275 429 caeteris
1303 373 1546 428 omnibus
1584 373 1850 441 Apostolis
1883 387 2001 440 gra-

437 446 576 500 tior?
601 444 838 514 Speciale
866 443 967 498 hoc
986 444 1294 514 virginitatis
1324 442 1672 514 privilegium,
1705 442 1824 510 quia
1853 444 2001 514 virgo

434 532 494 571 es
519 510 720 570 elccius
747 529 775 566 a
805 515 1046 580 Domino,
1069 510 1358 582 antequam
1393 514 1496 566 ires
1518 510 1653 566 cum
1689 522 1858 582 matre
1879 510 2003 564 dile-

435 595 553 640 ctus
579 586 619 639 ⁸.
651 585 766 638 iam
792 579 1166 638 misericordia:
1191 579 1413 647 eicsulta,
1443 582 1609 652 virgo,
1647 579 1840 652 accede
1877 595 1999 652 pro-

436 657 575 726 pius,
606 664 661 708 et
688 654 912 726 aliquam
948 653 1037 707 tibi
1053 654 1216 726 hujus
1235 650 1544 726 dulcedinis
1566 650 1860 726 portionem
1881 650 2000 726 vin-

436 720 616 778 dicare
647 740 751 776 non
778 720 1008 776 differas.
1045 724 1100 777 Si
1128 720 1192 776 ad
1233 723 1432 792 potiora
1473 736 1574 792 non
1600 730 1767 792 potes,
1798 720 2002 792 dimitte

434 793 622 848 Joanni
653 801 856 862 pectus,
887 792 971 846 ubi
1017 807 1135 846 eum
1182 789 1360 846 vinum
1400 791 1595 862 laetitia:
1624 791 1676 862 in
1710 789 2002 862 divinitatis

435 859 738 939 cognitione
761 863 986 916 inebriet
1016 880 1028 915 :
1063 871 1116 915 tu
1139 876 1359 939 currens
1374 860 1440 914 ad
1458 861 1618 939 ubera
1641 859 1999 939 humanitatis,

437 930 524 987 lae
567 933 824 1000 ettprime.
868 948 973 1001 quo
1020 933 1284 986 nutriaris.
1333 933 1474 985 Inter
1507 930 1620 1001 hate
1645 930 1999 1001 sacratissima

434 1003 524 1058 illa
550 997 788 1056 oratione
809 997 1094 1070 discipulos
1115 1001 1492 1056 commendans
1517 1000 1654 1053 Patri
1677 999 1889 1062 dixerit,
1908 997 2004 1050 Pa-

435 1083 526 1136 ter,
551 1088 692 1126 serva
715 1087 798 1148 eos
823 1073 1243 1148 in__nomine_tuo;
1264 1071 1456 1148 inclina
1485 1078 1631 1122 tuum
1657 1076 1834 1148 caput,
1865 1078 1922 1121 ut
1951 1075 2004 1121 et

435 1152 491 1197 tu
513 1142 768 1196 merearis
789 1142 990 1206 audire,
1019 1141 1143 1194 Volo
1175 1151 1227 1198 ut
1251 1141 1333 1193 ubi
1358 1155 1468 1194 sum
1487 1155 1596 1208 ego,
1625 1137 1763 1191 etilli
1786 1137 2004 1191 sintme-

432 1229 546 1295 cur
567 1210 629 1295 .(1
633 1229 748 1295 εει·
766 1227 910 1295 35.th
936 1212 1030 1295 ΗΑ
1049 1210 1161 1295 ει),-

469 1280 552 1337 CA
565 1275 694 1336 PUT
721 1280 872 1334 LVII.
890 1275 959 1320 ἐ·-
984 1280 1062 1333 De
1089 1275 1273 1333 Christi
1295 1277 1476 1347 agonia
1488 1277 1541 1330 in
1569 1286 1734 1328 monte
1763 1275 1964 1330 Oliveti.

485 1351 707 1405 .Bonum
729 1360 811 1406 est
837 1351 928 1405 tibi
946 1350 1032 1404 hie
1056 1365 1193 1405 esse.
1226 1346 1649 1403 Sed’exeundum
1675 1355 1775 1412 est,
1807 1361 2004 1416 praece-

431 1419 637 1488 ditipse
653 1421 718 1475 ad
736 1429 966 1474 montem
988 1419 1197 1480 Oliveti,
1219 1427 1272 1472 tu
1299 1432 1539 1488 sequere.
1567 1416 1633 1469 Et
1661 1416 1782 1470 licet
1799 1431 2006 1472 assum-

433 1501 525 1561 pto
548 1487 706 1561 Petro
725 1498 783 1561 et
805 1491 1009 1544 duobus
1031 1489 1150 1544 filiis
1175 1487 1512 1561 Zebedgeiad
1537 1495 1739 1540 secreta
1767 1501 2005 1541 secesse-

432 1557 534 1624 rit;
566 1560 650 1614 vel
673 1560 872 1629 alonge
894 1561 1116 1623 intuere,
1139 1557 1475 1629 quomoduin
1495 1573 1551 1610 se
1573 1566 1805 1629 nostram
1834 1566 2005 1629 trans-

432 1629 548 1685 tulit
559 1626 1084 1707 neeessitaient.Vide
1099 1626 1589 1707 quonlodo.ille,_cuj
1598 1640 1657 1706 us
1669 1626 2000 1707 suntomnia.

438 1715 629 1767 pavere
655 1701 838 1768 incipit
883 1707 936 1752 et
985 1696 1409 1768 tardere,gTristis
1433 1705 1504 1750 est
1540 1696 1892 1768 agniniaﬂmca,
1923 1696 2004 1750 in-

433 1764 638 1840 quiens,
663 1764 902 1840 usquead
925 1767 1356 1840 mortemUlfutth.
1383 1781 1534 1840 uti)",
1703 1765 1852 1840 Unde
1879 1768 2000 1831 hoc,

433 1834 571 1893 Deus
599 1834 784 1894 meus?
809 1834 1291 1908 Compateris'mihi
1326 1836 1584 1908 exhibens
1608 1834 1898 1901 hominem,
1948 1844 2005 1889 ut

430 1908 820 1978 quodammodo
865 1905 1091 1963 videaris
1113 1908 1317 1962 nescire
1337 1905 1480 1978 quod
1499 1905 1636 1959 Deus
1655 1919 1712 1958 es
1739 1923 1756 1978 _:
1781 1916 2004 1974 prostra-

434 1975 516 2032 t'us
543 1981 595 2032 In
621 1978 806 2033 faciem
838 1993 977 2040 oras,
1002 1989 1045 2031 et
1067 1982 1226 2048 factus
1254 1985 1326 2030 est
1351 1975 1507 2048 sudor
1526 1982 1668 2039 tuus,
1705 1976 1832 2048 sicut
1849 1985 2005 2048 gutta;

431 2049 692 2118 sanguinis
726 2048 1034 2102 decurrentis
1067 2044 1131 2118 in
1156 2057 1339 2118 (errant
1377 2045 1527 2114 (Luc.
1557 2060 1690 2118 Χιξιι,
1867 2045 2001 2118 Quid

430 2114 544 2172 stas
554 2119 577 2171 ?
591 2133 828 2182 accurre,
846 2127 896 2173 et
918 2117 1256 2172 suavissimas
1283 2116 1400 2169 illas
1416 2125 1590 2184 guttas
1611 2114 1804 2182 lambe,
1819 2123 1873 2168 et
1891 2115 2004 2184 pul-

432 2203 609 2241 verem
642 2188 830 2257 pedum
876 2188 1016 2240 illius
1044 2188 1202 2257 linge.
1241 2185 1362 2241 Noli
1385 2185 1619 2257 dormire
1655 2199 1782 2257 cum
1825 2186 2000 2257 Petro,

430 2271 500 2311 ne
526 2255 994 2318 merearisaudire,
1029 2255 1254 2311 Sic’non
1283 2256 1486 2326 potuisti
1516 2271 1617 2307 una
1643 2255 1767 2307 liora
1797 2255 2004 2326 uigilare

432 2343 622 2380 mecum
649 2326 856 2397 (Matth.
880 2326 1196 2397 xxw,40)?

685 2396 866 2452 APUT
897 2396 1072 2453 LVIII.
1091 2393 1160 2436 -—'
1183 2394 1258 2447 De
1284 2393 1467 2448 Christi
1503 2393 1788 2447 traditione.

501 2465 606 2521 Sed
626 2482 750 2521 ecce
761 2468 868 2534 jam
883 2466 1199 2535 proditorem
1215 2473 1534 2535 praeeuntem
1548 2464 1828 2535 impiorum
1853 2463 2002 2535 turba

431 2532 788 2602 subsequitur,
821 2532 1141 2590 et'oseulum
1174 2532 1443 2602 praebente
1467 2532 1631 2595 .Iuda,
1663 2548 1852 2586 manus
1880 2533 2003 2602 inji-

431 2605 579 2658 ciunt
607 2605 656 2658 in
682 2606 959 2657 Dominum
989 2614 1158 2669 tuum,
1178 2611 1375 2666 tenent,
1396 2603 1575 2670 ligant,
1600 2611 1654 2656 et
1679 2603 1792 2654 illas
1821 2602 2005 2656 dulces

432 2689 622 2728 manus
658 2674 884 2727 vinculis
924 2675 1239 2743 astringunt.
1267 2673 1396 2738 Quis
1425 2672 1594 2725 ferat?
1618 2672 1760 2743 Seio,
1780 2680 2006 2743 occupat

433 2759 576 2798 nunc
591 2759 684 2798 cor
705 2753 852 2796 tuum
883 2744 1071 2812 pietas,
1099 2741 1278 2796 omnia
1304 2744 1504 2812 viscera
1525 2751 1611 2794 tua
1638 2742 1782 2812 zelus
1801 2741 2006 2812 inflam-

431 2821 563 2867 mat.
611 2812 756 2873 Sine,
803 2811 951 2880 rogo,
998 2813 1224 2879 patiatur
1261 2811 1350 2878 qui
1390 2824 1485 2877 pro
1529 2819 1579 2880 te
1620 2811 1836 2880 patitur.
1866 2811 2005 2878 Quid

433 2891 585 2951 optas
631 2878 897 2953 gladium?
940 2878 1076 2950 Quid
1120 2878 1566 2953 irasceris?Quid
1590 2879 1915 2953 indignaris?
1951 2882 2007 2936 Si

431 2949 599 3006 instar
629 2949 771 3008 Petri
799 2949 1080 3018 cujuslibet
1103 2965 1283 3005 aurem
1308 2949 1616 3013 abseideris,
1644 2950 1688 3001 si
1718 2949 1860 3002 ferro
1883 2950 2006 3003 bra-

433 3021 608 3076 chium
643 3025 826 3076 tuleris
848 3063 862 3085 ,
898 3023 942 3076 si
985 3021 1170 3090 pedem
1208 3019 1531 3090 truncaveris
1554 3060 1569 3084 ,
1614 3019 1726 3090 ipse
1763 3019 2010 3090 restituet

433 3093 642 3156 omnia;
674 3094 761 3161 qui
792 3093 950 3146 etiam
989 3089 1034 3145 Si
1075 3106 1231 3161 quem
1269 3089 1527 3144 occideris
1550 3130 1565 3154 ,
1607 3089 1806 3159 absque
1847 3089 2010 3144 dubio

432 3162 723 3215 suscitabit.

433 3231 658 3287 CAPUT
696 3231 830 3286 LIX.
856 3261 928 3270 ——
959 3231 1036 3284 De
1074 3231 1276 3300 injuriis
1301 3228 1513 3300 Christo
1555 3229 1693 3300 apud
1735 3228 2011 3300 principem

715 3303 1031 3355 sacerdotum
1058 3310 1103 3353 et
1123 3298 1267 3368 apud
1291 3298 1518 3350 Pilatum
1543 3298 1721 3351 illatis.

503 3368 737 3439 Sequere
765 3372 939 3439 potius
964 3385 1084 3423 eum
1118 3385 1282 3438 usque
1306 3369 1391 3439 ad
1413 3369 1603 3439 atrium
1642 3368 1893 3437 principis
1916 3383 2005 3422 sa-

435 3438 731 3500 cerdotum,
767 3437 830 3493 et
863 3437 1308 3509 speciosissimam
1348 3438 1463 3509 ejus
1499 3437 1704 3503 faciem,
1735 3453 1892 3509 quam
1934 3439 2009 3493 illi

433 3509 844 3578 sputisillinnnt,
867 3508 920 3563 tu
943 3510 1186 3578 Iacrymis
1209 3510 1342 3561 lava.
1361 3508 1565 3578 Intuere
1586 3522 1742 3575 quam
1767 3508 1864 3578 piis
1889 3522 2011 3563 ocu-

434 3577 518 3640 lis,
549 3592 703 3646 quam
741 3576 1174 3640 misericorditer,
1204 3593 1361 3647 quam
1391 3576 1677 3631 efficaciter
1713 3576 1889 3631 tertio'
1909 3593 2005 3632 ne—

431 3657 642 3716 gantem
675 3649 905 3718 respexit
930 3647 1401 3718 Petrnmtquando
1431 3647 1518 3718 ille
1552 3661 1839 3718 conversus
1875 3658 1929 3700 et
1959 3649 2008 3702 in

436 3731 493 3769 se
517 3716 930 3770 reversus'llevtt
951 3733 1146 3770 amare.
1179 3716 1410 3779 Utinam,
1438 3717 1572 3769 bone
1600 3716 1745 3780 Jcsu,
1782 3727 1902 3770 tuus
1924 3734 2010 3772 me

435 3786 602 3839 dulcis
631 3788 877 3854 reSpiciat
902 3788 1101 3849 oculus,
1137 3789 1222 3852 qui
1247 3796 1298 3839 te
1321 3786 1477 3838 toties
1498 3787 1559 3837 ad
1587 3802 1768 3838 vocem
1800 3788 2006 3841 ancilla:

433 3855 690 3925 praeacis,
720 3857 894 3908 carnis
922 3871 1054 3908 mea:
1082 3855 1324 3922 pessimis
1352 3856 1596 3925 operibus
1631 3855 2009 3925 all‘eetibusque

435 3925 641 3991 negavi.
672 3924 776 3978 Sed
799 3939 906 3989 jam
937 3940 1091 3977 mane
1123 3926 1259 3976 facto
1289 3926 1512 3977 traditur
1535 3924 1720 3976 Pilato.
1752 3924 1822 3978 Ibi
1849 3942 2003 3980 accu-

435 4005 601 4058 satur,
625 4004 679 4047 et
707 4004 840 4046 tacet
867 4013 877 4046 :
920 3995 1167 4062 quoniam
1200 4001 1438 4060 tanquam
1477 3993 1580 4045 ovis
1622 3995 1686 4044 ad
1712 3996 2007 4048 occisionem

434 4062 654 4128 ducitur,
685 4073 732 4116 et
754 4065 879 4133 sicut
908 4079 1066 4132 agnus
1092 4079 1262 4115 coram
1293 4063 1533 4133 tondente
1551 4064 1730 4133 δερ-εἰσ
1757 4081 1855 4116 non
1884 4082 2006 4133 ape-

434 4133 531 4184 ruit
553 4149 608 4184 os
631 4149 777 4185 suum
802 4131 956 4201 (lsni.
1000 4148 1109 4197 LIII,
1129 4135 1179 4194 7;
1213 4134 1320 4184 Act.
1344 4147 1456 4196 VIII,
1475 4131 1588 4200 3‘2).
1613 4131 1766 4198 Vide,
1795 4131 2008 4188 attende

433 4203 698 4270 quomodo
723 4211 826 4255 stat
847 4210 967 4256 ante
986 4202 1283 4270 praesidem,
1315 4203 1563 4255 inclinato
1584 4203 1776 4269 capite,
1805 4203 2005 4256 demis-

432 4271 508 4324 sis
546 4271 743 4334 oculis,
787 4272 933 4325 vultu
975 4272 1196 4340 placido,
1231 4287 1475 4325 sermone
1519 4285 1658 4333 raro,
1698 4284 1911 4339 paratus
1941 4273 2007 4326 ad

435 4341 738 4412 opprobria,
767 4351 1045 4412 promptus
1070 4342 1227 4394 etiam
1254 4341 1319 4395 ad
1343 4342 1582 4394 verbera.
1611 4341 1754 4412 Scio,
1784 4358 1888 4394 non
1913 4358 2005 4410 p0-

437 4417 516 4462 tes
543 4410 1077 4475 ulterius’susti'nere,
1119 4427 1215 4465 nec
1241 4411 1602 4464 dulcissimum
1632 4410 1846 4465 dorsum
1889 4414 2006 4478 ejus

434 4479 655 4550 flagellis
681 4483 853 4550 atteri,
887 4497 987 4535 nec
1024 4481 1208 4534 faciem
1248 4481 1412 4550 alapis
1438 4481 1590 4550 caedi,
1623 4495 1720 4534 nec
1747 4497 2005 4536 veneran-

434 4547 703 4620 dumillud
731 4559 888 4618 caput
924 4551 1090 4618 spinis
1118 4547 1380 4616 coronari,
1413 4565 1510 4604 nec
1557 4549 1850 4620 dexteram,
1887 4566 2004 4620 quze

435 4616 627 4688 caelum
646 4626 701 4671 et
734 4616 928 4672 terram
949 4616 1203 4682 continet,
1233 4620 1488 4674 arundine
1512 4616 1869 4688 dehonestari,
1902 4616 2004 4676 iuis

437 4686 603 4740 oculis
628 4688 865 4760 aspicere
891 4692 1107 4756 poteris.
1136 4691 1269 4743 Ecce
1297 4691 1537 4744 educitur
1553 4686 1864 4759 ﬂagellatus,
1882 4707 2004 4760 por-

438 4764 554 4826 t_ans
582 4757 816 4826 Spineam
847 4769 1207 4826 coronam-et
1247 4774 1565 4826 purpureum
1608 4757 2000 4816 vestimentum.

437 4824 502 4878 Et
527 4825 655 4878 dicit
685 4826 902 4897 Pilatus,
932 4825 1062 4880 Ecce
1083 4828 1228 4879 homo
1250 4824 1438 4896 '(Joun.
1473 4845 1584 4892 tux,
1613 4829 1669 4897 5)
1705 4848 1716 4881 :
1750 4847 1874 4886 vere
1905 4832 2003 4885 lto-

436 4909 524 4946 mo
544 4904 645 4968 est,
677 4897 794 4963 quis
818 4896 1053 4968 dubitet?
1073 4897 1258 4951 Testes
1287 4897 1598 4968 suntipI-‘ga:
1623 4896 1907 4967 virgarum,
1937 4902 2002 4955 li-

437 4977 531 5039 gor
557 4964 811 5039 ulcerum,
838 4965 1053 5039 {inditas
1073 4976 1377 5039 sputt_)_rum._
1397 4964 1512 5021 Jatn
1525 4964 1690 5039 inunc
1709 4964 2000 5039 cognosco,

436 5032 652 5106 Zabule,
695 5036 814 5102 quia
842 5048 940 5106 gest
970 5032 1149 5089 homo.
1198 5035 1330 5091 Vere
1363 5036 1524 5090 homo
1545 5046 1644 5101 est,
1677 5032 1869 5106 inquis.
1898 5032 2002 5095 Sed

435 5103 561 5169 quid
587 5111 686 5165 est,
719 5104 856 5174 quod
887 5106 939 5176 in
984 5115 1060 5160 tot
1086 5105 1292 5174 injuriis
1323 5121 1424 5159 non
1457 5107 1702 5161 irascitur
1729 5103 1785 5160 ut
1813 5108 1994 5176 homo,

436 5186 541 5246 nou
569 5183 808 5246 movetur
830 5183 884 5226 ut
911 5175 1088 5240 homo,
1121 5193 1224 5229 non
1265 5176 1376 5230 suis
1397 5177 1681 5230 tortoribus
1702 5175 2002 5246 indignatur

437 5251 505 5318 nt_
523 5241 872 5318 ltotno?.Ergn
891 5246 1007 5314 plus
1022 5255 1102 5299 est
1123 5261 1278 5314 quam
1309 5246 1483 5318 homo.
1509 5247 1623 5318 Sed
1659 5249 1776 5316 quis
1802 5241 2000 5318 cogno-

433 5311 534 5363 scit
553 5310 750 5386 illum?
770 5310 1114 5386 cognoscitur
1136 5310 1280 5369 certe
1318 5316 1475 5368 homo
1507 5310 1782 5383 impioi'um
1805 5310 2000 5386 judicia

433 5380 700 5453 sustineam
723 5380 864 5453 3_sed
893 5395 1237 5453 cognoscetur
1267 5387 1405 5440 Deus
1433 5380 1676 5450 iudici—mn
1709 5380 1925 5443 faciens.

432 5449 658 5506 CAPUT
679 5451 872 5506 LX.-—
891 5449 982 5506 De
1005 5454 1470 5577 passiozterClzrisli,
1500 5465 1544 5509 et
1578 5458 1861 5528 deceptione
1885 5461 1996 5512 dia-

1185 5541 1227 5576 ro
1252 5542 1289 5576 ι.

1185 5541 1289 5576 FO".

503 5588 634 5643 Sero
665 5591 1095 5655 animadvertisti,
1123 5593 1333 5648 Zabnle.
1351 5595 1483 5660 Quid
1503 5595 1590 5648 tibi
1613 5611 1703 5664 per
1720 5597 1995 5653 mulierem

494 5678 512 5712 ⁸
537 5679 668 5741 Apud
689 5679 917 5746 Anselm.,
931 5688 1069 5746 atque
1091 5681 1212 5735 inter
1235 5691 1428 5738 steteras
1448 5685 1602 5749 magis
1623 5683 1845 5755 dilectus,

1693 263 1780 318 DE
1823 262 1975 316 VI'I'A
2020 259 2408 316 EREMITICA.

3543 272 3680 329 H70

2109 371 2277 425 visum
2302 380 2383 426 est
2409 386 2588 439 agere,
2613 373 3010 430 utdimittatur?
3033 376 3207 433 Tarde
3249 379 3454 437 locutus
3473 397 3552 438 es.
3579 384 3678 439 Se-

2106 413 3217 523 ἁξέιέρξῖἶὶῖιῗρῖιῖίίιῖ’ῇῖιὶῑὲἔῗξιῖἑᾴιεῖιῖξὲι
3241 413 3552 506 ἑέἷιῗὲῗιῗίξῗ
3569 413 3677 523 ἐξειιῖ

2111 519 2282 592 portat
2307 515 2570 592 propriam
2597 529 2809 592 erucem
2834 531 2849 580 ;
2881 515 3092 592 ducitur
3111 518 3175 572 ad
3211 529 3457 576 mortem.
3483 523 3530 578 0
3556 515 3679 592 spe-

2107 580 2406 660 ctaculptul
2442 580 2700 660 Videsne?
2727 582 2858 638 Ecce
2897 586 3208 660 principatus
3235 604 3384 660 super
3415 580 3678 647 humerum

2107 650 2216 732 ejus
2238 648 2391 732 geni.
2417 665 2489 731 Ix,
2519 650 2594 732 (ξ).
2625 651 2747 732 Hme
2769 661 2857 732 est
2878 648 3022 732 virga
3047 648 3329 732 aequitatis,
3357 660 3501 730 virga
3515 664 3677 732 regni

2110 720 2211 771 sui.
2236 718 2401 772 Datur
2423 721 2473 774 ei
2497 718 2675 774 vinum
2715 721 2837 777 felle
2866 718 3128 778 mix'tum:
3149 718 3376 782 Eruitur
3396 718 3681 785 ve'stime'n-

2110 786 2176 840 tis
2206 789 2338 851 suis,
2367 797 2420 843 et
2447 789 2584 844 inter
2607 791 2800 846 milites
2823 794 3143 849 dividuntur.
3169 796 3367 852 Tunica
3396 814 3501 853 non
3529 801 3665 854 scin-

2109 858 2287 940 ditur;
2321 858 2414 940 sed
2443 871 2587 940 sorte
2609 863 2794 940 transit
2823 865 2886 916 ad
2909 880 3092 919 unum.
3119 865 3307 940 Dulces
3333 883 3519 922 manus
3542 869 3674 940 ejus

2107 935 2161 1001 et
2186 927 2346 996 pedes
2369 929 2531 982 clavis
2561 931 2912 1001 perforantur,
2942 943 2995 988 et
3015 944 3267 990 extensus
3293 937 3347 991 in
3362 952 3518 994 cruce
3539 927 3678 995 in'ter

2107 997 2337 1052 latrones
2367 997 2726 1066 suspenditur.

2355 1066 2578 1123 CAPUT
2604 1070 2737 1123 LXI.
2759 1101 2830 1110 —
2849 1070 2926 1125 De
2953 1071 3149 1128 Christo
3168 1075 3218 1128 in
3235 1091 3397 1130 cruce.

2177 1135 2432 1207 Mediator
2461 1139 2551 1193 Dei
2580 1148 2633 1193 et
2669 1140 2963 1207 hominum,
3007 1144 3144 1198 inter
3174 1147 3364 1200 caelum
3392 1155 3446 1201 et
3479 1156 3675 1203 terram

2107 1206 2317 1260 medius
2345 1207 2602 1280 pendens.
2632 1209 2734 1262 ima
2761 1206 2966 1278 superis
2992 1214 3126 1280 unit,
3154 1224 3208 1268 et
3233 1216 3538 1270 caelestibus
3567 1228 3674 1272 ter-

2106 1278 2553 1356 reua_conjungit.
2573 1279 2760 1356 Stupet
2785 1281 2998 1356 malum,
3033 1294 3086 1336 et
3103 1278 3241 1338 terra
3270 1286 3527 1352 miratur;
3550 1287 3676 1356 quid

2110 1344 2206 1398 tu?
2230 1344 2345 1400 Non
2367 1344 2565 1420 mirum
2593 1350 2637 1403 si
2660 1344 2771 1404 sole
2794 1344 3123 1415 eontriStato,
3157 1362 3210 1407 tu
3235 1344 3596 1420 contristaris}
3629 1358 3674 1410 si

2107 1423 2247 1469 terra
2297 1417 2655 1492 tremiscente,
2687 1429 2747 1492 tu
2775 1422 3174 1492 contremiseis;
3220 1425 3266 1477 si
3293 1423 3475 1479 scissis
3509 1417 3672 1492 saiis,

2106 1499 2201 1562 cor
2226 1494 2373 1539 tuum
2394 1487 2751 1562 scinditur;_si
2773 1489 3021 1546 ﬂentibus
3039 1492 3186 1562 juxta
3207 1508 3418 1548 crucem
3444 1487 3681 1550 mulieri;-

2110 1552 2227 1627 bus,
2245 1563 2330 1627 _t_n_
2341 1552 2750 1627 collacrymaris.

2106 1623 2332 1702 CA_PUT
2369 1623 2640 1702 ιᾼιιις-
2688 1627 2762 1702 De
2797 1629 2926 1681 mira
2949 1627 3132 1702 Christi
3156 1633 3394 1702 patientia
3420 1633 3474 1685 in
3514 1649 3676 1688 cruce.

2181 1693 2374 1748 Verum
2404 1696 2455 1748 in
2488 1695 2568 1748 his
2598 1698 2843 1751 onmibus
2859 1701 3134 1754 considera
3156 1693 3288 1756 illud
3313 1701 3678 1758 dulcissimum

2107 1771 2310 1840 pectus,
2337 1767 2939 1840 quam_t_ranquillitatem
2959 1771 3271 1840 servaverit,
3295 1787 3452 1840 quam
3480 1772 3679 1826 habue-

2108 1833 2174 1885 rit
2201 1833 2468 1901 pietatem.
2488 1834 2600 1888 Non
2616 1833 2764 1910 suam
2794 1838 3021 1910 attendit
3037 1833 3439 1910 injuriam,'non
3463 1856 3674 1910 pinnam

2107 1910 2336 1979 reputat,
2387 1919 2493 1979 non
2535 1907 2696 1979 sentit
2738 1908 3107 1979 contumelias.
3153 1909 3258 1964 Sed
3294 1911 3397 1964 illis
3432 1907 3605 1979 potius
3647 1927 3679 1966 a

2105 1972 2296 2048 quibus
2322 1973 2534 2048 patitur,
2553 1975 2664 2048 ille
2684 1977 3034 2044 compatitur;
3063 1993 3091 2032 a
3111 1979 3311 2048 quibus
3351 1972 3675 2047 vulneratur,

2108 2042 2193 2096 ille
2219 2042 2486 2116 medetur;
2516 2045 2674 2116 vitam
2694 2042 2962 2114 procurat,
2978 2062 3007 2100 a
3033 2042 3222 2116 quibus
3246 2049 3520 2102 occiditur.
3540 2042 3675 2103 Cum

2107 2127 2206 2180 qua
2233 2112 2426 2185 mentis
2453 2112 2750 2185 dulcedine,
2781 2131 2899 2169 cum
2929 2132 3030 2185 qua
3053 2112 3272 2185 spiritus
3300 2119 3602 2183 devotione,
3623 2121 3678 2173 in

2107 2196 2208 2260 qua
2233 2180 2873 2260 charitati_s_plenitudine,
2901 2180 3111 2251 clamat,
3142 2186 3318 2256 Pater,
3347 2189 3546 2260 ignosce
3572 2180 3676 2244 illis

2106 2250 2256 2320 (Luc.
2281 2266 2436 2312 χχιιι,
2469 2250 2589 2321 διν

2249 2321 2331 2375 CA
2341 2321 2767 2396 PUTALXI‘Ilr—
2801 2323 2952 2395 Virgo
2973 2327 3179 2396 prapior
3197 2326 3364 2379 adstat
3387 2327 3542 2381 cruci.

2179 2390 2318 2464 Ecce
2340 2407 2456 2464 ego,
2484 2392 2725 2464 Domine,
2742 2401 2844 2448 tute
2863 2390 3154 2464 majestatis
3179 2397 3444 2462 adorator,
3477 2411 3582 2450 non
3601 2397 3678 2450 tui

2103 2461 2346 2526 corporis
2374 2463 2716 2528 interfector;
2753 2473 2853 2519 tute
2899 2461 3085 2520 mortis
3110 2476 3409 2529 venerator,
3440 2481 3544 2520 non
3575 2474 3680 2520 tua:

2108 2530 2368 2609 passionis
2387 2532 2603 2609 irrisor;
2638 2543 2738 2587 tua:
2758 2534 3130 2609 misericordia:
3150 2535 3549 2609 contemplator,
3569 2550 3679 2590 non

2108 2597 2429 2675 infirmitatis
2453 2612 2800 2675 contemptor.
2829 2603 3129 2674 lnterpellet
3157 2606 3330 2675 itaque
3355 2597 3450 2674 pro
3470 2597 3561 2675 me
3587 2614 3678 2660 tua

2107 2668 2274 2721 dulcis
2303 2670 2616 2734 humanitas,
2645 2668 2984 2728 c‘ommendet'
2997 2690 3082 2728 me
3109 2668 3368 2728 Patri-tua
3403 2674 3680 2728 ineffabilis

2108 2738 2296 2813 pietas.
2331 2740 2421 2793 Dic
2439 2755 2584 2813 ergo,
2599 2741 2782 2813 dulcis
2817 2743 3056 2813 Domine,
3076 2744 3248 2809 Pater,
3271 2744 3469 2813 ignosce
3496 2744 3592 2796 illi.
3613 2746 3681 2798 At

2110 2816 2187 2882 tu,
2209 2808 2376 2877 virgo,
2405 2810 2485 2882 cui
2499 2811 2677 2882 major
2699 2819 2780 2865 est
2806 2812 2944 2880 apud
2962 2813 3188 2882 Virginis
3205 2808 3393 2866 Filium
3411 2810 3680 2868 Conﬁden-

2113 2878 2179 2950 ti_a
2209 2879 2710 2950 quammulieribus,
2740 2878 2857 2950 (ιιιςὲ
2879 2883 3033 2950 longe
3053 2878 3209 2944 stant,
3230 2898 3348 2936 cum
3380 2892 3549 2936 matre
3573 2885 3680 2936 vir-

2111 2946 2230 3014 gine
2254 2955 2308 2999 et
2331 2949 2587 3022 discipulo
2613 2946 2814 3017 virgine
2842 2946 3035 3022 accede
3055 2952 3121 3004 ad
3159 2962 3391 3022 crucem,
3421 2961 3472 3006 et
3498 2951 3679 3022 perfu-

2113 3030 2228 3090 sum
2250 3016 2460 3090 pallore
2499 3016 2969 3090 vultunﬂominus
2996 3024 3220 3075 intuere.
3249 3021 3387 3086 Quid
3415 3016 3572 3090 ergo?
3597 3021 3677 3090 Tu

2112 3085 2226 3160 sine
2249 3085 2513 3160 laerymis,
2531 3089 2904 3160 amantissin-ue
2921 3090 3146 3160 dominae
3172 3091 3432 3160 Iacrymas
3455 3085 3681 3144 videbis?

2113 3153 2190 3228 'I‘_u
2216 3153 2640 3228 “siccisoculig
2663 3173 2863 3222 manes,
2894 3169 2947 3211 et
2981 3159 3095 3226 ejus
3122 3153 3349 3212 animam
3380 3160 3682 3228 pertransiit

2112 3223 2317 3297 gladius
2344 3225 2577 3297 doloris?
2599 3226 2678 3280 Tu
2701 3228 2814 3280 sine
2833 3223 3061 3297 singultu
3087 3228 3268 3282 audies
3281 3223 3541 3282 dicentem
3571 3244 3684 3283 ma-

2115 3294 2179 3363 tri
2208 3310 2219 3344 :
2242 3292 2446 3359 Mulier,
2466 3312 2576 3348 ecce
2599 3297 2733 3363 [ilius
2759 3305 2874 3349 tuus
2891 3292 2991 3361 ;'et
3013 3297 3201 3352 Joanni
3227 3316 3239 3351 :
3269 3298 3399 3350 Ecce
3419 3308 3578 3350 mater
3596 3307 3682 3350 tua

2115 3362 2292 3431 (Joan.
2314 3379 2436 3436 Δχιιι,
2473 3364 2562 3436 26,
2593 3362 2720 3436 ‘27)?
2744 3368 2873 3421 Cum
2904 3367 3160 3434 discipulo
3191 3377 3411 3421 matrem
3439 3368 3683 3421 commit-

2116 3441 2284 3506 teret,
2314 3434 2499 3506 latroni
2542 3434 2838 3503 paradisum
2877 3439 3236 3506 promitteret;
3278 3447 3403 3490 tunc
3449 3453 3578 3491 unus
3619 3453 3683 3490 ea:

2115 3503 2369 3577 militibus
2388 3503 2561 3577 laurea
2605 3506 2737 3577 Iulus
2774 3503 2894 3576 ejus
2916 3509 3128 3576 aperuit,
3162 3516 3207 3560 et
3238 3508 3383 3561 exiuit
3405 3508 3606 3577 sanguis
3631 3516 3680 3561 et

2114 3589 2243 3637 aqua
2265 3572 2423 3640 (Ibid.
2455 3575 2569 3640 54).
2617 3572 2848 3642 Festina,
2899 3572 2965 3631 ne
3013 3577 3318 3642 tardaveris,
3344 3572 3563 3631 comede
3601 3577 3680 3630 fa-

2114 3657 2234 3694 vum
2267 3658 2385 3696 cum
2417 3646 2572 3698 melle
2593 3653 2698 3697 tuo.
2732 3646 2859 3699 Bibe
2884 3647 3060 3700 vinum
3090 3656 3234 3700 tuum
3263 3662 3380 3700 cum
3403 3648 3537 3701 lacte
3569 3658 3677 3700 tuo.

2115 3711 2339 3781 Sanguis
2382 3713 2472 3766 tibi
2511 3714 2562 3767 itt
2588 3715 2766 3768 vinum
2813 3717 3048 3779 vertitur,
3099 3726 3154 3769 ut
3179 3716 3486 3778 inebrieris;
3517 3717 3568 3768 in
3601 3717 3681 3769 lac

2114 3797 2256 3854 aqua,
2285 3791 2534 3854 mutatur,
2575 3795 2631 3835 nt
2673 3786 2942 3838 ntttriaris.
2981 3786 3138 3840 Facta
3181 3795 3303 3840 sunt
3333 3786 3425 3840 tibi
3456 3787 3504 3838 in
3534 3795 3680 3854 petra

2114 3850 2350 3913 ﬂumina,
2371 3853 2421 3904 itt
2449 3853 2699 3906 membris
2737 3856 2850 3919 ejus
2880 3856 3116 3919 vulnera,
3147 3864 3201 3909 et
3226 3856 3276 3908 in
3305 3850 3680 3909 maceriacor-

2118 3922 2256 3993 puris
2286 3923 2413 3993 ejus
2433 3937 2676 3993 caverna,
2711 3923 2760 3975 in
2790 3925 2977 3993 quibus
3009 3927 3173 3977 instar
3194 3925 3452 3979 columbae
3484 3925 3677 3990 Iatitas,

2113 3999 2166 4063 et
2207 3990 2899 4063 deoscularissingula.Ex
2943 3996 3197 4062 sanguine
3236 3995 3351 4063 ejus
3396 3994 3518 4046 fiant
3544 3995 3682 4049 sicut

2115 4061 2240 4113 vitta
2263 4061 2507 4132 coccinea
2536 4061 2674 4132 labia
2699 4072 2809 4132 tua,
2842 4073 2893 4117 et
2918 4061 3184 4132 eloquium
3207 4061 3354 4117 tuum
3384 4063 3559 4117 dulce.

2403 4129 2625 4185 CAPUT
2664 4131 2846 4186 LXIV.
2885 4162 2958 4171 —
2984 4129 3061 4185 D—e
3088 4134 3374 4187 decurione.

2183 4197 2288 4251 Sed
2328 4199 2500 4252 adhuc
2532 4209 2778 4268 exspecta
2817 4202 2985 4256 donec
3025 4203 3216 4257 nobilis
3238 4204 3324 4258 ille
3351 4201 3565 4256 decurio
3590 4218 3679 4256 ve—

2115 4269 2285 4328 niens,
2313 4269 2561 4341 extractis
2585 4271 2950 4341 elavisimanus
2969 4271 3230 4341 pedesque
3244 4272 3516 4327 dissolvat.
3549 4271 3683 4325 Vide

2114 4337 2382 4410 quomodo
2410 4338 2722 4410 felicissimis
2751 4337 2981 4410 brachiis
3007 4337 3200 4410 corpus
3217 4342 3598 4410 complectitur,
3617 4355 3681 4396 ao-

2113 4421 2210 4479 suo
2237 4407 2499 4479 astringit_
2513 4408 2732 4479 pectori.
2761 4409 2909 4462 Tunc
2936 4407 3118 4464 dicere
3143 4412 3312 4479 potuit
3334 4407 3415 4464 vir
3443 4411 3530 4464 ille
3556 4427 3679 4464 san-

2111 4477 2377 4530 ctiSsimns
2406 4475 2424 4530 Ξ
2455 4475 2747 4530 Fasciculus
2772 4479 3007 4544 myrrhce,
3041 4475 3250 4533 dilectus
3279 4497 3416 4533 meus
3444 4481 3565 4532 ini/ti
3599 4481 3680 4532 iit-

2112 4555 2185 4620 ter
2207 4546 2359 4620 ubera
2401 4548 2791 4620 comitiorabilttr
2811 4546 2980 4617 (Cant.
3004 4565 3041 4612 ι,
3077 4549 3186 4620 ιιι).
3211 4551 3445 4619 Sequere
3475 4560 3525 4602 tu
3544 4563 3678 4620 pre-

2111 4615 2450 4688 tiosissimum
2495 4617 2642 4688 illum
2676 4618 2794 4688 εαξΙὶ
2822 4615 3094 4688 terraeque
3122 4615 3444 4681 thesaurum,
3473 4615 3678 4686 vel’pe-

2111 4687 2204 4756 des
2230 4695 2410 4754 porta;
2433 4685 2518 4756 vel
2556 4701 2745 4739 manus
2771 4685 3092 4756 brachiaque
3130 4699 3394 4750 sustenta;
3423 4688 3503 4741 vel
3533 4685 3680 4742 certe

2110 4755 2403 4828 detinentes
2451 4755 2767 4828 minutatim,
2796 4755 3163 4828 pretiosissimi
3203 4759 3472 4827 sanguinis
3511 4757 3681 4828 stillas

2107 4827 2366 4879 curiosius
2381 4827 2586 4898 collige,
2605 4837 2654 4898 et
2674 4827 2863 4896 pedum
2884 4828 3019 4880 illius
3035 4829 3312 4898 pulverem
3328 4828 3485 4898 linge.
3509 4827 3678 4880 Cerno

2112 4906 2364 4962 pra-terea
2387 4899 2522 4964 quod
2549 4897 2772 4951 dulciter
2802 4898 3133 4950 beatissimus
3154 4896 3467 4950 Nicodemus
3493 4910 3676 4949 sacra~

2110 4966 2308 5018 tissima
2327 4966 2439 5035 ejus
2469 4967 2683 5020 vulnera
2728 4965 2967 5020 tractavit
2991 4967 3186 5036 digitis,
3217 4966 3344 5021 fovit
3372 4966 3673 5036 unguentis,

2107 5044 2163 5088 et
2191 5051 2309 5088 cum
2337 5047 2520 5090 sancto
2546 5037 2742 5104 Joseph
2781 5035 2998 5091 invulvit
3031 5035 3271 5103 sindone,
3316 5035 3596 5091 collocavit
3625 5035 3677 5090 in

2106 5106 2370 5173 sepulcro.

2104 5194 2330 5269 CAPUT
2369 5195 2526 5251 LXV.
2557 5195 2748 5269 --έ-ΙὶιεΔ
2771 5196 3080 5269 Magdalena
3111 5196 3394 5269 sepulcrum
3430 5197 3678 5269 visitantc.

2172 5265 2292 5319 Noli
2321 5277 2572 5333 praeterea
2603 5265 2924 5336 Magdalenzn
2949 5265 3197 5322 deserere
3211 5268 3521 5322 comitatum
3550 5267 3678 5320 :sed

2106 5337 2298 5402 paratis
2324 5336 2666 5399 aromatibus,
2682 5352 2800 5390 cum
2823 5353 2884 5392 ea
2915 5337 3120 5391 Domini
3144 5338 3214 5390 tui
3235 5337 3536 5406 sepulcrum
3556 5336 3682 5389 visi-

2105 5413 2214 5456 tare
2267 5416 2552 5459 memento.
2598 5407 2641 5461 Ο
2678 5408 2721 5459 si
2749 5408 2888 5475 quod
2933 5408 3016 5460 illa
3068 5407 3269 5470 oculis,
3299 5417 3354 5460 tu
3395 5408 3447 5459 in
3492 5406 3680 5474 spiritu

2102 5489 2320 5546 cernere
2351 5477 2625 5536 merearis,
2657 5493 2794 5530 nunc
2825 5493 2986 5546 super
3033 5477 3260 5546 lapidem
3285 5477 3580 5546 revolutum
3612 5475 3680 5526 ab

2103 5545 2239 5596 ostio
2265 5547 2590 5599 monumenti
2620 5547 2861 5614 angelum
2883 5545 3222 5605 residentem.
3245 5561 3383 5600 nunc
3407 5545 3542 5600 intra
3566 5561 3680 5598 mo-

2103 5625 2404 5685 numentum
2436 5632 2594 5669 unum
2621 5616 2686 5668 ad
2715 5627 2892 5684 caput,
2921 5617 3079 5670 a'ium
3124 5616 3188 5669 ad
3231 5617 3388 5685 pedes
3445 5629 3684 5669 resurre-

2099 5683 2287 5739 ctionis
2306 5686 2522 5756 gloriam
2540 5683 2904 5756 prwdicantes,
2927 5702 3064 5742 nunc
3083 5683 3249 5756 ipsum
3265 5685 3442 5742 Jesum
3461 5685 3677 5739 Mariam
