4138 6364
572 327 597 380 1
607 326 699 381 HI

571 440 803 499 ﬂentem,
832 445 887 491 et
910 438 1111 493 tristem
1141 445 1246 491 tam
1273 436 1407 489 dulci
1439 434 1803 499 respicientem
1826 433 2001 492 oculo,
2026 442 2128 485 tam

570 508 719 561 suavi
746 523 873 561 voce
903 508 1184 567 dicentem,
1218 506 1400 559 Maria.
1439 506 1573 570 Quid
1605 505 1702 556 hac
1746 519 1875 555 voce
1903 502 2127 564 dulcius,

570 577 696 644 quid
724 578 955 639 suavius.
987 577 1110 645 quid
1145 574 1447 644 jucundius,
1485 571 2130 645 Maria?_ltumpuutt_tr_ad

573 640 707 700 lianc
731 662 911 700 vocem
928 640 1113 700 omnes
1135 640 1320 712 capitis
1340 651 1633 702 eatur-actm.
1656 641 1722 695 ab
1738 641 1865 712 ipsis
1889 640 2131 712 medullis

573 715 853 770 eliciuntur
892 716 1158 784 lacrymat,
1187 709 1447 777 singultus
1473 720 1629 832 atque
1665 710 1889 778 suspiria
1918 710 1986 760 ab
2015 709 2132 762 imis

573 784 851 832 trahuntur
894 783 1202 832 visceribus.
1247 781 1433 832 Maria.
1463 780 1506 832 Ο
1562 784 1721 832 reatu!
1757 779 1880 832 uttid
1916 777 2006 830 tibi
2040 792 2132 832 pro

572 784 851 838 trahuntur
894 777 1202 839 visceribus.
1247 781 1433 834 Maria.
1463 780 1506 835 Ο
1545 777 1721 833 beata!
1757 777 1880 847 quid
1916 777 2006 830 tibi
2040 792 2132 844 pro

573 855 775 907 meritis
805 853 920 917 fuit,
952 852 1073 920 quid
1108 852 1291 916 animi,
1316 866 1435 904 cum
1468 850 1533 904 ad
1564 849 1700 903 hanc
1726 863 1905 920 vocem
1936 857 1986 901 te
2009 860 2131 915 pro-

572 931 856 985 sterneres,
884 932 944 992 Aet
973 918 1221 975 reddens
1255 935 1451 992 __vocem
1502 920 1746 992 salutanti
1790 918 2128 992 inclamares,

573 992 839 1046 Rnbboni?
865 990 1000 1055 Quo,
1039 1006 1184 1059 rogo,
1210 987 2131 1059 all'ectu,quo_desiderio,“mentis-

574 1076 676 1126 que
706 1061 893 1113 ardore
928 1055 1188 1125 clamasti,
1217 1058 1483 1112 Rabboui?
1520 1056 1649 1110 Nam
1679 1058 1825 1123 plura
1856 1055 2032 1126 digere
2053 1055 2131 1106 la-

572 1123 767 1195 eryma:
818 1127 1133 1196 prohibent,
1177 1123 1309 1182 cum
1358 1141 1544 1180 vocem
1592 1126 1831 1196 occludat
1859 1123 2126 1196 allectus,

572 1192 862 1273 omnesque
900 1199 1100 1273 ~anima:
1119 1192 1464 1273 corporisque
1503 1210 1711 1256 sensus,
1747 1193 1938 1273 nimius
1974 1192 2133 1272 ardor

569 1263 868 1321 absorbent.
897 1265 1024 1328 Sed,
1056 1282 1089 1318 o
1116 1263 1287 1320 duleis
1314 1263 1458 1327 Iesu,
1496 1278 1591 1318 cur
1615 1279 1644 1315 a
1670 1263 2043 1316 sacratissimis
2068 1276 2131 1314 ac

570 1335 1029 1392 desideratissimis
1068 1337 1285 1405 pedibus
1324 1335 1426 1388 tuis
1461 1334 1539 1387 sic
1574 1348 1722 1387 arces
1762 1330 2064 1405 amantem?
2087 1330 2131 1383 Ο

570 1406 786 1462 verbum
821 1405 1040 1459 durum!
1069 1399 1231 1465 'Noli.
1278 1405 1461 1471 inquit.
1498 1420 1578 1456 me
1602 1413 1801 1471 tangere
1831 1399 2128 1472 (lautiaxx,

575 1475 662 1538 16,
699 1473 804 1545 177).
834 1474 1048 1543 thuid,
1078 1469 1533 1545 DomineiiQuare‘
1552 1487 1653 1525 non
1681 1469 1888 1545 taugam
1917 1469 2130 1545 deside-

570 1536 682 1596 rata
714 1536 798 1597 ill'a
828 1536 1046 1613 vestigia
1076 1553 1159 1597 tua
1191 1559 1284 1613 pro
1310 1536 1673 1613 meperforata
1705 1536 1885 1613 clavis,
1922 1536 2127 1613 perfusa

570 1612 855 1681 sanguine?
870 1608 987 1667 Non
1006 1608 1233 1679 tangam,
1252 1628 1356 1665 non
1379 1608 1754 1681 deosculabor?
1773 1611 1849 1661 An
1874 1608 2132 1661 inimicior

570 1697 628 1733 es
656 1680 741 1746 eo,
770 1683 888 1750 quia
913 1682 1223 1751 gloriosior?
1254 1682 1409 1745 Ecce,
1429 1696 1533 1751 non
1552 1680 1808 1732 dimittam
1832 1687 1902 1751 te.
1920 1691 2132 1751 nonre-

571 1750 754 1804 cedam
790 1748 817 1803 ξι
844 1748 1046 1815 ιεξηοη
1079 1766 1287 1819 parcam
1328 1750 1588 1819 lacrymis,
1620 1758 1797 1819 peetus
1819 1748 2129 1819 singultibus

572 1820 917 1887 suspiriisque
944 1815 1231 1887 rumpetur,
1263 1820 1360 1873 nisi
1393 1815 1630 1886 tangam.
1652 1818 1714 1868 Et
1744 1817 1828 1887 ille
1858 1834 1869 1867 :
1906 1815 1950 1866 Ν
1958 1816 2026 1887 oli
2054 1830 2132 1866 me

570 1884 789 1957 tangere.
820 1884 938 1944 Noli
993 1884 1206 1952 timere;
1240 1904 1344 1942 non
1377 1884 1608 1941 aufertur
1644 1887 1744 1957 tibi
1777 1886 1967 1957 bonum
2009 1884 2126 1957 hoc,

570 1952 678 2011 sed'
700 1958 937 2013 dill‘ertur
972 1976 987 2014 :
1034 1959 1163 2011 vade
1205 1966 1401 2022 tamen,
1436 1966 1489 2008 et
1516 1955 1692 2009 nuntia
1722 1952 1966 2008 fratribus
1999 1955 2130 2006 meis

570 2028 690 2093 quia
738 2028 961 2081 surrexi.
1005 2028 1179 2081 Currit
1215 2029 1319 2081 cito
1356 2027 1536 2078 volens
1584 2024 1772 2077 redire.
1819 2022 1971 2076 Redit
2009 2038 2127 2075 cum

570 2097 687 2150 aliis
716 2096 1041 2150 mulieribus.
1070 2097 1266 2163 Quibus
1294 2096 1443 2150 Iesus
1473 2108 1755 2147 occurrens
1776 2093 1957 2163 blanda
1987 2094 2127 2146 salu-

573 2165 789 2231 tatione,
812 2165 1043 2233 dejeetas
1063 2162 1137 2218 sic
1152 2165 1323 2233 erigit,
1345 2166 1520 2218 tristes
1535 2164 1854 2216 consolatur.
1876 2162 2125 2215 Advorte.

572 2233 719 2305 Tunc
745 2242 827 2287 est
848 2234 1046 2299 datum,
1076 2235 1213 2305 quod
1243 2246 1364 2289 ante
1394 2234 2130 2305 fuitdilatumttAcresserunt

570 2304 710 2355 enim
728 2313 781 2357 et
806 2300 1261 2370 tenueruntpedes
1288 2305 1418 2371 ejus.
1440 2304 1533 2355 llic
1561 2300 1807 2370 quamdiu
1830 2309 1997 2367 potes,
2027 2302 2129 2371 vir-

569 2386 657 2441 go,
686 2387 910 2427 morare.
937 2372 1051 2426 Non
1080 2374 1171 2426 has
1195 2370 1407 2427 delicias
1440 2385 1553 2424 tuas
1586 2386 1802 2425 somnus
1826 2370 2124 2437 ἱιηωκριςιυι,

574 2441 747 2496 nullus
766 2443 998 2495 exterior
1024 2444 1276 2497 tumultus
1303 2442 1567 2509 impediat.

569 2509 793 2565 CAPUT
833 2510 1015 2565 LXVI.
1056 2542 1127 2551 —
1164 2512 1237 2565 De
1279 2508 1450 2564 mundi
1496 2519 1541 2563 et
1597 2526 1763 2569 rerum
1813 2508 2128 2577 praesentium

1196 2590 1496 2649 contemptu.

640 2647 837 2715 Verum
867 2650 985 2719 quia
1017 2651 1066 2704 in
1099 2650 1196 2705 hac
1234 2647 1426 2704 misera
1456 2650 1554 2702 vita
1600 2648 1731 2702 nihil
1758 2647 1965 2709 stabile,
1998 2647 2127 2700 nihil

571 2727 826 2789 teternum
873 2729 984 2785 est,
1036 2736 1297 2789 tamquam
1346 2721 1396 2773 in
1440 2719 1627 2773 eodem
1676 2726 1811 2789 statu
1858 2726 2131 2789 permanet

572 2785 765 2851 homo;
801 2803 1015 2842 necesse
1044 2785 1247 2853 est,'ut
1290 2789 1463 2843 anima
1495 2796 1691 2850 nostra,
1731 2787 1854 2839 dum
1886 2786 2127 2850 vivimus,

570 2856 794 2923 quadam
826 2860 1076 2913 varietate
1104 2868 1361 2926 pascatur.
1400 2857 1547 2911 Unde
1577 2872 1604 2908 a
1635 2856 2016 2926 praeteritorum
2044 2871 2131 2910 re-

570 2927 875 2980 cordatione
901 2927 965 2978 ad
1001 2925 1376 2995 experientiam
1405 2925 1737 2993 praesentium
1777 2933 2126 2995 transeamus,

572 3003 628 3046 ut
650 3009 713 3047 ex
740 2996 821 3047 his
846 3011 1053 3063 quoque
1073 2994 1323 3064 quantum
1342 3010 1370 3047 a
1395 2995 1545 3048 nobis
1570 2996 1636 3047 sit
1661 2996 1794 3046 Deus
1814 2994 2127 3062 diligendus,

572 3077 757 3115 omnes
774 3064 1063 3132 intelligere
1080 3067 1361 3119 valeamus.
1378 3065 1497 3117 Haec
1512 3064 1685 3132 omnia
1704 3064 1911 3116 revolve
1931 3064 2126 3132 animo,

573 3140 630 3183 ut
658 3132 708 3183 in
735 3148 855 3186 eum
893 3131 1030 3186 totus
1059 3142 1178 3186 tuus
1206 3135 1496 3187 resolvatur
1520 3131 1756 3188 allectus.
1791 3132 2011 3186 Vilescat
2039 3131 2129 3185 tibi

571 3200 816 3263 mundus,
854 3204 1023 3255 omnis
1058 3219 1207 3258 amor
1245 3204 1468 3259 carnalis
1512 3202 1801 3257 sordescat.
1837 3201 2046 3254 Nescias
2081 3211 2131 3255 te

572 3270 762 3341 essein
795 3270 895 3325 hoc
923 3272 1139 3337 mundo,
1168 3289 1284 3341 qua:
1310 3274 1372 3324 atl
1406 3272 1541 3335 illos,
1564 3274 1651 3341 qui
1675 3272 1723 3323 iu
1762 3272 1911 3341 caelis
1935 3282 2057 3341 sunt
2079 3280 2131 3324 et

574 3339 683 3393 Deo
711 3340 909 3406 vivunt,
957 3351 1099 3394 tuum
1140 3339 1373 3397 amorem
1407 3339 1734 3394 transtulisti.
1769 3339 1865 3394 Ubi
1896 3349 1977 3393 est
2012 3340 2131 3392 the-

570 3423 759 3462 saurus
790 3419 926 3472 tuus,
963 3411 1032 3464 ibi
1069 3420 1121 3465 et
1147 3426 1240 3465 cor
1270 3423 1435 3465 tuum.
1474 3411 1585 3464 Noli
1613 3425 1733 3463 cum
1770 3410 2029 3477 argenteis
2055 3410 2127 3462 si-

574 3478 821 3531 mulacris
847 3480 935 3532 vili
975 3482 1240 3549 marsupio
1268 3490 1410 3534 tuum
1454 3480 1719 3534 includere
1756 3479 2129 3549 aoimunt,rqui

572 3562 837 3620 nunquam
855 3564 975 3602 cum
998 3548 1327 3603 nummorum
1350 3551 1581 3620 pelidere
1601 3549 1791 3617 poterit
1812 3548 2131 3620 transvolare

571 3616 635 3667 ad
667 3617 859 3688 C(BIutlt
882 3636 892 3669 :
915 3630 1033 3685 puta
1060 3631 1109 3673 te
1134 3616 1369 3688 quotidie
1392 3616 1717 3682 morituram,
1740 3626 1793 3688 et
1811 3616 1877 3671 de
1903 3617 2132 3671 crastino

572 3699 677 3738 non
694 3687 963 3759 cogitabis.
994 3688 1108 3743 Non
1126 3687 1173 3743 te
1197 3688 1351 3743 futuri
1373 3689 1621 3759 temporis
1644 3687 1898 3759 sterilitas
1918 3695 2128 3759 terreat,

573 3770 676 3825 tmn
709 3755 894 3810 futura:
918 3756 1066 3812 famis
1094 3761 1248 3813 timor
1276 3767 1414 3812 tuam
1439 3755 1667 3813 mentem
1685 3757 1914 3825 dejiciat.
1941 3756 2043 3809 Sed
2067 3772 2131 3809 ex

572 3823 822 3897 ipso‘tota
856 3826 1051 3897 liducia
1083 3838 1167 3881 tua
1202 3829 1444 3897 pendeat,
1480 3830 1567 3897 qui
1595 3843 1718 3881 aves
1753 3823 1916 3897 pascit
1942 3834 1995 3880 et
2024 3826 2133 3897 lilia

572 3895 747 3947 vestit.
782 3893 896 3961 Ipse
934 3898 1002 3949 sit
1042 3893 1289 3951 horreum
1342 3893 1513 3959 tuum;
1557 3899 1667 3965 ipse
1708 3896 1982 3963 apotheca,
2023 3894 2133 3963 ipse

572 3965 918 4035 tnarsupium,
950 3966 1059 4034 ipse
1084 3967 1279 4020 divitia:
1299 3977 1419 4030 ttta‘,
1446 3968 1555 4035 ipse
1584 3966 1727 4019 solus
1747 3966 1815 4018 sit
1840 3965 2130 4035 tibiomuia

570 4034 623 4086 itt
645 4035 905 4105 omnibus.
932 4035 1131 4105 Ethzec
1163 4036 1369 4089 interim
1392 4034 1831 4105 depraesentibus
1850 4034 1979 4086 satis
2004 4035 2129 4086 sint.

676 4103 899 4158 CAPUT
937 4104 1139 4159 LXVII.
1162 4135 1232 4145 —
1253 4105 1393 4157 Mors
1413 4122 1444 4157 a
1482 4103 1665 4159 sanctis
1691 4103 2021 4155 desideratur.

640 4172 738 4236 Qui
778 4183 954 4226 autem
996 4183 1135 4228 tanta
1176 4176 1284 4227 suis
1310 4183 1523 4242 prastat
1565 4176 1615 4225 in
1648 4173 1909 4240 pnesenti,
1939 4182 2132 4240 quanta

573 4239 675 4293 illis
699 4252 872 4295 servat
905 4244 955 4295 in
990 4242 1201 4296 futuro?
1227 4239 1540 4309 Principium
1581 4239 1890 4304 futurorum,
1932 4239 1983 4295 et
2015 4243 2133 4297 linis

574 4312 911 4388 PFEBSCIIIIUIII
938 4327 1097 4388 mors:
1129 4312 1274 4388 ll:_i_nc
1292 4311 1648 4388 cujusnatura
1680 4311 2135 4388 uon_horret?._cu-

569 4380 657 4445 jus
688 4394 791 4431 non
818 4381 1117 4449 expavescit
1140 4381 1391 4437 allectus?
1416 4381 1544 4435 Nam
1570 4382 1749 4435 bestia:
1777 4381 1915 4449 fuga,
1947 4380 2133 4436 latibu-

575 4449 658 4512 lis,
684 4456 738 4502 et
772 4449 888 4505 aliis
918 4451 1063 4506 mille
1098 4451 1268 4504 modis
1303 4461 1524 4505 mortem
1551 4460 1755 4515 cavent,
1796 4460 1848 4505 et
1874 4454 2029 4505 vitam
2060 4462 2136 4503 te-

575 4518 865 4590 nent._Jam
902 4535 1042 4574 nunc
1069 4521 1345 4590 diligenter
1386 4522 1617 4581 attende.
1660 4521 1783 4590 quid
1816 4530 1898 4574 tua
1929 4520 2133 4575 tibi-re-

573 4588 830 4652 Spondeat
869 4588 1211 4654 conscientia,
1239 4591 1361 4659 quid
1394 4588 1689 4659 pnesumat'
1716 4591 1842 4643 fides
1874 4600 1979 4652 tua,
2008 4592 2130 4658 quid

573 4670 694 4723 spes
714 4659 999 4724 promittat,
1023 4660 1145 4727 quid
1167 4669 1435 4727 exspectet
1454 4661 1691 4715 allectus.
1718 4662 1771 4713 Si
1799 4661 1899 4713 vita
1930 4669 2013 4713 tua
2043 4661 2132 4715 tibi

573 4726 721 4797 utieri
750 4735 849 4790 est,
877 4729 921 4782 si
947 4726 1171 4783 mundus
1203 4726 1429 4795 fastidio,
1457 4731 1499 4782 si
1527 4746 1651 4783 caro
1674 4730 1840 4783 dnlori
1862 4746 1875 4794 ;
1901 4730 2133 4797 profecto

572 4793 835 4867 desiderio
864 4812 1006 4867 mors
1042 4810 1123 4851 est
1152 4800 1265 4861 tibi,
1292 4793 1615 4867 quaijugunt
1658 4800 1809 4867 hujus
1837 4793 2011 4852 oneris
2036 4800 2134 4854 de-

628 4866 742 4927 mit,
799 4867 935 4920 tollit
976 4866 1263 4932 fastidium,
1307 4866 1592 4935 corporeos
1629 4866 1838 4922 doleres
1884 4868 2129 4922 absumit.

602 4934 685 5005 loc
716 4950 873 5005 unum
902 4935 1019 4990 dico
1047 4939 1289 4991 omnibus
1319 4934 1501 4990 mundi
1539 4938 1692 5005 hujus
1726 4946 1975 5005 prarstare
2004 4938 2131 4991 deli-

573 5004 688 5064 ciis,
716 5003 1002 5060 honoribus
1024 5017 1181 5071 atque
1208 5008 1421 5069 divitiis,
1461 5007 1505 5060 si
1532 5003 1965 5061 ob'con'scientiae
1990 5022 2135 5061 scre-

574 5074 809 5135 uitatem.
844 5075 960 5129 fidei
994 5076 1313 5141 firmitatem,
1357 5078 1468 5143 spei
1495 5077 1881 5139 certitudinem,
1910 5085 2131 5129 mortem

574 5160 678 5197 non
721 5144 923 5198 timeas.
952 5145 1102 5211 Quod
1143 5148 1229 5199 ille
1272 5147 1498 5200 maxime
1530 5149 1720 5214 poterit
1758 5145 2005 5213 experiri,
2046 5149 2132 5213 qui

572 5214 761 5285 aliquo
798 5222 1035 5283 tempore
1075 5216 1175 5269 sub
1219 5217 1315 5268 hac
1354 5218 1603 5269 servitute
1641 5216 1930 5285 suspirans,
1960 5216 2033 5285 in
2072 5218 2136 5270 li-

572 5284 794 5338 berioris
834 5284 1169 5338 conscientia:
1213 5300 1367 5339 auras
1404 5286 1588 5339 evasit.
1630 5284 1752 5340 ΙΙωο
1793 5294 1915 5338 sunt
1948 5284 2135 5338 fatur-.e

570 5353 908 5407 beatitudinis
938 5363 1039 5406 tuae
1067 5354 1307 5423 primitias
1347 5356 1623 5419 salutares,
1666 5366 1719 5407 ut
1752 5364 1919 5409 morte
1948 5370 2135 5423 super-

571 5426 811 5477 veniente
835 5425 1121 5495 naturalem
1150 5425 1421 5478 horrorem
1452 5424 1579 5477 fides
1602 5434 1832 5493 superet,
1860 5440 1979 5495 spes
2002 5434 2135 5478 tem-

574 5505 739 5561 peret,
770 5494 1088 5563 conscientia
1118 5508 1300 5548 secura
1328 5495 1562 5563 repellat.

646 5562 869 5617 CAPUT
908 5563 1134 5617 LXVIII.
1156 5594 1226 5602 —
1252 5562 1397 5617 Mors
1419 5566 1557 5633 justo
1596 5563 1843 5633 felicitatis
1877 5562 2068 5633 princi-

1266 5635 1366 5685 ium
1391 5644 1479 5687 est.

1266 5653 1366 5685 ηυη
1417 5653 1479 5686 δι.

644 5700 712 5756 Ει
738 5700 853 5755 vide
879 5703 1142 5771 quomodo
1168 5653 1310 5759 mgis
1339 5653 1672 5758 hecatitudinis
1700 5699 2014 5773 principium
2034 5712 2135 5770 est,

1618 319 1974 376 API‘ENDIX.
2018 320 2102 372 DE
2140 318 2295 371 ViTA
2339 316 2693 371 EIKIMITICA.

3674 316 3824 373 U79

2238 432 2471 485 laborum
2498 440 2657 499 meta,
2688 432 3040 499 peremptoria
3072 432 3338 485 vitiorum.
3378 432 3467 488 Sic
3493 433 3636 489 enim
3668 436 3819 490 scri-

2237 510 2383 569 ptum
2426 509 2547 554 est:
2577 498 2721 552 Beati
2758 498 2961 570 mortui,
3011 503 3097 570 qui
3139 503 3190 554 in
3236 501 3455 555 Domino
3498 506 3815 558 moriuntur.

2236 570 2427 622 Amodo
2454 570 2584 622 enim
2604 570 2717 637 jam
2742 569 2860 621 dicit
2883 569 3125 639 Spiritus,
3149 579 3200 624 ut
3237 573 3543 639 requiescant
3563 591 3593 625 a
3621 575 3817 628 labori-

2236 640 2325 711 bus
2358 640 2460 711 suis
2489 638 2671 707 (Apoc.
2700 654 2811 701 xlv,
2842 638 2952 711 ᾧ).
2983 638 3134 695 Unde
3164 638 3416 711 propheta
3458 645 3813 711 reproborum

2235 709 2302 783 ab
2336 708 2637 783 electorum
2665 716 2833 783 morte
2855 708 3184 783 discernens,
3214 708 3417 775 Dianas,
3447 708 3631 780 inquit,
3664 730 3815 783 reges

2236 777 2480 850 dormiant
2504 778 2555 829 in
2585 776 2746 845 gloria
2777 778 2828 829 in
2853 778 3000 850 domo
3032 791 3123 850 sua
3147 792 3166 830 :
3186 788 3244 850 tu,
3267 789 3431 850 autem
3464 776 3815 850 prbjectus'es

2236 846 2300 919 de
2326 847 2554 919 sepulcro
2582 856 2686 912 tuo,
2712 848 2877 919 Euasit
2891 848 3042 917 stirps
3078 848 3291 915 inutilis,
3320 846 3619 919 pollutus'et
3647 854 3812 905 obvo—

2239 914 2541 983 lutus'(lsui.
2564 929 2674 983 xlv,
2704 915 2790 974 18.
2824 918 2936 983 19).

2235 982 2459 1039 CAPUT
2484 982 2668 1037 LXIX.
2690 983 2853 1038 —De
2883 982 3066 1039 (mima
3090 1002 3117 1036 ε
3140 1001 3348 1056 corpore
3384 990 3606 1044 creantis
3632 991 3813 1060 requie

2828 1055 2903 1107 uel
2929 1057 3195 1107 supplicio.

2828 1069 2900 1107 oet
2929 1069 3195 1123 supplicio.

2308 1121 2582 1194 Dormiunt
2619 1122 2812 1191 quippe
2851 1125 2900 1177 in
2944 1121 3106 1193 gloria
3144 1141 3364 1194 quorum
3395 1138 3616 1181 mortem
3658 1128 3805 1182 bona

2236 1191 3216 1263 emnmeudatconscientia.Quoniam
3241 1198 3464 1263 pretiosa
3490 1207 3571 1249 est
3598 1200 3655 1251 in
3671 1214 3810 1251 eon-

2236 1270 2417 1332 specta
2446 1261 2670 1332 Domini
2696 1277 2837 1315 mors
2864 1273 3162 1316 sanctorum
3189 1261 3320 1332 ejus.
3354 1267 3554 1320 Dormit
3588 1282 3719 1321 sane
3744 1270 3805 1321 in

2235 1330 2423 1403 gloria,
2464 1332 2614 1397 cujus
2638 1329 2941 1403 dormitioni
2979 1329 3231 1386 assistuni
3259 1336 3466 1403 Angeli,
3512 1347 3807 1390 occurrunt

2236 1400 2402 1469 sancti
2432 1407 2484 1451 et
2511 1400 2775 1463 concives,
2805 1416 2957 1453 suum
2999 1402 3291 1469 przebentes
3316 1400 3584 1461 auxilium.
3615 1415 3671 1459 et
3700 1408 3804 1458 im-

2237 1468 2526 1539 pertientes
2541 1470 2809 1539 solatium,
2832 1471 3069 1524 hostibus
3094 1486 3151 1525 se
3167 1484 3456 1539 opponunt,
3479 1475 3803 1529 obsistentes

2236 1537 2806 1612 repellunt,_refellunt
2840 1551 3149 1612 accusantes
3177 1537 3270 1595 :Iet
3312 1544 3389 1596 sic
3418 1537 3582 1612 nsque
3618 1544 3685 1597 ad
3725 1546 3803 1599 si-

2236 1621 2359 1681 num
2389 1607 2613 1681 Abrahae
2641 1611 2873 1681 sanctam
2900 1610 3125 1681 animam
3144 1613 3462 1681 comitantes
3487 1607 3538 1666 in
3565 1614 3681 1667 loco
3707 1630 3800 1681 pa-

2235 1676 2309 1728 cis
2337 1676 2609 1751 collocaut-
2632 1679 2916 1751 et_qnietis.
2960 1678 3073 1751 Non
3110 1679 3188 1732 sic
3216 1680 3381 1748 impii,
3411 1697 3544 1751 quos
3570 1682 3637 1736 de
3671 1676 3799 1737 cor-

2236 1760 2382 1824 pure,
2408 1746 2656 1824 quasi-de
2677 1746 3404 1824 lugenti_sepulcr0,pes§imi
3428 1746 3646 1824 spiritus
3670 1767 3796 1824 eum

2236 1816 2598 1887 instrumentis
2645 1816 2985 1887 infernalibus
3023 1818 3359 1875 extrahentes
3404 1816 3629 1887 pollutos
3670 1820 3797 1874 libi-

2234 1882 2376 1958 dine,
2406 1883 2687 1958 obvolutos
2714 1884 3016 1958 cupiditate,
3056 1887 3293 1958 injiciuut
3332 1882 3537 1958 ignibus
3562 1905 3794 1943 exuren-

2234 1902 2376 1946 nme,
2406 1902 2687 1939 ουνοιυιοε
2714 1902 2776 1940 eu
2819 1902 3016 1950 tottate,
3056 1902 3293 1955 mjtcmut
3332 1902 3537 1958 Ignibus
3562 1905 3794 1943 exuren-

2234 1952 2346 2023 dos,
2380 1952 2591 2006 tradunt
2617 1902 2879 2008 vermibus
2915 1956 3239 2023 lacerandos,
3282 1961 3496 2013 aeternis
3523 1958 3796 2013 fmtoribus

2233 2021 2486 2097 deputant
2511 2023 2860 2097 sulfocandos.
2893 2024 3029 2078 Vere
3065 2021 3361 2097 exspegtatio
3378 2029 3633 2097 justorum
3660 2030 3795 2081 licti-

2235 2092 2304 2167 tiu
2322 2100 2661 2167 Lspgs,_a_ut_e_m
2689 2094 2968 2167 impiorum
2978 2094 3153 2163 peribit
3182 2094 3358 2165 (Prov.
3378 2092 3441 2161 ἰ,
3468 2096 3579 2167 28).

2235 2160 2456 2235 ΟΑῌΡυΤ
2482 2161 2639 2235 LXX.
2658 2160 2812 2235 -τ-Ωᾳ
2833 2160 2997 2227 requie
3018 2160 3204 2235 interna
3232 2175 3279 2219 et
3298 2160 3460 2235 gloria
3485 2160 3789 2220 sanctorum.

2304 2230 2442 2303 sane
2469 2232 2637 2303 qualis
2664 2233 2731 2285 sit
2771 2232 2859 2303 illa
2883 2234 3111 2303 requies,
3147 2250 3265 2303 qua:
3296 2230 3393 2301 pax
3424 2236 3531 2296 illa,
3561 2251 3678 2299 qua:
3699 2239 3791 2303 ju-

2232 2300 2495 2373 cunditas'
2522 2301 2589 2354 de
2635 2302 2753 2354 sinu
2802 2300 3047 2365 Abralige,
3094 2300 3210 2373 qua:
3252 2300 3357 2357 illic
3400 2300 3794 2373 quiescentibus

2237 2371 2575 2436 promittitur,
2601 2380 2653 2422 et
2677 2381 3031 2439 exspectatur,
3058 2371 3174 2439 quia
3205 2371 3528 2439 “perientia
3570 2390 3676 2427 non
3697 2375 3795 2428 do-

2233 2438 2359 2509 cuit,
2389 2438 2825 2509 stilusexplicare
2860 2456 2961 2495 non
2994 2443 3205 2509 poterit.
3246 2438 3562 2509 Exspectant
3590 2444 3790 2509 felices,

2234 2507 2401 2560 donec
2430 2508 2708 2575 impleatur
2742 2507 3232 2563 numerusl‘ratrum
3262 2507 3503 2575 suorum;
3544 2522 3601 2566 ut
3628 2512 3679 2566 in
3705 2507 3793 2567 die

2236 2578 2634 2651 resurrectionis
2662 2579 2855 2651 duplici
2878 2580 3013 2651 stola
3040 2581 3224 2645 induti,
3255 2582 3492 2649 corporis
3515 2584 3711 2651 pariter
3738 2593 3794 2637 et

2233 2648 2422 2699 anitum
2452 2655 2695 2713 perpetua
2724 2648 2967 2702 felicitate
2994 2649 3246 2703 fruantur.

2421 2714 2643 2787 CAPUT
2675 2717 2855 2771 LXXI.
2877 2747 2949 2757 —
2973 2718 3047 2771 De
3064 2719 3270 2771 extremi
3284 2718 3470 2787 judicii
3495 2721 3593 2774 die.

2303 2784 2419 2839 Jam
2458 2800 2593 2857 nunc
2622 2786 2826 2840 intuere
2850 2787 2954 2840 diei
2992 2788 3132 2841 illius
3159 2784 3435 2851 terrorem,
3458 2789 3669 2857 quando
3690 2792 3795 2842 vir.

2237 2863 2373 2928 totes
2411 2856 2678 2928 emlorunt
2718 2857 3083 2928 movebuntur,
3131 2859 3402 2912 elementa-
3434 2856 3570 2928 ignis
3616 2859 3794 2914 calore

2234 2925 2521 2987 solventur,
2547 2925 2795 2992 patebunt
2815 2925 2985 2987 inferi.
3010 2928 3216 2981 occulta
3239 2928 3414 2983 omnia
3437 2925 3790 2983 nudabuntur.

2238 2993 2423 3048 Veniet
2447 2994 2673 3062 desuper
2690 2994 2850 3067 judex
2881 2995 3065 3061 iratus,
3092 2996 3283 3067 ardens
3308 2996 3456 3052 furor
3478 3000 3611 3067 ejus,
3662 3008 3713 3051 et
3739 3008 3796 3052 ut

2238 3072 2527 3131 tempestas
2561 3078 2747 3116 currus
2774 3065 2909 3131 ejus,
2941 3074 2998 3118 ut
3025 3066 3208 3119 reddat
3248 3066 3305 3120 in
3331 3068 3407 3119 ira
3433 3065 3718 3122 vindictam
3742 3077 3797 3121 et

2237 3133 2659 3206 vastationemin
2685 3133 2899 3206 tlanuna
2939 3135 3089 3206 ignis.
3132 3136 3322 3190 Beatus
3360 3141 3450 3205 qui
3482 3148 3689 3206 paratus
3711 3145 3799 3192 est

2236 3216 2514 3273 occurrere
2551 3202 2647 3273 illi.
2674 3202 2808 3267 Quid
2840 3202 2975 3258 tunc
3005 3205 3209 3259 miseris
3249 3202 3438 3259 animis
3470 3202 3603 3262 erit?
3634 3220 3797 3273 quam

2238 3279 2361 3343 tunc
2388 3270 2565 3324 miseri
2590 3282 2763 3343 erunt,
2791 3287 2923 3341 quos
2968 3289 3103 3327 nunc
3130 3274 3333 3327 luxuria
3374 3276 3557 3343 foedat,
3580 3270 3797 3329 avaritia

2236 3340 2696 3413 dissipat,_exto_llit
2721 3344 2991 3413 superbia!
3028 3344 3252 3396 Exibunt
3276 3345 3479 3413 Angeli,
3513 3340 3565 3398 et
3584 3360 3801 3413 scpara-

2236 3410 2364 3462 bunt
2396 3410 2560 3462 malos
2587 3409 2652 3463 de
2678 3412 2849 3464 medio
2872 3411 3154 3477 justorum,
3195 3413 3324 3467 istos
3353 3409 3382 3465 εἰ
3416 3409 3799 3477 ἁρχιτὶε,ἀιίιιε

2236 3493 2267 3532 a
2292 3479 2517 3532 sinistris
2536 3488 2840 3533 statuentes.
2867 3479 3048 3548 Cogita
3076 3498 3213 3535 nunc
3240 3492 3289 3535 te
3318 3494 3439 3538 ante
3467 3484 3691 3536 tribunal
3721 3484 3803 3535 iuv

2240 3558 2318 3601 ter
2349 3559 2624 3615 utramque
2663 3548 2796 3603 hanc
2832 3550 3136 3604 societatem
3172 3552 3436 3615 assistere,
3481 3562 3534 3606 et
3571 3552 3799 3604 necdum

2239 3617 2288 3669 in
2313 3627 2511 3685 partem
2540 3618 2755 3671 alteram
2777 3630 3088 3687 separatam.
3117 3621 3343 3675 Deﬂecte
3369 3636 3502 3673 nunc
3522 3622 3703 3673 oculos
3726 3622 3796 3675 ad

2237 3687 2504 3741 sinistram
2553 3687 2769 3753 Judicis,
2821 3699 2873 3742 et
2920 3690 3165 3743 miseram
3216 3690 3351 3743 illam
3401 3689 3799 3745 multitudinem

2237 3765 2436 3809 snecta.

2268 3772 2492 3896 ﬁFUT
2526 3824 2729 3896 LXXII.
2751 3855 2822 3865 -—
2844 3825 2922 3879 De
2942 3827 3231 3894 confusione
3254 3834 3299 3882 et
3329 3842 3467 3896 pinna
3491 3827 3759 3881 malorum.

2309 3894 2490 3966 Qua_|is
2510 3895 2576 3947 ibi
2601 3895 2827 3966 horror?
2852 3897 2969 3963 quis
2998 3898 3188 3949 timor?
3213 3894 3336 3966 quis
3353 3897 3536 3949 laetor?
3560 3898 3679 3965 quis
3701 3897 3800 3950 do»

2240 3963 2356 4016 lor‘!
2400 3963 2554 4018 Stant
2601 3965 2798 4029 miseri,
2839 3975 2893 4019 et
2935 3967 3166 4020 infelices
3203 3963 3484 4019 stridentes
3526 3963 3796 4029 dentibus,

2241 4033 2380 4085 nudo
2404 4034 2563 4087 latere
2595 4034 2925 4102 palpitantes,
2957 4045 3171 4102 aspectu
3206 4035 3507 4101 horribiles,
3537 4036 3680 4089 vultu
3708 4035 3803 4089 de—

2241 4103 2452 4166 formes,
2471 4102 2659 4170 dejecti
2693 4118 2800 4171 pra:
2825 4104 3053 4171 pudore;
3086 4122 3190 4170 pra:
3218 4107 3454 4172 corporis
3479 4106 3802 4173 turpitudine

2240 4181 2295 4225 et
2323 4173 2553 4226 nuditate
2593 4173 2796 4225 confusi
2838 4174 2999 4227 latere
3030 4175 3229 4236 volunt,
3269 4184 3322 4229 et
3366 4191 3474 4229 non
3498 4175 3682 4237 datur;
3717 4174 3800 4227 fu—

2239 4256 2364 4309 gere
2395 4251 2614 4302 tentant,
2655 4251 2709 4295 et
2746 4257 2848 4295 non
2876 4245 3264 4309 permittuntur.
3299 4244 3355 4297 Si
3398 4245 3574 4299 levant
3598 4246 3799 4308 oculos,

2240 4310 2467 4379 desuper
2481 4310 2673 4376 judicis
2707 4312 2938 4364 imminet
2970 4311 3145 4375 furor;
3178 4313 3225 4368 si
3250 4314 3540 4379 deponunt,
3569 4314 3799 4366 inferna-

2241 4380 2305 4434 lis
2329 4382 2467 4448 putei
2494 4381 2573 4433 cis
2608 4381 2858 4449 ingeritur
2882 4381 3086 4433 ltorror.
3126 4382 3238 4435 Non
3266 4381 3497 4450 suppetit
3521 4383 3796 4435 criminum

2239 4450 2533 4531 excusatio,
2573 4464 2670 4503 nec
2698 4450 2779 4531 de.
2803 4450 3202 4531 iniquo-judicio
3240 4452 3413 4531 aliqua
3456 4453 3648 4529 poterit
3682 4467 3801 4505 esse

2241 4519 2474 4589 cmtsatio
2504 4537 2516 4569 :
2546 4534 2665 4571 cum
2693 4519 2949 4587 quidquid
2972 4520 3237 4575 decretum
3262 4520 3439 4587 fuerit,
3455 4521 3658 4589 justum
3685 4535 3802 4575 esse

2240 4588 2406 4656 ipsam
2437 4602 2617 4648 eorum
2647 4591 3018 4642 Conscientiam
3048 4606 3157 4644 nou
3178 4590 3377 4645 latebit.

2238 4656 2463 4713 CAPUT
2503 4657 2730 4711 LXXIII.
2754 4657 2996 4712 —Amor
3025 4658 3131 4713 Deo
3168 4659 3515 4729 rependendus
3552 4674 3645 4728 pro
3672 4674 3803 4728 prc-

2743 4728 3084 4782 destinationis
3109 4728 3290 4799 gratia.

2309 4795 2479 4849 Cerne
2509 4812 2647 4850 nunc
2676 4812 2833 4865 quam
2873 4795 3128 4853 amandus
3169 4801 3259 4863 sit,
3299 4798 3386 4867 qui
3419 4807 3468 4852 te
3491 4798 3558 4851 ab
3586 4797 3685 4853 hac
3713 4796 3807 4850 da-

2241 4877 2415 4919 mnata
2446 4868 2696 4919 societate
2725 4868 3144 4934 przedestinando
3166 4868 3439 4932 discernit,
3463 4867 3700 4920 vocando
3717 4882 3805 4918 se-

2242 4936 2460 5003 paravit,
2485 4935 2819 5001 justilicando
2848 4938 3100 5003 purgavit.
3129 4938 3391 5005 Itetorque
3420 4952 3556 4991 «tunc
3582 4936 3649 4988 ad
3672 4936 3804 4989 ὀρχη

2242 5015 2408 5059 terant
2435 5006 2636 5070 oculos,
2668 5014 2721 5059 ei
2742 5006 2931 5075 quibus
2960 5017 3009 5060 te
3027 5008 3367 5075 glorilicaudo
3392 5006 3459 5063 sit
3487 5010 3803 5072 inserturug

2239 5075 2471 5128 adverte.

2450 5142 2673 5214 CAPUT
2697 5142 2928 5197 LXXIV.
2950 5173 3020 5182 —
3042 5143 3120 5198 De
3144 5144 3305 5214 gloria
3326 5144 3593 5199 bonorum.

2312 5212 2440 5278 Quis
2470 5214 2536 5265 ibi
2564 5212 2757 5267 decor?
2782 5216 2898 5283 quis
2926 5214 3127 5267 honor?
3148 5212 3272 5283 qua:
3300 5214 3552 5267 felicitas?
3575 5228 3694 5282 quin
3720 5228 3807 5267 se-

2243 5283 2474 5337 curitas?
2504 5284 2601 5336 Alii
2633 5284 2717 5336 die
2742 5284 3016 5351 judiciaria
3039 5283 3165 5337 sede
3193 5284 3469 5348 sublimes,
3496 5283 3584 5337 alii
3613 5292 3812 5351 marty-

2244 5353 2308 5405 rii
2339 5367 2533 5405 corona
2570 5354 2925 5419 splendentes,
2965 5354 3051 5405 alii
3078 5354 3385 5421 virginitatis
3409 5352 3541 5406 ﬂore
3577 5351 3809 5416 candidi,

2244 5422 2331 5474 alii
2369 5422 2821 5491 eleemosynarnm
2863 5423 3136 5490 largitione
3177 5422 3405 5484 fecundi,
3444 5422 3536 5475 alii
3571 5422 3813 5475 doctrina

2246 5500 2299 5544 ct
2327 5490 2891 5561 eruditionepraaclari,
2916 5508 3020 5543 uno
3044 5492 3314 5561 eharitatis
3343 5490 3542 5546 findere
3562 5492 3815 5561 copulam:

2248 5570 2350 5615 tur.
2384 5560 2546 5613 Lucet
2585 5559 2660 5614 eis
2686 5564 2857 5614 vultus
2891 5562 3014 5615 Iesu
3053 5560 3245 5614 Christi
3281 5578 3383 5614 non
3420 5561 3684 5624 terribilis,
3716 5559 3811 5613 sed

2246 5629 2520 5755 ﬁrmatus;
2549 5646 2651 5683 non
2682 5646 2911 5698 amarus,
2957 5629 3051 5685 sed
3084 5630 3283 5696 dulcis;
3317 5646 3421 5685 non
3462 5640 3686 5695 terrens,
3717 5628 3813 5684 sed

2301 5714 2364 5753 an
2410 5713 2540 5754 lClIS.

2284 5700 2540 5754 lattdicus.
