3908 6592
431 447 502 513 ῃ
1829 454 2220 513 ΡΠᾸΞΡΑΤΙΟ.
3591 460 3661 520 t9

430 570 761 640 ἀσωστολικὴ
800 566 1091 639 Ἐκκλησία
1124 586 1137 623 :
1182 567 1242 623 Si
1284 583 1400 623 vero
1424 567 1681 639 quispiam
1711 566 1902 622 dixerit
1929 585 1977 623 ea

2096 584 2195 638 pro
2229 569 2464 624 essentia
2497 567 2602 622 hoc
2648 568 2769 624 loco
2815 569 3071 640 sumpsit,
3113 586 3221 626 non
3258 572 3462 630 idcirco
3492 591 3657 633 unam

432 664 547 718 alia
572 654 804 717 essentia
841 671 933 715 aut
966 661 1234 729 hypostasi
1280 658 1482 714 Filium
1517 677 1650 724 esse,
1697 678 1815 717 eum
1863 680 1997 717 ana-

432 757 657 808 themate
679 752 798 822 [erit
827 751 1087 807 catholica
1112 759 1162 804 et
1185 752 1474 819 apostolica
1508 750 1761 806 Ecclesia.
1792 750 1995 807 Deinde

431 846 685 902 additur:
721 845 797 897 Οὐ
829 844 938 914 γὰρ
966 843 1161 896 ταυτὸν
1199 839 1351 896 εἷπον
1377 845 1493 896 ἐκεῖ
1524 844 1711 897 οὐσίαν
1738 844 1830 897 καὶ
1859 843 1992 896 ὐπόο

431 953 639 990 στασιν.
670 935 735 987 Εἰ
763 934 872 1005 γὰρ
906 933 1048 1003 ιμίαν
1077 934 1171 987 καὶ
1196 933 1296 1003 τὴν
1328 932 1497 1005 αὐτὴν
1533 933 1750 1005 ἐδήλουν
1790 934 1994 986 ἔννοιαν

427 1026 485 1078 αἱ
512 1025 705 1093 φωναὶ,
746 1021 831 1085 τίς
860 1022 1016 1092 χρεία
1058 1017 1126 1093 ἦν
1163 1021 1468 1092 ἑκατέρων;
1521 1022 1681 1075 Ἀλλὰ
1708 1022 1862 1094 δῆλον
1888 1024 1991 1086 ὅτι,

425 1118 501 1179 ὡς
529 1115 636 1169 τῶν
674 1113 771 1185 μὲν
805 1111 1150 1183 ἀρνουμένων
1179 1112 1241 1165 τὸ
1271 1114 1335 1165 ὲκ
1363 1113 1463 1183 τῆς
1504 1113 1689 1179 οὐσίας
1727 1112 1865 1168 εἶναι
1898 1115 1991 1168 τοῦ

425 1206 658 1279 Πατρδς,
690 1205 798 1259 τῶν
833 1205 892 1259 δὲ
930 1204 1214 1274 λεγόντων,
1246 1202 1368 1259 οὔτε
1408 1206 1473 1259 ὲκ
1512 1208 1611 1278 τῆς
1639 1205 1843 1271 οὐσίας,
1878 1207 1992 1260 ἀλλ’

422 1300 483 1366 ἐξ
533 1299 700 1369 ἄλλης
731 1297 875 1361 τινος
930 1287 1301 1364 ὐποσαέάσεως,
1348 1296 1520 1362 οὕτως
1568 1298 1871 1369 ἀμφότερα,
1917 1299 1994 1361 ὡς

420 1390 674 1461 ἀλλότρια
694 1388 790 1442 τοῦ
820 1388 1272 1461 ἐκκλησιαστικοῦ
1301 1391 1662 1461 φρονήματος,
1682 1392 1990 1462 ἀπηγόρευ-

420 1499 518 1535 σαν
535 1498 549 1512 ’
591 1481 713 1534 ἐπεὶ
742 1480 942 1549 ὅπουγε
968 1479 1030 1533 τὸ
1062 1480 1274 1533 ἑαυτῶν
1297 1480 1513 1553 ἐδήλουν
1539 1482 1812 1554 φρόνημα,
1840 1482 1989 1537 εἷπον

417 1574 483 1626 ὲκ
513 1573 612 1643 τῆς
642 1571 829 1635 οὐσίας
859 1570 953 1625 τοῦ
984 1570 1195 1643 Πατρδς
1212 1570 1302 1627 τὸν
1335 1571 1487 1626 Υἱόψ
1519 1573 1703 1626 οὐκέτι
1734 1573 1990 1644 προσθένα

415 1682 509 1728 τες
554 1666 648 1717 καὶ
691 1664 772 1725 τὸ,
810 1665 875 1717 ὲκ
919 1662 1021 1733 τῆς
1071 1664 1437 1727 ὑποστάσεως.
1489 1663 1613 1719 Non
1660 1666 1798 1719 cnim
1853 1665 1986 1718 idem

416 1752 661 1807 dixerunt
699 1752 812 1806 illic
846 1751 1130 1805 essentiam
1177 1763 1226 1804 et
1273 1750 1622 1822 hypostasim.
1680 1750 1888 1804 Etenim
1938 1751 1987 1803 si

378 1861 524 1899 .una
565 1854 617 1899 et
661 1843 843 1898 eadem
893 1843 1039 1897 notio
1090 1842 1327 1913 subjecta
1383 1844 1627 1907 vocibus,
1674 1841 1799 1914 quid
1856 1858 1985 1911 opus

414 1949 528 1993 erat
584 1938 854 2007 utraque?
918 1933 1021 1991 Sed
1074 1924 1404 2005 perspicuum
1452 1946 1552 2002 est,
1608 1936 1730 1988 aliis
1774 1934 1981 2006 quidem

416 2027 664 2101 (Filium)
701 2042 766 2081 ea:
817 2026 993 2079 Patris
1043 2025 1273 2079 essentia
1317 2041 1428 2079 esse
1477 2025 1815 2096 negantibus,
1860 2024 1982 2078 aliis

413 2137 531 2175 vero
564 2135 723 2190 neque
738 2132 813 2175 ea:
833 2116 1059 2175 essentia
1088 2132 1219 2178 esse,
1249 2115 1338 2170 sed
1368 2133 1433 2171 ea:
1474 2116 1652 2187 aliqua
1685 2116 1795 2169 alia
1823 2117 1984 2186 hypo-

412 2212 545 2266 stasi
573 2208 885 2274 dicentibus,
915 2209 1042 2263 illos.
1059 2208 1136 2261 ita
1165 2206 1373 2261 demum
1397 2216 1669 2277 utramque
1690 2208 1982 2275 opinionem

414 2315 665 2373 tanquam
691 2318 723 2354 a
756 2303 1015 2356 sententia
1054 2298 1413 2353 ecclesiastica
1445 2297 1674 2351 alienam
1719 2297 1979 2366 rejecisse.

412 2394 560 2448 Nam
604 2393 695 2446 ubi
746 2407 900 2447 suam
946 2392 1183 2460 ipsorum
1240 2388 1585 2444 declarabant
1629 2390 1979 2454 sententiam,

410 2488 659 2541 dixerunt
708 2500 773 2540 ex
809 2485 1037 2539 essentia
1092 2481 1275 2535 Patris
1328 2478 1554 2549 Filium,
1600 2496 1703 2534 non
1755 2480 1978 2549 amplius

411 2574 717 2645 adjicientes
748 2572 905 2635 illud,
934 2586 999 2626 ea:
1025 2571 1312 2642 ltypostasi.

483 2666 601 2723 Non
637 2665 797 2721 facile
828 2673 913 2721 est
939 2672 1182 2720 statuere
1210 2676 1480 2733 quosnam
1509 2659 1795 2717 haereticos
1827 2657 1981 2714 Basi-

406 2757 543 2821 lius,
584 2756 656 2812 ob
683 2754 804 2810 Filii
852 2756 1113 2825 originem
1158 2768 1227 2809 ex
1258 2753 1360 2807 alia
1392 2766 1556 2823 quam
1600 2749 1774 2806 Patris
1807 2750 1979 2822 hypo-

413 2850 547 2907 stasi
598 2848 908 2913 deductam,
945 2863 977 2902 a
1032 2852 1240 2918 synodo
1278 2853 1496 2901 notatos
1541 2845 1705 2899 dicat.
1759 2841 1982 2908 Videtur

412 2943 499 2998 vel
544 2940 956 2997 Valentinianos
998 2939 1207 3003 dicere,
1263 2947 1325 2993 ut
1374 2938 1653 2993 exiStimat
1700 2934 1977 3000 Petavius,

405 3035 512 3104 qui
544 3049 611 3089 ex
641 3033 902 3088 collatitia
935 3033 1080 3088 velut
1120 3032 1260 3102 stipe
1290 3031 1358 3085 ab
1399 3030 1644 3084 monibus
1685 3027 1978 3083 conﬂatum

409 3141 533 3182 esse
560 3123 746 3181 Jesum
779 3125 1131 3191 asserebant;
1178 3123 1264 3179 vel
1314 3123 1617 3193 generatim
1663 3120 1977 3185 Gnosticos,

409 3216 505 3288 qui
538 3214 818 3270 Christum
864 3229 973 3268 non
1006 3212 1194 3267 mundi
1225 3211 1511 3279 creatoris,
1543 3209 1638 3265 sed
1676 3211 1847 3279 ignoti
1876 3226 1978 3265 cu-
2005 3248 2047 3307 C

405 3307 628 3375 jusdam
675 3305 762 3360 dei
811 3305 977 3359 lilium
1021 3320 1143 3359 esse
1182 3303 1476 3375 ﬁngebam-
1531 3301 1841 3375 Legendum
1873 3318 1973 3373 μί’

407 3407 490 3451 tat
525 3395 910 3463 Combelisius,
944 3404 1002 3450 ut
1043 3404 1127 3451 cst
1160 3396 1215 3449 in
1264 3410 1372 3449 uno
1411 3395 1604 3449 codice
1642 3410 1770 3459 ms.,
1801 3395 1884 3448 ὅτι
1915 3393 1974 3459 ἐξ

407 3490 615 3554 οὐσίας,
645 3488 767 3544 aliis
803 3505 868 3544 ex
907 3490 1133 3544 essentia
1170 3489 1322 3542 illum
1358 3486 1567 3559 quidem
1598 3504 1729 3551 esse,
1774 3486 1864 3541 sed
1910 3501 1975 3540 ea:

407 3577 520 3636 alia
543 3580 812 3651 hypostasi
841 3574 1153 3633 dicentibus.
1190 3579 1295 3633 Sed
1327 3582 1443 3632 haec
1476 3577 1799 3634 emendandi
1833 3577 1974 3633 ratio

405 3687 511 3728 nec
558 3672 734 3726 lucem
778 3669 961 3734 all'ert,
1002 3685 1103 3724 nec
1136 3667 1505 3724 difﬁcultatem
1539 3668 1753 3723 minuit.
1802 3667 1973 3738 Equi-

406 3768 530 3822 dem
574 3780 683 3820 non
725 3763 928 3818 invitus
972 3762 1268 3818 concedam
1314 3761 1533 3818 Petavio
1582 3761 1717 3816 nihil
1746 3761 1973 3817 omnino

407 3860 476 3914 de
500 3857 772 3929 ejusmodi
793 3854 1079 3910 haereticis
1112 3854 1501 3925 pronuntiasse
1544 3854 1836 3924 synodum,
1868 3869 1971 3909 nec

408 3951 542 4005 satis
570 3952 725 4003 lirmo
755 3953 1075 4018 argumento
1101 3945 1365 4001 Basiliam
1393 3944 1514 4008 niti,
1545 3945 1673 3998 dum
1707 3945 1792 4000 his
1822 3946 1973 3998 voci-

404 4039 532 4105 bus,
564 4054 630 4091 ea:
650 4035 760 4091 alia
782 4037 1011 4090 essentia
1040 4045 1132 4089 aut
1159 4035 1450 4105 hypostasi,
1487 4032 1624 4089 duas
1652 4049 1739 4090 res
1765 4035 1973 4105 signiti-

404 4133 521 4189 cari
547 4128 841 4202 pertendit.
870 4128 1017 4182 Nihil
1041 4128 1188 4183 enim
1210 4133 1356 4182 vetat
1376 4126 1618 4181 eamdem
1642 4127 1969 4182 sententiam

404 4224 639 4281 diversis
671 4221 853 4276 verbis
882 4218 1195 4275 conﬁrmari
1224 4238 1237 4274 :
1270 4234 1446 4289 neque
1481 4218 1595 4273 haec
1626 4219 1682 4273 in
1725 4219 1971 4290 symbolo

404 4318 626 4373 Niceno
653 4314 909 4369 damnata
934 4312 1257 4384 propositio,
1280 4310 1407 4366 Erat
1432 4310 1740 4382 aliquando,
1760 4311 1972 4383 quando

405 4427 509 4465 non
537 4416 673 4469 erat,
694 4404 977 4462 dissimilis
1003 4414 1088 4460 est
1118 4404 1388 4473 sequenti,
1416 4401 1534 4458 Non
1554 4413 1668 4457 erat
1693 4413 1973 4475 antequam

406 4508 730 4555 nasceretur.
786 4492 1014 4552 Videtur
1064 4511 1194 4567 ergo
1246 4494 1388 4550 idem
1444 4495 1694 4551 evenisse
1743 4493 1969 4561 Basilio,

2097 661 2153 715 in
2184 663 2364 715 tribus
2395 662 2643 731 personis
2687 662 3022 732 hyposlasim
3056 663 3344 720 admisisse
3374 685 3388 721 :
3421 676 3531 723 tres
3560 684 3660 724 au-

2096 757 2205 803 tem
2234 750 2560 820 hyposlascs
2591 767 2804 821 semper
2835 752 2889 806 in
2932 752 3177 817 Oriente,
3204 756 3395 811 saltem
3438 773 3468 812 a
3499 758 3655 816 Nocti

2097 841 2472 909 temporibus,
2521 858 2736 897 summo
2792 858 3064 898 consensu
3116 845 3372 915 viguisse.
3433 847 3658 906 Petavio

2097 932 2472 985 assentiuntur
2503 933 2591 986 alii
2614 933 2881 1003 theologi,
2919 934 2971 988 in
3003 935 3193 1005 primis
3233 935 3653 1006 Thomassinus,

2095 1022 2187 1091 qui
2234 1022 2290 1075 in
2336 1023 2477 1078 libro
2522 1025 2684 1079 tertio
2713 1024 2789 1078 De
2820 1026 3184 1081 incarnatione
3229 1026 3400 1094 Verbi,
3445 1045 3562 1100 cap.
3599 1033 3651 1096 1,

2094 1114 2392 1174 contendit.
2417 1131 2517 1167 non
2542 1116 2645 1169 nisi
2670 1126 2963 1171 senescente
2980 1130 3167 1187 quarto
3192 1119 3439 1177 Ecclesiw
3461 1128 3652 1180 saeculo

2092 1204 2389 1275 hypostasis
2413 1223 2596 1260 nomen
2626 1207 2690 1259 ab
2721 1209 2840 1261 usia
2860 1226 2949 1262 seu
2973 1212 3199 1266 essentia
3228 1213 3653 1272 discriminatum

2091 1311 2223 1361 esse,
2245 1295 2408 1366 idque
2436 1298 2614 1352 allatis
2636 1299 2828 1369 synodi
2854 1299 3085 1357 Nicaeum
3116 1311 3170 1358 et
3195 1302 3479 1362 Athanasii
3508 1309 3654 1365 testi-

2091 1388 2291 1443 moniis
2330 1387 2540 1444 ellicere
2569 1398 2818 1443 conatur.

2161 1478 2223 1532 ll.
2265 1478 2471 1534 Fucum
2505 1481 2843 1540 doctissimis
2872 1485 3006 1542 viris
3031 1484 3157 1541 fecit
3188 1488 3494 1560 ltypostasis
3526 1496 3653 1550 voci

2090 1569 2335 1640 subjecta
2369 1572 2638 1626 interdum
2669 1575 2920 1630 essentia:
2956 1577 3316 1647 signiﬁcatio;
3350 1594 3404 1636 et
3433 1587 3652 1653 quoties

2088 1660 2273 1716 vident
2320 1664 2462 1732 apud
2512 1665 2765 1735 antiquos
2821 1667 3117 1736 scriptores
3164 1671 3499 1742 hyposlasim
3544 1676 3650 1732 hoc

2088 1761 2254 1802 sensu
2286 1751 2562 1820 usurpari,
2594 1752 2719 1808 inde
2742 1755 3077 1809 concludunt
3105 1774 3265 1812 unam
3291 1761 3377 1817 his
3412 1764 3654 1834 scripto-

2086 1837 2241 1892 ribus
2264 1838 2594 1911 hypostasim
2626 1844 2863 1913 placere.
2888 1846 2958 1899 At
2986 1849 3278 1917 plurimum
3312 1865 3498 1921 peccat
3532 1856 3654 1910 haec

2087 1930 2314 1986 rationis
2351 1934 2651 1989 conclusio.
2683 1937 2818 1989 Nam
2848 1937 3012 1992 trium
3046 1940 3422 2010 hyposlasium
3447 1947 3653 2001 acerri-

2083 2036 2206 2076 mus
2233 2022 2489 2105 defensor
2520 2025 2755 2081 Basilius
2796 2043 2937 2098 sape
2979 2029 3312 2100 hypostasim
3347 2034 3451 2089 hoc
3482 2051 3650 2092 sensu

2082 2111 2297 2182 accipit.
2312 2113 2402 2167 Ait
2426 2114 2633 2170 inlibro
2658 2115 2732 2169 De
2758 2114 2961 2186 Spiritu
2983 2128 3187 2183 sancto,
3214 2136 3337 2190 cap.
3363 2122 3448 2188 16,
3474 2139 3527 2193 p.
3554 2125 3646 2191 53,

2086 2202 2349 2274 Spiritum
2384 2216 2636 2262 sanctum
2670 2212 2896 2280 gratiam
2933 2227 3086 2267 suam
3125 2214 3375 2269 conferre
3413 2218 3647 2284 angelis,

2083 2292 2177 2357 Εἰς
2191 2294 2282 2347 τὸν
2301 2296 2647 2367 ἀπαρτισμὸν
2664 2302 2760 2353 καὶ
2774 2300 3164 2373 συμπλήρωσιν
3188 2304 3282 2374 τῆς
3299 2305 3650 2372 ὑποστάσεως

2081 2385 2289 2452 αὐτῶν,
2327 2385 2393 2441 1η
2422 2387 2517 2441 hoc
2545 2400 2603 2442 ut
2634 2392 2938 2460 perﬁciatur
2964 2395 3388 2466 compleaturqne
3430 2400 3650 2454 illorum

2079 2472 2397 2529 substantia.
2437 2474 2554 2532 Non
2600 2488 2776 2549 potest
2825 2481 2929 2537 hoc
2971 2483 3092 2538 loco
3153 2486 3447 2552 ὑπόστασις
3487 2490 3652 2546 aliter

2081 2566 2254 2637 accipi
2280 2582 2344 2622 ac
2370 2568 2549 2625 οὐσία.
2589 2569 2730 2626 Hinc
2759 2573 2815 2628 in
2845 2575 3033 2630 eodem
3072 2580 3268 2647 capite,
3306 2596 3359 2650 p.
3397 2582 3487 2648 59.,
3518 2598 3652 2637 san-

2080 2658 2241 2713 ctitas
2285 2659 2483 2715 dicitur
2525 2677 2648 2718 esse
2689 2673 2842 2718 extra
2888 2666 3243 2723 substantiam
3284 2673 3601 2742 angelorum
3628 2713 3647 2739 ,

2080 2746 2276 2813 ἔξωθεν
2321 2751 2418 2822 τῆς
2463 2752 2682 2820 οὐσίας,
2726 2757 2854 2825 quia
2901 2758 3243 2814 sanctitatem
3292 2763 3569 2832 accipiunt
3614 2779 3651 2819 a

2084 2839 2288 2911 Spiritu
2328 2856 2556 2911 sancto,
2602 2860 2704 2901 nec
2739 2862 2859 2902 eam
2901 2864 2932 2902 a
2980 2864 3079 2905 sua
3132 2851 3372 2921 ipsorum
3406 2856 3653 2911 essentia

2081 2929 2303 2990 habent.
2350 2932 2610 2991 Similiter
2647 2937 2741 2993 lib.
2786 2955 2819 2993 v
2859 2939 3107 2995 adversus
3148 2942 3397 3009 Eunom.,
3429 2963 3483 3016 p.
3515 2946 3650 3013 3'31,

2080 3023 2261 3079 omnis
2307 3026 2615 3082 substantia
2655 3029 2932 3099 justorum
2972 3048 3003 3087 a
3057 3032 3259 3105 Spiritu
3311 3037 3652 3095 sanctiﬁcari

2082 3112 2285 3169 dicitur
2315 3136 2329 3172 :
2367 3117 2522 3172 Πᾶσα
2564 3119 2859 3187 ὑπόστασις
2884 3124 3128 3180 δικαίων.
3158 3164 3182 3181 .
3219 3167 3233 3182 .
3268 3128 3540 3198 ἡγίασται.
3582 3129 3653 3187 in

2083 3204 2221 3261 libro
2251 3210 2511 3274 secundo,
2546 3226 2599 3281 p.
2622 3211 2750 3275 252,
2793 3220 2961 3268 t0tam
2988 3213 3166 3270 Patris
3191 3226 3441 3272 naturam
3480 3222 3554 3274 ait
3586 3221 3652 3277 in

2078 3292 2216 3350 Filio
2250 3300 2485 3369 imprimi
2520 3302 2665 3358 velut
2695 3305 2752 3358 in
2782 3306 2960 3377 sigillo
2997 3323 3011 3358 :
3056 3316 3150 3362 aut
3181 3312 3647 3379 quemadmodum

2077 3388 2274 3442 artium
2308 3392 2613 3448 substantia
2642 3410 2708 3451 ex
2740 3396 3064 3456 docentibus
3098 3400 3151 3456 in
3180 3402 3481 3474 discipulos
3525 3415 3650 3462 tota

2077 3480 2294 3545 transit,
2326 3482 2486 3536 ὁποία
2513 3483 2622 3538 τῶν
2653 3488 2856 3557 τεχνῶν
2881 3491 2914 3561 ἡ
2946 3490 3239 3557 ὑπόστασις
3265 3496 3328 3548 ἐκ
3357 3497 3465 3550 τῶν
3489 3498 3650 3553 διδα-

2078 3571 2313 3625 σκόντων
2336 3572 2429 3643 ὅλη
2457 3577 2569 3638 τοῖς
2598 3576 3051 3651 μαθητευομένοις
3081 3583 3427 3659 ἐγγινομένη.

2146 3659 2439 3734 Gregorius
2489 3664 2901 3738 Nazianzenus,
2956 3674 3116 3743 cujus
3169 3691 3382 3732 summa
3431 3680 3651 3736 exstitit

2076 3765 2198 3806 cum
2251 3752 2455 3810 Basilio
2502 3758 2558 3810 in
2617 3758 2795 3816 tribus
2840 3761 3225 3833 hypostasibus
3281 3767 3650 3829 defendendis

2077 3846 2400 3912 consensio,
2442 3847 2680 3904 divinam
2724 3854 3017 3908 essentiam
3065 3856 3374 3927 bypostasis
3416 3865 3652 3921 nomine

2076 3933 2324 4005 designat
2355 3936 2413 3991 in
2445 3947 2584 3994 orat.
2615 3940 2717 4006 54,
2755 3959 2809 4013 p.
2855 3944 2991 4011 542,
3024 3947 3115 4001 ubi
3146 3954 3211 4004 de
3239 3948 3350 4005 Deo
3376 3960 3430 4006 et
3458 3953 3528 4009 de
3570 3958 3650 4013 iis

2075 4040 2195 4118 quae
2220 4027 2365 4118 circa
2396 4028 2563 4086 Deum
2593 4034 2973 4103 praedicantur,
3004 4038 3082 4093 sic
3112 4030 3397 4107 loquitur:
3432 4042 3497 4095 Τί
3529 4044 3651 4118 γὰρ

2074 4115 2186 4169 ὄντι
2220 4116 2366 4188 αὐτῷ
2393 4121 2532 4175 κατὰ
2559 4122 2656 4192 τὴν
2680 4121 2837 4191 φύσιν
2864 4126 2957 4178 καὶ
2978 4127 3073 4196 τὴν
3100 4128 3421 4197 ὑπόστασιν,
3456 4115 3649 4205 ὐπὰρνσ

2073 4224 2158 4277 χει
2188 4207 2249 4260 τὸ
2282 4208 2356 4280 μὴ
2387 4210 2556 4282 ἀρχὴν
2583 4212 2724 4283 ἔχειν
2759 4214 2892 4283 μηδὲ
2924 4214 3256 4282 ἐξίστασθαι,
3294 4222 3427 4290 μηδὲ
3458 4239 3608 4294 step:
3630 4256 3650 4269 ο

2073 4298 2315 4363 σοῦσθαι,
2346 4302 2479 4355 ἀλλὰ
2507 4304 2625 4357 ὅλον
2654 4305 2715 4357 τὸ
2746 4301 2883 4359 εἶναι
2909 4308 3355 4380 περιλαμϐάνειν,
3386 4313 3651 4374 λείπεται

2074 4391 2520 4461 προσφιλοσοφεῖν
2551 4411 2611 4448 τε
2637 4396 2731 4449 καὶ
2757 4396 3197 4467 τιροσεξετάζειν·
3233 4400 3371 4466 Quid
3396 4406 3535 4460 enim
3558 4426 3655 4463 se-

2074 4482 2302 4537 cundum
2334 4495 2582 4540 naturam
2605 4498 2653 4542 et
2684 4488 3007 4559 hypostasim
3035 4494 3329 4561 exsistenti,
3362 4503 3653 4558 conveniat

405 4591 556 4663 quod
581 4589 853 4645 interdum
887 4588 1149 4658 optimam
1175 4586 1499 4641 sententiam
1529 4586 1809 4642 tuentibus
1835 4601 1961 4641 eve-
1995 4588 2046 4649 υ
2068 4573 2123 4626 ei
2142 4591 2232 4629 nec
2250 4578 2566 4647 principium
2590 4579 2796 4645 habere,
2825 4599 2916 4639 nec
2942 4601 2974 4638 a
2997 4602 3051 4639 se
3078 4603 3305 4656 unquam
3327 4588 3650 4659 desciscere,

406 4683 510 4747 nit,
557 4689 618 4737 ut
662 4680 719 4735 in
756 4680 824 4736 iis
858 4678 1133 4734 solvendis
1166 4694 1287 4749 quae
1334 4679 1633 4735 adversarii
1678 4679 1967 4749 objiciunt,

406 4772 595 4825 minus
618 4766 902 4823 commode
945 4774 1248 4821 versentur.
1292 4766 1513 4824 Dillicile
1552 4771 1697 4824 enim
1743 4777 1828 4825 est
1857 4786 1966 4825 non

404 4862 565 4918 interi
596 4860 681 4916 his
714 4859 916 4923 verbis,
959 4874 1025 4912 ex
1062 4859 1170 4912 alia
1208 4860 1503 4928 hyposlasi,
1546 4861 1841 4916 essentiam
1875 4861 1970 4915 de,-

406 4951 630 5023 signari.
661 4947 766 5004 Sed
796 4949 1109 5004 levissimus
1145 4949 1231 5002 hic
1276 4944 1675 5007 Basilii‘nmvns
1715 4958 1822 5017 est,
1870 4965 1969 5005 nec

404 5058 588 5098 causa:
613 5054 880 5097 summam
927 5040 1164 5110 attingit,
1205 5056 1324 5111 quae
1368 5049 1481 5096 tota
1513 5044 1829 5097 vertebatur
1857 5042 1966 5097 hoc

403 5134 647 5201 cardine,
697 5139 880 5187 utrum
924 5132 1164 5203 synodus
1208 5133 1424 5189 Nicaena
1471 5150 1636 5188 unam
1691 5138 1747 5190 in
1792 5136 1968 5190 tribus

403 5226 655 5299 personis
696 5224 1033 5296 hypostasim
1081 5224 1411 5281 admisisset.
1452 5224 1680 5282 Etiamsi
1728 5226 1964 5282 Basilius

404 5319 570 5374 unius
629 5317 926 5371 testimonii
988 5317 1404 5387 explicationem
1470 5318 1684 5389 longius
1732 5326 1966 5389 repetat,

404 5409 621 5465 etiamsi
650 5409 949 5464 concedere
982 5409 1312 5466 adversariis
1342 5409 1500 5475 nolit,
1528 5410 1676 5481 quod
1706 5410 1970 5466 incolumi

402 5516 505 5558 sua
547 5514 713 5555 causa
762 5506 1061 5555 concedere
1100 5509 1341 5571 poterat;
1385 5501 1447 5556 in
1488 5517 1553 5557 eo
1586 5510 1734 5558 certe
1772 5502 1967 5573 synodi

402 5601 640 5649 mentem
671 5595 1083 5649 accuratissime
1125 5594 1421 5665 perspexit,
1453 5595 1599 5665 quod
1652 5604 1764 5651 tres
1799 5596 1969 5667 hypo-

404 5693 581 5739 stascs
621 5683 691 5737 ab
719 5698 781 5738 ea
826 5683 1069 5739 sublatas
1098 5686 1395 5753 negaverit.
1441 5684 1619 5754 Atque
1665 5685 1717 5739 id
1748 5686 1967 5756 quidem

404 5776 566 5831 nobis
614 5775 775 5846 paulo
821 5777 1130 5831 accuratius
1167 5775 1589 5830 examinandum
1631 5785 1734 5841 est,
1776 5791 1840 5831 ac
1871 5775 1967 5833 de-

405 5865 820 5924 monstrandum
851 5863 1123 5923 Nicaenam
1162 5864 1453 5937 synodum,
1487 5866 1592 5923 etsi
1624 5866 1959 5938 hypostasim

2076 4682 2169 4720 nec
2194 4668 2300 4737 ﬁne
2328 4670 2441 4724 ullo
2471 4673 2763 4736 terminari,
2800 4675 2890 4729 sed
2929 4685 3097 4730 totum
3129 4695 3241 4733 esse
3264 4684 3557 4752 complecti,
3586 4690 3652 4742 id

2072 4770 2330 4828 prwterea
2388 4762 2858 4835 philosophandum
2930 4778 2979 4824 et
3040 4771 3403 4841 inquirendum
3468 4779 3652 4835 relin-

2075 4854 2271 4921 quitur.

2146 4948 2380 5020 Cyrillus
2406 4949 2950 5023 Hierosolymitanus,
2975 4971 3134 5025 quem
3167 4971 3289 5012 cum
3321 4957 3379 5015 S.
3414 4958 3653 5022 Meletio

2077 5049 2131 5094 et
2157 5042 2278 5096 aliis
2307 5042 2469 5096 trium
2497 5043 2867 5112 hypostasium
2893 5046 3268 5103 defensoribus
3296 5049 3654 5119 conjunctis-

2080 5130 2277 5184 simum
2313 5130 2480 5186 fuisse
2514 5141 2748 5198 constat,
2785 5134 3054 5189 interdum
3082 5136 3388 5207 hyposlasis
3414 5143 3655 5204 nomine

2079 5220 2438 5275 substantiam
2480 5223 2753 5294 intelligit.
2782 5223 2874 5278 Sic
2898 5227 3041 5279 enim
3074 5227 3314 5297 loquitur
3343 5230 3399 5284 in
3433 5242 3544 5289 cat.
3584 5238 3648 5306 6,

2077 5328 2133 5367 ι).
2160 5313 2194 5367 5
2230 5314 2661 5385 εἈκατὰληπτός
2688 5317 2832 5370 ἐστιν
2861 5319 2893 5389 ἠ
2929 5319 3220 5382 ὑπόστασις
3243 5323 3274 5391 ἠ
3301 5322 3439 5377 θείω
3473 5324 3657 5384 Com-

2077 5405 2322 5473 prehendi
2351 5424 2453 5461 non
2485 5417 2648 5475 potest
2674 5408 2965 5463 substantia
2993 5410 3203 5475 divina;
3232 5421 3285 5465 et
3312 5424 3419 5470 cat.
3452 5418 3541 5483 16,
3574 5422 3662 5481 de

2081 5492 2281 5564 Spiritu
2337 5497 2561 5565 loquens
2616 5497 2747 5550 ait:
2791 5497 2952 5551 Φύσιν
3016 5498 3072 5550 δὲ
3120 5497 3152 5567 ἢ
3202 5499 3495 5555 ὑπόστασιν
3564 5509 3662 5582 μὴ

2082 5585 2517 5658 πολυπραγμόνει
2534 5603 2547 5617 ’
2604 5585 2867 5642 Naturam
2884 5599 2974 5642 aut
2996 5590 3339 5645 substantiam
3356 5609 3418 5648 ne
3430 5598 3671 5658 curiose

2078 5680 2370 5748 investiges.

2150 5770 2245 5827 Sic
2287 5771 2448 5825 etiam
2495 5767 2829 5839 Epiphanius
2877 5771 3146 5826 interdum
3197 5772 3492 5829 ὑπόστασιν
3540 5795 3670 5849 pro

2076 5867 2233 5939 οὐσίᾳ
2264 5864 2446 5932 sumit,
2480 5865 2625 5919 velut
2648 5878 2770 5919 cum
2803 5865 2873 5918 ait
2905 5864 3096 5921 haeres.
3130 5880 3311 5924 uxn'.
3345 5883 3398 5927 n.
3429 5869 3482 5935 4,
3520 5871 3667 5930 Μία
