3908 6526
285 387 344 444 ts
1658 366 2052 438 Pharum.
3417 372 3484 430 tt

281 502 448 573 Βεύτης
495 500 595 573 τῆς
646 498 818 569 αὐτῆς
869 484 1179 571 δυνάμεως,
1230 484 1327 569 τῆς
1379 497 1550 567 αὐτῆς
1596 497 1823 552 ὑποστά-
1849 505 1894 559 Α
1924 499 1980 551 δὲ
2011 499 2105 553 καὶ
2128 497 2280 568 παρὰ
2305 499 2417 561 τοῖς
2458 495 2675 559 Ἰταλοῖς
2694 493 2912 566 ὁμοίως,
2944 493 3056 547 ἀλλ’
3077 493 3135 547 οὐ
3169 492 3485 565 δυναμένοις

280 608 432 655 aut,“
472 589 587 645 Una
628 590 900 652 divinitas,
938 587 1171 658 ejusdem
1198 585 1431 649 virtutis,
1465 585 1698 655 ejusdem
1735 586 1824 657 hy-

278 683 500 753 postasis.
548 681 691 736 idem
736 688 920 736 tamen
961 679 1268 743 sentiebat,
1326 681 1472 750 τρεῖς
1528 678 1824 745 ἀναγκαῖον

279 770 402 829 εἶναι
449 772 545 836 τὰς
574 772 930 837 ὑποστάσεις,
982 769 1283 841 ὁμολογεῖν,
1331 786 1534 824 necesse
1569 786 1679 823 esse
1720 779 1822 824 tres

277 865 560 934 hypostases
596 863 836 932 conﬁteri
857 902 870 927 ,
900 861 1066 932 idque
1099 861 1378 932 conoeptis
1410 856 1592 916 verbis
1621 859 1825 915 Basilio

278 956 573 1024 scripserat,
621 954 716 1023 qui
777 953 917 1006 hanc
973 952 1121 1007 illius
1164 951 1469 1005 doctrinam
1531 953 1825 1023 plurimum

278 1048 444 1102 laudat
482 1046 538 1099 in
585 1045 747 1115 epist.
794 1042 919 1098 958.
952 1042 1133 1109 Quare
1166 1043 1298 1097 vitio
1346 1057 1457 1097 non
1502 1053 1651 1098 caret
1696 1042 1826 1114 Epi-

278 1137 448 1205 phanii
477 1143 768 1191 contextus
789 1134 845 1188 in
874 1136 1162 1199 Ancorato,
1191 1150 1246 1188 η.
1278 1126 1336 1199 6,
1367 1133 1458 1189 ubi
1487 1135 1568 1191 sic
1592 1135 1824 1206 legitur:

287 1229 400 1282 Ἐὰν
442 1227 552 1299 γὰρ
599 1226 763 1300 εἴπῃς
816 1214 879 1279 τὸ
930 1225 1252 1296 ὀμοούσιον,
1294 1224 1486 1289 ἔλυσας
1542 1224 1827 1280 Σαϐελλίου

277 1320 364 1391 τὴν
394 1318 658 1390 δύναμιν·
706 1315 842 1370 ὅπου
894 1315 1003 1387 γὰρ
1056 1302 1359 1387 ὁμοούσιον,
1418 1318 1545 1388 μιᾶς
1604 1317 1832 1370 omne.

281 1408 403 1472 σεώς
445 1408 565 1459 ἐστι
619 1404 936 1476 δηλωτικόν.
982 1404 1298 1459 Addendam
1325 1419 1447 1460 esse
1490 1405 1832 1474 negationem

278 1515 336 1556 ac
362 1498 644 1570 legendum
677 1497 737 1551 οὐ
773 1498 900 1567 μιᾶς
947 1496 1083 1551 vidit
1121 1498 1239 1566 ipse
1283 1494 1535 1551 Petavius
1560 1536 1574 1562 ,
1623 1498 1717 1566 qui
1752 1497 1832 1552 sic

280 1596 655 1662 interpretatur
681 1606 695 1642 :
734 1587 1049 1658 Usurpando
1074 1588 1546 1644 consubsta’ntialis
1580 1589 1830 1643 vocabulo

280 1683 483 1741 Sabellii
525 1681 690 1736 robur
712 1681 963 1751 infringis
998 1696 1017 1734 :
1051 1697 1153 1736 non
1192 1684 1331 1736 enim
1366 1683 1832 1738 consubst'antialis

276 1790 366 1830 vox
387 1774 710 1845 singulare»:
738 1773 1065 1844 hypostasim
1088 1773 1373 1851 signiﬁcat.

340 1866 520 1920 Ruunt
574 1880 708 1936 ergo
764 1873 1082 1935 argumenta
1135 1862 1382 1931 Petavii,
1436 1874 1490 1922 et
1545 1874 1608 1924 ex
1656 1870 1835 1926 allatis

280 1958 524 2028 exemplis
548 1955 880 2027 perspicitur
900 1956 1239 2026 hypostasim
1260 1957 1528 2013 interdum
1552 1970 1650 2029 pro
1679 1960 1837 2032 οὐσίᾳ

277 2050 407 2107 sumi
440 2064 628 2119 posse,
660 2048 911 2118 quamvis
940 2055 1052 2104 tres
1095 2051 1420 2120 hypostases
1453 2050 1832 2111 admittantur.

276 2151 337 2198 ac
361 2141 585 2213 proinde
610 2141 860 2196 Nicenos
878 2138 1090 2205 Patres,
1112 2140 1327 2196 etiamsi
1360 2142 1694 2214 bypostasim
1740 2159 1841 2215 pro

278 2234 423 2305 ossa,
452 2231 813 2303 sumpserint,
848 2246 955 2285 non
986 2230 1197 2287 idcirco
1238 2248 1402 2287 unam
1428 2235 1480 2288 in
1513 2234 1689 2290 tribus
1716 2246 1837 2306 per-

279 2325 417 2380 sonis
443 2324 788 2395 bypostasim
814 2322 1139 2379 decrevisse.
1176 2324 1364 2395 Neque
1390 2324 1554 2394 hujus
1580 2325 1661 2381 rei
1685 2327 1843 2397 longe

278 2415 494 2488 petenda
538 2414 857 2486 explicatio.
905 2415 1164 2482 Quamvis
1201 2417 1346 2471 enim
1395 2419 1634 2472 essentia
1674 2418 1743 2473 sit
1787 2419 1842 2473 id

278 2508 410 2579 quod
434 2516 733 2564 commune
762 2514 846 2562 est
877 2508 1051 2562 tribus
1080 2508 1353 2578 personis,
1378 2508 1688 2580 hyposlasis
1715 2518 1842 2565 vero

278 2600 327 2655 id
365 2599 506 2671 quod
551 2599 869 2670 proprium;
917 2604 1059 2669 sa3pe
1101 2608 1281 2659 tamen
1324 2599 1577 2654 essentiae
1624 2599 1845 2654 nomine

272 2679 586 2763 ‘bypostasis
640 2687 1139 2759 comprehenditur,
1178 2702 1242 2743 ac
1284 2686 1525 2743 vicissim
1586 2687 1703 2758 ipsa
1751 2689 1847 2759 hy-

280 2783 502 2852 postasis
526 2778 830 2837 essentiam
858 2778 1292 2850 comprehendit.
1324 2775 1464 2833 Dum
1494 2778 1638 2833 enim
1664 2793 1847 2834 essen-

282 2876 347 2929 tia
375 2875 487 2931 sive
532 2880 740 2929 natura
781 2871 1187 2935 consideratur,
1232 2876 1504 2942 quatenus
1549 2870 1846 2941 conjuncta

280 2975 358 3022 est
402 2983 528 3022 cum
598 2964 980 3036 personalibus
1031 2962 1460 3034 proprietatibus
1485 3002 1501 3027 ,
1553 2964 1669 3018 sive
1721 2976 1846 3017 cum

278 3050 579 3131 ‘hypostasi,
610 3067 743 3112 tunc
774 3055 962 3113 eodem
978 3072 1156 3123 sensu
1202 3064 1499 3126 usurpatur
1526 3070 1590 3110 ac
1614 3069 1848 3126 persona

1924 590 2011 644 διὰ
2057 586 2345 660 στενότητα
2381 590 2479 659 τῆς
2512 585 2639 658 παρ’
2671 586 2855 650 αὐτοῖς
2888 578 3134 656 γλώττης
3161 585 3255 638 καὶ
3290 584 3490 656 ὀνομά-

1924 700 2032 737 των
2064 682 2271 749 πενίαν,
2309 679 2502 734 διελεῖν
2543 677 2650 733 ἀπὸ
2678 680 2774 750 τῆς
2811 672 3000 742 οὐσίας
3037 676 3135 747 τὴν
3170 676 3485 743 ὑπόστασιν,

1927 778 2020 830 xui.
2043 765 2131 829 διὰ
2165 772 2322 827 τοῦτο
2352 770 2778 840 ἀντεισαγούσης
2816 770 2936 841 μεθ.
2971 766 3375 840 ἀντεισάγουσι]
3418 767 3491 821 τὰ

1928 866 2193 939 πρόσωπα
2235 881 2248 894 ·
2305 865 2392 917 ἵνα
2437 863 2510 935 μὴ
2544 864 2692 932 τρεῖς
2738 861 2917 913 οὐσίαι
2968 858 3391 932 παραδειχθῶστ,
3436 855 3493 910 τι

1928 944 2172 1026 γίνεται;
2218 943 2306 1019 Ὧς
2337 942 2455 1008 λθὶαν
2481 953 2686 1022 γελοῖον
2795 951 3022 1005 ἐλεεινὸν
3043 967 3058 981 ·
3092 950 3325 1014 πίστεως
3347 948 3494 1016 ἔδοξε

1929 1044 2196 1119 διαφορὰ,
2245 1049 2278 1117 ὴ
2325 1046 2449 1119 περὶ
2490 1045 2579 1098 τὸν
2624 1039 2756 1116 ἦχον
2794 1042 3131 1117 μικρολογία.
3183 1039 3330 1095 Nam
3370 1056 3494 1095 cum

1930 1140 2152 1195 essentia
2178 1155 2306 1200 una,
2329 1147 2377 1191 et
2406 1146 2509 1190 tres
2535 1135 2839 1205 hypostases
2868 1150 2901 1187 a
2927 1133 3074 1188 nobis
3094 1133 3176 1201 pie
3196 1132 3498 1185 dicerentur

1934 1228 2104 1299 (quod
2135 1229 2357 1282 alterum
2407 1225 3017 1288 divinitatisnaturam,
3064 1214 3291 1277 alterum
3335 1223 3497 1276 trium

1931 1335 2274 1390 personarum
2344 1317 2688 1388 proprietates
2748 1314 3043 1380 declaret),
3104 1322 3259 1384 atque
3312 1314 3498 1369 eodem

1932 1410 2139 1482 quidem
2182 1408 2334 1464 modo
2386 1408 2525 1479 apud
2567 1407 2826 1462 Romanos
2870 1407 3304 1477 intelligerentur,
3346 1417 3504 1460 crete-

1935 1518 2051 1556 rum
2073 1500 2135 1556 ob
2161 1502 2351 1571 lingua:
2380 1500 2525 1554 illius
2550 1500 2846 1570 angustiam
2869 1507 2919 1552 et
2949 1496 3222 1552 verborum
3240 1497 3498 1566 inopiam,
3536 1484 3553 1503 ’

1934 1593 2258 1663 hypostasim
2291 1589 2355 1644 ab
2395 1590 2621 1645 essentia
2665 1589 2986 1661 distinguere
3021 1605 3125 1643 non
3153 1597 3383 1658 possent,
3416 1605 3504 1643 σοι

1935 1700 2030 1755 que
2079 1682 2274 1753 factum
2318 1691 2474 1745 esset,
2519 1688 2576 1737 ut
2610 1696 2672 1737 ne
2701 1691 2805 1737 tres
2857 1682 3186 1737 substantias
3223 1681 3505 1736 admittere

1937 1774 2252 1841 viderentur,
2287 1780 2630 1844 personarum
2663 1774 2970 1829 vocabulum
3005 1772 3308 1828 inducerent
3331 1815 3346 1841 ,
3377 1772 3503 1844 quid

1941 1867 2149 1921 tandem
2199 1869 2455 1938 contigit?
2505 1865 2605 1922 Res
2653 1866 2884 1935 profecto
2927 1865 3156 1920 ridicula
3211 1867 3288 1920 vel
3328 1866 3504 1934 potius

1940 1957 2242 2011 miseranda
2271 1973 2290 2011 :
2340 1956 2556 2012 dit'erstc
2587 1948 2712 2026 ﬁdei
2741 1957 2962 2025 speciem
2998 1956 3224 2025 praebuit
3246 1956 3373 2011 levis
3405 1955 3507 2010 illa

1938 2058 1988 2103 et
2011 2050 2191 2119 jejuna
2219 2049 2283 2103 de
2310 2064 2492 2103 vocum
2529 2065 2658 2103 sono
2686 2050 2985 2104 altercatio.

2011 2139 2287 2195 Habemus
2316 2152 2447 2210 ergo
2485 2140 2651 2196 totius
2690 2139 3053 2197 dissensionis
3095 2141 3359 2212 originem
3386 2172 3403 2205 δ
3452 2150 3508 2197 et

1942 2233 2155 2286 initium
2191 2233 2355 2286 unius
2386 2232 2716 2304 hypostasis.
2749 2232 3053 2302 Antequam
3083 2232 3292 2288 Latinis
3321 2233 3376 2288 in
3417 2232 3506 2286 in-

1942 2323 2293 2395 terpretanda
2336 2324 2646 2395 hypostasis
2682 2336 2815 2380 voce
2848 2324 3161 2380 molestiam
3209 2324 3507 2379 lacesseret

1943 2415 2142 2485 lingua:
2175 2415 2378 2485 inopia,
2426 2416 2579 2470 nulla
2629 2424 2748 2471 erat
2790 2416 2935 2486 apud
2977 2413 3198 2471 (h'aecos
3230 2429 3295 2470 ea
3336 2414 3407 2470 de
3448 2430 3508 2470 re

1945 2508 2342 2571 controversia,
2368 2508 2519 2561 nulla
2545 2507 2816 2574 varietas;
2845 2521 2909 2561 ac
2942 2507 3171 2577 proinde
3199 2521 3309 2561 non
3327 2505 3505 2561 solum

1944 2596 2147 2655 Nicacni
2179 2599 2391 2666 Patres,
2421 2600 2515 2656 sed
2540 2607 2593 2655 et
2613 2608 2883 2672 quotquot
2905 2600 3216 2672 hypostasis
3243 2600 3508 2657 vocabulo

1945 2694 2012 2748 ad
2047 2693 2380 2749 efferendum
2427 2694 2621 2765 dogma
2671 2695 2754 2750 usi
2788 2701 2937 2760 sunt,
2973 2709 3082 2748 non
3117 2707 3285 2747 unam
3334 2692 3506 2765 hypo-

1947 2789 2159 2852 stasim,
2192 2787 2286 2843 sed
2313 2795 2424 2842 tres
2450 2787 2771 2858 bypostases
2785 2787 3054 2843 dixerunt.
3086 2785 3333 2859 Gregorii
3362 2786 3512 2845 testi-

1946 2880 2188 2935 monium
2236 2877 2523 2934 conﬁrmat
2555 2879 2787 2935 Aeacius
2814 2879 3141 2945 Bernensis.
3183 2881 3279 2951 Qui
3313 2880 3393 2936 sic
3424 2881 3508 2935 lo-

1947 2966 2134 3039 quitur
2189 2969 2332 3039 apud
2381 2967 2641 3040 Cyrillum
2696 2970 3142 3039 Alexandrinum,
3179 2972 3338 3042 epist.
3390 2969 3508 3028 l5:

1949 3058 2145 3115 Beatus
2175 3050 2456 3128 Paulinus,
2480 3061 2789 3132 inquit,tres
2810 3062 3107 3132 hypostases
3139 3075 3313 3132 aperte
3342 3064 3515 3121 dicere

283 3148 387 3202 είνθ
412 3147 735 3220 hYPOS'asiS
770 3162 785 3200 ε
822 3143 966 3200 unde
995 3143 1054 3200 S-
1085 3144 1391 3201 Alexander
1420 3144 1843 3211 Alexandrinus»
1873 3167 1918 3226 ο
1949 3149 2245 3217 recusabat,
2279 3153 2514 3224 quamvis
2543 3152 2723 3208 eadem
2756 3154 2944 3209 virtute
2979 3164 3028 3210 et
3056 3156 3271 3211 veritate
3298 3159 3512 3212 sentiret

282 3240 429 3308 cujus
451 3240 626 3293 verba
655 3251 779 3290 mox
808 3235 1130 3300 referemus,
1161 3234 1380 3290 Patrem
1406 3243 1461 3290 et
1484 3232 1682 3289 Filium
1710 3234 1847 3290 duas

278 3324 542 3401 'bypostasi
586 3339 807 3383 naturas
839 3337 1008 3383 vocat.
1036 3324 1126 3382 Sic
1154 3326 1317 3381 etiam
1350 3325 1690 3397 hypostasis,
1720 3326 1850 3380 dum

282 3424 657 3479 consideratur
689 3430 957 3492 quatenus
987 3436 1111 3475 cum
1141 3419 1376 3474 essentia
1406 3417 1700 3487 conjuncta
1729 3418 1848 3485 est,

278 3500 553 3570 interdum
619 3529 722 3584 pro
775 3508 1016 3568 essentia
1064 3510 1324 3566 sumitur.
1378 3507 1852 3576 Quemadmodum

276 3614 403 3679 ergo
446 3607 634 3662 sancti
674 3602 901 3668 Patres,
940 3603 1046 3659 etsi
1098 3599 1373 3657 interdum
1418 3602 1711 3657 essentiam
1751 3604 1849 3657 su-

284 3703 429 3749 munt
454 3711 558 3766 pro
597 3693 873 3765 hypostasi
895 3732 912 3757 ,
939 3694 1053 3747 sive
1084 3696 1340 3761 persona,
1367 3704 1476 3744 non
1503 3690 1708 3745 idcirco
1742 3698 1852 3747 tres

274 3788 543 3843 ‘essentias
589 3784 921 3849 admittunt;
969 3782 1042 3838 ita
1097 3796 1164 3837 ex
1207 3796 1272 3836 eo
1318 3780 1464 3851 quod
1516 3780 1852 3852 hypostasim

282 3891 676 3948 nonnunquam
727 3879 947 3931 sumant
990 3888 1092 3945 pro
1122 3874 1362 3928 essentia
1386 3911 1402 3937 ,
1441 3883 1554 3927 non
1603 3874 1854 3944 sequitur

278 3972 440 4025 'unam
470 3970 542 4024 ab
573 3967 683 4022 illis
710 3966 1052 4040 hypostasim
1090 3963 1328 4019 admitti.

346 4061 434 4118 Ill.
477 4060 598 4118 Sed
635 4060 748 4130 jam
789 4058 1006 4129 longius
1045 4055 1206 4111 nobis
1248 4055 1621 4127 promovenda
1665 4054 1854 4111 Basilii

282 4152 521 4209 defensio
543 4170 561 4206 :
585 4150 854 4205 hactenus
870 4149 1015 4203 enim
1042 4147 1354 4219 probatum,
1379 4147 1651 4203 immerito
1675 4148 1855 4219 attingi

284 4245 489 4317 synodo
517 4242 761 4298 Nicaeum
796 4255 962 4296 unam
1007 4239 1383 4311 bypOStasim:
1421 4255 1568 4294 nunc
1610 4240 1851 4310 proban-

285 4338 405 4393 dum
434 4348 552 4394 tres
602 4327 928 4409 hypostases
969 4342 1185 4402 semper
1217 4331 1275 4386 in
1309 4332 1532 4387 Oriente
1566 4344 1854 4404 usurpatas

285 4446 494 4487 summo
523 4443 808 4485 consensu
846 4425 1039 4489 fuisse,
1062 4423 1264 4479 saltem
1294 4438 1325 4477 a
1361 4421 1580 4479 Sabellii
1610 4436 1663 4480 et
1695 4425 1855 4479 Nocti

274 4512 564 4591 “tempore;
589 4533 693 4573 nec
720 4518 859 4572 ullos
877 4514 1136 4571 habuisse
1155 4513 1517 4581 adversarios,
1544 4521 1739 4585 praeter
1752 4514 1859 4569 An-

280 4604 569 4665 tiochenos
589 4604 901 4669 nonnullos,
919 4614 1057 4676 quOs
1071 4602 1254 4659 Latini
1277 4609 1379 4658 hac
1406 4619 1543 4659 voce
1577 4606 1646 4659 ob
1664 4605 1858 4676 linguae

283 4710 398 4757 suae
427 4700 688 4773 inopiam
717 4697 908 4754 offensi
940 4698 996 4751 in
1025 4694 1351 4752 sententiam
1376 4710 1530 4751 suam
1556 4704 1855 4752 traxerunt.

350 4815 473 4885 Ipsa
538 4812 639 4867 illa
698 4807 1113 4873 controversia,
1166 4821 1288 4877 qua:
1343 4808 1412 4861 de
1473 4806 1858 4878 hypostasibus

283 4913 473 4958 exorta
527 4899 899 4965 estreximio
948 4896 1107 4952 nobis
1165 4903 1483 4966 argumento
1542 4904 1857 4966 perpetuam

288 4993 529 5050 Orientis
559 4993 868 5048 doctrinam
909 4988 1267 5044 demonstrat.
1312 4983 1587 5042 Discimus
1617 4986 1761 5042 enim
1789 5001 1857 5042 ex

288 5082 553 5155 Gregorio
594 5082 941 5136 Nazianzeno
994 5086 1105 5133 tres
1152 5077 1509 5148 bypostases,
1562 5084 1853 5148 antequam

292 5171 398 5228 haec
427 5157 682 5244 prodiret
730 5169 1037 5236 dissensio,
1073 5167 1331 5224 Ecclesiae
1372 5164 1667 5224 Orientalis
1707 5182 1811 5222 usu
1837 5208 1853 5233 ,

292 5264 507 5321 nemine
558 5264 941 5333 repugnante,
992 5258 1259 5313 contritas
1314 5256 1503 5312 fuisse.
1560 5255 1653 5311 Sic
1711 5254 1857 5312 enim

289 5351 534 5423 loquitur
561 5351 619 5406 S.
650 5349 948 5421 Gregorius
974 5348 1029 5403 in
1058 5355 1200 5403 orat.
1228 5344 1318 5412 21,
1350 5363 1405 5417 p.
1435 5338 1540 5401 395
1571 5364 1585 5400 :
1615 5346 1726 5417 Τῆς
1749 5334 1858 5418 γὰρ

293 5446 419 5514 μιᾶς
454 5443 668 5505 οὐσίας,
701 5442 797 5495 καὶ
825 5440 931 5493 τῶν
966 5438 1132 5511 τριῶν
1171 5426 1518 5492 ὗποστάσεων
1550 5435 1859 5507 λεγομένων

294 5535 389 5602 μὲν
411 5536 503 5603 ὑφ’
521 5524 678 5605 ἡμῶν
694 5530 947 5595 εὖσεϐὦςο
965 5530 1026 5584 τὸ
1040 5524 1136 5602 μὲν
1175 5530 1285 5601 γὰρ
1299 5526 1397 5601 τὴν
1415 5527 1573 5598 φύσιν
1599 5528 1749 5599 δηλοῖ
1760 5522 1858 5600 τῆς

288 5620 575 5696 θεότητος,
606 5623 670 5679 τὸ
688 5624 746 5678 δὲ
773 5622 872 5688 τὰς
901 5621 1006 5676 τῶν
1036 5620 1204 5694 τριῶν
1233 5620 1497 5693 ἰδιότητας
1516 5659 1531 5688 ,
1557 5620 1861 5693 νοουμένων

349 5776 429 5852 (2)
471 5778 734 5836 Athanas.
766 5776 926 5849 epist.
953 5774 1019 5833 ad
1039 5775 1444 5834 Antiochense;

1953 3263 2014 3300 ac
2061 3246 2392 3315 prazdicaret.
2454 3246 2676 3301 Secutus
2722 3252 2799 3302 est
2834 3248 3006 3302 autem
3054 3248 3322 3319 piissimos
3361 3251 3515 3306 Occi-

1952 3332 2120 3393 dentis
2149 3340 2415 3409 episcopos
2452 3349 2725 3408 propterea
2760 3338 2897 3411 quo’d
2926 3341 3200 3410 angustior
3228 3350 3304 3396 est
3334 3341 3516 3413 lingua

1952 3422 2189 3483 Romana
2213 3471 2227 3494 ,
2255 3446 2413 3511 quam
2439 3442 2492 3484 ut
2518 3430 2799 3485 secundum
2830 3429 3068 3486 ercam
3093 3441 3328 3486 nostram
3356 3434 3519 3503 phra-

1952 3520 2051 3575 sim
2082 3532 2185 3575 tres
2215 3522 2513 3592 hypostases
2547 3523 2716 3578 dicere
2749 3528 2924 3595 queat.

2025 3611 2159 3665 Illud
2201 3612 2363 3667 etiam
2394 3613 2690 3667 novitatem
2739 3598 2903 3668 unius
2931 3613 3246 3685 bypostasis
3282 3613 3516 3670 demon-

1953 3702 2128 3751 strare
2160 3697 2359 3766 possit,
2398 3696 2544 3767 quod
2588 3705 2711 3751 cum
2740 3698 2985 3767 epistolas
3031 3698 3374 3754 Sardicensis
3423 3714 3515 3770 sy-

1955 3786 2084 3841 nodi
2142 3787 2399 3857 adjuncta
2448 3807 2480 3842 a
2517 3788 3047 3845 nonnullis‘fuisset
3092 3790 3334 3860 quaedam
3393 3789 3518 3845 ﬁdei

1955 3877 2249 3944 confessio,
2280 3879 2336 3933 in
2366 3888 2474 3950 qtla
2501 3884 2607 3934 una
2638 3879 2966 3951 hypostasis.
2997 3888 3057 3936 ut
3086 3882 3386 3952 apostolica
3413 3882 3517 3936 do-

1955 3971 2152 4035 ctrina,
2181 3970 2516 4037 tradeliatur,
2547 3971 2690 4026 ha‘uc
2712 3972 2834 4028 lidei
2860 3971 3261 4029 confessionem
3285 3973 3520 4031 Alexan-

1956 4064 2109 4119 drina
2144 4062 2386 4136 synodus
2417 4070 2479 4118 ut
2511 4064 2753 4134 spuriam
2786 4046 3007 4134 reiecit,
3044 4079 3108 4120 ac
3146 4065 3520 4125 Antiochenos

1955 4151 2169 4209 hortata
2207 4162 2291 4209 es‘t
2318 4150 2429 4226 (2),
2464 4163 2524 4209 ut
2550 4170 2668 4211 eam
2698 4171 2800 4211 nec
2832 4155 2936 4226 legi
2976 4171 3077 4212 nec
3107 4156 3338 4227 proferri
3366 4168 3521 4231 pate-
3569 4220 3586 4245 τ

1958 4254 2165 4302 rentur.
2196 4246 2464 4302 Eusebius
2492 4244 2856 4302 Vercellensis
2889 4246 2946 4301 in
2980 4247 3373 4304 subscribendo
3398 4265 3519 4305 eam

1959 4355 2027 4394 ne
2057 4337 2435 4409 proferendam
2464 4337 2686 4408 quidem
2716 4352 2839 4392 esse
2869 4339 3205 4409 pronuntiat.

2028 4428 2118 4484 ιν.
2162 4427 2268 4483 Sed
2302 4428 2631 4500 praecipuum
2662 4428 2823 4483 nobis
2849 4438 3228 4499 argumentum
3261 4429 3522 4499 suppedi-

1889 4514 1936 4574 Β
1963 4528 2079 4576 tant
2108 4522 2438 4593 scriptorum
2470 4520 2971 4576 ecclesiasticorum
3024 4522 3333 4576 testimonia
3354 4561 3369 4588 ,
3404 4529 3520 4575 tum

1959 4613 2148 4669 eorum
2171 4614 2263 4684 qui
2292 4619 2417 4668 ante
2436 4613 2726 4668 concilium
2747 4609 3028 4666 Nicaenum
3058 4611 3380 4679 floruerunt,
3406 4621 3523 4666 tum

1960 4723 2148 4763 eorum
2177 4705 2270 4777 qui
2302 4704 2512 4778 synodo
2546 4704 2936 4770 interfuerunt,
2967 4714 3063 4761 aut
3088 4714 3210 4776 post
3235 4721 3353 4761 eam
3386 4706 3525 4761 scri-

1960 4814 2139 4869 psere.
2192 4796 2388 4852 Nullus
2433 4812 2566 4853 sane
2622 4796 2853 4868 proferri
2896 4804 3111 4868 potest,
3142 4797 3237 4867 qui
3272 4810 3435 4850 unam
3466 4796 3521 4854 in

1959 4891 2137 4945 tribus
2165 4890 2413 4959 personis
2436 4889 2769 4960 hypostasim
2791 4888 3021 4944 dixerit:
3058 4893 3323 4958 quthuot
3342 4895 3525 4943 autem

1960 4982 2020 5037 in
2053 4978 2376 5051 explicando
2424 4973 2708 5035 Trinitatis
2755 4979 3014 5049 mysterio
3052 4977 3360 5049 hypostasis
3392 4991 3525 5031 voce

1958 5073 2048 5130 'usi
2071 5080 2215 5136 sunt,
2241 5078 2351 5127 tres
2364 5071 2686 5143 bypostases
2700 5078 2913 5126 summo
2933 5082 3202 5125 consensu
3216 5079 3522 5124 numerant.

2034 5163 2299 5234 Origenes
2342 5164 2477 5217 tom.
2525 5176 2564 5216 ιι
2602 5161 2655 5215 in
2684 5160 2963 5227 Joannem,
2992 5175 3047 5231 p.
3081 5158 3150 5215 56
3171 5200 3186 5225 ,
3222 5159 3303 5215 sic
3331 5167 3523 5214 contra

1965 5255 2307 5311 Sabellianos
2329 5240 2686 5325 pronuntiat:
2729 5255 2921 5323 Ἡμεῖς
2947 5252 3192 5324 μέντοιγε
3219 5257 3368 5327 τρεῖς
3389 5252 3524 5307 ὑπο-

1967 5348 2183 5412 στάσεις
2227 5340 2532 5418 πειθόμενοι
2564 5345 2874 5418 τυγχάνειν,
2914 5344 3006 5399 τὸν
3048 5344 3266 5419 Πατέρα
3308 5346 3402 5400 καὶ
3436 5346 3528 5400 τὸν

1967 5439 2094 5492 Υἱὸν
2135 5436 2230 5491 καὶ
2265 5435 2325 5491 τὸ
2373 5438 2525 5507 ἅγιον
2564 5436 2815 5506 Πνεῦμω
2849 5431 2963 5489 Nos
2995 5445 3167 5489 autem
3219 5450 3528 5505 persuasum

1966 5528 2215 5585 habemus
2244 5534 2346 5586 tres
2387 5538 2498 5585 esse
2539 5527 2842 5601 hypostases
2864 5567 2879 5593 ,
2910 5524 3130 5584 Patrem
3168 5536 3216 5583 et
3248 5525 3450 5582 Filium
3478 5536 3527 5581 et

1970 5620 2226 5692 Spiritum
2266 5630 2528 5679 sanctum.
2556 5618 2775 5679 Refellit
2802 5619 2861 5679 in
2890 5620 3035 5681 libro
3061 5636 3160 5679 vui
3192 5628 3375 5677 contra
3416 5618 3537 5678 Cel-
