3908 6564
343 442 414 500 1‘5
1745 431 2128 488 PREFATIO.
2179 394 2184 397 ά
3493 425 3564 483 ιο

342 575 491 620 sum,
525 573 644 629 pag.
675 557 800 620 586.
844 554 1062 612 eosdem
1093 555 1412 620 haereticos,
1453 555 1543 625 qui
1591 553 1806 608 Patrem
1842 561 1896 608 et
1927 569 1971 623 Α
2001 554 2142 607 libus
2172 550 2594 622 proprietatibus
2640 548 2695 603 in
2735 518 3064 618 unaquaque
3109 561 3344 618 persona
3381 544 3568 602 consi-

342 648 536 703 Filium
565 650 699 705 duas
727 663 850 704 esse
900 649 1218 719 hypostases
1260 649 1562 720 negabant;
1612 649 1727 717 ipse
1772 662 1901 700 vero

339 739 473 793 duas
511 739 779 810 [typostasi
809 754 889 793 res
919 755 1031 795 esse
1066 745 1364 804 asseverat,
1391 738 1520 791 ὄντα
1549 736 1640 790 δύο
1668 739 1734 807 τῇ
1765 737 1899 789 ὑπο-

343 832 526 886 στάσει
551 833 870 902 πράγματα.

409 926 468 981 S.
504 925 738 980 Basilius
789 925 843 979 in
877 924 1020 979 libro
1051 921 1128 979 De
1172 922 1378 994 Spiritu
1419 932 1602 977 sancto
1645 935 1766 991 cap.
1804 918 1897 982 29,

338 1035 396 1074 n.
428 1018 515 1082 79.,
550 1033 604 1089 p.
633 1018 724 1082 61,
747 1017 880 1072 citat
903 1016 1034 1071 illud
1056 1015 1301 1088 Dionysii
1323 1013 1676 1070 Alexandrini
1702 1012 1796 1065 :Ei
1824 1009 1900 1080 τῷ

335 1111 481 1180 τρεῖς
549 1104 689 1162 εἶναι
749 1106 849 1170 τὰς
900 1105 1261 1169 ὑποστάσεις,
1313 1103 1721 1177 μεμερισμένας
1763 1097 1899 1155 εἶναι

335 1201 576 1269 λέγουσιζ
624 1200 774 1272 τρεῖς
815 1198 919 1252 εἰσι
967 1197 1068 1251 κᾶν
1108 1198 1182 1268 μὴ
1223 1196 1481 1250 θέλωσιν*
1523 1196 1557 1268 ἢ
1613 1195 1710 1266 τὴν
1749 1193 1900 1247 θείαν

334 1295 541 1365 Τριάδα
573 1290 852 1354 παντελῶς
893 1289 1232 1344 ἀνελέτωσαν
1252 1305 1266 1320 ·
1292 1289 1352 1344 Si
1380 1306 1439 1343 eo
1472 1287 1611 1354 quod
1649 1299 1750 1340 tres
1777 1295 1899 1340 sunt

335 1385 662 1455 bypostases,
703 1382 898 1436 divisas
948 1397 1060 1436 esse
1113 1380 1319 1445 dicunt,
1378 1389 1480 1434 tres
1523 1387 1645 1434 sunt
1688 1377 1901 1430 etiamsi

286 1481 303 1499 ⁹
335 1477 502 1529 nolint
537 1492 555 1529 :
584 1482 674 1528 au!
705 1473 939 1528 divinam
974 1471 1231 1527 Triadem
1259 1487 1477 1541 prorsus
1519 1469 1728 1522 tollant.
1763 1466 1899 1522 Tres

333 1583 461 1638 ergo
488 1568 813 1638 bypostascs
860 1565 1098 1620 admittit
1143 1564 1436 1636 Dionysius
1473 1561 1896 1625 Alexandrinus,

333 1661 427 1714 sed
455 1675 548 1715 eos
571 1657 788 1724 refellit,
825 1657 921 1728 qui
964 1671 1030 1710 ex
1080 1671 1144 1711 eo
1191 1656 1334 1727 quod
1381 1663 1495 1710 tres
1529 1655 1660 1718 sint,
1690 1653 1898 1708 divisas

332 1767 455 1807 esse
507 1750 930 1813 contendebant,
960 1749 1121 1819 quasi
1164 1763 1275 1803 non
1306 1762 1416 1802 una
1454 1753 1597 1802 esset
1628 1747 1683 1799 in
1713 1745 1895 1799 tribus

331 1842 591 1900 essentia.
625 1843 803 1912 Atque
835 1840 890 1895 id
917 1839 1136 1911 quidem
1171 1847 1427 1894 accurate
1465 1837 1888 1899 observandum,

2002 643 2244 697 derabat.

2070 735 2189 789 Non
2241 733 2472 790 discedit
2517 733 2586 787 ab
2637 731 2830 802 optimi
2864 730 3170 786 decessoris
3214 736 3266 784 et
3319 726 3569 800 magistri

2001 827 2242 898 vestigiis
2273 825 2625 891 Athanasius,
2658 824 2750 893 qui
2785 821 2888 878 sub
2940 821 3098 875 finem
3143 821 3288 883 libri,
3315 835 3474 890 quem
3501 820 3570 874 de

2000 923 2182 978 verbis
2197 921 2413 975 Domini
2429 919 2668 989 scripsit,
2685 917 2875 973 Omnia
2890 916 3016 969 mihi
3033 915 3230 968 tradita
3245 924 3364 968 sunt
3377 917 3418 979 ³,
3437 921 3568 978 etc.,

2002 1016 2082 1071 sic
2113 1015 2353 1084 loquitur
2376 1013 2522 1084 (pag.
2548 1010 2672 1082 108)
2701 1025 2715 1062 :
2741 1009 2814 1062 Τὸ
2837 1008 2944 1080 γὰρ
2971 1007 3152 1078 τρίτον
3182 1006 3250 1060 τὰ
3280 1006 3440 1078 τίμια
3455 1003 3569 1069 ζῶα

1998 1104 2170 1158 ταῦτα
2221 1103 2548 1176 προσφέρειν
2595 1101 2692 1171 τὴν
2745 1098 3083 1168 δοξολογίαν,
3133 1099 3345 1167 Ἄγιος,
3381 1097 3566 1166 ἅγιος,

2001 1195 2186 1265 ἅγιος,
2235 1195 2460 1264 λέγοντα
2483 1233 2496 1258 ,
2540 1193 2638 1256 τὰς
2672 1194 2821 1264 τρεῖς
2873 1190 3192 1254 ὑποστάσεις
3221 1189 3426 1252 τελείας
3466 1188 3571 1242 δει-

2001 1288 2202 1342 κνύντα
2236 1288 2400 1341 ἐστίν·
2443 1286 2581 1339 Dum
2611 1295 2687 1340 ter
2714 1283 3010 1338 veneranda
3042 1283 3139 1336 illa
3171 1281 3430 1335 animalia
3457 1282 3572 1352 glo-

2001 1383 2343 1452 riﬁcationem
2361 1380 2654 1450 proferunt,
2679 1396 2697 1428 ‹
2720 1377 2971 1441 Sanctus,
2996 1386 3231 1439 sanctus,
3259 1384 3470 1429 sanctus
3487 1374 3563 1440 ⁸,»

2003 1484 2103 1528 tres
2134 1474 2440 1543 hypostases
2461 1473 2718 1540 perfectas
2755 1469 3055 1524 ostendunt.
3086 1468 3151 1521 Et
3174 1469 3226 1522 in
3258 1469 3399 1521 libro
3427 1465 3570 1534 Περὶ

1999 1564 2108 1634 τῆς
2127 1562 2424 1633 ἐνσάρκου
2456 1563 2798 1632 ἐπιφανείας
2818 1561 2924 1614 τοῦ
2942 1560 3088 1615 Θεοῦ
3104 1561 3295 1628 Λόγου
3311 1558 3384 1629 (ρ.
3408 1558 3569 1630 878):

1999 1660 2111 1715 Μία
2137 1659 2245 1730 γὰρ
2288 1661 2320 1729 ἡ
2361 1658 2550 1728 θεότης
2593 1659 2687 1712 καὶ
2722 1653 2801 1721 εἷς
2853 1657 2985 1721 Θεὸς
3030 1658 3086 1710 ὲν
3118 1655 3294 1728 τρισὶν
3333 1654 3570 1709 ὑποστά-

2002 1769 2148 1806 σεσιν
2173 1770 2186 1782 ο
2234 1749 2349 1805 Una
2370 1752 2510 1805 enim
2554 1751 2724 1804 deitas
2781 1759 2829 1803 et
2868 1766 3002 1803 unus
3033 1747 3172 1802 Deus
3200 1750 3250 1801 in
3288 1746 3454 1800 tribus
3475 1745 3573 1816 hy-

2000 1842 2320 1914 postasibus.
2384 1841 2706 1913 llypostasis
2765 1842 2954 1897 eodem
3018 1855 3184 1895 sensu
3243 1837 3480 1893 sumitur
3513 1835 3573 1892 in

331 1944 390 1989 ut
419 1935 814 2007 perspiciamus
834 1947 998 2003 quam
1036 1932 1305 1987 immerito
1341 1931 1658 2004 Dionysium
1703 1929 1901 1985 Roma-
1934 1932 1972 1986 Β
2002 1935 2160 2000 libro,
2185 1933 2338 2000 Quod
2370 1951 2503 1987 unus
2529 1945 2604 1987 est
2634 1932 2899 1988 Christus.
2926 1931 3267 1988 Postremum
3299 1930 3402 1984 hoc
3433 1942 3574 1999 opus

332 2043 461 2083 num
478 2042 600 2081 cum
615 2024 980 2080 Alexandrino
999 2039 1239 2095 pugnare
1258 2023 1568 2079 existiment
1591 2022 1699 2076 duo
1715 2020 1896 2075 eximii

332 2121 652 2189 scriptores,
669 2115 922 2172 Petavius
946 2115 1020 2187 (3)
1042 2123 1094 2171 et
1123 2113 1239 2170 Pet.
1259 2111 1639 2184 Coustant(4).
1662 2111 1899 2181 Uterque

331 2211 476 2266 enim
522 2223 685 2263 unam
717 2205 1054 2277 bypostasim
1085 2205 1254 2261 asseri
1280 2204 1557 2259 contendit
1587 2219 1618 2256 a
1644 2202 1898 2272 Dionysio

330 2301 578 2355 Romano
594 2298 651 2352 in
669 2295 1104 2352 hoc-testimonio
1123 2293 1268 2364 apud
1283 2293 1668 2357 Athanasium,
1704 2293 1800 2346 lib.
1824 2293 1897 2346 De

330 2391 535 2446 Decret.
558 2387 706 2464 tc.,
725 2404 781 2443 n.
794 2387 884 2453 26,
910 2402 965 2457 p.
982 2386 1082 2442 251
1107 2406 1121 2442 :
1140 2386 1296 2456 Ἑξῆς
1307 2385 1350 2439 δ’
1368 2385 1432 2439 ἂν
1446 2385 1668 2449 εἰκότως
1685 2385 1896 2456 λέγοιμι

329 2484 424 2537 καὶ
443 2481 578 2553 πρὸς
603 2479 945 2552 διαιροῦντας
985 2478 1080 2532 καὶ
1118 2475 1559 2548 κατατέμνοντας
1595 2477 1689 2529 καὶ
1738 2476 1895 2530 ἀναι-

332 2573 556 2647 ροῦντας
582 2572 643 2626 τὸ
664 2569 989 2642 σεμνότατον
1018 2569 1279 2640 κήρυγμα
1307 2568 1406 2639 τῆς
1454 2567 1775 2637 Ἐκκλησίας
1803 2567 1894 2620 τοῦ

328 2667 460 2721 Θεοῦ
493 2666 587 2719 καὶ
645 2663 1058 2736 μοναρχίανείς
1091 2663 1241 2734 τρεῖς
1283 2660 1539 2731 δυνάμεις
1599 2659 1750 2723 τινὰς
1800 2659 1896 2713 καὶ

339 2755 743 2832 μεμερισμένας
786 2751 1112 2815 ὑποστάσεις
1144 2753 1237 2806 καὶ
1269 2750 1527 2822 Θεότητας
1556 2753 1702 2822 τρεῖς
1728 2767 1741 2779 ·
1767 2750 1798 2804 ,1
1808 2766 1892 2804 am

324 2865 469 2917 vero,
495 2849 692 2917 inquit,
722 2861 927 2916 wquum
979 2843 1140 2912 fuerit
1158 2841 1408 2896 adversus
1448 2841 1570 2894 illos
1594 2839 1890 2909 disputare,

326 2940 418 3010 qui
439 2937 874 3009 augustissimam
905 2933 1003 2988 Dei
1035 2931 1288 2986 Ecclesite
1319 2930 1752 3010 prwdicationem
1780 2949 1894 2986 mo-

327 3007 602 3084 narcltiam
627 3028 682 3080 in
714 3035 818 3081 tres
849 3024 1109 3096 quasdam
1139 3007 1357 3079 virtutes
1389 3039 1451 3076 ac
1487 3033 1764 3092 separatas
1799 3023 1893 3093 hy-

327 3130 562 3190 postases
589 3127 790 3186 tresque
817 3115 1117 3171 divinitates
1149 3114 1412 3178 dividunt,
1452 3113 1759 3167 discindunt
1795 3112 1890 3166 de-

328 3220 659 3280 struuntque.
686 3208 842 3261 Nulla
879 3223 1009 3262 sane
1057 3209 1202 3262 inter
1250 3217 1543 3276 utrumque
1574 3205 1889 3277 Dionysium

328 3304 609 3361 sententia:
632 3304 866 3358 varietas
899 3322 912 3356 :
947 3311 1178 3370 uterque
1210 3303 1531 3372 bypostases
1562 3297 1770 3353 divisas
1809 3298 1892 3352 vi-
1921 3289 1963 3346 C

327 3405 544 3466 superat
572 3414 583 3426 ·
614 3411 787 3464 neque
816 3409 922 3448 una
964 3393 1273 3464 hypostasis
1312 3393 1554 3446 Romano
1574 3391 1753 3462 afﬁngi
1791 3407 1893 3462 po-

326 3497 454 3552 test,
491 3503 615 3543 cum
650 3487 788 3542 idem
820 3501 1045 3556 prorsus
1074 3483 1219 3540 dic:it
1249 3499 1312 3538 ac
1337 3484 1761 3539 Alexandrinus.
1787 3483 1892 3539 Sed

328 3581 508 3652 potius
538 3595 604 3634 ex
633 3593 699 3634 eo
723 3577 867 3649 quod
890 3584 1003 3631 tres
1051 3577 1374 3648 hypostases
1407 3577 1610 3632 divisas
1656 3576 1892 3640 refellat,

323 3687 435 3727 non
458 3672 692 3727 obscura
711 3668 994 3724 conclusio
1021 3676 1105 3723 est
1132 3667 1265 3722 nihil
1283 3683 1404 3722 eum
1431 3664 1891 3736 reprehensurum

326 3762 518 3827 fuisse,
555 3746 723 3818 siuna
755 3761 1003 3816 intribus
1025 3759 1415 3830 bypostasibus
1433 3758 1672 3813 essentia
1698 3755 1894 3810 fuisset

328 3854 584 3910 admissa.
619 3853 809 3908 Nullus
849 3866 977 3922 ergo
1006 3853 1241 3922 scriptor
1277 3859 1402 3904 ante
1423 3847 1693 3903 Nicaanam
1728 3862 1896 3918 syno-

329 3946 456 4000 dum
494 3944 725 4015 proferri
758 3951 959 4014 potest,
993 3943 1086 4013 qui
1126 3957 1290 3996 unam
1325 3944 1381 3996 in
1434 3941 1614 3994 tribus
1642 3938 1894 4009 personis

328 4035 664 4110 bypostasim
693 4034 961 4089 docuerit.

400 4125 466 4183 V.
492 4126 630 4191 Quid
651 4125 923 4181 senserint
945 4122 1149 4177 Nicaeni
1177 4123 1367 4178 Patres
1399 4137 1466 4177 ex
1495 4122 1709 4177 duobus
1743 4121 1894 4175 locn—

328 4206 653 4291 pletissimis
702 4215 935 4271 testibus
981 4214 1218 4286 perspici
1265 4220 1462 4284 potest,
1503 4212 1560 4266 S.
1585 4213 1893 4268 Alexandro

328 4310 698 4364 Alexandrino
741 4315 795 4364 et
831 4307 889 4363 S.
939 4307 1259 4362 Athanasio.
1294 4305 1510 4360 Primus
1537 4306 1618 4360 sic
1651 4305 1894 4375 loquitur

329 4403 388 4478 in
445 4403 606 4470 epist.
679 4401 748 4455 ad
803 4399 1177 4454 Alexandrum
1223 4397 1891 4469 Constantinopolitanum

249 4487 256 4494 ’
330 4490 493 4561 apud.
527 4490 853 4544 Theodoret.
881 4489 918 4542 l.
967 4505 980 4542 l
1028 4487 1170 4542 Hist.
1205 4488 1358 4549 eccl.,
1384 4503 1434 4541 c.
1475 4487 1528 4552 4,
1556 4504 1608 4557 p.
1641 4488 1708 4541 15
1737 4483 1892 4542 τοῖόν

329 4586 443 4637 ἔστι
477 4582 536 4634 τό
561 4599 574 4611 ·
619 4580 758 4651 Ἐγὼ
787 4580 886 4633 καὶ
916 4582 948 4632 ό
990 4579 1190 4646 Πατὴρ
1219 4578 1288 4631 ἓν
1313 4579 1525 4647 ἐσμεν·
1560 4580 1694 4650 ὅπερ
1729 4579 1890 4648 φησὶν

2005 2029 2318 2100 abjudicant
2341 2028 2586 2083 nonnulli
2602 2028 2924 2089 Athanasio,
2946 2027 3013 2081 de
3032 2025 3272 2082 secundo
3292 2039 3399 2079 non
3419 2023 3574 2078 deest

2005 2121 2231 2176 omnino
2272 2119 2560 2175 dubitandi
2613 2120 2787 2174 locus.
2828 2119 2897 2172 At
2943 2117 3174 2189 primum
3208 2132 3238 2170 a
3268 2117 3484 2170 nemine
3514 2115 3571 2170 in

2004 2213 2230 2268 dubium
2253 2221 2574 2278 revocatur;
2594 2212 2638 2267 si
2657 2220 2839 2266 tamen
2866 2211 3110 2281 excipias
3135 2208 3570 2272 Tillemontinm,

2003 2306 2095 2376 qui
2128 2305 2329 2360 fatetur
2363 2321 2422 2360 se
2470 2305 2573 2358 hac
2620 2320 2728 2358 una
2778 2320 2837 2360 re
2869 2303 3097 2358 detineri
3127 2301 3420 2373 quominus
3467 2300 3574 2356 hoc

2002 2411 2140 2466 Opus
2169 2397 2473 2451 certissime
2522 2395 2783 2449 attribuat
2825 2395 3144 2456 Athanasio,
3169 2392 3312 2462 quod
3345 2390 3478 2448 illud
3505 2391 3574 2446 de

2002 2490 2182 2544 tribus
2212 2488 2603 2559 bypostasibus
2640 2486 3011 2542 testimonium
3045 2498 3290 2554 pugnare
3322 2481 3573 2537 videatur

2001 2595 2126 2634 cum
2154 2580 2331 2634 tribus
2365 2581 2487 2634 aliis
2519 2577 2804 2633 Athanasii
2837 2577 2995 2640 locis,
3031 2575 3084 2630 in
3117 2575 3314 2646 quibus
3347 2580 3572 2629 sanctus

2001 2667 2164 2723 Pater
2209 2667 2546 2738 bypostasim
2596 2652 2708 2737 'pro
2756 2667 2993 2725 essentia
3036 2665 3221 2729 sumit,
3265 2678 3461 2732 nempe
3513 2661 3573 2716 in

2001 2757 2248 2828 Epistola
2281 2759 2350 2812 ad
2381 2758 2565 2824 Afros,
2599 2758 2809 2813 inlibro
2844 2756 2921 2811 De
2966 2756 3201 2827 synodis,
3225 2755 3354 2809 etin
3378 2759 3572 2826 quarta

2002 2851 2252 2907 adversus
2305 2853 2532 2905 Arianos
2575 2851 2832 2905 oratione.
2869 2847 2974 2903 Sed
3013 2847 3226 2904 etiamsi
3265 2848 3456 2902 demus
3484 2845 3572 2902 his

1999 2944 2055 2999 in
2079 2945 2240 3006 locis,
2273 2959 2394 3013 quae
2414 2941 2671 2998 Petavius
2703 2941 3006 3012 argumenti
3037 2940 3154 2996 loco
3184 2940 3431 3010 protulit,
3471 2941 3573 3012 hy-

1999 3035 2260 3106 postasim
2325 3034 2466 3088 idem
2514 3047 2635 3088 esse
2685 3047 2750 3086 ac
2790 3031 3115 3096 essentiam;
3166 3037 3313 3085 certe
3362 3046 3469 3086 non
3495 3031 3573 3084 ait

1999 3127 2330 3181 Athanasius
2363 3140 2526 3179 unam
2558 3139 2680 3179 esse
2735 3123 2788 3176 in
2822 3122 2998 3177 tribus
3031 3123 3278 3191 personis
3314 3122 3572 3193 byposta-

2001 3217 2125 3282 sim,
2157 3216 2251 3272 sed
2283 3217 2422 3270 idem
2457 3214 2586 3268 facit
2616 3212 2759 3283 quod
2779 3213 2846 3267 ab
2879 3213 3158 3269 acerrimis
3194 3214 3358 3267 trium
3395 3214 3569 3286 hypo-

1997 3307 2228 3360 stasium
2264 3304 2646 3360 defensoribus
2670 3302 2873 3357 factum
2905 3303 3424 3358 demonstravimus.
3461 3302 3572 3360 Sed

1997 3405 2183 3453 tamen
2210 3397 2256 3452 si
2295 3397 2538 3466 excipias
2570 3396 2770 3450 librum
2815 3395 2890 3448 De
2921 3393 3156 3465 synodis,
3191 3395 3280 3449 ubi
3312 3397 3386 3448 ait
3424 3395 3574 3452 Basi-

1997 3488 2128 3542 lium
2153 3491 2501 3558 Ancyranum
2534 3487 2774 3556 conﬁteri
2809 3501 2873 3540 ea:
2899 3484 3080 3539 Patris
3113 3488 3336 3540 essentia
3373 3503 3484 3542 esse
3520 3496 3571 3544 et

1998 3595 2098 3632 non
2142 3593 2206 3631 ea:
2260 3577 2372 3630 alia
2405 3576 2674 3647 hypostasi
2717 3573 2766 3628 F
2770 3574 2944 3637 ilium,
2996 3575 3088 3627 καὶ
3154 3573 3228 3644 μὴ
3273 3574 3332 3640 ἐξ
3378 3574 3573 3645 ἐτέρας

1998 3671 2365 3735 ὑποστάσεως,
2402 3670 2455 3723 in
2507 3668 2630 3722 aliis
2661 3667 2877 3721 duobus
2927 3665 3256 3720 testimoniis
3279 3665 3344 3718 ad
3377 3681 3568 3736 perso-

1996 3779 2121 3818 nam
2161 3764 2334 3832 ipsam
2389 3761 2702 3833 bypostasis
2762 3759 3008 3814 revocari
3040 3766 3237 3829 potest.
3287 3757 3378 3812 Sic
3420 3761 3569 3814 enim

1996 3852 2306 3923 loquiturin
2328 3851 2580 3920 Epist.ad
2600 3851 2759 3921 Afros
2785 3851 2926 3922 (pag.
2952 3849 3073 3921 894)
3106 3869 3118 3905 :
3152 3850 3215 3902 Ἦ
3244 3849 3301 3902 δὲ
3330 3850 3569 3903 ὑπόστα-

1997 3963 2080 4010 σις
2131 3947 2288 4000 οὑσία
2341 3947 2478 4009 ἐστὶ,
2523 3945 2617 3998 καὶ⁹
2653 3943 2806 3996 οὐδὲν
2841 3943 2966 3998 ἄλλο
3001 3943 3396 4014 σημαινόμενον
3430 3941 3566 4013 ἔχει,

1995 4037 2028 4108 ἢ
2058 4037 2189 4091 αὐτὸ
2214 4037 2274 4090 τὸ
2302 4037 2359 4090 ὄν
2378 4053 2390 4066 ·
2449 4038 2584 4107 ὅπερ
2625 4034 2895 4105 Ἱερεμίας
2922 4033 3154 4104 ὕπαρξιν
3185 4033 3440 4104 ὀνομάζει
3481 4035 3569 4089 λέ-

1994 4143 2125 4194 γων,
2157 4128 2266 4181 Καὶ
2301 4128 2414 4181 οὐκ
2442 4126 2720 4194 ἤκουσαν
2749 4123 2959 4194 φωνὴν
2979 4123 3309 4193 ὑπάρξεως.
3364 4125 3426 4178 Ἦ
3454 4126 3562 4198 γὰρ

1996 4219 2290 4282 ὑπόστασις
2318 4218 2411 4271 καὶ
2442 4219 2476 4288 ή
2501 4218 2676 4281 οὑσία,
2712 4214 2941 4288 ’ὑπαρξίς
2963 4216 3135 4268 ἐστιν·
3173 4216 3286 4269 ἐστι
3339 4215 3446 4287 γὰρ
3475 4217 3570 4270 καὶ

1996 4310 2250 4381 ὑπάρχει.
2314 4307 2627 4379 Ilypostasis
2684 4318 2859 4362 autent
2911 4305 3213 4360 substantia
3261 4317 3360 4372 est,
3406 4323 3567 4376 neque

1995 4401 2161 4455 aliam
2209 4398 2361 4453 habet
2417 4389 2877 4469 significationem,
2914 4415 3069 4468 quam
3108 4397 3204 4450 hoc
3234 4398 3404 4468 ipsum
3428 4397 3566 4467 quod

1992 4502 2070 4547 est
2103 4508 2121 4545 :
2157 4490 2293 4561 quod
2328 4489 2590 4545 Jeremias
2622 4500 2770 4545 vocat
2803 4489 3161 4562 ὑπαρξιν,δειι
3176 4489 3562 4555 exsistentiam,

1993 4585 2202 4638 dicens:
2229 4602 2246 4635 ι
2271 4582 2339 4636 Ει
2368 4600 2468 4638 non
2483 4582 2760 4636 audierunt
2787 4599 2956 4636 vocem
2989 4581 3304 4636 exsistentite
3324 4596 3450 4634 mea:
3475 4581 3515 4634 ⁸.
3540 4599 3560 4632 ι

317 4675 358 4750 ’ὁ
381 4674 603 4744 Κύριος,
652 4673 712 4726 οὑ
755 4672 972 4742 Πατέρα
1007 4671 1197 4724 ἑαυτὸν
1247 4670 1613 4742 ἀναγορεύων,
1645 4671 1761 4724 οὑδὲ
1796 4671 1894 4731 τὰς

2000 4673 2139 4728 Ναηι
2157 4675 2454 4744 hypostasis
2475 4684 2524 4728 et
2544 4673 2863 4736 substantia,
2888 4673 3112 4741 idipsum
3133 4682 3207 4727 est
3235 4671 3371 4743 quod
3389 4670 3566 4744 ὑπαρ-

329 4761 396 4834 τῇ
427 4762 718 4816 ὑποστάσει
753 4761 846 4814 δύο
877 4762 1064 4831 φύσεις
1095 4763 1221 4833 μίαν
1251 4757 1386 4814 εἶναι
1430 4759 1756 4830 σαφηνίζων,
1789 4771 1893 4815 etc.

331 4851 878 4923 Cujusmodiestillud
910 4869 968 4905 τι
1001 4851 1112 4923 Ego
1134 4862 1182 4906 et
1214 4851 1378 4904 Pater
1401 4868 1563 4903 unum
1591 4867 1771 4904 sumus
1805 4853 1840 4903 ¹.
1871 4871 1887 4902 ι

333 4943 486 5010 Quod
517 4943 724 5013 quidem
765 4943 1016 4997 Dominus
1047 4944 1201 5006 dicit,
1243 4961 1348 4996 non
1392 4959 1492 5012 quo
1521 4942 1746 5009 scipsum
1789 4941 1893 4995 Pa-

333 5050 462 5092 trem
484 5039 764 5102 renuntiet,
791 5055 881 5091 nec
907 5055 1007 5108 quo
1036 5037 1168 5092 duas
1203 5037 1476 5108 bypostasi
1507 5047 1728 5090 naturas
1767 5037 1893 5106 (hoc

330 5134 435 5190 est,
480 5127 617 5182 duas
669 5127 1009 5200 hypostases)
1039 5145 1200 5182 unam
1234 5145 1345 5182 esse
1386 5129 1733 5187 demonstret,
1782 5136 1889 5182 etc.

327 5219 472 5273 Alibi
503 5219 880 5289 explicabitur,
908 5236 1007 5276 cur
1035 5219 1094 5274 S.
1123 5219 1427 5276 Alexander
1453 5219 1587 5274 duas
1616 5219 1892 5289 hypostasi

331 5322 558 5368 naturas
609 5312 756 5368 dicat
793 5333 808 5370 :
842 5328 990 5369 nunc
1038 5314 1170 5368 satis
1219 5323 1303 5368 est
1356 5327 1744 5373 monere,eum
1789 5311 1892 5366 hac

329 5401 582 5470 loquendi
608 5402 816 5457 ratione
843 5417 1000 5458 usum
1025 5418 1167 5465 esse,
1191 5403 1317 5471 quia
1347 5411 1617 5462 naturam,
1648 5416 1888 5470 qumuna

327 5508 555 5565 prorsus
585 5502 668 5550 est
703 5509 950 5560 numero,
1005 5503 1063 5547 ut
1093 5496 1438 5562 conjunctam
1471 5509 1593 5547 cum
1632 5507 1892 5563 persona-

2005 4765 2104 4831 ξις,
2137 4782 2226 4819 seu
2255 4767 2565 4820 exsistantia
2591 4783 2610 4821 :
2638 4774 2712 4819 cst
2744 4766 2876 4819 enim
2911 4775 2960 4820 et
2998 4766 3222 4822 exsistit.
3253 4765 3313 4818 Et
3343 4765 3396 4818 in
3420 4771 3562 4818 orat.

2000 4865 2192 4927 quarta
2246 4859 2296 4910 in
2332 4859 2560 4911 Arianos
2595 4856 2736 4928 (pag.
2773 4857 2897 4928 617)
2933 4876 2946 4910 :
2975 4857 3182 4926 Ὥσπερ
3211 4855 3265 4907 δὲ
3293 4855 3388 4924 μία
3421 4853 3565 4928 ἀρχὴ

2000 4952 2092 5002 καὶ
2126 4951 2266 5004 κατὰ
2288 4950 2444 5004 τοῦτο
2463 4945 2544 5014 εἷς
2561 4949 2712 5015 Θεὸς,
2735 4949 2906 5010 οὕτως
2931 4950 2963 5018 ἡ
2992 4947 3068 5017 τῷ
3093 4948 3205 5001 δντι
3228 4948 3321 5000 καὶ
3347 4947 3565 5018 ἀληθῶς

1998 5041 2090 5092 καὶ
2130 5038 2296 5102 ὅντως
2347 5035 2480 5093 οὖσα
2535 5039 2690 5091 οὑσία
2719 5040 2812 5091 καὶ
2851 5036 3165 5099 ὑπόστασις,
3217 5037 3313 5107 μία
3347 5038 3491 5090 ἐστὶν
3527 5039 3563 5108 ἡ

1996 5131 2223 5199 λέγουσα
2249 5147 2263 5161 ’
2304 5131 2442 5200 Ἐγώ
2484 5134 2599 5201 ειμι
2637 5134 2670 5186 ὀ
2713 5130 2827 5184 ὧν·
2858 5130 2951 5182 καὶ
2992 5130 3052 5182 οὑ
3089 5129 3201 5195 δύο,
3240 5130 3325 5184 ἵνα
3359 5130 3432 5200 μὴ
3471 5129 3564 5182 δύο

1995 5221 2192 5292 ἀρχαί·
2265 5220 2435 5274 Porro
2483 5221 2920 5292 quemadmodum
2953 5237 3113 5275 unum
3147 5233 3221 5276 est
3244 5224 3562 5293 principium

1993 5321 2043 5366 et
2070 5313 2287 5380 proinde
2309 5329 2444 5366 unus
2472 5311 2633 5376 Deus,
2671 5313 2748 5366 ita
2777 5329 2893 5383 quw
2937 5314 3199 5366 verissime
3222 5323 3299 5366 est
3333 5317 3564 5369 essentia

1991 5409 2040 5454 et
2072 5403 2389 5473 Itypostasis,
2444 5419 2546 5456 una
2599 5412 2676 5456 est
2733 5419 2848 5472 qua:
2894 5403 3062 5456 dicit:
3093 5421 3111 5452 ι
3151 5402 3259 5472 Ego
3309 5420 3423 5456 sum
3470 5407 3562 5474 qui

1991 5510 2106 5546 sum
2138 5495 2180 5558 ⁸,
2212 5513 2229 5545 ι
2264 5510 2363 5546 non
2388 5505 2564 5548 autem
2613 5498 2754 5558 duw,
2793 5511 2853 5548 ne
2875 5495 3069 5548 scilicet
3094 5493 3198 5549 duo
3236 5495 3339 5549 sint
3361 5495 3561 5565 princi-

401 5655 418 5686 ι
451 5650 606 5706 Joan.
649 5666 704 5715 ι,
740 5651 826 5704 50.
903 5652 923 5681 ³
957 5648 1088 5702 Luc.
1119 5665 1171 5711 ς,
1205 5648 1293 5702 2‘2.
1373 5649 1392 5679 ³
1428 5647 1594 5718 Apoc.
1635 5663 1705 5712 IV,
1743 5646 1794 5701 8.
1874 5648 1888 5678 ⁵

2000 5662 2120 5704 ‘cm.
2158 5663 2233 5711 Ix,
2279 5647 2366 5702 10.
2445 5648 2464 5678 ⁸
2504 5646 2671 5702 Exod.
2710 5663 2790 5709 ut,
2826 5648 2913 5703 14.

399 5813 475 5882 ('5)
505 5811 623 5867 Lib.
666 5827 716 5866 tv
751 5809 1028 5877 De_Trin.,
1058 5824 1179 5877 cap.
1220 5821 1268 5862 ι.

2087 5806 2161 5878 (4)
2205 5805 2374 5875 Epist.
2417 5805 2566 5860 Rom.
2605 5805 2758 5862 Poni.
2789 5822 2842 5877 p.
2869 5805 2995 5860 290.
