3908 6578
243 449 292 505 ῃ
1605 438 1989 498 ιιιΑεΡΑτιο.

3337 440 3405 498 {8

233 566 318 638 pia.
351 560 398 616 ln
424 558 583 631 primo
605 558 917 615 testimonio
939 557 1167 613 mirifice
1199 557 1471 613 consentit
1499 558 1739 611 athana-
1764 603 1771 613 ,

1879 561 1991 631 psi;
2022 558 2366 623 ὑποστάσεις,
2397 556 2569 628 inquit
2604 557 2659 611 in
2704 555 2900 624 Expos.
2938 556 3033 626 ﬁd.
3061 572 3119 612 ιι.
3151 556 3205 619 2,
3234 573 3405 627 μεμε-

233 651 440 708 siuscum
468 646 583 700 aliis
610 645 867 701 Patribus
897 644 1123 709 Gra‘cis,
1159 645 1253 717 qui
1303 646 1615 716 hypostasis
1643 662 1744 701 no-

234 757 331 796 men
351 754 626 809 opposuere
659 738 931 793 luereticis
957 736 1195 793 Verbum
1226 747 1279 792 et
1319 736 1580 808 Spiritum
1615 753 1745 792 san-

231 838 345 886 ctum
373 831 618 884 exsistere
640 829 988 897 negantibus,
1022 835 1077 883 et
1112 829 1319 883 idcirco
1349 838 1460 883 tres
1491 829 1749 901 hyposta-

231 919 666 977 sesdefenderunt.
725 919 780 973 ln
828 920 999 975 altero
1028 919 1245 975 Patrem
1278 920 1569 977 manifeste
1597 921 1765 991 desi-l

228 1021 346 1082 gnat,
368 1021 415 1067 et
445 1011 652 1066 deitatis
684 1012 946 1067 unitatem
985 1027 1051 1067 ex
1078 1027 1143 1067 eo
1177 1013 1389 1084 probat,
1420 1012 1562 1083 quod
1598 1013 1749 1069 solus

230 1102 359 1158 Pater
404 1103 717 1174 principium
767 1107 860 1169 sit,
907 1119 1088 1173 aquo
1136 1103 1256 1158 dua:
1306 1105 1425 1159 alia:
1483 1120 1748 1174 personaz.

282 1193 435 1263 Atque
455 1192 668 1247 etiamsi
711 1192 1048 1247 Athanasius
1075 1193 1130 1246 in
1164 1192 1287 1246 aliis
1307 1192 1562 1262 operibus
1588 1205 1751 1245 unam

230 1285 515 1355 bypostasim
539 1284 871 1349 admisisset,
914 1285 1049 1338 nihil
1084 1284 1137 1339 id
1172 1284 1456 1339 detrahere
1481 1292 1663 1354 posset
1687 1283 1755 1337 de

228 1377 516 1440 testimonio,
548 1375 697 1447 quod
720 1376 966 1433 eruimus
994 1393 1061 1434 ex
1103 1377 1244 1432 libro
1278 1376 1332 1431 in
1370 1376 1526 1441 illud,
1563 1376 1756 1433 Omnia

230 1469 330 1522 mihi
357 1469 545 1522 tradita
577 1477 720 1524 sunt.
760 1468 1011 1541 Scriptus
1061 1469 1206 1524 enim
1241 1468 1330 1523 hic
1363 1468 1579 1524 libellus
1626 1477 1756 1523 ante

227 1568 417 1616 mortem
442 1559 658 1617 Eusebii
697 1560 1155 1625 Nicomediensis,
1173 1561 1227 1615 id
1265 1567 1373 1624 est,
1402 1569 1525 1615 ante
1553 1574 1754 1614 annum

226 1652 325 1708 3&2.
352 1652 592 1708 Nondum
623 1665 754 1709 tunc
784 1654 1206 1725 percrebuerant
1231 1652 1300 1709 de
1327 1652 1605 1724 hypostasi
1630 1667 1759 1705 con-

226 1744 501 1810 trorersiar;
532 1760 634 1800 nec
673 1762 840 1801 causa
882 1746 1105 1802 suberat
1134 1746 1264 1811 ulla,
1300 1761 1399 1799 cur
1427 1743 1759 1798 Athanasius

226 1852 321 1892 eam
367 1837 615 1907 loquendi
668 1838 936 1891 rationem
990 1835 1222 1906 fugeret,
1282 1851 1387 1906 qua
1427 1850 1534 1890 non
1583 1835 1755 1890 solum

1854 650 2114 720 ρισμένας
2151 651 2271 704 κατ’
2318 648 2534 712 ἑαυτὰς.
2577 648 2765 719 ὥσπερ
2805 646 3173 718 σωματοφυῶς
3196 648 3283 701 ἐπ’
3313 649 3408 702 άν-

1851 742 2108 806 Θοὼπων,
2141 741 2255 795 ἔστι
2290 740 2625 811 λογίσασθαι.
2660 737 2839 809 Neque
2865 748 2966 793 tres
2997 736 3296 810 [typostases
3321 753 3410 807 per

1849 833 2047 900 seipsas
2077 831 2296 895 divisas,
2324 831 2454 884 utin
2474 827 2766 884 hominibus
2791 842 2887 897 pro
2917 835 3108 881 natura
3135 842 3413 896 corporum

1856 921 2072 977 accidit.
2106 921 2192 991 fas
2222 930 2297 976 est
2326 921 2383 975 in
2411 918 2520 974 Deo
2547 918 2794 990 cogitare.

1921 1014 2051 1068 Post
2080 1014 2369 1068 concilium
2386 1012 2555 1067 multo
2582 1009 2885 1066 uberiorem
2915 1008 3177 1065 habemus
3193 1009 3439 1085 testium.

1856 1109 2066 1177 copiam
2091 1126 2103 1161 :
2129 1120 2253 1161 nam
2304 1106 2350 1162 si
2398 1104 2643 1175 singulos
2678 1102 2861 1181 saeculi
2904 1102 3086 1173 quarti
3117 1101 3417 1173 scriptores

1857 1199 2075 1254 Graecos
2098 1213 2502 1263 enumeremus,
2524 1195 2746 1252 totidem
2777 1203 2936 1250 erunt
2965 1193 3128 1248 trium
3158 1193 3420 1265 hyposta-

1857 1291 1997 1344 sium
2055 1289 2395 1354 defensores,
2446 1289 2647 1361 quibus
2695 1286 2858 1344 etiam
2909 1284 3308 1355 adjungendum
3336 1289 3422 1340 est

1857 1381 2148 1435 concilium
2209 1381 2445 1452 primum
2531 1379 2717 1444 CPol.,
2754 1379 2868 1435 sive
2899 1376 3295 1432 meumenicum
3334 1391 3422 1431 se-

1859 1471 2121 1526 cundum.
2160 1470 2324 1527 Docet
2369 1469 2512 1526 enim
2550 1470 2665 1525 haec
2713 1468 2952 1541 synodus
2996 1467 3052 1521 in
3081 1467 3312 1538 epistola
3354 1466 3423 1521 ad

1861 1561 2185 1633 Damascum
2223 1578 2387 1618 unam
2443 1577 2565 1618 esse
2611 1560 2790 1618 Patris
2832 1569 2887 1617 et
2930 1558 3053 1615 Filii
3084 1568 3138 1614 et
3188 1557 3437 1637 Spiritus

1864 1654 2039 1709 sancti
2106 1654 2422 1719 essentiam,
2484 1655 2542 1707 ὲν
2591 1654 2739 1726 τρισὶ
2779 1651 3012 1715 τελείαις
3049 1651 3437 1715 ὑποστάσεσιν,

1861 1747 2029 1817 ἤγουν
2067 1740 2237 1817 τρισΥ
2252 1746 2478 1811 τελείοις
2524 1745 2857 1818 προσώποις,
2891 1745 2947 1799 in
2986 1742 3152 1798 tribus
3188 1742 3431 1811 perfectis

1867 1837 2265 1908 [typostasibus,
2317 1839 2421 1893 sive
2472 1838 2645 1893 tribus
2702 1836 2945 1907 perfectis
2997 1836 3256 1906 personis.
3308 1832 3431 1891 Non

223 1926 509 1991 Alexander,
528 1928 626 1982 sed
657 1928 818 1981 etiam
846 1925 1109 1999 Origenes
1124 1936 1177 1982 et
1214 1927 1504 1998 Dionysius
1525 1925 1755 1980 Alexan-
1787 1913 1831 1967 Β
1869 1942 1992 1989 utar
2046 1933 2376 1988 auum-irate
2423 1929 2622 1988 celasii
2654 1930 2929 2003 Cyziceni,
2966 1929 3057 2000 qui
3084 1930 3138 1982 ίη
3168 1927 3317 1982 Acus
3337 1924 3432 1980 Ni.

226 2018 387 2074 dtinus
401 2020 481 2075 usi
505 2018 743 2073 fuerant.
775 2017 1138 2085 Quamobrem
1167 2020 1381 2074 etiamsi
1400 2019 1758 2073 Athanasium

226 2115 349 2161 arcta
388 2122 507 2160 cum
570 2106 784 2162 Latinis
817 2116 871 2162 et
925 2106 1284 2161 Antiochenis
1332 2104 1648 2174 conjunctio
1693 2103 1761 2158 ad

224 2198 587 2268 professionem
636 2200 802 2254 unius
852 2198 1165 2270 bypostasis
1242 2197 1582 2261 adduxisset,
1649 2211 1757 2249 non

224 2287 398 2343 idcirco
447 2290 635 2358 priora
695 2289 847 2344 illius
898 2287 1104 2358 scripta
1169 2288 1223 2340 in
1282 2286 1509 2340 dubium
1568 2285 1758 2338 wnire

224 2378 469 2435 deberent.
492 2378 602 2434 Sed
635 2388 820 2434 tamen
845 2394 1159 2435 asseverare
1184 2378 1308 2433 licet
1346 2391 1614 2446 nusquam
1640 2390 1762 2429 eum

225 2484 360 2523 unam
408 2471 463 2524 in
516 2473 698 2524 tribus
728 2470 974 2540 personis
1017 2468 1352 2541 hypostasim
1388 2483 1621 2538 ponere;
1655 2467 1764 2520 imo

221 2576 273 2616 ex
299 2569 480 2629 quarta
505 2561 658 2616 illius
682 2561 943 2615 adversus
976 2559 1210 2614 Arianos
1233 2559 1480 2614 oratione
1502 2559 1611 2612 duo
1638 2573 1765 2627 pro-

222 2652 366 2708 feram
390 2654 727 2717 testimonia,
746 2653 802 2706 in
820 2652 1021 2723 quibus
1039 2651 1372 2722 hypostasim
1398 2649 1586 2705 eodem
1612 2663 1767 2718 pror-

220 2761 298 2801 sus
323 2763 481 2802 sensu
546 2761 615 2800 ac
659 2743 921 2815 Origenes
949 2754 1004 2798 et
1052 2741 1110 2796 S.
1141 2740 1468 2807 Alexander,
1514 2749 1762 2812 usurpat.

224 2834 301 2892 Sic
330 2840 485 2908 igitur
517 2838 770 2907 loquitur
786 2852 844 2891 ιι.
865 2835 955 2899 25,
990 2851 1044 2906 p.
1073 2834 1176 2889 636
1206 2818 1229 2890 εί
1250 2836 1513 2889 Μαίνεται
1545 2834 1644 2906 μὲν
1675 2831 1767 2888 οὖν

224 2930 415 3001 ’Δρειος
437 2931 496 2997 ἐξ
549 2930 654 2982 οὐκ
705 2929 873 2982 ὄντων
896 2924 1031 2982 εἶναι
1058 2927 1229 2997 λέγων
1260 2928 1351 2981 τὸν
1383 2926 1530 2990 Υἱδν,
1568 2926 1660 2980 καὶ
1702 2923 1769 2999 ἦν

220 3035 350 3085 ποτε,
386 3024 471 3076 ὅτε
493 3022 601 3075 οὐκ
632 3017 734 3092 ἦν’
769 3018 1018 3091 μαίνεται
1054 3019 1110 3072 δὲ
1144 3019 1239 3073 καὶ
1285 3018 1571 3082 Σαϐἐλλιος
1595 3018 1769 3086 λέγων

218 3109 296 3165 τὸν
320 3111 535 3182 Πατέρα
597 3107 736 3164 εἷναι
776 3110 925 3177 Υἱδν,
958 3111 1054 3164 καὶ
1089 3108 1323 3181 ἔμπαλιν
1360 3109 1451 3162 τὸν
1478 3110 1604 3163 Υίὸν
1633 3106 1770 3164 εἶναι

219 3200 436 3272 Πατέρα,
464 3202 767 3256 ὑποστάσει
784 3202 883 3272 μὲν
912 3201 989 3267 ἓν,
1019 3201 1242 3271 ὀνόματι
1279 3201 1336 3254 δὲ
1368 3200 1480 3255 δύο·
1511 3201 1772 3268 Quocirca

219 3290 396 3347 insanit
419 3294 664 3363 proferto
693 3295 875 3359 Arius,
898 3309 1016 3347 cum
1032 3293 1105 3346 ait
1132 3291 1331 3346 Filium
1359 3308 1424 3347 ex
1446 3265 1609 3347 niliilo
1638 3311 1772 3358 esse,
1799 3265 1845 3328 Ο

219 3384 459 3456 fuisseque
509 3385 808 3456 aliquando
852 3401 969 3439 cum
1007 3401 1109 3439 non
1135 3392 1307 3450 esset;
1352 3384 1550 3438 insanit
1577 3385 1777 3446 pariter

216 3472 484 3538 Sabellius.
499 3495 625 3531 cum
647 3477 863 3531 Patrem
888 3475 1105 3555 Filium
1123 3493 1255 3539 esse,
1272 3486 1319 3530 et
1343 3474 1390 3529 F
1393 3476 1542 3529 ilium
1559 3475 1775 3534 Patrem

217 3584 313 3623 esse
338 3569 507 3637 docet,
534 3587 703 3624 unum
729 3571 936 3641 quidem
968 3569 1261 3639 hypostasi,
1289 3570 1378 3625 sed
1402 3572 1607 3626 nomine
1621 3571 1774 3627 duos.

217 3656 391 3717 Etsub
420 3663 591 3719 finem
647 3662 894 3732 ejusdem
948 3663 1214 3718 orationis
1246 3681 1259 3717 :
1297 3662 1370 3715 Τὸ
1404 3663 1583 3716 τοίνυν
1624 3663 1778 3731 λεγό-

221 3770 361 3822 μενον
391 3758 497 3810 ὑπὸ
518 3756 619 3809 τοῦ
647 3756 916 3826 μακαρίου
933 3756 1163 3828 Πέτρου,
1186 3755 1364 3827 ὀρθὸν,
1396 3758 1490 3809 καὶ
1515 3756 1777 3828 εἰλικρινῆ

216 3840 303 3912 τὴν
337 3842 573 3913 θεότητα
611 3842 705 3895 τοῦ
737 3844 1075 3912 Μονογενοῦς
1106 3845 1387 3915 κηρύσσει,
1415 3846 1474 3899 οὐ
1514 3846 1609 3916 τὴν
1649 3847 1780 3899 ὑπό-

218 3949 391 3986 στασιν
424 3934 684 4005 χωρίζων
706 3933 799 3987 τοῦ
836 3935 971 3989 Θεοῦ
1003 3936 1177 4004 Λόγου
1211 3936 1318 3989 ἀπὸ
1353 3934 1448 3988 τοῦ
1478 3938 1541 3989 ἐκ
1564 3937 1780 4008 Μαρίας

216 4023 515 4096 ἀνθρώπου⁶
554 4024 775 4079 Rectum
797 4035 874 4081 est
913 4028 1075 4098 igitur
1099 4027 1237 4100 quod
1269 4030 1342 4082 ait
1377 4028 1558 4083 beatus
1590 4028 1779 4084 Petrus

214 4118 293 4183 qui
339 4135 516 4172 teram
558 4115 828 4188 Unigeniti
866 4121 1120 4189 prmdicat
1173 4121 1524 4186 divinitatem,
1557 4139 1648 4177 nec
1682 4122 1781 4176 Dei

226 4204 363 4260 Verbi
398 4209 740 4280 hypostasim
762 4211 1020 4281 disjungit
1060 4212 1124 4266 ab
1152 4213 1358 4268 homine
1392 4229 1457 4268 ea“.
1485 4213 1667 4268 Maria
1696 4232 1783 4268 as-

215 4311 427 4369 sumpto.
488 4301 555 4355 ln
624 4301 728 4355 hoc
782 4311 1058 4372 postremo
1106 4306 1417 4361 testimonio
1471 4308 1783 4378 hypostasis

219 4394 376 4447 multo
412 4394 608 4464 aptius
646 4393 715 4446 ad
774 4411 1062 4464 personam
1113 4412 1276 4467 quam
1324 4398 1390 4452 ad
1420 4399 1783 4453 substantiam

216 4494 514 4537 rct'oeatur.
559 4482 623 4537 In
653 4484 832 4553 primo
855 4495 1033 4540 autem
1073 4487 1354 4541 contendit
1387 4485 1643 4541 Petavius
1674 4502 1783 4540 non

216 4588 521 4643 personam,
552 4575 650 4630 sed
674 4576 726 4629 id
749 4584 959 4630 tantum
976 4578 1121 4647 quod
1151 4592 1334 4633 revera
1353 4578 1590 4641 exsistit,
1622 4578 1783 4632 intel-

216 4664 647 4737 ﬁgendumesse.
674 4665 743 4720 At
768 4683 967 4738 negare
991 4684 1099 4724 non
1129 4676 1305 4739 potest
1329 4684 1492 4723 unam
1525 4668 1785 4741 hyposta-

216 4760 308 4812 sim
336 4761 518 4829 rejici.
556 4758 733 4815 Porro
766 4770 876 4816 tres
913 4761 1230 4832 hypostases
1260 4776 1368 4816 non
1407 4761 1515 4817 alio
1555 4763 1787 4819 consilio

215 4853 378 4909 sancti
406 4854 616 4909 Patres
644 4853 1027 4919 defenderunt,
1057 4854 1162 4910 nisi
1202 4862 1259 4909 ut
1293 4852 1490 4909 Filium
1523 4863 1578 4911 et
1614 4856 1789 4926 Spiri-

216 4952 320 4998 tum
348 4961 461 5000 non
494 4945 824 5001 eﬂicientias
843 4946 1110 5015 quasdam
1145 4959 1207 4999 ac
1231 4948 1453 5002 nomine
1484 4955 1642 5003 tenus
1666 4962 1787 5016 per-

212 5051 368 5093 sonas
399 5053 556 5101 esse.
614 5036 713 5093 sed
767 5036 964 5092 Filium
997 5052 1124 5092 vere
1166 5044 1226 5092 ut
1278 5038 1498 5107 Filium,
1524 5039 1786 5112 Spiritum

215 5140 462 5184 sanctum
495 5144 630 5184 vere
659 5136 719 5182 ut
759 5128 1024 5200 Spiritum
1070 5133 1337 5189 exsistere
1378 5132 1693 5204 probarent.
1729 5132 1787 5187 ln

214 5222 454 5278 eamdem
497 5236 734 5293 prorsus
780 5220 1102 5276 sententiam
1142 5223 1382 5294 loquitur
1432 5223 1785 5287 Athanasius.

214 5314 334 5367 dum
390 5313 621 5369 Patrem
672 5320 728 5368 et
763 5310 959 5368 Filium
1009 5314 1285 5386 hypostasi
1333 5331 1501 5371 unum
1541 5316 1650 5370 dici
1678 5331 1788 5370 non

214 5405 436 5473 patitur.
467 5405 533 5459 In
577 5420 689 5474 quo
736 5408 1011 5460 consentit
1058 5422 1185 5462 cum
1217 5408 1505 5464 decessore
1541 5423 1663 5473 suo,
1695 5407 1790 5478 qui

212 5494 346 5550 duas
379 5497 438 5550 in
474 5495 641 5551 Patre
690 5505 744 5551 et
788 5494 926 5552 Filio
969 5497 1291 5569 hypostases
1319 5503 1603 5571 agnoscit;
1662 5520 1794 5560 con-

217 5587 374 5640 sentit
397 5602 536 5640 cum
556 5585 783 5651 Basilio,
815 5587 910 5657 qui
940 5604 1104 5642 unum
1146 5591 1420 5660 hypostasi
1443 5591 1611 5653 Deum
1630 5608 1658 5647 a
1690 5592 1792 5649 Sa-

214 5676 372 5733 bellio
403 5678 699 5749 pradicari
731 5678 914 5741 docet,
949 5681 1108 5749 epist.
1141 5681 1265 5745 2N,
1301 5698 1355 5736 n.
1387 5682 1441 5738 5.
1476 5682 1654 5739 Unum
1693 5687 1794 5742 ad-

217 5768 337 5823 dam
363 5772 665 5827 Athanasii
695 5772 899 5836 locum,
938 5773 992 5826 in
1028 5789 1137 5844 quo
1172 5774 1457 5831 manifeste
1488 5784 1599 5832 tres
1633 5778 1798 5850 hypo-

216 5867 416 5929 αδδεδ,
448 5871 514 5917 ut
542 5878 705 5934 supra
742 5862 1036 5936 Dionysius
1083 5876 1325 5942 uterque,
1363 5866 1617 5926 admittit.
1659 5870 1794 5928 Οὔτε

1867 2025 2001 2079 caeni
2029 2024 2249 2079 concilii
2279 2021 2468 2079 Osium
2498 2021 2707 2076 inducit
2725 2023 2902 2091 (parte
2930 2035 3058 2083 n,c.
3084 2018 3173 2088 12)
3195 2033 3260 2073 ex
3282 2030 3435 2070 man-

1866 2118 1994 2172 dato
2010 2131 2071 2170 ac
2087 2116 2307 2171 decreto
2335 2114 2501 2169 totius
2518 2111 2713 2184 synodi
2730 2110 3144 2181 respondentem
3163 2124 3226 2162 ac
3241 2106 3434 2178 τριάδα

1868 2205 2217 2260 ὑποστάσεων
2250 2203 2654 2274 praedicantem.
2686 2200 2856 2255 Nemo
2884 2210 2965 2271 est
2991 2200 3134 2254 enim
3166 2198 3256 2268 qui
3292 2195 3433 2250 mul-

1870 2305 1982 2351 tum
2008 2296 2169 2364 hujus
2201 2294 2487 2364 scriptoris
2521 2291 2834 2348 testimonio
2852 2290 3077 2346 tribuat.
3111 2288 3179 2341 At
3207 2302 3435 2356 sequen-

1871 2388 2014 2441 tibus
2039 2385 2254 2440 sacculis
2283 2398 2555 2439 summum
2584 2381 2787 2438 fatetur
2814 2381 3067 2438 Petavius
3105 2390 3434 2433 consensum

1871 2478 2147 2533 exstitisse
2176 2474 2490 2531 Graecorum
2526 2474 2581 2529 in
2623 2474 2799 2530 tribus
2832 2472 3221 2546 hypostasibus
3248 2467 3438 2540 praedi-

1873 2570 2087 2625 caudis.

1944 2663 2033 2718 Vl.
2077 2662 2183 2735 Ipsi
2208 2659 2588 2718 Occidentales
2610 2659 2855 2715 eamdem
2891 2652 3144 2726 loquendi
3170 2652 3437 2707 rationem

1874 2755 2106 2810 libenter
2134 2753 2201 2809 ad
2240 2767 2374 2809 usus
2415 2767 2546 2808 suos
2607 2750 3271 2817 asciverunt,~postquam
3311 2741 3438 2797 sub-

1875 2849 2139 2904 sistentia:
2188 2862 2321 2903 voce
2375 2847 2595 2901 inventa
2639 2841 2925 2899 difﬁcultas
2965 2839 3144 2895 omnis
3196 2836 3436 2893 evanuit.

1874 2941 2052 3010 Atque
2076 2939 2127 2994 id
2155 2937 2375 3009 quidem
2408 2935 2609 2993 saeculo
2633 2934 2825 3006 quinto
2851 2932 3095 3004 contigit.
3125 2928 3232 2986 Sed
3254 2937 3437 2983 tamen

1876 3033 2035 3102 longe
2084 3038 2245 3085 antea
2294 3026 2550 3083 videntur
2590 3024 2932 3096 perspexisse
2965 3029 3077 3080 tres
3117 3021 3441 3093 hypostases

1880 3121 2260 3195 percommode
2285 3119 2475 3176 Graeco
2506 3132 2756 3175 sermone
2781 3114 3052 3187 usurpari.
3086 3114 3144 3170 ld
3170 3113 3443 3196 colligitur

1877 3234 1940 3272 ex
1973 3214 2202 3286 epistola
2231 3213 2336 3269 2M
2356 3211 2563 3279 Basilii,
2593 3227 2649 3265 n.
2680 3211 2736 3275 4,
2768 3208 2862 3264 ubi
2888 3208 2969 3264 sic
3001 3206 3240 3278 loquitur
3268 3224 3282 3259 :
3306 3205 3443 3276 Περὶ

1875 3307 1931 3361 δὲ
1961 3304 2074 3372 τοῦ,
2102 3306 2183 3359 ὅτι
2222 3303 2517 3364 ὑπόστασις
2536 3301 2631 3355 καὶ
2657 3299 2814 3356 οὐσία
2846 3299 2908 3353 οὐ
2940 3298 3134 3352 ταυτόν
3180 3297 3316 3361 ἐστι,
3348 3293 3443 3349 καὶ

1876 3396 2049 3462 αὐτοὶ,
2080 3396 2157 3458 ὡς
2185 3393 2410 3466 νομίζω,
2444 3394 2866 3465 ὐπεσημήναντο
2885 3390 2935 3444 οἱ
2964 3388 3071 3444 ἀπὸ
3103 3387 3202 3459 τῆς
3229 3386 3443 3451 Δύσεως

1877 3490 2118 3563 ἀδελφοὶ,
2144 3490 2211 3553 ,ὲν
2250 3483 2331 3551 οἷς
2360 3486 2421 3540 τὸ
2453 3485 2637 3540 στενὸν
2669 3486 2768 3554 τῆς
2799 3482 3006 3537 ἑαυτῶν
3061 3480 3305 3551 γλώττης
3340 3479 3443 3549 ὐφ-

1877 3582 2163 3656 ορὼμενοι,
2210 3579 2271 3633 τὸ
2302 3580 2401 3651 τῆς
2448 3578 2634 3643 οὐσίας
2689 3576 2858 3646 ὄνομα
2911 3576 2979 3646 τῇ
3036 3571 3242 3627 Ἑλλάδι
3295 3573 3444 3641 φωνῇ

1879 3673 2358 3745 παραδεδώκασινο
2424 3671 2531 3737 ἵνα,
2596 3670 2650 3724 ei
2686 3684 2771 3732 τις
2817 3666 2903 3737 εἴη
2948 3664 3177 3736 διαφορὰ
3208 3663 3310 3734 τῆς
3357 3664 3445 3716 ὲνα

1879 3764 2048 3827 νοίας,
2086 3762 2310 3827 σώζοιτο
2338 3762 2476 3833 αὑτὴ
2520 3762 2578 3814 ὲν
2616 3761 2683 3830 τῇ
2723 3757 2967 3828 εὐκρινεῖ
3013 3754 3106 3808 καὶ
3155 3752 3446 3824 ἀσυγχύτῳ

1882 3855 2157 3909 διαστάσει
2177 3852 2285 3906 τῶν
2313 3850 2590 3922 ὀνομάτων
2623 3866 2637 3881 ·
2676 3848 2828 3915 Quod
2863 3855 3036 3901 autem
3064 3844 3359 3916 hypostasis
3397 3852 3446 3898 et

1879 3945 2105 4000 essentia
2133 3943 2269 3997 idem
2291 3957 2395 3995 non
2409 3948 2551 4008 sunt,
2586 3937 2640 3992 id
2668 3946 2719 3993 et
2744 3937 2865 4007 ipsi,
2896 3945 2954 3990 ut
2979 3945 3126 4005 puto,
3145 3932 3448 3990 subindica-

1881 4047 2006 4091 runt
2032 4034 2403 4091 Occidentales
2430 4033 2647 4103 fratres,
2676 4030 2801 4084 dum
2830 4030 3021 4099 linguae
3040 4043 3149 4083 sua:
3174 4027 3446 4096 angustias

1882 4127 2408 4192 subveriti,essentia:
2434 4141 2621 4179 nomen
2661 4123 2841 4193 lingua
2866 4118 3050 4175 Gra'ca
3094 4116 3448 4184 tradiderunt,

1882 4232 1938 4274 ut
1955 4222 2000 4274 si
2016 4236 2120 4290 qua
2143 4227 2274 4275 esset
2290 4217 2557 4272 sementim
2576 4212 2948 4282 discrepantia,
2965 4210 3061 4265 ilia
3082 4212 3198 4280 ipsa
3217 4224 3450 4263 servare-

1885 4323 1972 4366 tur
1997 4312 2050 4365 in
2074 4310 2222 4364 clara
2244 4317 2294 4363 et
2321 4308 2533 4362 minime
2568 4306 2792 4374 confusa
2826 4304 3096 4358 nominum
3123 4300 3446 4355 diversitate.

1955 4399 2260 4465 Quinetiam
2288 4397 2405 4467 ipse
2435 4395 2699 4449 Damasus
2727 4401 2840 4449 tres
2883 4392 3206 4463 hypostases
3235 4390 3451 4445 videtur

1887 4489 2195 4545 admisisse.
2229 4486 2364 4540 Nam
2405 4486 2460 4540 in
2504 4484 2734 4555 epistola
2766 4483 2830 4537 ad
2864 4481 3146 4537 Paulinum
3192 4479 3452 4549 praedicat

1817 4598 1859 4654 ι)
1891 4595 2051 4633 unum
2076 4577 2241 4632 Deum
2266 4577 2322 4630 in
2347 4574 2513 4630 tribus
2538 4572 2905 4646 hypostasibus
2925 4588 2944 4625 :
2972 4570 3104 4624 Θεὸν
3125 4570 3219 4627 ἕνα
3245 4570 3304 4622 ὲν
3333 4586 3451 4640 τρι-

1893 4673 1974 4726 σὶν
1999 4670 2375 4724 ὺποστάσεσιν.
2394 4668 2589 4740 Spuria
2608 4666 2859 4722 videntur
2874 4666 2986 4720 huic
2996 4673 3270 4735 postrema
3291 4663 3458 4718 verba

1889 4763 2209 4820 doctissimo
2268 4761 2634 4834 Epistolarum
2700 4759 3019 4831 pontificum
3082 4757 3457 4813 Romanorum

1890 4856 2085 4912 editori
2110 4861 2394 4926 propterea
2423 4851 2569 4924 quod
2595 4851 2794 4908 desunt
2822 4854 2879 4907 in
2907 4850 3310 4921 exemplaribus
3352 4847 3457 4903 La«

1894 4952 2044 5006 tinis.
2083 4947 2189 5005 Sed
2213 4957 2396 5004 tamen
2431 4944 2745 5001 confirmari
2774 4951 2999 5016 possent
3030 4940 3271 4997 Flaviani
3307 4941 3459 4995 testi-

1892 5043 2099 5106 monio,
2129 5042 2222 5111 qui
2255 5038 2541 5094 Paulinum
2572 5051 2757 5092 coram
2806 5036 3071 5109 magistro
3105 5034 3337 5089 militum
3372 5034 3451 5089 sic

1894 5135 2196 5206 alloquitur
2230 5131 2370 5203 apud
2394 5129 2795 5187 Theodoretum
2818 5130 2856 5185 l.
2884 5147 2940 5197 ν,
2969 5145 3020 5185 c.
3046 5129 3097 5195 ὅ,
3130 5144 3184 5199 p.
3216 5127 3314 5182 201
3349 5148 3363 5185 ;
3394 5128 3455 5182 Εἰ

1893 5227 1989 5299 τὴν
2028 5224 2302 5294 Δαμάσου,
2351 5216 2396 5275 ὧ
2436 5219 2680 5291 φιλότης,
2716 5219 2997 5274 κοινωνίαν
3044 5216 3283 5291 ἀσπάζῃ,
3338 5216 3459 5271 ἐπί-

1893 5319 2064 5384 δειξον
2097 5321 2231 5390 ἡμῖν
2271 5314 2455 5385 σαφῶς
2495 5312 2595 5383 τὴν
2636 5312 2744 5366 τῶν
2798 5310 3081 5383 δογμάτων
3120 5310 3456 5380 συγγένειαν.

1907 5412 2139 5473 Ἐκεῖνος
2186 5409 2293 5480 γάρ
2338 5406 2465 5479 μίαν
2505 5406 2605 5476 τῆς
2655 5403 2884 5476 Τριάδος
2932 5401 3119 5457 οὐσίαν
3162 5402 3460 5473 ὁμολογῶν,

1895 5502 1994 5567 τὰς
2026 5504 2173 5574 τρεῖς
2195 5500 2518 5562 ὑποστάσεις
2548 5495 2842 5570 διαρρήδην
2879 5494 3136 5568 κηρύττει
3155 5509 3170 5524 '
3206 5496 3270 5548 σὺ
3293 5493 3349 5548 δὲ
3373 5493 3464 5547 άν-

1854 5623 1861 5631 σ
1894 5612 2082 5666 τιχρυς
2099 5593 2208 5647 τῶν
2241 5591 2588 5646 ὑποστάσεων
2614 5591 2853 5662 ἀναιρεῖς
2889 5589 2986 5662 τὴν
3015 5589 3058 5643 Τ
3061 5587 3239 5661 ριάδα.
3271 5588 3331 5643 Si
3348 5586 3463 5641 Da-

1897 5686 2033 5742 masi
2065 5685 2477 5738 communionem
2519 5681 2864 5749 amplecteris,
2903 5698 2933 5737 ο
2974 5682 3162 5747 amice,
3204 5678 3460 5733 doctrinm

1901 5777 2048 5834 nobis
2083 5776 2417 5846 manifestam
2459 5772 2863 5829 similitudinem
2902 5774 3133 5830 ostende.
3189 5771 3333 5827 Nam
3371 5771 3464 5827 ille

1892 5869 2111 5945 quidem
2168 5887 2325 5924 unam
2383 5865 2718 5939 eamdemque
2775 5866 3048 5933 Trinitatis
3114 5862 3466 5946 substantiam
