3908 6588
417 439 480 500 ιο
1851 452 2237 513 ΡιιΑῖιτΑΤιο.

3557 457 3626 514 20

408 554 686 626 conﬁtens,
715 568 818 613 (res
846 569 1148 631 hypostases
1181 561 1375 619 diserte
1412 568 1683 635 pradicet.
1735 569 1812 625 Tu
1849 588 1973 627 con-
1998 578 2048 635 Α
2074 571 2455 644 hypostasibus
2480 575 2823 633 traditionem
2859 573 3114 637 Ecclesia:
3141 588 3359 635 secutus
3381 576 3470 642 sit,
3492 576 3628 631 forte

409 658 516 712 tra,
554 648 865 705 Trinitatem
928 654 1071 708 tollis
1132 653 1513 725 hypostasewn.
1566 659 1643 714 Ex
1693 661 1779 717 his
1826 672 1969 733 patet

404 737 699 795 Damasum
731 741 816 797 sui
850 756 976 796 cum
1017 741 1217 799 Gmcis
1245 758 1546 802 consensus
1588 748 1804 818 aliquod
1853 764 1971 807 mo-

403 839 726 888 numentum
759 833 1016 900 edidisse,
1043 834 1187 904 quod
1232 835 1288 891 in
1322 835 1543 894 Oriente
1567 845 1754 894 notum
1787 841 1968 896 omni.

390 925 511 980 Ibus
536 931 592 983 et
618 931 876 980 testatum
920 934 1081 981 esset.
1129 924 1261 980 Nam
1307 927 1443 982 nihil
1480 944 1707 999 prorsus
1743 946 1969 1003 respon-

400 1014 534 1072 dere
563 1024 739 1095 potuit
760 1016 1041 1082 Paulinus,
1077 1025 1213 1073 teste
1242 1017 1600 1077 Theodoreto.
1629 1020 1844 1077 Nullum
1872 1039 1970 1078 au-

399 1118 510 1164 tem
543 1109 761 1165 videtur
791 1110 968 1180 aptius
994 1109 1221 1179 proferri
1255 1126 1417 1180 posse
1446 1123 1876 1178 monumentum,
1909 1115 1966 1168 in

397 1216 512 1279 quo
546 1203 601 1259 id
623 1204 937 1274 praestiterit
960 1203 1247 1270 Damasus,
1279 1220 1438 1279 quam
1469 1206 1697 1275 epistola
1731 1206 1797 1263 ad
1826 1204 1967 1260 Pau-

397 1294 596 1350 linum.
629 1293 829 1364 Objicit
870 1294 1126 1352 Petavius
1159 1297 1351 1369 synodi
1388 1296 1647 1352 Romanae
1682 1296 1963 1367 epistolam

399 1386 505 1441 sub
524 1384 713 1441 eodem
744 1385 995 1453 Damaso,
1026 1388 1081 1442 in
1103 1403 1213 1458 qua
1235 1403 1343 1443 una
1373 1388 1686 1460 hypostasis
1700 1395 1753 1443 et
1775 1402 1964 1444 essen-

397 1477 474 1530 tia
498 1477 742 1533 docetur.
780 1476 885 1533 Sed
906 1479 1216 1550 hypostasis
1242 1494 1430 1534 vocem
1459 1479 1650 1534 merito
1673 1480 1864 1534 deesse
1907 1480 1962 1533 in

394 1567 801 1639 exemplaribus
852 1569 1060 1627 Latinis
1110 1571 1477 1641 probavimus,
1506 1577 1623 1633 not.
1682 1571 1749 1626 ad
1800 1573 1958 1642 epist.

397 1657 568 1727 93,p.
596 1658 718 1715 186.
1098 1680 1103 1684 ο
1220 1720 1225 1727 ,
1300 1680 1303 1683 -

330 1738 341 1806 ξ
468 1747 669 1804 Videor
691 1748 822 1803 mihi
853 1764 920 1804 ex
962 1750 1050 1806 his
1098 1766 1258 1821 posse
1314 1751 1639 1806 concludere
1687 1749 1957 1805 neminem

2073 672 2253 720 tamen
2288 682 2317 720 a
2375 669 2654 724 nonnullis
2700 683 2764 724 eo
2814 669 3032 724 nomine
3077 670 3441 731 accusabitur,
3482 668 3627 739 quod

2071 754 2242 811 nimio
2270 756 2526 828 abreptus
2562 759 2740 814 studio
2783 775 2813 813 a
2849 762 3283 831 temperamentis
3327 762 3382 815 in
3420 759 3627 830 synodo

2071 845 2433 903 Alexandrina
2464 850 2793 920 praescriptis
2822 851 3156 907 discesserit.
3186 850 3321 906 Cum
3353 851 3496 906 enim
3528 865 3625 903 au-

2070 935 2298 993 divisset
2331 953 2475 993 anno
2512 940 2625 994 375
2650 940 2933 995 Paulinum
2966 944 3198 1012 acceptis
3228 940 3397 996 Roma
3429 941 3627 1011 perho-

2070 1029 2316 1083 norilleis
2344 1029 2540 1085 litteris
2567 1031 2911 1087 vehementer
2952 1015 3158 1097 ederii,
3182 1032 3405 1103 ejusque
3423 1032 3626 1085 amicos

2070 1133 2196 1173 cum
2231 1119 2474 1175 Ecclesia
2497 1120 2554 1176 8.
2593 1121 2789 1177 Meletii
2823 1124 3080 1195 conjungi
3117 1125 3273 1188 velle,
3306 1138 3371 1177 ac
3404 1136 3623 1193 operam

2070 1198 2204 1266 dare
2230 1219 2290 1266 ut
2324 1210 2633 1267 Terentium
2677 1214 2733 1267 in
2779 1224 2959 1285 partes
2994 1230 3123 1271 suas
3169 1214 3477 1275 traherent;
3512 1220 3626 1268 sta-

2068 1302 2166 1357 tim
2210 1303 2433 1373 scripsit
2468 1303 2556 1359 vad
2608 1304 2753 1360 hunc
2800 1306 3075 1371 comitem,
3119 1313 3181 1361 ut
3219 1306 3338 1377 ejus
3378 1305 3624 1359 animum

2071 1400 2491 1463 praeoccuparet,
2535 1402 2626 1449 aut
2652 1395 2697 1450 si
2734 1410 2839 1465 qua
2880 1411 3001 1451 eum
3041 1397 3293 1467 opinione
3326 1394 3623 1451 adversarii

2070 1493 2529 1554 praeocupassent,
2566 1487 2782 1557 penitus
2810 1489 3159 1544 convelleret.
3202 1487 3259 1543 ln
3303 1489 3404 1542 hac
3441 1494 3623 1541 autem

2067 1575 2296 1644 epistola
2340 1576 2419 1632 sic
2448 1593 2600 1634 suam
2628 1578 2695 1634 de
2719 1579 3100 1651 hypostasibus
3144 1580 3467 1636 sententiam
3523 1593 3622 1634 ex.

2066 1667 2219 1736 ponit
2249 1684 2264 1723 ε
2296 1669 2369 1721 Οὐ
2402 1669 2580 1739 μέντοι
2622 1671 2808 1724 τούτου
2848 1688 2911 1740 γε
2948 1671 3130 1725 ἕνεκεν
3177 1671 3449 1742 δυνάμεθά
3489 1686 3619 1723 ποτε

2065 1758 2294 1823 ἑαυτοὺς
2338 1762 2543 1823 πεῖσαι,
2588 1760 2621 1831 ἢ
2674 1761 2930 1815 Μελὲτιον
2986 1763 3264 1833 ἀγνοῆσαι,
3305 1763 3338 1833 ἢ
3383 1761 3485 1831 τῆς
3525 1761 3619 1814 ὑπ’

395 1855 624 1911 prorsus
651 1842 928 1898 exstitisse
972 1826 1464 1900 interdatholicos
1506 1843 1833 1908 Orientales,
1864 1844 1945 1913 qui

2062 1848 2227 1901 αὑτὸν
2272 1826 2620 1921 Ἐκκλησίας
2653 1826 3105 1925 ὲπιλαθέσθαιξῆ
3139 1826 3257 1908 ’τὰν
3294 1826 3618 1926 ζίητήματα,

397 1946 566 1984 unam
608 1930 664 1986 in
711 1931 885 1988 tribus
930 1934 1180 2002 personis
1226 1932 1565 2005 hypostasim
1614 1931 1945 1995 admitteret,

2059 1937 2203 2007 ὑπὲρ
2231 1930 2304 1991 ὧν
2335 1938 2392 2003 ἐξ
2427 1939 2599 2009 ἀρχῆς
2636 1941 2670 2011 ἡ
2707 1940 2981 2007 διάστασις
3021 1922 3233 2012 γέγονε,
3285 1922 3454 2014 μιᾷιρᾶ
3485 1946 3625 2015 ὴγήσ

392 2029 593 2099 pmter
645 2021 933 2077 Paulinum
985 2022 1381 2079 Antiochenam
1458 2024 1685 2093 ejusque
1729 2022 1954 2077 amicos.

392 2112 581 2185 Neque
610 2114 774 2170 etiam
802 2115 986 2171 dicere
1011 2116 1236 2170 verebor
1272 2123 1384 2170 tres
1415 2115 1733 2186 hypostases
1763 2114 1958 2167 imme-

391 2208 501 2262 rito
548 2220 580 2260 a
623 2204 682 2260 S.
729 2206 1080 2279 Hieronymo,
1135 2215 1196 2262 ut
1239 2206 1495 2277 loquendi
1542 2207 1807 2261 rationem
1858 2219 1956 2259 sua

391 2308 586 2369 Sponte
620 2314 731 2354 non
766 2306 1074 2353 accuratam
1107 2297 1423 2369 vituperari.
1458 2296 1594 2350 Tota
1622 2296 1957 2350 stecularium

391 2389 693 2449 litterarum
721 2388 922 2453 schola,
951 2387 1124 2457 inquit
1167 2388 1222 2441 in
1261 2386 1490 2457 epistola
1542 2386 1611 2441 ad
1661 2385 1952 2440 Damasum

389 2494 608 2559 papam,
636 2479 769 2532 nihil
795 2479 943 2532 aliud
980 2476 1306 2550 hypostasim
1344 2479 1448 2533 nisi
1478 2479 1652 2532 usiam
1686 2478 1826 2531 novit
1848 2492 1868 2531 :
1904 2484 1955 2531 et

387 2572 687 2652 quisquam,
728 2588 875 2642 rogo,
902 2587 990 2625 ore
1023 2570 1277 2641 sacrilego
1321 2580 1425 2625 tres
1465 2569 1787 2624 substantias
1824 2584 1955 2636 prae-

387 2665 584 2719 dicabit
602 2667 628 2719 .9
658 2662 772 2718 Etsi
795 2663 1109 2718 abundabat
1137 2661 1442 2717 eruditione
1472 2661 1531 2716 S.
1556 2659 1940 2730 Hieronymus,

386 2758 641 2813 videntur
671 2766 851 2811 tamen
886 2756 991 2809 hac
1038 2755 1092 2809 in
1140 2770 1199 2810 re
1246 2755 1530 2824 opiniones
1563 2752 1871 2822 anticipata;
1899 2749 1949 2805 ei

383 2850 645 2911 illusisse.
673 2847 807 2909 Nam
833 2847 1065 2903 Budaeus
1110 2854 1165 2901 et
1206 2854 1328 2916 post
1375 2860 1498 2900 eum
1538 2843 1807 2899 Henricus
1830 2841 1951 2896 Ste-

383 2943 600 3019 phanus
631 2944 923 2998 observant
969 2957 1112 3011 saepe
1155 2940 1297 3010 apud
1343 2938 1598 3007 antiquos
1651 2936 1946 3007 scriptores

382 3032 723 3107 hypostasim
772 3030 840 3086 de
886 3032 953 3087 iis
985 3031 1093 3085 dici
1133 3044 1255 3100 qua:
1294 3043 1421 3083 vere
1443 3027 1737 3089 exsistunt,
1786 3033 1840 3081 et
1879 3024 1946 3080 iis

380 3124 581 3193 opponi
613 3139 735 3195 quae
766 3121 947 3194 specie
998 3128 1210 3174 tantum
1254 3128 1349 3172 aut
1392 3116 1663 3188 cogitandi
1708 3117 1970 3181 ratione,

380 3217 539 3276 Unde
570 3216 800 3270 Budaeus
827 3215 880 3268 in
924 3213 1331 3269 Commentariis
1382 3211 1586 3281 profert
1627 3211 1769 3264 hunc
1828 3208 1945 3311 A-r-i-
1970 3254 2011 3311 Ο

379 3310 592 3374 ριυιθὶῑε
610 3309 801 3385 locum
821 3306 898 3362 De
922 3310 1136 3371 mundo,
1169 3321 1290 3376 cap.
1318 3305 1351 3358 4
1379 3324 1392 3359 :
1427 3303 1731 3374 Συλλήϐδην
1757 3301 1813 3354 δὲ
1833 3300 1939 3354 τῶν

377 3403 436 3463 ιν
464 3401 585 3470 ἀέρι
615 3398 1010 3470 φαντασμάτων
1032 3397 1100 3451 τὰ
1131 3396 1228 3468 μέν
1262 3399 1378 3450 ἐστι
1419 3396 1540 3450 κατ’
1593 3394 1844 3467 ἔμφασιν,
1872 3394 1940 3449 τὰ

374 3493 432 3555 δὲ
481 3492 601 3545 καθ’
647 3492 941 3545 ὑπόστασιν
970 3503 985 3518 ·
1030 3489 1110 3543 Ad
1166 3504 1427 3544 summam
1473 3503 1674 3551 eorum,
1718 3502 1834 3557 qua
1882 3486 1938 3539 in

377 3601 495 3645 aere
519 3592 797 3654 apparent,
827 3581 936 3636 alia
953 3582 1123 3650 specie
1142 3590 1289 3635 tenus
1320 3580 1600 3642 exsistunt,
1619 3578 1729 3632 alia
1749 3576 1939 3631 habent

373 3678 534 3736 etiam
580 3674 928 3745 hypostasim.
969 3673 1131 3727 Addit
1168 3672 1331 3727 etiam
1380 3670 1511 3725 illud
1557 3668 1843 3724 Themistii
1879 3668 1937 3723 in

378 3765 539 3837 Phys.
574 3779 615 3819 ιι
655 3781 670 3818 :
720 3766 787 3818 ’Δ
823 3763 956 3835 μηδὲ
994 3762 1073 3834 τῷ
1116 3762 1258 3833 λόγῳ
1310 3759 1572 3833 χωριστὰ,
1615 3758 1788 3814 ταῦτα
1841 3758 1937 3813 καὶ

372 3858 665 3919 ὑποστάσει
690 3856 981 3938 χωρίζουσι
1012 3873 1026 3887 '
1075 3856 1207 3922 Qua:
1252 3871 1314 3909 ne
1351 3856 1555 3909 ratione
1599 3851 1803 3924 quidem
1850 3867 1934 3906 se-

367 3949 553 4025 parari
584 3956 821 4015 possunt,
872 3961 933 4001 ea
970 3947 1130 3999 etiam
1180 3945 1449 4015 hypostasi
1488 3951 1755 4012 separant.
1797 3939 1934 3995 Cum

369 4052 505 4108 ergo
534 4036 845 4110 hypostasis
876 4042 1181 4106 opponatur
1217 4034 1283 4088 iis
1316 4048 1438 4103 quae
1462 4033 1576 4088 sola
1607 4032 1820 4086 ratione
1839 4036 1936 4085 aut

373 4127 557 4200 specie
599 4134 809 4183 tantum
839 4126 1141 4189 exsistunt,
1169 4124 1367 4178 merito
1413 4122 1588 4177 sancti
1628 4120 1840 4186 Patres,
1874 4127 1935 4175 ut

368 4220 589 4276 Patrem
623 4233 751 4275 vere
782 4232 906 4274 esse
933 4224 1161 4287 patrem,
1187 4212 1386 4267 Filium
1427 4228 1554 4268 vere
1584 4227 1708 4269 esse
1740 4212 1930 4276 tilium,

372 4311 635 4380 Spiritum
704 4323 833 4365 vere
884 4323 1007 4363 esse
1077 4305 1331 4376 spiritum
1385 4305 1769 4370 ostenderent,
1823 4314 1934 4360 tres

370 4405 696 4474 hypostases
779 4399 1144 4471 praedicarunt
1229 4406 1420 4453 contra
1504 4396 1799 4453 Sabellium
1880 4403 1936 4452 et

369 4495 624 4557 Nectum,
653 4492 747 4563 qui
782 4506 904 4546 cum
945 4499 1056 4545 tres
1085 4489 1305 4560 quidem
1358 4505 1621 4565 personas
1653 4490 1931 4554 dicerent,-

2062 2028 2276 2091 σασθαι,
2308 2028 2401 2081 καὶ
2434 2029 2618 2099 ὀλίγην
2649 2030 2790 2101 ἔχειν
2827 2031 3082 2105 διαφορὰν
3108 2035 3324 2105 νομίσαι
3357 2034 3492 2106 πρὸς
3528 2035 3619 2088 τὸν

2056 2117 2154 2189 τῆς
2185 2117 2463 2182 εὐσεϐείας
2496 2119 2714 2173 σκοπόν.
2777 2120 2915 2189 Ἐγὼ
2951 2123 3077 2193 γὰρ,
3104 2123 3199 2192 οὐχ
3226 2125 3373 2186 ὅπως
3410 2125 3457 2175 εἰ
3498 2125 3621 2178 ἑπι-

2056 2210 2254 2281 στολήν
2278 2228 2361 2274 τις
2398 2211 2698 2282 ἀνθρώπων
2719 2211 3004 2283 δεξάμενος
3038 2216 3123 2267 ἐπ’
3150 2216 3280 2286 αὐτῇ
3318 2216 3459 2286 μέγα
3480 2232 3618 2286 φρο-

2055 2302 2153 2364 νεῖ,
2200 2300 2385 2353 τούτου
2420 2301 2606 2354 ἕνεκεν
2647 2302 3010 2375 ὐππαλῆναί
3050 2321 3179 2357 ποτε
3220 2305 3616 2376 καταδέξομαιο

2054 2391 2167 2444 ἀλλ’
2191 2392 2297 2444 οὐδ’
2328 2391 2392 2445 ἂν
2420 2391 2478 2457 ἐξ
2500 2392 2676 2471 αὐτῶν
2696 2394 2805 2468 ἥκῃ
2822 2394 2929 2447 τῶν
2949 2394 3209 2467 οὐρανῶν,
3245 2395 3318 2467 μὴ
3341 2399 3525 2467 στοιχῇ
3556 2395 3619 2450 δὲ

2052 2481 2128 2553 τῷ
2153 2483 2443 2551 ὑγιαίνοντι
2465 2483 2607 2554 λόγῳ
2640 2484 2738 2554 τῆς
2783 2485 3035 2550 πίστεως,
3065 2485 3292 2556 δύναμαι
3314 2487 3478 2539 αὐτὸν
3498 2504 3618 2541 κοι-

2053 2575 2219 2629 νωνὸν
2259 2576 2562 2646 ἡγήσασθαι
2610 2576 2717 2629 τῶν
2757 2576 2926 2646 ἁγίων
2962 2596 2976 2609 ο
3033 2576 3154 2632 Non
3190 2578 3384 2631 idcirco
3439 2587 3618 2631 tamen

2052 2665 2180 2720 mihi
2230 2667 2338 2735 ipse
2387 2684 2610 2738 unquam
2638 2668 2950 2738 persuadere
2976 2670 3193 2736 possim,
3223 2678 3280 2721 ut
3320 2677 3412 2721 aut
3446 2667 3617 2722 Hele-

2052 2757 2182 2811 tium
2231 2759 2495 2828 ignorem,
2538 2768 2628 2813 aut
2666 2758 2913 2814 Ecclesia:
2951 2761 3034 2813 cui
3078 2768 3264 2827 pricest
3298 2760 3614 2824 obliviscar,

2050 2857 2143 2901 aut
2177 2850 2510 2919 quatstiones,
2551 2848 2615 2903 de
2656 2848 2842 2918 quibus
2882 2849 2945 2902 ab
2980 2850 3128 2904 initio
3171 2857 3296 2902 nata
3328 2848 3614 2914 dissensio),

2047 2936 2207 2991 exiles
2256 2946 2449 3007 putem,
2479 2948 2529 2992 et
2585 2940 2732 3007 parvi
2762 2938 2831 2991 ad
2870 2939 3075 3006 pietatis
3126 2940 3447 3007 propositum
3499 2955 3614 2992 mo-

2046 3029 2227 3082 menti.
2261 3027 2371 3098 Ego
2393 3029 2530 3082 enim
2581 3045 2683 3083 non
2710 3028 2898 3092 solum,
2929 3030 2975 3082 si
3006 3030 3121 3099 quis
3155 3029 3216 3083 ob
3247 3039 3508 3097 acceptam
3546 3028 3615 3083 ab

2048 3118 2344 3173 hominibus
2384 3121 2660 3189 epistolam
2682 3122 2960 3190 e/feratur,
2998 3137 3100 3175 non
3143 3120 3334 3175 idcirco
3375 3121 3615 3176 abstrahi

2048 3226 2128 3265 me
2181 3227 2411 3280 unquam
2450 3221 2499 3266 et
2552 3212 2770 3267 subduci
2824 3213 3039 3281 patiar:
3087 3211 3175 3267 sed
3225 3229 3404 3282 neque,
3457 3213 3506 3266 si
3547 3228 3618 3267 ea:

2043 3301 2171 3370 ipsis
2219 3301 2384 3355 missa
2428 3302 2497 3355 sit
2554 3302 2734 3364 caelis,
2779 3317 2870 3355 nec
2922 3318 3107 3357 sanam
3157 3301 3246 3355 ille
3297 3303 3620 3372 proﬁteatur

2046 3394 2169 3463 fidei
2209 3393 2523 3459 doctrinam,
2594 3411 2809 3464 possum
2857 3394 3009 3448 illum
3051 3404 3345 3448 sanctorum
3377 3411 3619 3449 commata

2039 3491 2209 3545 nionis
2242 3491 2545 3560 participem
2566 3491 2887 3544 existimare.
2905 3490 3014 3545 Cur
3038 3496 3213 3543 autem
3243 3488 3309 3543 de
3335 3488 3436 3542 hac
3465 3503 3620 3559 quae-

2038 3580 2214 3635 stione
2237 3589 2289 3635 et
2315 3581 2381 3635 de
2393 3579 2618 3635 Paulino
2648 3580 2727 3635 sic
2751 3582 2964 3643 sentiat,
2989 3581 3125 3635 hanc
3147 3578 3298 3635 affert
3319 3581 3612 3640 rationem.

2036 3670 2180 3744 quod
2211 3671 2490 3736 Paulinus,
2523 3672 2651 3726 dum
2674 3685 2836 3725 unam
2870 3671 3226 3743 hypostasim,
3263 3678 3374 3725 tres
3407 3686 3617 3740 perso-

2035 3774 2139 3813 nas
2179 3759 2442 3830 perl‘ectas
2474 3760 2728 3822 admittit,
2752 3759 2807 3813 in
2848 3759 2949 3813 hoc
2977 3775 3006 3814 a
3038 3759 3271 3815 Sabellio
3289 3775 3397 3815 non
3425 3760 3614 3816 disce-

2037 3848 2148 3916 dat,
2179 3851 2270 3921 qui
2293 3852 2496 3922 pariter
2523 3865 2686 3904 ninam
2716 3850 3070 3921 hypostasim,
3116 3859 3169 3906 et
3199 3862 3308 3906 tres
3343 3867 3618 3921 personas

2035 3941 2347 3997 admiserat.
2415 3941 2595 4007 Quare
2641 3941 2917 3995 contendit
2979 3941 3207 3997 Basilius
3251 3943 3608 4010 conjunctio-

2033 4050 2156 4092 nem
2199 4050 2323 4090 cum
2367 4033 2636 4104 ejusmodi
2688 4033 2999 4089 hominibus
3053 4049 3215 4087 unam
3260 4033 3607 4104 hypostasim

2035 4124 2454 4196 proﬁtentibus,
2502 4125 2620 4179 sine
2664 4123 3004 4194 gravissimis
3058 4124 3414 4179 incouuuodis
3467 4126 3607 4181 iniri

2036 4233 2149 4273 non
2180 4231 2342 4287 posse
2375 4234 2388 4271 :
2420 4215 2516 4278 Τίς
2544 4214 2588 4267 δ’
2622 4216 2690 4268 ἂν
2722 4215 2930 4283 γένοιτο
2969 4215 3067 4285 τῆς
3105 4215 3355 4285 διαϐολῆς
3394 4216 3608 4289 ταύτης

2037 4307 2408 4380 χαλεπωτέρα,
2437 4306 2530 4358 καὶ
2559 4303 2755 4374 μᾶλλον
2782 4304 3048 4375 δυναμένη
3090 4305 3212 4368 τοὺς
3238 4305 3466 4368 πολλοὺς
3493 4305 3615 4360 δια-

2037 4396 2315 4457 σαλεῦσαι,
2349 4394 2381 4465 ἦ
2416 4396 2464 4447 εἰ
2494 4393 2789 4464 φανείησαν
2818 4410 2960 4457 τινες
2983 4392 3041 4458 ἐξ
3068 4392 3219 4464 ἡμῶν
3256 4394 3471 4464 Πατρὸς
3508 4397 3615 4450 καὶ

2037 4488 2169 4543 Υἱοῦ
2209 4486 2301 4540 καὶ
2338 4485 2493 4554 ἁγίου
2534 4484 2850 4556 Πνεύματος
2899 4468 3025 4556 μίαν
3072 4484 3365 4538 ὑπόστασιν
3408 4486 3612 4554 λέγον-

368 4594 510 4643 teste
548 4584 750 4639 Basilio
771 4583 932 4653 epist.
956 4582 1018 4635 21
1030 4582 1084 4653 4,
1125 4599 1180 4637 n.
1206 4583 1259 4649 3,
1287 4582 1383 4638 sed
1410 4582 1511 4637 hoc
1556 4597 1800 4652 persona:
1843 4596 1938 4635 no-
1970 4587 2013 4642 D
2037 4598 2128 4644 τες
2147 4598 2160 4615 ο
2188 4579 2443 4644 Quaenam
2470 4586 2640 4630 autem
2665 4575 2763 4629 hac
2790 4575 3057 4629 calumnia
3081 4576 3291 4645 gravior
3333 4592 3447 4632 esse
3476 4592 3614 4645 pos-

367 4694 493 4733 men
521 4676 588 4731 ad
619 4675 1020 4744 metaphoricos
1061 4690 1257 4731 sensus
1286 4675 1704 4744 detorquerent;
1731 4671 1938 4743 aliquid

365 4770 449 4824 eis
486 4766 687 4837 opponi
725 4765 945 4830 debuit,
989 4766 1135 4836 quod
1172 4767 1376 4838 pariter
1414 4767 1634 4823 eludere
1669 4782 1776 4821 non
1819 4780 1941 4835 pos-

365 4867 508 4917 sent.
548 4858 617 4912 At
650 4857 786 4913 nihil
813 4857 881 4913 ad
926 4873 1043 4914 eam
1067 4875 1181 4915 rem
1216 4860 1414 4931 aptius,
1453 4860 1587 4915 nihil
1628 4860 1941 4930 signiﬁcan-

364 4957 476 5009 tius
500 4951 814 5023 hypostasis
840 4967 990 5007 voce.
1025 4951 1179 5008 Unde
1209 4950 1481 5009 Sabellius
1517 4967 1686 5007 unum
1710 4965 1934 5022 prorsus

369 5043 655 5115 hypostasi
684 5041 854 5098 Deum
880 5059 1002 5100 esse
1037 5045 1436 5110 contendebat,
1492 5054 1550 5099 ut
1603 5043 1801 5098 ibidem
1852 5048 1932 5095 te-

368 5143 545 5195 statur
565 5133 815 5198 Basilius,

1083 5248 1112 5322 ς
1153 5247 1216 5305 1t.

360 5360 403 5425 1.
441 5362 685 5435 Δνίιίοτιιι·
727 5364 785 5421 S.
822 5365 1061 5420 Basilius
1112 5366 1288 5435 prima
1329 5365 1496 5433 specie
1535 5377 1764 5435 pugnare
1809 5376 1925 5435 cum

429 5430 492 5505 S.
510 5435 820 5505 Athanasio
847 5447 896 5490 et
922 5434 981 5505 δ,
1008 5430 1258 5505 Gregorio
1281 5435 1338 5505 in
1356 5430 1543 5505 tribus
1561 5430 1924 5505 hypostasibsts

425 5503 783 5572 defendendis.
825 5507 889 5559 ll.
925 5503 1048 5559 Non
1081 5500 1255 5558 tamen
1278 5504 1497 5557 discedit
1517 5501 1739 5572 adebita
1762 5500 1924 5572 animi

427 5570 804 5631 moderatione.
854 5574 970 5640 Quo
1002 5590 1158 5628 sensu
1199 5574 1333 5626 hanc
1381 5571 1718 5643 quwstionem
1747 5570 1924 5643 magni

427 5647 677 5699 momenti
710 5662 824 5700 esse
855 5639 1031 5697 duxit.
1066 5644 1183 5708 Quo
1227 5639 1537 5696 sensu'cum
1564 5639 1920 5707 defensoribus

425 5716 583 5777 unius
612 5714 909 5784 hypostasis
939 5713 1353 5766 communionem
1383 5710 1662 5764 iucundam
1694 5709 1916 5777 negavit.

430 5849 470 5915 1.
512 5840 773 5926 Quamvis
816 5846 876 5907 ε.
934 5847 1167 5904 Basilius
1226 5847 1280 5900 in
1331 5842 1684 5901 defendendis
1741 5842 1917 5898 tribus

2044 4674 2134 4736 sit,
2157 4680 2207 4725 et
2226 4669 2294 4723 ad
2319 4669 2511 4723 multos
2540 4667 2934 4722 commovendos
2982 4669 3172 4735 aptior,
3209 4683 3368 4737 quam
3411 4670 3460 4723 si
3511 4672 3615 4741 qui

2040 4776 2107 4816 ea:
2130 4761 2278 4813 nobis
2300 4759 2576 4813 videantur
2614 4756 2793 4811 Patris
2832 4765 2882 4811 et
2917 4755 3048 4810 Filii
3089 4766 3137 4811 et
3173 4755 3404 4825 Spiritus
3427 4764 3616 4815 sancti

2034 4869 2199 4906 unam
2238 4851 2559 4921 hypostasim
2616 4850 2826 4905 dicere?
2873 4850 2933 4905 In
2975 4847 3214 4903 eamdem
3268 4853 3612 4909 sententiam

2036 4943 2116 4997 sic
2166 4939 2457 5009 alloquitur
2494 4937 2849 5008 Epiphanium
2884 4936 2938 4989 in
2984 4933 3213 5004 epistola
3256 4934 3387 4997 258.
3430 4953 3489 4991 n.
3514 4940 3553 4992 5
3590 4958 3608 4994 :

2044 5028 2266 5091 Ἰκανῶς
2296 5028 2353 5082 δέ
2393 5044 2492 5098 μου
2527 5029 2743 5081 κάκεῖνο
2773 5027 2871 5097 τὴν
2905 5025 3081 5095 ψυχὴν
3131 5024 3501 5095 παρεκάλεσε,
3542 5027 3614 5082 τὸ

2031 5119 2328 5190 προστεθὲν
2361 5117 2511 5190 παρὰ
2537 5118 2637 5187 τῆς
2674 5117 2774 5186 σῆς
2801 5114 3081 5186 ἀκριϐείας
3116 5116 3229 5177 τοίς
3266 5117 3474 5179 λοιποῖς
3507 5135 3613 5170 κα-
3714 5124 3721 5129 “

2027 5209 2136 5273 λῶς
2182 5211 2275 5263 καὶ
2309 5209 2550 5280 ἀκριϐῶς
2591 5204 2969 5275 θεολογηθεῖσι·
3007 5204 3069 5257 τὸ
3103 5208 3252 5275 τρεῖς
3296 5206 3611 5272 ἀναγκαῖον

2025 5291 2167 5349 εἶναι
2199 5295 2298 5358 τὰς
2329 5296 2647 5358 ὑποστάσεις
2677 5292 2973 5363 ὁμολογεῖν.
3012 5293 3173 5345 Ὥστε
3199 5292 3359 5345 τοῦτο
3406 5295 3506 5349 καὶ
3549 5298 3607 5350 οἱ

2025 5386 2166 5440 κατὰ
2207 5387 2527 5456 ’Δντιόχειαν
2559 5384 2773 5452 ἀδελφοὶ
2800 5382 3229 5436 διδασκέσθωσαν
3277 5381 3431 5452 παρά
3474 5385 3602 5446 σοῦ,

2002 5516 2003 5519 η
2027 5477 2244 5540 πάντως
2263 5476 2320 5531 δέ
2345 5493 2445 5531 που
2473 5476 2566 5529 καὶ
2594 5474 2944 5545 ἐδιδάχθησαν
2960 5488 2972 5502 ·
3003 5472 3065 5532 οὐ
3092 5472 3200 5544 γὰρ
3221 5472 3287 5526 ἂν
3311 5474 3457 5528 εἵλου
3499 5478 3609 5549 δη-

2003 5566 2196 5621 -λονότι
2227 5566 2325 5636 τὴν
2347 5564 2481 5635 πρὸς
2514 5564 2709 5626 αὐτοὺς
2739 5562 3041 5625 κοινωνίαν,
3090 5562 3165 5631 μὴ
3203 5560 3364 5615 τοῦτο
3409 5563 3610 5619 αὐτῶν

1998 5657 2257 5729 ομάλιστα
2330 5656 2391 5709 τὸ
2447 5655 2612 5727 μέρος
2666 5652 3134 5723 ἀσφαλισάμενος’
3194 5652 3358 5708 Valde
3411 5665 3611 5713 autem

1994 5764 2192 5803 .meum
2224 5746 2356 5801 illud
2383 5747 2541 5800 etiam
2584 5746 2816 5799 animum
2846 5743 3112 5804 recreavit,
3139 5742 3278 5812 quod
3307 5745 3617 5815 diligentitz

2023 5851 2114 5898 tua
2164 5840 2366 5896 ueteris
2414 5836 2666 5907 praeclare
2692 5845 2740 5890 et
2778 5842 3030 5905 accurate
3069 5834 3311 5890 tractatis
3371 5836 3619 5916 adjecit.
