3908 6518
204 333 260 391 Ἃ
1577 332 1965 392 ΡΒΔΕΕΑΤΙΟ.

3339 330 3430 390 Β

202 459 383 497 necesse
420 460 535 498 esse
583 451 680 497 tres
733 442 1037 514 hypostases
1083 446 1346 515 conﬁteri.
1415 445 1744 514 Quapropter
1770 463 1825 521 Α
1846 447 2043 512 virtus,
2079 462 2198 519 qua:
2222 448 2277 502 in
2307 448 2562 505 omnibus
2602 446 2782 503 Basilii
2816 447 2977 504 dictis
3005 454 3060 504 et
3105 447 3264 505 factis
3290 447 3411 504 elu-

199 537 370 606 fratres
402 536 715 591 Antioclteni
746 536 842 589 hoc
875 538 1034 590 etiam
1074 554 1108 590 a
1145 547 1194 591 te
1230 537 1581 600 edoceantur;
1624 554 1749 608 pro-

198 628 315 695 fecto
341 636 513 680 autem
537 628 654 694 jam
680 626 854 681 edocti
878 637 999 681 sunt
1034 644 1052 681 :
1081 646 1207 683 nam
1252 631 1362 683 sine
1389 628 1544 682 dubio
1569 643 1749 682 eorum

198 720 445 783 mplexus
470 735 578 771 non
619 734 758 772 esses
792 721 1229 784 communionem,
1260 719 1363 774 nisi
1397 720 1623 775 maxime
1653 716 1749 772 tibi

197 809 251 861 de
268 808 358 861 hoc
384 809 561 875 capite
586 818 802 861 cautum
847 819 1007 864 esset.

255 897 511 954 Videntur
529 900 643 953 haec
669 902 849 969 prima
877 901 1059 971 specie
1086 916 1328 973 pugnare
1349 916 1472 956 cum
1496 898 1744 971 Gregorii

195 990 498 1045 Nazianzeni
533 990 602 1045 de
650 990 755 1045 hac
792 992 1093 1061 quaestione
1127 990 1376 1061 juuicio,
1431 1001 1482 1045 et
1534 1004 1749 1047 summa

195 1082 456 1136 Athanasii
487 1083 543 1136 in
569 1082 810 1137 sedanda
836 1082 1112 1139 discordia
1150 1081 1315 1136 animi
1354 1081 1745 1138 moderatione.

198 1174 304 1228 llaec
336 1176 481 1230 enim
527 1175 909 1231 controversia
960 1173 1175 1230 videtur
1213 1173 1473 1246 Gregorio
1529 1173 1632 1235 (or.
1655 1172 1746 1239 21,

196 1282 242 1336 p.
270 1266 388 1335 596)
419 1283 500 1321 res
526 1282 749 1336 prorsus
774 1264 1001 1320 ridicula
1032 1264 1110 1320 vel
1138 1263 1459 1329 miseranda,
1494 1264 1573 1330 ὠς
1603 1263 1749 1319 λίαν

196 1356 409 1423 γελοῖον
440 1356 479 1424 ἢ
516 1357 796 1411 ἐλεεινόν
815 1372 829 1386 ·
864 1357 987 1411 levis
1025 1364 1077 1410 et
1095 1355 1284 1427 jejuna
1322 1354 1385 1409 de
1412 1371 1591 1409 vocum
1620 1370 1747 1408 sono

196 1448 482 1511 altercatio,
522 1449 563 1515 ἡ
602 1446 739 1515 περὶ
788 1446 898 1500 τὸν
945 1443 1101 1518 ἦχον
1145 1447 1517 1516 μικρολογία.
1566 1444 1747 1502 Plenis

197 1541 431 1597 nauibus
489 1539 857 1595 Athanasium
920 1539 1141 1603 laudat,
1187 1539 1281 1610 qui
1332 1549 1551 1609 utraque
1598 1550 1748 1607 parte

197 1633 363 1685 leniter
383 1640 432 1683 et
462 1629 683 1700 benigne
708 1631 905 1723 accita‘
944 1629 1317 1699 uerborumque
1345 1629 1602 1682 sententia
1622 1630 1748 1683 dili-

195 1731 351 1791 genter
378 1731 427 1774 et
462 1731 715 1775 accurate
760 1720 1046 1791 perpensa,
1091 1730 1430 1791 posteaquam
1466 1720 1745 1775 concordes

1855 536 2034 600 cebat,
2064 536 2259 591 lenitas
2286 544 2337 591 et
2363 539 2529 590 animi
2555 539 2875 593 moderatio.
2895 537 3413 608 Suspicaturtamen

1851 626 2234 682 Tillemontius
2286 627 2356 698 (t.
2382 625 2497 690 XII,
2526 643 2578 697 p.
2610 628 2709 699 46)
2743 627 3130 700 Hieronymum
3160 643 3267 681 non
3305 625 3411 681 sibi

1849 725 2104 773 constare
2146 718 2201 772 in
2250 719 2336 773 his
2365 719 2675 774 narrandis.
2716 717 2852 773 Nam
2909 734 3032 774 cum
3062 718 3417 774 vehementes

1853 805 1934 860 illi
1968 808 2133 861 trium
2177 807 2550 878 hypostasium
2580 808 2926 874 defensores‘,
2960 810 3137 879 inquit
3164 808 3416 869 eruditus,

1856 898 2114 968 scriptor,
2142 899 2278 953 nihil
2309 900 2454 954 aliud
2483 908 2727 969 peterent
2751 901 2821 955 ab
2850 900 3198 973 Hieronymo,
3223 900 3327 954 nisi
3356 908 3415 952 ut

1850 998 1962 1049 tres
2017 989 2341 1059 hypostases
2387 991 2775 1058 conﬁteretur;
2822 990 3096 1062 quomodo
3160 1006 3268 1046 non
3320 1006 3414 1050 eos

1853 1079 2123 1149 placasset
2171 1080 2336 1133 trium
2373 1083 2745 1151 hypostasium
2784 1081 3167 1138 confessione?
3210 1080 3416 1136 Deinde

1853 1185 1984 1225 vero
2015 1179 2305 1241 postquam
2339 1180 2452 1227 tres
2497 1173 2821 1245 hypostases
2850 1157 3160 1229 confessum
3192 1190 3250 1229 se
3293 1188 3416 1229 esse

1854 1262 2132 1327 narravit,
2165 1278 2264 1316 cur
2308 1264 2490 1319 statim
2533 1264 2706 1328 addit,
2747 1264 2813 1319 Et
2841 1266 2964 1336 quia
3010 1264 3262 1320 uocabula
3306 1282 3412 1319 non

1850 1351 2184 1408 ediscimus?
2216 1352 2483 1409 Videntur
2534 1355 2649 1411 haec
2698 1358 2997 1428 pugnantia
3040 1356 3410 1413 Tillemontio.

1852 1442 1958 1497 Sed
1987 1443 2168 1500 minus
2197 1445 2577 1502 animadvertit
2605 1448 2957 1504 doctissimus
2987 1448 3211 1503 criticus
3234 1447 3420 1503 lliero—

1853 1551 2075 1607 nymum
2101 1537 2209 1592 hoc
2238 1538 2360 1594 loco
2395 1555 2503 1595 non
2529 1547 2643 1596 tres
2671 1540 2995 1613 hypostases
3021 1540 3289 1603 conﬁteri,
3318 1538 3415 1595 sed

1849 1626 2087 1682 medium
2130 1645 2190 1685 se
2230 1645 2352 1689 esse
2394 1631 2529 1686 velle
2563 1632 2703 1687 inter
2746 1640 3006 1703 utrasque
3046 1639 3250 1702 partes.
3294 1630 3413 1685 Non

1850 1717 1995 1771 enim
2024 1718 2178 1785 dicit,
2210 1718 2267 1774 Si
2289 1722 2417 1791 quis
2450 1729 2561 1777 tres
2602 1720 2928 1794 hypostases
2958 1736 3066 1777 non
3098 1721 3412 1787 conﬁtetur,

196 1814 383 1879 reperit,
412 1830 530 1876 nec,
570 1823 833 1883 quantum
861 1812 929 1867 ad
973 1813 1292 1876 doctrinam,
1338 1812 1450 1866 ullo
1481 1811 1632 1867 modo
1667 1813 1751 1865 in-
1781 1800 1822 1853 Β
1854 1809 2144 1867 anathema
2182 1812 2294 1867 sit:
2340 1814 2435 1869 sed
2468 1814 2515 1869 is
2550 1823 2636 1870 est
2665 1830 2864 1871 sensus
2905 1814 3053 1870 illius
3086 1814 3412 1869 verborum:

196 1916 263 1959 ter
288 1904 703 1968 “dissidentes,
746 1906 826 1959 ita
861 1906 1121 1973 negotium
1157 1904 1431 1974 transegit,
1476 1913 1535 1956 ut
1578 1902 1749 1957 nomi-

194 2014 301 2051 num
325 2014 477 2051 usum
511 1996 798 2052 concedens
833 1997 984 2051 rebus
1029 2013 1117 2051 eos
1167 1996 1561 2066 constringeret.
1606 1993 1748 2048 Num

197 2090 341 2159 igitur
378 2087 620 2143 Basilius
659 2103 784 2142 cum
818 2086 1077 2159 Gregorio
1104 2095 1159 2143 et
1184 2087 1485 2142 Athanasio
1523 2091 1747 2157 pugnat,

195 2195 248 2235 sc
285 2181 569 2251 permagni
621 2180 693 2235 ad
748 2180 1002 2251 pietatem
1052 2179 1315 2236 momenti
1363 2195 1489 2236 esse
1528 2189 1746 2244 censet,

195 2272 320 2342 quod
354 2271 448 2326 isti
475 2270 750 2326 levissimi
781 2285 906 2327 esse
951 2272 1211 2326 momenti
1259 2270 1569 2325 ducebant?
1606 2267 1748 2323 Num

194 2361 553 2417 necessarium
597 2361 849 2417 conﬁteri
884 2377 1006 2418 esse
1050 2363 1262 2428 statuit,
1296 2361 1443 2431 quod
1483 2361 1750 2431 cujusque

194 2452 403 2508 arbitrio
452 2451 884 2521 relinquebant;
927 2460 983 2507 et
1021 2452 1224 2523 quibus
1267 2452 1473 2507 nullam
1524 2467 1750 2525 prorsus

195 2544 499 2599 modestiam
544 2544 803 2598 volebant
836 2543 1102 2609 exhiberi,
1148 2559 1244 2601 eos
1293 2543 1363 2598 ad
1408 2544 1751 2601 communio-

195 2649 302 2689 nem
323 2641 482 2704 negat
513 2633 736 2688 admitti
766 2636 1051 2704 oportere?

259 2722 317 2777 ll.
355 2724 422 2780 Ut
450 2723 511 2778 S.
534 2723 718 2780 Patris
740 2724 1011 2781 sententia
1038 2724 1422 2795 perspiciatur,
1455 2724 1752 2782 observan-

194 2814 306 2869 dum
319 2824 401 2869 est
422 2816 617 2872 l'eum
637 2815 1049 2871 accuratissime
1080 2831 1298 2871 servare
1318 2813 1461 2885 quod
1483 2814 1753 2885 praecipue

198 2909 256 2961 ab
278 2910 650 2963 Alexandrina
680 2908 890 2979 synodo
918 2908 1189 2963 sancitum
1221 2908 1421 2971 fuerat,
1456 2917 1515 2961 ut
1558 2914 1752 2961 neutra

199 3014 309 3069 pars
330 3001 480 3055 alteri
511 3001 745 3056 haeresis
767 3008 861 3053 aut
886 2998 1091 3054 erroris
1127 3005 1310 3053 notam
1345 2998 1606 3054 inureret.
1639 2996 1754 3051 Hoc

199 3094 411 3147 maxime
442 3092 745 3146 ridiculum
772 3092 857 3146 vel
878 3090 1059 3162 potius
1088 3090 1457 3145 miserandum
1490 3088 1753 3160 Gregorio

198 3183 484 3247 videbatur,
510 3181 665 3252 quod
702 3180 767 3235 de
796 3180 900 3250 fide
936 3181 1291 3234 controversia
1337 3194 1449 3233 esse
1490 3179 1753 3233 videretur

198 3276 306 3329 leris
337 3288 384 3329 et
414 3276 617 3346 jejuna
647 3274 711 3328 de
741 3290 921 3328 vocum
947 3289 1073 3327 sono
1105 3272 1381 3326 altercatio
1400 3288 1418 3325 :
1440 3271 1583 3342 quod
1610 3270 1753 3340 obji-

196 3380 390 3425 oeretur
437 3372 891 3426 Snbellianismus
939 3370 1001 3423 ob
1048 3379 1151 3424 tres
1188 3385 1464 3438 personas,
1509 3377 1556 3422 et
1597 3367 1757 3422 Aria-

199 3465 379 3517 nismus
426 3467 489 3517 ob
548 3474 652 3517 tres
698 3463 1043 3533 hypostases,‘
1084 3461 1229 3530 quod
1284 3475 1350 3514 eo
1399 3460 1617 3514 tandem
1666 3474 1756 3516 res

200 3555 411 3609 adducta
439 3562 619 3619 esset,
644 3563 703 3607 ut
738 3553 1028 3623 periculum
1055 3562 1211 3615 esset,
1237 3568 1299 3605 ne
1328 3550 1469 3605 orbis
1494 3562 1756 3607 terrarum

200 3648 313 3715 ﬁnes
350 3665 456 3701 una
486 3664 614 3701 cum
664 3645 889 3717 syllabis
922 3644 1382 3715 abrumperentur.
1419 3642 1563 3697 Nihil
1607 3643 1758 3711 ejus-

198 3740 326 3794 modi
356 3740 724 3794 commissum
754 3753 784 3791 a
814 3737 1036 3803 Basilio,
1065 3738 1160 3808 qui
1189 3739 1246 3792 in
1274 3737 1377 3791 hac
1401 3736 1519 3807 ipsa
1549 3734 1618 3790 ad
1649 3733 1757 3796 Te-

197 3834 413 3887 rentium
445 3832 689 3903 epistola
729 3829 1081 3886 adversarios
1111 3845 1243 3886 suos
1269 3828 1604 3885 domesticos
1638 3826 1757 3883 ﬁdei

200 3924 435 3992 appellat,
464 3937 681 3992 eosque
720 3920 1075 3989 simplicitate
1118 3919 1312 3988 magis,
1341 3932 1505 3988 quam
1553 3915 1759 3970 malitia

200 4014 257 4068 ad
284 4014 726 4069 Sabellianorum
755 4008 1015 4080 loquendi
1055 4008 1468 4063 similitudinem
1499 4004 1761 4060 accedere

200 4101 405 4170 fatetur,
438 4116 494 4159 et
534 4106 588 4157 in
616 4102 869 4172 pluribus
911 4101 1037 4154 aliis
1066 4100 1202 4154 locis
1224 4113 1412 4154 eorum
1448 4097 1572 4152 ﬁdei
1608 4095 1762 4152 testi-

204 4197 425 4250 monium
449 4195 674 4259 tribuit,
701 4202 765 4247 ut
796 4193 851 4247 in
882 4193 1047 4262 epist.
1084 4190 1206 4255 l56,
1236 4208 1291 4246 n.
1319 4191 1371 4256 1,
1403 4189 1495 4247 ubi
1520 4204 1636 4255 eos,
1668 4190 1761 4258 qui

206 4287 492 4342 Antiochia:
525 4285 671 4339 inter
699 4297 760 4339 se
790 4282 1061 4338 dissident
1092 4281 1366 4338 sententia
1406 4280 1613 4336 divisos
1640 4294 1763 4335 esse

205 4388 366 4448 negat.
389 4378 540 4432 llinc
569 4377 736 4431 etiam
763 4375 818 4429 in
846 4376 1009 4446 epist.
1028 4374 1155 4437 258,
1180 4389 1236 4427 n.
1261 4373 1316 4436 5,
1345 4371 1545 4426 fratres
1572 4370 1763 4425 Antio-

1855 1901 1913 1956 Si
1959 1903 2084 1972 quis
2133 1910 2245 1959 tres
2300 1905 2624 1977 hypostascs
2667 1906 3006 1973 conﬁtendo,
3051 1914 3257 1962 nonut
3303 1914 3415 1961 tres

1850 2008 2121 2064 personas
2150 1982 2540 2062 subsistentes,
2572 1999 2664 2054 sed
2700 2006 2761 2052 ut
2780 2006 2891 2054 tres
2919 1999 3255 2054 substantias
3284 2014 3417 2052 con-

1854 2083 2059 2149 litetur,
2089 2086 2379 2143 anathema
2420 2088 2511 2141 sit.
2543 2087 2599 2141 ld
2642 2096 2789 2158 patet
2822 2103 2887 2142 ex
2913 2088 3000 2143 his
3028 2102 3151 2158 qua:
3173 2102 3417 2157 sequun-

1852 2183 1982 2233 tur:
2011 2175 2074 2230 Si
2105 2178 2222 2247 quis
2276 2190 2453 2232 autem
2506 2179 2833 2251 Itypostasim
2883 2179 3056 2232 usiam
3097 2176 3417 2246 intelligens,

1853 2284 1957 2321 non
2012 2269 2065 2322 in
2132 2270 2301 2324 tribus
2360 2272 2598 2339 personis
2655 2287 2815 2325 unam
2866 2269 3192 2341 hypostasim
3252 2268 3415 2334 dicit,

1852 2358 2058 2415 alienus
2090 2376 2122 2412 a
2158 2358 2370 2414 Christo
2413 2369 2511 2415 est.
2560 2359 2754 2416 Secum
2799 2376 2929 2431 ergo
2982 2376 3092 2415 non
3146 2359 3421 2431 pugnabat

1852 2450 2241 2524 Hieronymus,
2282 2451 2375 2506 sed
2420 2459 2670 2507 neutram
2703 2452 2959 2523 loquendi
3004 2455 3271 2508 rationem
3303 2467 3422 2505 am-

1858 2542 2125 2611 plectens,
2157 2541 2424 2613 quidquid
2463 2544 2683 2614 utrique
2720 2551 2934 2614 poterat
2983 2544 3166 2600 inesse
3203 2543 3340 2608 vitii,
3366 2542 3421 2598 id

1852 2648 2080 2703 prorsus
2110 2634 2413 2703 rejiciebat,
2458 2649 2560 2691 nec
2607 2645 2787 2692 tamen
2811 2635 3028 2706 placare
3056 2644 3271 2708 poterat
3301 2649 3420 2690 mo-

1854 2737 2011 2778 rosos
2038 2723 2162 2778 illos
2188 2722 2557 2783 adversarios.

1922 2814 1979 2867 2°
2021 2813 2210 2885 Neque
2258 2816 2421 2871 etiam
2463 2817 2947 2889 reprehendendus
2985 2818 3241 2884 Basilius,
3274 2818 3421 2891 quod

1854 2912 2100 2958 exortam
2127 2904 2194 2960 de
2226 2904 2614 2976 hypostasihus
2637 2908 3064 2964 controversiam
3090 2909 3269 2980 magni
3299 2924 3422 2965 esse

1856 2998 2113 3051 momenti
2146 2996 2384 3062 duxerit,
2408 3014 2586 3069 neque
2616 2999 2671 3053 in
2702 2999 2807 3054 hoc
2838 3007 3041 3071 pugnat
3064 3014 3187 3054 cum
3211 2998 3422 3071 synodo

1856 3087 2247 3143 Alexandrina.
2273 3089 2388 3145 Etsi
2417 3090 2561 3144 enim
2595 3090 2711 3146 haec
2740 3093 2971 3161 qumstio
3001 3091 3140 3146 tanti
3162 3107 3285 3147 esse
3310 3107 3420 3145 non

1858 3178 2111 3245 debebat,
2162 3188 2225 3235 ut
2263 3180 2404 3238 inter
2453 3180 2767 3239 Catholicos
2793 3183 2934 3238 idem
2984 3182 3284 3239 sentientes
3316 3197 3424 3252 pax

1858 3266 2161 3338 dissiliret;
2209 3279 2329 3327 erat
2383 3278 2564 3327 tamen
2610 3273 2745 3328 satis
2792 3271 2975 3344 magni
3028 3271 3322 3335 momenti,
3375 3272 3429 3327 si

1859 3370 2134 3431 spectetur
2176 3362 2555 3419 haereticorum
2590 3361 2658 3419 ad
2702 3363 3073 3419 accusandam
3120 3361 3422 3418 Ecclesiam

1857 3452 2135 3522 ingenium
2189 3455 2445 3525 proclive.
2489 3454 2624 3510 Cum
2658 3455 2802 3511 enim
2834 3454 3127 3510 Catholicis
3163 3453 3430 3509 Sabellia-

1855 3543 2096 3599 nismum
2151 3544 2408 3617 allingere
2454 3561 2566 3603 non
2620 3546 2969 3611 desinerent.
3015 3559 3270 3615 campum
3317 3542 3426 3597 illis

1857 3633 1928 3688 ad
1952 3635 2256 3693 calumnias
2285 3638 2591 3707 aperuisset
2619 3642 2781 3694 unius
2804 3636 3115 3709 bypostasis
3149 3636 3217 3691 ad
3244 3649 3427 3690 exem-

1858 3724 2007 3796 plum
2054 3726 2272 3783 Sabellii
2322 3728 2619 3785 confessio.
2680 3727 2859 3794 Quare
2923 3742 3046 3781 cum
3122 3724 3425 3796 Epiphanio

1861 3820 2184 3887 assentitur,
2221 3836 2447 3876 necesse
2478 3836 2601 3877 esse
2642 3828 2759 3876 tres
2791 3820 3115 3892 hypostases
3143 3816 3423 3883 conﬁteri;

1861 3922 2204 3980 nequaquam
2236 3911 2287 3965 id
2333 3912 2702 3969 necessarium
2743 3926 2867 3967 esse
2907 3915 3082 3981 putat,
3118 3917 3179 3963 ut
3218 3906 3425 3963 Catho-

1862 3999 2005 4056 licus
2066 4001 2266 4072 aliquis
2320 4002 2605 4067 habeatur,
2651 4003 2747 4060 sed
2792 4013 2852 4061 ut
2900 4003 3054 4059 locus
3097 4002 3426 4056 Arianorum

1863 4091 2155 4150 calumniis
2207 4111 2319 4150 non
2372 4096 2550 4163 detur,
2601 4096 2742 4152 addo
2793 4096 3001 4163 etiam,
3066 4105 3125 4151 ut
3178 4103 3425 4151 servetur

1862 4191 2083 4252 accepta
2113 4200 2144 4239 a
2174 4185 2477 4255 majoribus
2500 4186 2739 4242 traditio.

1933 4275 1991 4330 5ο
2023 4274 2156 4330 Cum
2193 4284 2344 4331 tanto
2384 4276 2552 4331 animi
2589 4276 2785 4332 ardore
2812 4279 2866 4331 in
2895 4275 2948 4330 id
2979 4274 3245 4330 incumbit
3274 4271 3427 4327 Basi-

1864 4364 1993 4431 lius,
2029 4380 2097 4420 ne
2130 4367 2293 4422 unius
2329 4367 2640 4437 hypostasis
2670 4366 2987 4422 defensores
3021 4380 3144 4420 cum
3184 4362 3428 4422 Ecclesia

202 4470 387 4526 cheuos
434 4480 603 4525 vocat
645 4484 742 4524 eos
767 4467 861 4538 qui
898 4483 929 4522 a
971 4466 1183 4521 Paulini
1233 4464 1481 4537 partibus
1518 4463 1760 4527 stabant,
1794 4486 1838 4540 ι)
1868 4454 2065 4511 Μειειίἰ
2116 4458 2554 4527 conjungautur,
2591 4472 2759 4526 seque
2809 4456 3002 4511 adduci
3038 4469 3200 4525 posse
3237 4460 3426 4524 negat.

204 4570 438 4630 precatur
483 4567 551 4615 ut
600 4558 901 4613 Ecclesium
948 4556 1380 4620 Antiochenam,
1413 4568 1532 4624 qua:
1562 4554 1617 4608 in
1657 4554 1759 4609 do-

206 4655 358 4709 ctrina
382 4654 688 4717 consentit,
725 4650 1017 4721 aliquando
1046 4649 1395 4719 conjunctam
1417 4646 1599 4703 videre
1631 4661 1760 4703 con-

206 4746 378 4818 tingat,
411 4746 646 4815 necjam
677 4745 795 4814 ipsa
811 4751 1003 4799 contra
1027 4757 1086 4797 se
1110 4749 1256 4796 recta
1280 4740 1415 4796 ﬁdes
1456 4740 1633 4796 scissa
1665 4740 1756 4795 sit.

265 4838 373 4894 Non
412 4847 539 4895 erat
566 4853 699 4909 ergo
727 4836 965 4893 Basilius
993 4851 1061 4891 ex
1105 4832 1411 4889 vehementi
1457 4832 1552 4886 illo
1594 4830 1762 4886 homi-

209 4942 321 4981 num
355 4945 577 4999 genere,
605 4928 673 4983 de
711 4927 913 4997 quibus
942 4924 1307 4995 Hieronymus
1339 4921 1392 4975 in
1434 4920 1663 4991 epistola
1693 4918 1759 4977 ad

210 5015 478 5075 Damasum
524 5033 719 5090 papam
761 5017 840 5072 sic
873 5016 1151 5087 loquitur:
1201 5011 1629 5082 Interrogemus,
1674 5010 1762 5064 in-

211 5112 333 5176 quit,
354 5112 479 5182 quid
519 5121 623 5165 tres
647 5110 958 5180 hypostases
983 5123 1139 5178 posse
1161 5105 1484 5160 arbitrentur
1516 5100 1757 5171 intelligi.

213 5200 323 5256 Tres
349 5221 602 5273 personas
620 5203 958 5256 subsistentes
971 5202 1118 5254 aiunt
1142 5215 1159 5253 :
1181 5195 1547 5267 respondemus
1571 5211 1664 5249 nos
1687 5194 1764 5248 ita

212 5295 418 5353 credere.
451 5295 577 5350 Non
603 5295 792 5365 sufﬁcit
807 5311 1013 5359 sensus,
1036 5294 1209 5363 ipsum
1227 5306 1413 5346 nomen
1439 5287 1761 5360 efﬂagitant:

214 5388 327 5456 quia
358 5388 536 5443 nescio
564 5386 694 5458 quid
716 5386 893 5440 veneni
922 5386 977 5438 in
1000 5383 1224 5455 syllabis
1257 5382 1404 5435 latet.
1430 5377 1761 5442 Clamamus,

215 5480 255 5530 si
294 5482 404 5550 quis
427 5493 532 5536 tres
570 5481 905 5551 hypostases,
928 5486 984 5530 ut
1025 5476 1131 5530 tria
1175 5482 1513 5544 enypostata,
1543 5469 1639 5523 hoc
1684 5477 1764 5523 est

218 5576 310 5624 tres
339 5572 681 5626 subsistentes
712 5583 987 5640 personas,
1014 5582 1117 5620 non
1150 5564 1451 5635 conﬁtetur,
1482 5558 1763 5640 anathema

220 5662 299 5716 sit.
322 5661 387 5717 Et
418 5665 541 5733 quia
580 5638 840 5717 uocabula
878 5677 982 5714 non
1008 5658 1315 5720 ediscimus,
1352 5651 1584 5709 hteretici
1612 5638 1765 5720 judiz-

219 5765 405 5808 remur.
440 5753 632 5813 Deerat
657 5767 792 5810 sane
813 5750 1081 5824 ejusmodi
1112 5747 1424 5806 hominibus
1446 5742 1644 5801 eximia
1672 5742 1764 5798 illa

1867 4554 1926 4600 ut
1975 4543 2262 4600 Paulinum
2312 4547 2713 4601 communionis
2761 4555 3075 4602 sanctorum
3109 4541 3428 4622 participem

1870 4645 2170 4708 agnoscat;
2202 4637 2496 4710 diligenter
2526 4636 2941 4708 expendendum
2980 4634 3112 4707 quid
3150 4635 3199 4691 ei
3230 4647 3430 4706 propo-

1864 4730 2028 4786 situm
2080 4729 2261 4783 fuerit.
2306 4728 2425 4785 Non
2459 4730 2604 4786 enim
2648 4728 2702 4784 id
2738 4728 3017 4799 agebatur,
3048 4735 3107 4782 ut
3148 4724 3428 4782 schismati

1862 4819 2213 4875 Antiocheno
2245 4820 2368 4873 linis
2399 4820 2797 4892 imponeretur,
2828 4829 2883 4877 ct
2910 4819 2976 4873 ad
3000 4818 3299 4889 legitimum
3330 4832 3429 4887 pa-

1865 4922 2071 4969 storem
2119 4910 2178 4968 S.
2209 4911 2482 4967 Meletium
2523 4928 2656 4970 oves
2706 4911 2972 4967 redirent.
3012 4910 3069 4965 Si
3115 4909 3251 4963 tanti
3278 4924 3424 4964 com-

1864 5004 2016 5059 modi
2065 5019 2193 5077 spes
2243 5005 2555 5070 affulsisset,
2591 5013 2750 5060 ccrto
2797 5004 2912 5060 scio
2954 5003 3217 5058 Basilium
3246 5001 3428 5057 omnia

1865 5099 1989 5169 paci
2020 5107 2077 5154 et
2108 5098 2361 5153 charitati
2392 5096 2829 5170 posthabiturum
2872 5095 3065 5160 fuisse,
3095 5109 3161 5150 ac
3201 5094 3429 5151 libenter

1866 5200 2252 5261 suscepturum
2299 5189 2511 5244 Paulini
2557 5189 2765 5260 plebem
2821 5196 2874 5243 et
2922 5187 3163 5254 clerum,
3215 5187 3428 5243 etiamsi

1866 5298 2029 5338 unam
2068 5280 2406 5353 hypostasim
2438 5280 2805 5335 admitterent.
2841 5279 2946 5334 Sed
2980 5277 3187 5334 Paulini
3222 5278 3429 5334 amico-

1865 5391 1985 5431 rum
2021 5375 2252 5430 consilia
2299 5372 2483 5429 omnia
2518 5387 2583 5427 eo
2640 5371 2996 5442 spectabant,
3029 5379 3087 5426 ut
3132 5369 3430 5434 Paulinus,

1865 5465 2091 5522 excluso
2124 5462 2182 5520 S.
2205 5463 2438 5527 Meletio,
2471 5464 2625 5519 solus
2652 5464 2961 5518 Antiochiae
2990 5472 3270 5535 praeesset.
3293 5461 3432 5517 Hine

1866 5556 2101 5613 Basilius
2127 5559 2181 5612 in
2215 5556 2402 5612 eadem
2440 5557 2599 5627 epist.
2627 5557 2749 5621 2H,
2777 5574 2832 5611 n.
2868 5559 2921 5625 l,
2949 5558 3147 5614 adduci
3184 5574 3242 5613 se
3274 5573 3432 5629 posse

1866 5658 2047 5722 negat,
2106 5660 2161 5704 ut
2213 5660 2302 5704 aut
2352 5648 2623 5704 Melctium
2670 5651 2889 5721 ignoret,
2924 5661 3015 5706 aut
3061 5649 3309 5705 Ecclesiae
3349 5651 3433 5705 cui

1826 5726 1829 5729 I
1872 5751 2059 5815 praeest
2124 5741 2365 5801 Meletius
2416 5740 2773 5802 obliviscatur.
2805 5742 2922 5800 Non
2978 5743 3249 5803 immerito
3305 5759 3435 5814 ergo
